3820 6462
120 388 268 456 1317
1031 371 1039 378 ’
1327 366 1532 456 ’νιΤΑ
1567 396 1630 458 s.
1665 396 2125 464 TRYPHONIS.

108 503 311 576 nde-1;;
361 502 611 570 ἐξουσίας
667 500 1002 574 κρατοῦμεν,
1057 497 1168 558 τῶν
1230 487 1491 576 προθέσει
1523 507 1690 580 ψυχῆς

1808 509 1974 564 animi
2009 507 2314 580 proposito,
2339 515 2621 566 sectantur
2677 523 2862 579 opera,
2914 523 3034 582 qua:
3066 521 3193 567 sunt
3233 514 3391 568 nobis

71 599 234 662 ,τοῖς
272 597 402 667 ἡμῖν
429 595 604 666 φίλοις
640 593 1058 666 προσκειμένων
1116 593 1302 665 ἔργοις
1355 595 1514 651 ἅτινά
1560 617 1690 670 προ·

1809 611 1979 669 grata.
2007 601 2240 658 Maxime
2271 617 2400 658 vero
2427 612 2582 682 grata
2617 603 2775 660 nobis
2819 619 2984 674 opera
3035 615 3182 672 sunt,
3215 607 3391 664 cultus

3246 395 3386 462 1318
3479 413 3492 425 ‘

102 690 442 761 ηγουμένως
469 687 628 755 εἰσὶν,
655 687 1065 760 εἰδωλολατρία,
1105 687 1446 760 βλασφημία,
1472 691 1704 762 μοιχεία,

107 779 466 852 φαρμακεία,
492 778 670 848 φόνοι,
713 777 934 848 φθόνοι,
955 778 1325 851 ὑπερηφανίαι
1346 795 1361 810 °
1393 780 1482 834 διὰ
1502 781 1704 836 τούτων

105 867 228 940 γὰρ
281 869 376 924 καὶ
423 869 531 922 τῶν
580 868 844 926 τοιούτων
891 870 940 922 οἱ
993 869 1272 942 ἄνθρωποι
1303 871 1401 924 καὶ
1449 871 1540 926 τοῦ
1569 870 1705 926 Θεοῦ

107 960 456 1034 αὐθαιρέτως
503 961 914 1032 ἀλλὀτριοῦνται
979 963 1074 1016 καὶ
1139 963 1274 1034 ἡμῖν
1321 964 1707 1018 συνάπτονται.

107 1035 339 1106 Τούτων
366 1052 458 1105 ὐπ’
493 1051 661 1106 αὐτοῦ
687 1052 1059 1124 λαλουμένων,
1087 1055 1248 1108 αὐτόν
1274 1072 1332 1108 τε
1361 1055 1451 1108 τὸν
1475 1055 1701 1127 βασιλέα

108 1146 212 1198 καὶ
247 1145 394 1220 ,τούς
435 1145 710 1222 παρόντας
763 1145 903 1216 μετὰ
959 1145 1053 1199 τοῦ
1088 1145 1396 1216 θαυμάζειν
1456 1149 1552 1202 καὶ
1583 1148 1702 1212 δέος

108 1236 310 1308 εἰσῄει,
365 1237 460 1292 καὶ
525 1237 712 1291 πολλοὶ
773 1237 870 1307 μὲν
913 1239 1022 1292 τῶν
1072 1239 1322 1293 ἀπίστων
1369 1239 1699 1294 ἐπίστευσαν

109 1329 282 1393 εὐθὺς
301 1328 380 1400 τῷ
400 1329 646 1400 Χριστῷ,
677 1331 790 1392 τοῖς
809 1329 1106 1394 δὲ’πιστοῖς
1142 1330 1432 1400 βεϐαίωσις
1464 1329 1542 1383 ἔτι
1570 1331 1699 1403 περὶ

105 1420 216 1491 τὴν
251 1421 434 1474 πίστιν
464 1423 528 1475 ἐκ
551 1423 650 1490 τῆς
691 1419 787 1478 τοῦ
832 1421 1029 1492 ὲχθροῢ
1087 1424 1313 1492 γέγονεν
1369 1410 1696 1496 μαρτυρίας,

105 1513 176 1566 τὸ
219 1502 407 1584 μέντοί
465 1513 700 1586 πονηρὸν
761 1515 1038 1586 δαιμόνιον
1107 1514 1432 1586 έπιτιμηθὲν
1493 1514 1698 1584 ἀφανὲς

109 1605 316 1678 ᾤχετο.

1809 693 2244 760 simulacrorum,
2280 695 2636 766 blasphemia,
2661 696 3006 763 adulterium,
3039 697 3382 764 veneficium,

1808 784 2033 849 invidia,
2081 786 2276 852 ezedes,
2305 785 2578 867 superbia.
2619 787 2720 842 Per
2753 789 2868 843 btec
2915 789 3059 844 enim
3094 799 3150 844 et
3168 793 3293 858 'quze
3322 806 3386 845 ea

1809 886 2234 945 consequuntur,
2281 877 2528 934 homines
2557 894 2658 934 sua
2689 891 2880 949 sponte
2902 881 3057 936 nobis
3087 879 3290 937 eﬂ‘eeti-
3309 883 3388 936 fa-

1811 964 2070 1030 miliares,
2103 966 2214 1020 suis
2256 964 2416 1022 lactis
2457 977 2710 1038 tanquam
2747 968 2950 1038 laqueis
2997 971 3383 1040 implicantur:

1804 1063 1859 1108 et
1893 1055 1959 1107 ab
1986 1055 2103 1122 ejus
2139 1056 2380 1125 quidem,
2417 1056 2507 1125 qui
2539 1057 2682 1126 ipsos
2715 1057 2867 1125 fecit,
2893 1059 3202 1114 alienantur
3231 1062 3386 1116 boni-

1803 1155 1933 1212 tate,
2001 1147 2358 1218 illaqueantur
2425 1157 2604 1203 autem
2649 1151 2852 1206 nostris
2896 1151 3192 1206 maleﬁciis.
3249 1152 3382 1207 Cum

1803 1239 1918 1294 hzec
1947 1240 2015 1295 ab
2057 1256 2120 1294 eo
2147 1241 2478 1306 dicerentur,
2511 1241 2804 1312 imperator
2823 1251 2878 1296 et
2918 1258 3106 1299 omnes
3137 1243 3238 1314 qui
3292 1234 3388 1298 ιιέιο

1803 1340 1977 1394 erant,
2018 1331 2102 1386 his
2157 1333 2378 1398 auditis,
2413 1333 2598 1403 repleti
2639 1345 2766 1388 sunt
2809 1334 3032 1389 horrore
3069 1345 3122 1390 et
3151 1329 3384 1390 admira-

1807 1424 1970 1478 tione.
2001 1423 2068 1478 Et
2111 1425 2262 1478 multi
2298 1425 2515 1496 quidem
2548 1441 2613 1479 ex
2666 1425 2994 1492 inﬁdelibus,
3031 1426 3249 1482 Christo
3274 1438 3385 1484 sta-

1803 1515 1900 1569 tim
1933 1513 2278 1570 crediderunt
2307 1536 2322 1572 :
2360 1516 2543 1572 tideles
2573 1525 2753 1572 autem
2786 1519 3009 1574 stabiliti
3041 1529 3096 1574 et
3129 1520 3383 1576 testium-

1803 1604 1894 1661 nio
1945 1606 2150 1662 inimici
2205 1612 2388 1679 magis
2439 1609 2766 1677 conﬁrmati,
2799 1609 2926 1683 Regi
2959 1612 3140 1682 gloriae
3173 1614 3380 1670 laudem

105 1700 418 1756 emiserunt
478 1709 534 1754 et
579 1698 828 1770 gloriam.
894 1699 1210 1768 lnorepatus
1261 1715 1391 1754 vero
1449 1699 1538 1755 ille
1578 1698 1886 1760 immundus
1941 1709 2016 1756 .et
2083 1703 2385 1760 sceleratus
2445 1705 2678 1770 dzemon,
2750 1706 2996 1774 protinus
3047 1707 3270 1762 evanuit
3309 1722 3378 1764 ex

63 1855 66 1858 ς
107 1791 311 1848 oculis.
344 1846 352 1854 ,

185 1883 262 1941 Ζ’.
309 1887 368 1940 '0
389 1886 446 1954 δὲ
468 1873 698 1960 ’Καῖσαρ
729 1887 1018 1959 θαυμάσας
1045 1889 1136 1943 τὸν
1165 1889 1337 1961 ἄνδρα
1365 1893 1464 1962 τῆς
1505 1891 1690 1945 τοιαύ-

1869 1887 1982 1944 VII.
2007 1886 2192 1944 Caesar
2220 1897 2420 1955 autem,
2449 1888 2554 1962 hoc
2580 1887 2838 1945 beneﬁcio
2860 1889 3102 1956 aﬂ‘ectns,
3128 1901 3186 1946 et
3226 1892 3381 1949 valde

106 1993 216 2046 της
241 1977 386 2032 κατὰ
407 1977 921 2050 δαιμόνωννίσχύος,
949 1982 1137 2050 τιμαῖς
1163 1997 1246 2046 τε,
1272 1981 1349 2045 ὼς
1384 1981 1574 2052 ἐχρῆν,
1603 1983 1697 2034 καὶ

107 2069 339 2133 πολλαῖς
387 2055 682 2141 θεραπεύει
733 2075 856 2135 ταῖς
913 2072 1164 2142 δωρεαῖς.
1246 2071 1307 2126 Εἰ
1348 2073 1457 2144 γὰρ
1507 2073 1698 2127 καὶτὸ

110 2161 282 2225 σέϐας
304 2163 562 2242 διάφορος
595 2160 685 2236 ἦν,
717 2164 839 2218 ἀλλ’
864 2166 898 2236 ή
937 2165 1108 2236 ἀρετὴ
1139 2166 1304 2219 πᾶσιν
1330 2165 1531 2236 ὁμοίως
1556 2165 1698 2220 αἰδέ-

52 2293 60 2298 .
111 2269 296 2324 σιμος.
333 2251 569 2308 Ἔπειτα
619 2256 714 2310 καὶ
765 2256 904 2327 μετὰ
964 2255 1350 2328 προσηκούσης
1397 2255 1562 2310 αὐτὸν
1599 2259 1698 2327 τῆς

117 2334 422 2416 θεραπείας
438 2345 619 2400 οἴκαδε
639 2347 1022 2419 παραπέμπει.
1056 2349 1202 2402 Ὅσα
1226 2349 1408 2419 μέντοι
1432 2348 1568 2420 πρὸς
1600 2347 1696 2418 βα-

115 2436 314 2502 σιλέως
347 2438 497 2509 αύτῷ
530 2439 798 2511 ἐδωρήθη,
861 2441 1047 2510 χεῖρες
1095 2439 1261 2503 εὐθὺς
1309 2441 1560 2509 πενήτων
1594 2439 1698 2492 ἀνὰ

109 2527 364 2602 silv.wa
395 2525 540 2600 εἶχον
567 2545 581 2560 ·
617 2529 788 2594 αὐτὸς
817 2530 876 2584 δὲ
914 2533 1058 2584 οἴκοι
1107 2530 1424 2600 γενόμενος,
1477 2531 1586 2584 τῶν
1635 2547 1694 2582 τε

114 2623 368 2695 συνήθων
422 2623 522 2693 τῆς
570 2623 806 2686 πίστεως
863 2622 1042 2693 εἴχετο
1093 2615 1292 2691 ἔργων,
1321 2622 1530 2693 ὁδηγῶν
1561 2615 1696 2694 πρὸς

113 2715 380 2786 ἀλήθειαν
415 2718 556 2780 ’τοὺς
615 2707 1101 2787 πεπλανημένους,
1139 2716 1232 2769 καὶ
1274 2716 1410 2786 πρὸς
1441 2716 1540 2785 τὴν
1586 2715 1695 2793 τῶν

94 2807 307 2870 -κακῶς
330 2807 648 2878 πασχόντων
673 2807 993 2878 ἐπιμέλειαν
1017 2807 1211 2862 ἑαυτὸν
1241 2807 1436 2861 ἐδίδου.
1472 2807 1696 2878 Γορδια-

113 2897 211 2953 νοῦ
243 2899 301 2952 δὲ
330 2899 776 2970 τελευτήσαντος,
825 2899 908 2963 εἰς
951 2898 1220 2953 Φίλιππον
1249 2897 1341 2953 τὸν
1399 2899 1596 2970 εὐσεϐῆ
1627 2901 1695 2958 τὰ

111 2995 214 3063 τῆς
263 2990 558 3062 βασιλείας¹
597 2988 914 3063 μεταϐαίνει
980 2992 1272 3066 σκῆπτρα·
1317 2991 1574 3049 κάκείνου
1636 2991 1692 3045 δὲ

114 3083 314 3138 θᾶττον
341 3075 399 3136 ἐν
427 3081 650 3154 πολέμῳ
701 3069 810 3136 τῶν
858 3081 1262 3154 Τρωγλοδυτῶν
1315 3080 1690 3152 ἀνῃρημένου,

115 3175 310 3238 Δέκιος
359 3160 486 3246 ’μετ’
539 3175 703 3249 αὐτὸν
749 3175 1142 3247 ἀναγορεύεται
1191 3174 1440 3245 βασιλεὺς
1470 3214 1485 3238 ,
1539 3173 1690 3244 ὠμὸς

1799 1997 1861 2038 ea
1888 1983 2206 2046 admiratus,
2239 1995 2360 2034 cum
2394 1979 2641 2050 plurimis
2667 1981 2822 2036 donis
2855 1991 2908 2036 et
2933 1983 3227 2040 honoribus
3257 1984 3380 2040 bea-

1803 2083 1913 2128 tum
1970 2072 2314 2144 Tryphonem
2373 2080 2519 2126 esset
2571 2081 2910 2141 prosccutus,
2961 2085 3094 2127 cura
3151 2088 3376 2128 suorum

1798 2150 2194 2234 praefectorum
2227 2177 2348 2216 eum
2382 2162 2511 2218 ‘suis
2546 2163 2804 2218 restituit.
2835 2165 3013 2234 Atque
3041 2179 3380 2236 quatcunqne

1798 2255 2014 2325 quidem
2055 2269 2119 2310 ex
2163 2255 2246 2308 his
2293 2257 2358 2307 ad
2415 2269 2536 2309 eum
2565 2254 2860 2322 redierunt,
2893 2257 2945 2311 in
2979 2257 3066 2311 via
3103 2257 3382 2313 distribuit

1798 2347 2167 2418 pauperibus:
2203 2349 2314 2416 ipse
2337 2362 2468 2401 vero
2519 2361 2642 2402 cum
2677 2348 2895 2403 domum
2951 2349 3208 2414 venisset,
3247 2365 3379 2404 con-

1801 2439 1958 2496 sueta
2005 2439 2124 2493 ﬁdei
2158 2453 2397 2508 sequens
2422 2451 2608 2506 opera,
2637 2447 2693 2492 et
2724 2453 2918 2494 vacans
2961 2440 3224 2496 beneficio
3261 2441 3378 2496 alli-

1796 2531 2005 2586 ciendis
2051 2531 2140 2596 iis,
2195 2529 2284 2596 qui
2358 2529 2714 2596 laborabant,
2783 2540 3020 2586 erectam
3071 2531 3246 2588 solum
3275 2535 3373 2588 ha-

1797 2625 1956 2678 bebat
2011 2633 2246 2678 mentem
2299 2621 2367 2676 ad
2444 2621 2692 2678 bravinm
2755 2637 3004 2692 superna:
3055 2625 3376 2684 vocationis.

1794 2715 1928 2770 Cum
1979 2726 2160 2769 autem
2229 2713 2556 2768 decessisset
2603 2713 2934 2782 "Gordianus,
2993 2714 3379 2788 Pbilippnsque

1793 2808 1878 2862 vir
1910 2807 2026 2877 pius
2049 2807 2098 2862 ei
2151 2806 2500 2862 successisset
2531 2806 2585 2859 in
2635 2805 2970 2876 imperio,'et
3009 2808 3122 2876 ipse
3163 2823 3378 2878 quoque

1795 2900 1904 2955 cito
1932 2897 2126 2954 fuisset
2154 2895 2476 2952 interiectus
2511 2899 2567 2953 in
2609 2898 2750 2954 bello
2783 2899 3044 2955 adversus
3079 2899 3378 2972 Troglody-

1797 3000 1900 3054 tas,
1949 2989 2142 3046 Decius
2197 2997 2319 3061 post
2371 3003 2492 3044 eum
2528 2990 2894 3055 renuntiatur,
2947 2992 3029 3043 vir
3059 2991 3292 3048 crudelis
3321 3003 3378 3050 et
3461 3002 3472 3014 '

1795 3083 1974 3136 animo
2012 3082 2314 3151 impudens,
2365 3089 2420 3134 et
2461 3063 2684 3135 't‘ervens
2737 3080 2951 3148 quidem
2991 3079 3176 3138 furore
3228 3083 3375 3138 circa

1797 3173 2112 3236 simulacra,
2167 3173 2316 3227 rabie
2351 3184 2532 3231 autem
2562 3171 2887 3228 intolerabili
2920 3174 2988 3229 ab
3036 3175 3378 3232 inhabitante

113 3270 280 3341 ἀνὴρ,
309 3269 530 3340 ἀναιδὴς
553 3272 720 3340 ψυχῇ,
755 3269 952 3340 αἵμασι
985 3270 1079 3322 καὶ
1111 3271 1348 3336 σφαγαῖς
1393 3270 1485 3321 καὶ
1523 3267 1690 3337 βασάο

1800 3268 1847 3320 in
1873 3267 1988 3334 ipso
2011 3267 2254 3320 tlzetnone
2287 3274 2465 3318 motus
2503 3265 2764 3318 adversus
2791 3278 2884 3317 eos
2914 3267 3002 3333 qui
3028 3266 3377 3320 nolebanteis

111 3379 226 3426 νοις
257 3362 390 3426 ὅλως
431 3363 944 3434 ἐνευφραινόμενος,
999 3365 1138 3426 ζέων
1196 3361 1295 3430 μὲν
1349 3365 1416 3432 τῇ
1453 3362 1579 3431 περὶ
1619 3351 1692 3442 ea

110 3455 310 3515 εἴδωλα
339 3455 526 3526 μανίᾳ,
554 3455 699 3525 δεινῇ
727 3443 785 3507 δὲ
809 3455 978 3528 λύττῃ
1014 3455 1156 3507 κατὰ
1193 3455 1302 3506 τῶν
1346 3453 1692 3524 Χριστιανῶν

113 3547 332 3600 πάντων
368 3545 747 3614 κεκινημένος,
773 3545 834 3598 τὸ
861 3546 958 3614 μὲν
981 3547 1120 3598 ὅπλα
1145 3543 1268 3598 κατ’
1295 3544 1504 3614 ἐχθρῶν
1529 3539 1690 3614 ἆραι,

113 3635 245 3708 βέλη
282 3636 428 3707 φημὶ
454 3637 548 3689 καὶ
583 3635 786 3708 δόρατα
817 3638 912 3689 καὶ
941 3639 1219 3705 ῥομφαίαν
1241 3676 1254 3698 ,
1297 3633 1492 3706 μικρὸν
1523 3633 1690 3703 ἡγού-

117 3745 276 3798 μενος
311 3729 490 3798 ἔργον,
529 3728 622 3781 καὶ
668 3727 1168 3798 μικρᾶς,δεόμενον
1227 3727 1328 3796 τῆς
1389 3727 1690 3796 φροντίδος,

109 3822 172 3873 τὸ
202 3821 254 3872 δὲ
282 3823 505 3892 τρολοὺς
551 3823 644 3874 καὶ
691 3821 1038 3880 καταπέλτας
1082 3819 1282 3888 ὄνυχάς
1323 3837 1380 3871 τε
1438 3817 1690 3887 σδηρούς

113 3913 214 3965 καὶ
254 3914 361 3965 πᾶν
391 3910 528 3975 εἶδος
577 3913 705 3966 ἄλλο
747 3911 1126 3982 κολαστηρίων
1187 3910 1500 3980 ἑτοιμάζειν
1547 3910 1691 3962 κατὰ

113 4003 224 4056 τῶν
255 4002 619 4056 εὐσεϐούντων
650 4002 808 4056 τοῦτο
843 4003 986 4072 μέγα
1026 3999 1166 4055 εἶναι
1197 4001 1434 4071 νομίζων
1461 3999 1558 4052 καὶ
1595 4016 1687 4070 με·

110 4097 286 4166 γάλην
318 4095 465 4164 αύτῷ
489 4093 806 4165 περιποιοῦν
834 4095 932 4165 την
953 4093 1228 4148 εὐκλειαν.
1263 4092 1371 4145 Ἦν
1393 4091 1486 4145 οὐν
1519 4093 1690 4154 δεινος

109 4187 232 4240 τότε
283 4188 422 4239 κατὰ
481 4185 878 4257 Χριστιανῶνὸ
937 4178 1192 4255 πόλειίος,
1227 4185 1321 4236 καὶ
1369 4184 1692 4254 πολλὴουν-

116 4279 319 4348 έχουσα
383 4280 694 4350 σκοτομήνη
734 4278 833 4348 τὴν
884 4279 1230 4348 οἰκουμένην.
1275 4280 1382 4330 Καὶ
1416 4279 1501 4330 διὰ
1533 4277 1690 4332 τοῦτο

117 4374 304 4441 παρῆν
337 4373 466 4440 ὁρᾷν
489 4375 587 4442 τὴν
616 4371 711 4424 τοῦ
739 4371 873 4424 Ε)εοῦ
909 4373 1110 4431 ἅλωνα.
1142 4371 1215 4433 ὣς
1244 4387 1348 4422 τινι
1392 4368 1544 4438 πτύῳ
1577 4369 1687 4421 δια-

92 4451 524 4534 ·καθαιρομένην
555 4467 648 4517 καὶ
676 4465 804 4528 τοὺς
834 4466 944 4543 ,μὲν
967 4462 1166 4530 εἰσεϐἦ
1194 4462 1381 4514 πίστιν
1422 4460 1688 4525 ὑποδεξα-

113 4555 330 4625 μένους,
359 4551 620 4620 ἀσοενεῐς’
645 4559 702 4610 δὲ
731 4558 858 4620 τοὺς
904 4557 1196 4626 λογισμοὺς
1245 4555 1403 4616 ὄντας
1420 4553 1528 4640 fati.
1559 4553 1689 4622 ἁχυ-
1722 4586 1764 4642 D

111 4649 338 4719 ρώδεις,
375 4652 478 4704 ὑπὸ
504 4651 598 4721 τῆς
629 4650 736 4703 τῶν
770 4651 1092 4720 πειρασμῶν
1145 4649 1288 4718 βίας,
1331 4646 1524 4718 ὥσπερ
1581 4645 1689 4698 ὑπό

107 4762 257 4807 τινος
288 4743 506 4815 ἀνέμων
539 4734 1231 4814 φορᾶς’ὲκριπιςομὲνους,
1269 4739 1402 4810 ὓλην
1426 4738 1505 4806 τῷ
1557 4739 1690 4788 αἰω-

107 4834 208 4904 νίῳ
238 4833 372 4902 πυρὶ
413 4831 830 4902 συντηρεῖσθαισ
877 4833 994 4884 ὅσοι
1034 4831 1092 4882 δὲ
1149 4827 1378 4900 γνώμης
1430 4818 1688 4896 εὐθύτητι

108 4925 206 4978 καὶ
233 4923 408 4993 ψυχῆς
441 4923 792 4994 σταθερότητι
820 4923 918 4992 τῆς
953 4921 1362 4990 ἁλ.ηθείας’ἀντε
1377 4923 1686 4987 ποιήσαντο,

109 5008 260 5066 οὗτοι
294 5013 522 5080 κρείττω
559 5054 575 5073 ,
603 5008 860 5079 ὀφθέντες
883 5009 992 5062 τῶν
1029 5011 1356 5080 πειρασμῶν
1397 5010 1491 5062 καὶ
1529 5007 1690 5077 μέχρι

1797 3358 2124 3416 Sat-'rilicare.
2182 3355 2306 3420 Fuit
2357 3374 2482 3412 vero
2531 3358 2636 3411 hoc
2683 3371 2848 3426 grave
2884 3355 3080 3410 bellum
3117 3361 3376 3411 adversus

1794 3449 2153 3505 Christianos.
2209 3448 2326 3502 Non
2387 3449 2530 3502 enim
2566 3449 2898 3516 parabantur
2931 3463 3080 3500 arma
3113 3449 3375 3504 adversus

1795 3542 2144 3611 alienigenas,
2189 3557 2293 3596 non
2335 3541 2436 3595 tela
2475 3549 2530 3595 et
2558 3542 2792 3606 lanceae,
2815 3557 2920 3595 non
2967 3543 3278 3610 rltomphzea
3322 3550 3378 3594 et

1794 3636 2004 3702 gladius
2038 3636 2392 3689 vibrabantur
2423 3636 2682 3688 adversus
2712 3651 2806 3689 eos
2857 3635 2947 3702 qui
2999 3635 3265 3688 faciebant
3296 3635 3376 3688 in-

1787 3727 2022 3797 juriam:
2050 3727 2144 3779 sed
2180 3737 2311 3778 rma:
2341 3734 2392 3776 et
2425 3724 2731 3792 catapulta),
2768 3741 3084 3795 unguesque
3132 3725 3292 3780 ferrei
3323 3737 3378 3779 et

1794 3817 2055 3884 peetines,
2085 3825 2136 3868 et
2162 3829 2320 3868 omne
2351 3829 2521 3882 genus
2548 3815 2937 3883 suppliciorum
2962 3808 3377 3884 comparabatur

1793 3909 2052 3962 adversus
2086 3906 2422 3959 innocentes.
2463 3903 2637 3960 Unum
2679 3916 2860 3958 autem
2907 3905 2969 3958 .in
3022 3919 3116 3959 eos
3166 3908 3374 3960 crimen

1793 3993 2194 4057 intendebatur,
2232 4007 2425 4061 neu-ipe
2461 3993 2518 4045 in
2569 3990 2738 4046 Deum
2769 3995 3057 4048 sanctitas.
3087 3995 3222 4049 Cum
3248 4011 3378 4064 ergo

1795 4085 1900 4139 illic
1932 4083 2093 4138 nuilta
2141 4091 2448 4152 erumperet
2501 4083 2782 4150 confusio,
2831 4072 3046 4140 dicebat
3083 4099 3141 4139 se
3171 4085 3378 4152 videre,

1790 4176 1955 4231 veluti
1981 4177 2241 4246 quodam,
2277 4177 2416 4242 quod
2450 4175 2800 4245 intelligentia
2826 4178 3153 4254 percipitur,
3189 4179 3371 4232 venti-

1791 4267 1942 4321 labro
1973 4269 2192 4336 purgari
2225 4283 2406 4320 aream
2443 4266 2679 4320 Domini.
2711 4267 3030 4336 Quicunque
3063 4251 3206 4321 enim
3242 4268 3379 4321 levi-

1792 4366 1905 4413 tate
1969 4360 2166 4412 mentis
2217 4367 2269 4412 ct
2323 4359 2634 4411 stramineis
2683 4359 3102 4427 cogitationibus
3153 4361 3375 4414 verbum
3428 4351 3436 4358 ’

1791 4449 1912 4504 ﬁdei
1939 4449 2252 4505 videbantur
2281 4451 2601 4520 suscepisse,
2625 4449 2658 4502 ii
2689 4449 2910 4517 perinde
2937 4464 2999 4502 ac
3022 4449 3071 4501 vi
3092 4458 3372 4505 venturum

1791 4541 2036 4597 ventilati
2090 4543 2496 4608 tentationibus,
2531 4543 2952 4596 reservabantur
2998 4541 3106 4610 igni
3143 4542 3232 4609 qui
3267 4557 3374 4598 non

1795 4634 2176 4702 exstinguitur.
2235 4633 2335 4699 Qui
2393 4643 2571 4687 autem
2609 4643 2752 4687 recta
2789 4635 3058 4686 sententia
3107 4642 3160 4686 et
3193 4635 3376 4687 animo

1795 4725 1977 4782 stabili
2005 4724 2354 4778 adhaerebant
2387 4724 2624 4791 veritati,
2658 4725 2690 4777 ii
2730 4722 2943 4790 i‘njuriis
2971 4731 3022 4776 et
3051 4723 3374 4778 amictioniq

1795 4817 1895 4871 bus
1927 4815 2288 4880 inllammati,‘
2317 4831 2436 4870 cum
2461 4832 2570 4871 sua:
2614 4816 2735 4870 lidei
2770 4817 3138 4886 probationem
3179 4815 3285 4870 Deo
3318 4826 3374 4872 et

1798 4909 2104 4964 hominibus
2132 4908 2518 4974 ostendissent,
2537 4909 2590 4962 in
2607 4905 2806 4973 horrea
2830 4907 3094 4972 caelestia,
3117 4915 3373 4976 tanquam

1795 5017 1991 5072 purum
2029 5001 2378 5076 frumentum,
2416 5002 2875 5056 recondebantur.

109 5107 298 5171 τέλους
321 5107 418 5178 τὴν
440 5107 733 5178 ὁμολογίαν
793 5105 1151 5176 φυλάξαντες,
1220 5098 1312 5158 οἷά
1368 5120 1454 5166 τις
1505 5101 1900 5174 καθαρώτατος
1966 5102 2112 5160 σῖτος
2182 5099 2263 5161 εἰς
2301 5097 2416 5168 τὰς,
2446 5096 2732 5168 οὐρανίους
2773 5095 3057 5168 ἀποθήκας
3119 5091 3371 5166 έταμιεύ·

111 5213 306 5276 θησαν.

180 5299 263 5354 Η’.
300 5297 518 5352 Τούτων
571 5294 716 5350 οὕτω
765 5294 1105 5366 τελουμένων
1155 5293 1248 5347 καὶ
1280 5291 1398 5366 ,ττοῦ
1440 5291 1682 5360 διωγμοῦ

113 5389 261 5464 μάλα.
289 5387 534 5458 σφοδρῶς
560 5387 932 5455 ἐπικειμένου,
959 5385 1220 5453 ἀνάγεται
1245 5386 1373 5454 περὶ
1391 5383 1684 5453 Τρύφωνος

107 5481 188 5554 τῷ
215 5480 318 5551 τῆς
350 5477 644 5550 Ἀνατολῆς
676 5479 902 5548 ἐπάρχῳ
949 5477 1264 5546 (Ἀκυλῖνος
1311 5471 1482 5544 ὄνομα
1512 5474 1683 5545 τούτῳ

107 5570 178 5647 ἦν
195 5573 240 5645 ),
271 5574 347 5638 ὡς
380 5575 522 5644 ἀνήρ
549 5590 634 5636 τις
669 5573 950 5642 Ἀπαμεὺς
984 5572 1046 5624 τὸ
1094 5573 1272 5640 γένος,
1325 5569 1424 5640 τὴν
1455 5569 1681 5638 γνώμην

110 5667 213 5720 οὐκ
237 5668 491 5737 ἀγεννὴς,
515 5665 575 5720 τὸ
606 5663 738 5739 ἦθος
771 5667 870 5720 οὐκ
897 5665 1150 5736 εὐχερὴς,
1195 5662 1323 5734 περὶ
1353 5664 1542 5731 λόγους
1589 5661 1690 5714 οὐκ

109 5757 351 5829 ἀμαθὴς,
379 5757 560 5828 ἰατρὸς
583 5761 682 5829 τὴν
715 5758 932 5828 τέχνην,
978 5755 1146 5826 πολλῇ
1181 5755 1316 5824 πρὸς
1365 5754 1487 5814 τοὺς
1531 5751 1692 5804 σεϐα-

112 5849 270 5914 στοῦς
334 5849 606 5922 ὑπεροψίᾳ
657 5849 856 5921 χρῆται
907 5848 1002 5904 καὶ
1056 5844 1382 5918 μυκτηρίζει
1441 5843 1538 5913 μὲν
1567 5843 1692 5903 τοὺς

1870 5283 2004 5340 \‘lll.
2040 5284 2171 5340 Cum
2208 5282 2324 5337 haec
2353 5280 2432 5336 sic
2461 5279 2674 5346 ﬂerent,
2705 5285 2760 5334 et
2781 5278 3130 5332 vehementer
3159 5289 3376 5349 urgeret

1795 5377 2116 5452 persecutio.
2155 5374 2394 5429 defertur
2422 5371 2670 5444 Tryphon
2729 5371 2797 5425 ad
2829 5369 3147 5440 praefectum
3179 5368 3373 5424 Orien-

1791 5477 1876 5530 tis.
1903 5471 2194 5541 -Aquilinus
2221 5475 2400 5521 autem
2428 5473 2554 5520 tunc
2574 5465 2793 5535 gerebat
2811 5463 3050 5533 praefecti
3085 5463 3370 5534 magistraa

1795 5574 1941 5620 tum:
1983 5565 2063 5618 Ad
2100 5576 2220 5616 eum
2250 5574 2378 5628 ergo
2407 5557 2669 5624 defertur,
2701 5559 2843 5626 quod
2879 5557 2956 5609 vir
2983 5555 3197 5624 quidam
3227 5557 3374 5622 Apa-

1799 5656 2055 5721 mcensis,
2105 5665 2305 5723 genere
2351 5667 2457 5704 non
2511 5649 2783 5720 ignobilis,
2820 5648 3066 5703 doctrina
3099 5645 3368 5710 excultus,

1797 5760 1912 5804 arte
1944 5749 2205 5811 medicus,
2256 5755 2514 5815 augustos
2561 5742 2742 5798 valde.
2765 5740 3015 5810 despicit,
3063 5747 3116 5794 et
3147 5751 3374 5804 magnos

1799 5840 2016 5912 quidem
2069 5839 2198 5896 deos
2255 5837 2577 5903 subsannat,
2627 5833 2901 5889 Christum
2953 5840 3135 5887 autem
3193 5827 3369 5886 solum
