3820 6480
331 399 334 402 ‘
427 390 561 457 i3i9

1577 392 1860 454 MENSIS
1903 390 2418 458 FEBRUARIUS.

3533 393 3676 459 1320

427 510 592 562 Deum
618 507 923 576 annuntiat,
949 519 1002 564 et
1029 523 1089 564 ea
1150 509 1358 566 ratione
1403 508 1540 574 fieri,
1571 519 1627 566 ut
1664 511 1814 566 multi
1850 510 1998 565 deci-

2125 511 2380 580 ιεγάλους
2426 511 2604 577 θεοὺς,
2660 509 2897 582 Χριστὸν
2927 511 2982 566 δέ
3011 529 3133 567 τινα
3169 511 3333 583 μόνον
3394 512 3698 583 πρεσϐεύει

423 605 640 674 piantur
670 617 698 654 a
727 603 1012 656 verborum
1044 601 1162 672 ejus
1197 600 1615 671 magnificentia.
1649 600 1843 656 Statim
1873 615 2002 671 ergo

422 693 601 748 eritisit
627 693 834 746 litteras
871 701 924 745 et
953 693 1124 746 edicta
1157 707 1276 746 cum
1313 693 1473 747 minis
1507 693 1913 747 vehementibus
1934 693 2000 746 ad

423 785 526 840 loci
585 786 728 839 illius
780 785 1149 854 magistratus,
1207 793 1264 836 ut
1317 798 1461 849 eum,
1507 785 1598 854 qui
1633 786 2000 852 quaerebatur,

426 880 657 931 maxima
683 876 961 932 celeritate
1022 879 1085 929 ad
1127 891 1246 929 eum
1303 877 1660 932 adducerent.
1700 876 1841 930 Fieri
1879 893 2003 931 vero

429 986 535 1023 non
565 979 796 1038 poterat,
855 977 910 1022 nt
940 970 1194 1036 praeclara
1237 969 1357 1024 fidei
1410 971 1629 1023 lucerna
1680 970 1733 1023 in
1785 970 2004 1024 sordido

427 1063 545 1116 loco
575 1063 758 1116 lucens
797 1064 1010 1116 lateret.
1044 1062 1175 1116 Cum
1200 1077 1329 1130 ergo
1365 1061 1660 1116 audivisset
1684 1077 1742 1114 se
1774 1061 1938 1128 quaeri
1976 1076 2004 1113 a

426 1155 885 1223 persecutoribus,
918 1169 1024 1208 non
1063 1153 1266 1207 recedit
1295 1154 1348 1207 in
1375 1154 1716 1216 solitudines,
1738 1169 1843 1205 non
1876 1154 2007 1205 den-

428 1264 516 1303 sos
545 1258 597 1301 et
633 1247 860 1301 incultos
911 1246 1050 1300 obiit
1085 1256 1293 1299 montes
1326 1263 1340 1298 :
1378 1246 1471 1299 sed
1503 1260 1623 1299 cum
1663 1245 1911 1313 precibus
1955 1253 2008 1297 et

427 1341 762 1394 orationibus
795 1339 935 1392 sein
981 1339 1198 1393 Christo
1253 1337 1556 1400 muniisset,
1614 1336 1776 1390 alacri
1826 1336 2006 1389 animo

430 1433 640 1488 accedit
671 1434 734 1486 ad
761 1447 855 1486 eos
885 1432 974 1500 qui
1008 1435 1341 1500 quaerebant,
1371 1439 1421 1483 et
1451 1430 1515 1482 ad
1547 1428 1857 1498 Aquilinum
1885 1445 2004 1483 cum

431 1539 624 1592 magno
658 1524 852 1592 gaudio
906 1531 961 1577 et
1015 1529 1262 1594 prompto
1311 1520 1474 1573 animi
1513 1519 1712 1582 studio,
1750 1522 1839 1586 qui
1877 1529 2007 1573 tunc

432 1618 618 1683 agebat
640 1612 853 1675 Nicaeae.
881 1613 1060 1666 statim
1094 1613 1329 1687 mittitur
1370 1627 1465 1680 per
1515 1610 1712 1664 milites
1744 1611 2004 1664 cohortis.

428 1705 562 1761 Cum
597 1721 724 1774 ergo
750 1707 796 1760 ei
831 1706 1012 1759 stat-im
1034 1705 1302 1759 excelsum
1341 1713 1580 1762 erectum
1621 1703 1808 1757 fui-sset
1839 1704 2008 1756 tribu-

433 1797 541 1857 nal,
577 1796 906 1864 honesteque
939 1805 992 1848 et
1015 1796 1207 1848 decore
1239 1810 1358 1847 eum
1393 1795 1882 1849 circuinStetissent
1917 1810 2004 1848 sa-

2105 602 2259 668 Θεὸν,
2312 602 2408 656 καὶ
2455 603 2630 675 ταύτῃ
2681 603 2808 666 τοὺς
2867 603 3097 667 πολλοὺς
3147 606 3270 666 ταῖς
3317 605 3701 672 καινολογίαις

2107 695 2371 765 ἐξαπατᾷ.
2400 693 2574 757 Εὐθὺς
2605 694 2698 748 οὖν
2727 696 3041 766 γράμματα
3064 698 3178 760 τοῖς
3200 695 3346 749 κατά
3374 695 3545 748 τόπον
3603 696 3700 764 άρ-

2105 805 2262 858 χουσι
2297 787 2389 841 καὶ
2417 785 2819 856 προστάγματα
2866 787 3013 855 μετὰ
3057 787 3296 855 σφοδρᾶς
3352 784 3704 854 ἐξεπέμπετο

2105 882 2200 951 τῆς
2234 879 2484 947 ἀπειλῆς.
2509 880 2591 931 ὅτι
2626 880 2789 947 τάχος
2817 877 2968 947 αὑτῷ
3000 881 3352 950 παραστῆσαι
3378 877 3469 930 τὸν
3500 876 3705 947 ζητούο

2111 990 2290 1043 μενον.
2317 973 2430 1033 Οὐκ
2456 966 2522 1041 ἦν
2547 971 2604 1034 δὲ
2643 971 2750 1042 ἄρα
2804 971 2896 1023 τὸν
2926 970 3027 1040 τῆς
3055 973 3296 1030 πίστεως
3334 969 3535 1048 λύχνον
3573 969 3700 1036 φαί-

2107 1081 2269 1116 νοντα
2299 1061 2536 1130 λαθεῖνῆ
2565 1061 2624 1112 τὸ
2653 1065 2824 1129 μύρον
2859 1061 3156 1133 κρυϐῆναι,
3205 1059 3312 1111 ὑπὸ
3353 1059 3452 1126 τῆς
3488 1059 3701 1123 οἰκείας

2107 1158 2284 1226 ὀσμῆς
2313 1154 2735 1224 φανερούμενον.
2778 1155 2852 1207 Οὐ
2881 1155 2988 1225 μὴν
3020 1154 3156 1206 ἀλλὰ
3186 1156 3281 1208 καὶ
3330 1155 3496 1218 αὐτὸς
3526 1151 3701 1216 ἀκού-
3779 1187 3783 1194 .

2111 1265 2208 1310 σας
2266 1247 2376 1300 τῶν
2434 1246 2741 1318 διωκόντων
2797 1245 2895 1314 τὴν
2940 1245 3296 1315 ἀναζήτησιν,
3333 1246 3393 1298 ού
3429 1246 3572 1314 πρὸς
3605 1244 3701 1305 τὰς

2110 1343 2349 1410 ἐρήμους
2390 1339 2688 1408 ὑποχωρεῖ,
2729 1338 2791 1390 οὐ
2829 1338 2896 1390 τὰ
2949 1336 3251 1402 λάσια⁶τῶν
3289 1337 3433 1406 ὀρῶν
3459 1337 3697 1406 ὑποτρέ-

2108 1447 2215 1499 χει,
2266 1430 2605 1497 προσευχαῖς
2661 1427 2716 1479 δὲ
2772 1427 2868 1478 καὶ
2904 1425 3170 1495 δεήσεσιν
3196 1425 3392 1479 ἑαυτὸν
3437 1425 3696 1488 ὁπλίσας,

2109 1521 2220 1583 τοῖς
2249 1517 2473 1588 ζητοῦσι
2497 1517 2618 1570 λίαν
2649 1517 2890 1587 φαιδρῶς
2920 1518 3280 1587 ἐμφανίζεται
3307 1517 3404 1570 καὶ
3442 1517 3586 1586 πρὸς
3612 1515 3698 1569 τὸν

2124 1612 2400 1664 Ἀκυλῖνον
2427 1611 2524 1663 σὺν
2573 1610 2734 1686 ἡδονῇ
2793 1611 3250 1680 παραπέμπεται.
3310 1608 3587 1678 Ἀκυλίνῳ
3646 1608 3697 1660 δὲ

2109 1703 2228 1757 τότε
2250 1703 2391 1757 κατά
2420 1703 2658 1756 Νίκαιαν
2709 1703 2763 1756 ai
2818 1702 3094 1773 διατριϐαὶ
3116 1697 3289 1774 ἦσαν’
3329 1699 3583 1770 βήματος
3612 1699 3698 1752 οὖν

2113 1796 2262 1867 αὐτῷ
2293 1796 2607 1866 διαρθὲντος
2634 1793 2840 1864 ὑψηλοῦ
2874 1800 2970 1847 καὶ
3017 1795 3116 1863 τῆς
3152 1796 3281 1860 περὶ
3313 1793 3484 1846 αὑτὸν
3517 1792 3698 1859 πάσης

435 1891 652 1952 tellites,
682 1890 816 1943 dixit
852 1889 1210 1958 Pompeianus
1237 1889 1554 1942 scriniariu-s
1587 1887 1811 1941 maximi
1864 1887 2010 1940 ordi-

2125 1886 2464 1957 δορυφορίας,
2500 1885 2696 1956 ὥσπερ
2725 1885 2846 1948 ἔθος
2874 1887 3080 1948 αὐτοῖς,
3123 1886 3509 1956 παραστάσης,
3554 1885 3700 1951 Πομ.⁸

437 1985 562 2039 nis:
598 1982 697 2049 Qui
743 1983 976 2051 Apamea
1032 1997 1059 2033 a
1116 1980 1388 2035 Frontone
1440 1979 1614 2049 legato
1657 1979 1723 2033 ad
1779 1990 2010 2033 vestram

437 2079 637 2129 missus
670 2085 749 2128 est
805 2071 1280 2142 magniﬁcentiam,
1338 2072 1492 2126 adest
1541 2072 1608 2124 ad
1659 2060 2011 2140 purissimum

339 2239 344 2244 _
435 2166 670 2221 tribunal
701 2176 894 2220 vestrae
945 2164 1240 2232 potestatis.
1275 2162 1560 2231 Aquilinus
1608 2160 1899 2229 pmfectus
1929 2159 2010 2212 di—

434 2258 548 2314 xit:
578 2252 679 2325 Qui
708 2260 880 2321 adest,
917 2258 1146 2325 priinum
1172 2256 1315 2310 dicat
1365 2270 1580 2316 nomen,
1618 2254 1873 2323 patriam,
1902 2254 2014 2307 for-

438 2359 648 2415 tunam,
683 2349 874 2402 deinde
904 2347 1242 2418 religionem.
1278 2344 1424 2400 Dixit
1459 2345 1516 2402 S.
1550 2346 1806 2418 Tryphon
1836 2366 1849 2400 :
1885 2346 2012 2402 Mihi

439 2456 631 2495 nomen
660 2450 745 2495 est
774 2438 1028 2511 Tryphon
1060 2457 1074 2494 :
1108 2439 1303 2510 patria,
1343 2440 1497 2495 vicus
1548 2438 1903 2508 Campsades,
1934 2441 2015 2494 vi—

437 2533 595 2586 cinus
651 2531 855 2586 civitati
907 2531 1162 2601 Apameae
1211 2531 1486 2586 :‘fortuna
1519 2539 1696 2585 autent
1727 2531 1872 2600 apud
1915 2546 2014 2586 nos

437 2639 537 2678 nec
570 2633 673 2688 est,
707 2638 805 2679 nec
832 2623 1048 2687 dicitur,
1087 2625 1174 2693 qui
1213 2624 1302 2678 Dei
1341 2625 1698 2694 providentia,
1757 2623 2013 2694 serieque

435 2725 491 2770 et
511 2717 699 2795 ordine
728 2713 982 2768 ineffabili
1002 2717 1287 2786 sapientiae
1317 2717 1497 2770 omnia
1555 2716 1670 2772 fieri
1696 2718 2004 2772 credimus:

436 2820 543 2862 non
575 2819 754 2862 autem
802 2823 830 2862 a
891 2808 1135 2874 fortuito,
1186 2804 1238 2863 et
1269 2809 1359 2878 qui
1396 2811 1454 2864 fit
1498 2822 1695 2878 praeter
1726 2811 2012 2876 rationem,

437 2913 701 2954 concursu
742 2911 1010 2952 astrorum
1068 2909 1123 2954 et
1181 2916 1211 2953 a
1268 2915 1400 2955 casu
1442 2902 1731 2956 statuimus
1777 2902 2015 2967 pendere

437 3001 619 3063 ortum
671 2991 927 3053 hominis.
975 2991 1106 3045 Sum
1147 3007 1275 3046 vero
1328 2993 1465 3048 liber
1501 2994 1742 3049 moribus
1786 3005 1840 3049 et
1890 2995 2014 3050 vitae

439 3083 781 3150 educatione,
815 3083 904 3142 uni
927 3082 1023 3135 soli
1051 3083 1266 3137 Christo
1299 3085 1562 3161 serviens.
1597 3083 1848 3140 Christus
1869 3087 2010 3140 enim

439 3181 524 3229 est
557 3170 685 3226 mihi
739 3171 944 3242 religio,
1003 3173 1252 3229 Christus
1307 3174 1666 3244 mihi-gloria
1706 3187 1760 3231 et
1814 3192 2013 3233 corona

442 3263 802 3332 gloriationis.

515 3352 606 3410 1x.
637 3344 779 3408 Dixit
821 3354 1146 3424 praefectus:
1181 3355 1444 3413 Existimo
1505 3368 1566 3412 te
1585 3358 1636 3414 in
1696 3359 2017 3414 hodiernum

445 3461 617 3516 usque
645 3449 785 3503 diem
813 3449 1048 3530 nondum
1077 3450 1392 3521 cOgnovisse
1417 3451 1626 3514 jussum
1651 3452 1898 3524 Augusti,
1926 3453 2017 3524 qui

438 3535 599 3606 jussit
642 3540 887 3608 quemvis
928 3541 1220 3607 Ιιοιιιὶιιοιη,
1246 3543 1335 3611 qui
1369 3544 1468 3596 hoc
1498 3545 1714 3600 nomine
1739 3561 1797 3600 se
1821 3546 2014 3614 jactat,

442 3637 502 3685 et
532 3631 598 3684 ad
630 3632 756 3685 deos
788 3631 1037 3687 colendos
1061 3643 1142 3688 est
1172 3635 1360 3700 durus,
1391 3634 1529 3689 tradi
1564 3629 1719 3691 morti
1749 3638 2016 3701 violenta},

441 3731 498 3776 et
535 3730 586 3776 te
625 3737 843 3778 remove
875 3739 902 3776 a
959 3724 1054 3778 tali
1119 3725 1456 3796 deceptione,
1506 3745 1573 3783 ne
1621 3731 1728 3799 igni
1763 3731 2016 3786 tradaris.

445 3811 593 3871 Dixit
619 3825 838 3870 sanctus
875 3815 1128 3886 Tryphon
1161 3837 1174 3872 :
1215 3819 1435 3874 Utinam
1460 3821 1589 3874 mihi
1624 3822 1780 3878 liceat
1809 3833 1863 3877 et
1892 3823 2019 3893 igne

442 3912 500 3958 et
529 3905 778 3958 omnibus
825 3909 1109 3962 tormentis
1157 3909 1403 3962 consumi
1468 3925 1567 3979 pro
1623 3914 1849 3967 nomine
1891 3913 2018 3968 Jesu

442 3995 645 4050 Christi
672 3995 878 4050 Domini
919 4000 1020 4051 mei
1052 4007 1105 4052 et
1145 4001 1257 4054 Dei.
1293 4000 1437 4056 Dixit
1466 4003 1746 4071 praefectus
1773 4023 1786 4059 :
1813 4007 1853 4058 0
1879 4005 2018 4077 Try-

445 4083 611 4152 phon,
659 4087 859 4139 suadeo
883 4095 939 4140 ut
971 4089 1074 4141 diis
1103 4088 1396 4145 sacrificos.
1433 4091 1596 4146 Video
1631 4095 1773 4148 enim
1829 4105 2022 4163 przeter

444 4187 655 4232 aetatem
715 4181 981 4248 corporis,
1051 4175 1371 4267 te.quoqne
1434 4186 1732 4254 perfectum
1799 4168 2018 4244 sensum

400 4331 410 4341 .
446 4268 610 4322 animi
650 4272 954 4340 ostendere,
990 4289 1086 4328 nec
1139 4291 1234 4344 per
1283 4277 1412 4333 deos
1445 4277 1565 4334 volo
1605 4287 1658 4334 te
1687 4281 2018 4336 malemori.
2080 4273 2084 4277 ’

448 4363 591 4415 Dixit
621 4371 836 4420 sanctus
862 4364 1111 4448 Tryphon
1139 4385 1153 4421 :
1190 4366 1494 4431 Perfectum
1540 4371 1746 4428 habebo
1773 4388 2016 4437 sensum,

445 4454 491 4509 si
528 4453 634 4508 Deo
693 4470 811 4510 meo
859 4457 1147 4525 perfectam
1195 4460 1438 4514 obtulero
1489 4461 1911 4530 confessiOnem,
1967 4474 2020 4518 et

445 4548 730 4618 pulchrum
767 4549 1091 4618 depositum,
1132 4565 1325 4620 nempe
1352 4552 1405 4606 in
1457 4554 1632 4631 ipsum
1682 4554 1866 4620 fidem,
1896 4572 2012 4612 eam

2129 4565 2404 4635 φρόνημα,
2452 4564 2626 4633 εἶπεν,

447 4653 551 4692 ιιοη
581 4640 822 4708 negando
843 4656 1190 4723 conservans,
1227 4657 1310 4696 me
1337 4642 1405 4706 ab
1427 4645 1573 4698 omni
1602 4646 2024 4714 reprehensione

445 4745 674 4785 vacuum
709 4742 764 4785 et
798 4733 1064 4804 integrum
1121 4733 1448 4788 sacrificium
1506 4735 1751 4823 obtulero
1779 4737 2020 4806 Christo,

447 4823 539 4894 qui
565 4821 667 4876 fuit
698 4839 796 4892 pro
828 4841 911 4879 me
941 4825 1301 4891 sacriﬁcatus.
1363 4825 1506 4880 Dixit
1537 4821 1827 4897 praefectus
1857 4849 1872 4886 :
1913 4831 2020 4901 lgni

448 4917 656 4970 tradam
693 4925 843 4971 tuum
871 4931 1086 4986 corpus,
1111 4926 1164 4970 ct
1198 4918 1560 4974 acerbissimis
1584 4921 1860 4991 suppliciis
1895 4909 2019 4978 ceu-

448 5020 662 5062 sumam
697 5017 842 5060 tuam
874 4991 1126 5062 animam.
1154 5009 1296 5061 Dixit
1329 5019 1546 5064 sanctus
1572 4998 1826 5083 Tryphon
1851 5033 1865 5069 :
1892 5015 2021 5069 Mihi

450 5100 677 5153 minaris
729 5100 902 5167 ignem
947 5101 1034 5168 qui
1090 5101 1492 5171 exstinguitur,
1528 5115 1581 5157 et
1627 5107 1784 5159 simul
1821 5109 2016 5169 deletut

451 5203 570 5250 cum
599 5203 658 5242 ea
691 5205 810 5256 quae
839 5190 1086 5244 accendit
1120 5192 1363 5258 materia,
1406 5198 1558 5261 cujus
1607 5196 1725 5250 linis
1755 5209 1836 5252 est
1864 5199 2000 5253 cinis

451 5279 562 5349 Ego
587 5289 765 5334 autem
796 5299 915 5335 eum
951 5287 1040 5352 qui
1067 5299 1168 5338 non
1189 5290 1740 5358 potestexstingui,et
1761 5302 1843 5345 est
1865 5303 2017 5353 teter-

453 5389 574 5435 nus,
613 5386 801 5428 contra
848 5377 1020 5431 minor
1049 5380 1249 5449 impiis.
1279 5379 1519 5445 Recede,
1541 5383 1777 5452 inquam,
1806 5402 1831 5437 a
1866 5387 2023 5441 rebus

451 5468 697 5532 vanis,e_t
727 5482 994 5536 cognosce
1015 5485 1162 5535 eum,
1217 5474 1305 5540 qui
1341 5476 1423 5527 est
1455 5489 1579 5528 vere
1619 5478 1754 5529 Dens
1785 5491 1801 5530 ε
1840 5492 1940 5543 ne,
1976 5477 2021 5530 si

450 5563 592 5615 lorte
623 5559 764 5615 illius
794 5561 934 5631 ignis
967 5563 1160 5617 feceris
1183 5566 1499 5637 periculum,
1533 5578 1583 5621 te
1609 5569 1869 5622 malorum
1901 5585 2023 5637 pte-

451 5650 640 5704 niteat.
677 5649 800 5706 Haec
837 5666 956 5708 cum
991 5655 1249 5710 audiissct
1281 5658 1589 5726 Aquilinus,
1642 5667 1693 5714 et
1724 5661 1798 5715 ira
1833 5660 2023 5726 fuisset

452 5744 712 5818 percitus,
733 5744 886 5813 jubet
907 5761 1030 5800 eum
1055 5733 1374 5818 suspensum
1407 5751 1560 5804 caedi.

527 5831 591 5887 Χ.
627 5835 765 5890 Cum
820 5837 1052 5907 primum
1099 5853 1227 5909 ergo
1259 5842 1462 5910 prolata
1517 5841 1702 5899 fuisset
1729 5847 2018 5915 sententia,

2123 1980 2353 2048 πηῖανὺς
2412 1979 2751 2050 σκρινιάριος
2785 1980 2884 2048 τῆς
2923 1979 3185 2048 μεγίστης
3225 1979 3454 2042 τάξεως,
3487 1974 3644 2029 εἶπεν
3673 1979 3696 2026 ὁ

2120 2072 2184 2122 ὲκ
2223 2071 2322 2138 τῆς
2359 2070 2670 2138 Ἀπαμείας
2706 2071 2858 2140 πα·ρά
2885 2069 3196 2140 Φρόντωνος
3225 2069 3530 2137 ·τοπάρχου
3564 2067 3698 2136 πρὸς

2119 2161 2216 2232 τὴν
2251 2161 2527 2232 ὑμετέραν
2558 2161 2955 2232 μεγαλειότητα
3005 2160 3278 2230 πεμφθεὶς
3335 2160 3412 2228 τῷ
3441 2160 3699 2228 καθαρωυ

2120 2253 2269 2322 τάτῳ
2298 2253 2504 2324 βήματι
2536 2255 2855 2323 παρέστηκε
2887 2253 2988 2321 τῆς
3023 2253 3180 2322 ὑμῶν
3211 2243 3486 2317 ἐξουσίας.
3534 2253 3699 2305 Ἀκυ-

2121 2344 2266 2408 λῖνος
2290 2344 2532 2416 ἔπαρχος
2561 2339 2714 2398 εἶπεν
2733 2361 2746 2375 ·
2803 2343 2861 2398 Ὅ
2912 2342 3200 2412 παρεστὼς
3230 2343 3449 2411 πρῶτον
3492 2342 3699 2393 εἰπάτω

2119 2438 2381 2509 τοῦνομα,
2415 2438 2515 2510 τὴν
2538 2437 2800 2508 πατρίδα,
2825 2437 2925 2508 τὴν
2947 2436 3137 2506 τύχην,
3179 2434 3375 2487 ἔπειτα
3411 2435 3510 2486 καὶ
3527 2435 3590 2500 τὸ
3613 2433 3696 2484 σέ-

2120 2533 2345 2598 ϐας.,”0
2402 2531 2556 2601 ἅγιος
2607 2518 2841 2600 Τρύφων
2895 2519 3082 2581 εἶπεν
3139 2527 3294 2595 Ἐμοὶ
3349 2527 3408 2578 τὸ
3463 2524 3571 2578 ἀπὸ
3595 2524 3695 2592 γῆς

2121 2627 2292 2696 ὄνομα
2319 2607 2578 2694 Τρύφων,
2610 2609 2810 2693 πατρὶς
2834 2622 2890 2675 δὲ
2915 2622 2946 2691 ἡ
2978 2621 3141 2695 κώμη
3179 2618 3504 2696 Καμψάδος,
3533 2617 3694 2672 Ἀπα-

2124 2721 2253 2791 μείᾳ
2275 2722 2342 2790 τῇ
2368 2698 2522 2783 πόλει
2549 2717 2752 2810 χείτων
2785 2716 3132 2786 ὑπάρχουσα,
3153 2713 3292 2784 τύχη
3324 2696 3383 2766 δὲ
3408 2713 3539 2782 παρ’
3571 2713 3693 2781 igniti

2120 2813 2245 2878 οὔτε
2271 2813 2406 2880 ἔστι,
2437 2806 2567 2866 οὔτε
2597 2813 2842 2880 λέγεται,
2869 2812 2983 2873 τοῖς
3006 2809 3237 2880 προνοίᾳ
3264 2809 3397 2861 Θεοῦ
3423 2809 3520 2859 καὶ
3546 2806 3690 2869 τάξει

2121 2903 2193 2956 τὰ
2226 2904 2403 2958 πάντα
2431 2901 2680 2972 γίνεσθαι
2707 2895 3096 2954 πεπιστευκόσι
3115 2915 3128 2929 ’
3149 2901 3253 2952 ’καὶ
3276 2899 3382 2951 ὑπὸ
3400 2899 3500 2968 τῆς
3531 2894 3687 2950 αὑτοῦ

2123 2999 2312 3066 σοφίας
2347 2996 2716 3068 κυϐερνᾶσθαι
2754 2995 2816 3048 τὸ
2851 2995 2981 3059 πάν.
3031 2991 3349 3064 Ἐλεύθερος
3370 2992 3426 3046 δὲ
3453 2991 3545 3060 τὸν
3571 2989 3688 3058 τρό-

2121 3108 2224 3144 πον
2254 3091 2372 3161 εἰμὶ
2406 3073 2500 3143 καί
2526 3089 2608 3143 ἐνὶ
2647 3089 2792 3158 μόνῳ
2814 3085 3036 3161 Χριστῷ
3056 3084 3392 3155 δεδούλωμαι
3411 3102 3425 3115 ⁸
3443 3084 3687 3155 ’Χριστὸς

2123 3183 2232 3253 γὰρ
2266 3181 2389 3254 ἐμοὶ
2419 3183 2480 3234 τὸ
2513 3180 2696 3247 σέϐας,
2731 3182 2966 3252 Χριστὸς
2988 3179 3112 3254 ἐμοὶ
3147 3179 3277 3255 δόξα
3314 3183 3409 3232 καὶ
3438 3178 3688 3246 στέφανος

2121 3271 2222 3350 ἤδη
2259 3279 2601 3348 καυχήσεως.

2145 3353 2151 3360 ’
2189 3369 2268 3427 Θ’.
2299 3351 2443 3442 Πρὸς
2492 3371 2668 3426 ταῦτα
2701 3369 2976 3442 ἔπαρχοςο
3023 3367 3428 3438 Ὑπολαμϐάνω
3473 3368 3686 3440 μηδέπω

2122 3466 2217 3519 καὶ
2250 3466 2492 3536 τήμερον
2524 3465 2824 3532 ἐγνωκέναι
2855 3481 2914 3516 σε
2949 3463 3048 3534 τὴν
3079 3463 3170 3516 τοῦ
3211 3463 3487 3517 Σεϐαστοῦ
3518 3464 3689 3516 κέλευ-

2123 3573 2228 3618 σιν,
2284 3555 2432 3618 ὅπως
2486 3555 2666 3608 πάντα
2719 3555 3008 3624 ἄνθρωπον
3044 3554 3290 3618 ἀπειθῶς
3344 3555 3536 3625 ἔχοντα
3565 3558 3686 3627 πρὲις

2120 3651 2219 3720 τὴν
2251 3650 2360 3702 τῶν
2385 3649 2535 3702 Θεῶν
2572 3648 2868 3720 θεραπείαν
2931 3650 3132 3722 βεϐαίῳ
3169 3652 3381 3721 θανάτῳ
3412 3654 3688 3722 παραδὶδςε

2122 3744 2246 3795 σθαι
2279 3743 2628 3812 προστάττει.
2679 3742 2840 3798 Ἀλλά
2868 3744 3152 3798 σὺ¹πείθου
3187 3763 3277 3818 μοι
3309 3746 3405 3805 καὶ
3431 3745 3687 3814 ἀπόστηθί

2124 3835 2220 3904 τῆς
2251 3833 2505 3904 τοιαύτης
2534 3835 2774 3906 ἀπάτης,
2808 3836 2896 3888 ἵνα
2938 3835 3012 3910 μὴ
3041 3837 3135 3902 καὶ
3166 3837 3299 3906 πυρὶ
3333 3838 3426 3889 καὶ
3449 3840 3563 3896 ταῖς
3601 3837 3684 3887 άλ-

2123 3925 2242 3988 λαις
2300 3924 2561 3979 κολάσεσι
2621 3927 2843 3979 σεαυτὸν
2870 3927 3132 3998 ὑπόσχῃς.
3183 3928 3376 3995 Ἀγιος
3423 3927 3683 3994 Τρύςων·

2122 4015 2246 4068 Εἴθε
2281 4032 2370 4085 μοι
2403 4015 2631 4092 γένοιτο,
2662 4016 2788 4092 ἔφη,
2814 4016 2910 4068 καὶ
2935 4017 3069 4088 πυρὶ
3095 4017 3189 4068 καὶ
3208 4016 3463 4086 βασάνοις
3501 4016 3686 4076 missu;

2125 4105 2265 4184 ὑπὲρ
2295 4105 2387 4159 τοῦ
2412 4106 2675 4174 ὀνόματος
2709 4107 2968 4176 Χριστοῦ,
2989 4108 3081 4166 τοῦ
3108 4107 3241 4176 ἐμοῦ
3271 4109 3428 4171 Θεοῦ,
3462 4108 3686 4161 καθαναο

2122 4197 2382 4268 λωθῆναι.
2418 4197 2506 4273 I'O
2555 4200 2795 4276 ἔπαρχος
2852 4197 3006 4256 εἶπεν
3033 4217 3047 4232 ·
3110 4201 3308 4263 Θύσον,
3343 4197 3388 4255 ὧ
3443 4202 3685 4272 Τρύφων,

2123 4291 2395 4358 παραινῶ,
2422 4295 2532 4357 τοῖς
2563 4293 2704 4356 θεοῖς
2726 4309 2738 4323 ·
2775 4295 2888 4364 ὁρῶ
2915 4294 3022 4365 γάρ
3058 4295 3264 4348 τέλειόν
3299 4313 3391 4350 σου
3423 4297 3685 4366 sci-.5261;-

2123 4381 2219 4444 κὸς
2253 4381 2312 4434 τὸ
2336 4383 2609 4454 φρόνημα,
2641 4387 2733 4438 καὶ
2753 4384 2814 4437 ού
2851 4384 3112 4455 βούλομαί
3145 4403 3231 4451 σε,
3265 4386 3340 4457 μά
3372 4389 3498 4450 τοὺς
3523 4388 3683 4448 θεοὺς,

2126 4472 2312 4536 κακῶς
2335 4468 2647 4529 ἀποθανεῖν.
2685 4476 2743 4529 Ὀ
2769 4476 2922 4546 ἅγιος
2954 4477 3188 4547 Ἰῖρύφων
3215 4494 3230 4531 3
3259 4479 3478 4532 Τέλειον
3508 4480 3610 4544 ’ἐξω
3637 4483 3686 4532 τὸ

2686 4572 2732 4622 εί
2771 4571 2980 4624 τελείαν
3013 4572 3089 4643 τῷ
3133 4572 3252 4640 Θεῷ
3306 4589 3408 4642 μου
3442 4574 3684 4643 προσάξω

2129 4658 2223 4710 καὶ
2260 4658 2358 4726 τὴν
2385 4660 2676 4728 ὁμολογίαν
2732 4665 2824 4716 καὶ
2863 4663 2959 4734 τὴν
2997 4664 3168 4734 καλὴν
3229 4668 3685 4737 παρακαταθικῃν

2123 4750 2223 4828 τὴν
2251 4751 2328 4815 εἰς
2352 4752 2512 4806 αὑτὸν
2545 4755 2727 4808 πίστιν
2755 4756 3122 4826 ἀνεξάρνητον
3144 4757 3484 4830 διατηρήσας
3508 4779 3521 4791 ·
3549 4761 3681 4834 5pm-

2128 4859 2229 4912 μον
2262 4846 2496 4914 ἐμαυτὸν
2529 4846 2721 4900 θυσίαν
2767 4849 2865 4901 καὶ
2915 4849 3214 4921 ὁλόκληρον
3250 4850 3328 4921 τῷ
3389 4853 3529 4925 ὑπὲρ
3567 4854 3682 4921 ἐμοῦ

2126 4933 2339 4987 τυθέντι
2375 4938 2728 5010 προσενέγχω
2756 4939 2999 5010 Χριστῷ.
3033 4941 3174 5011 Πρὸς
3205 4942 3383 5006 ταῦτα
3415 4946 3441 4996 ὁ
3465 4946 3684 5015 ἔπαρχος

2130 5025 2239 5098 πῦρ
2297 5030 2447 5109 αὐτῷ
2497 5031 2659 5084 πάλιν
2721 5035 2816 5086 καὶ
2849 5033 3118 5104 βασάνους
3181 5037 3683 5106 ὲπανατεινάμενος.

2138 5119 2197 5172 '0
2221 5119 2375 5188 ἅγιος
2402 5121 2664 5193 Τρύφωνο
2714 5124 2869 5194 Ἐμοὶ
2899 5126 3007 5198 πῦρ
3064 5129 3329 5202 ἀπειλεῖς,
3381 5130 3509 5199 ἔφη,
3547 5131 3684 5181 562v-

2131 5212 2356 5280 νύμενον
2380 5214 2474 5265 καὶ
2500 5217 2567 5285 τῇ
2593 5215 2923 5288 ὕφαπτούσῃ
2965 5219 3064 5290 ὗλῃ
3097 5221 3592 5290 συναπολλύμενον,
3619 5215 3682 5289 ,οἱ

2126 5304 2187 5357 τὸ
2216 5304 2367 5368 τέλος
2393 5307 2590 5376 τέφρα.
2643 5292 2790 5384 ’Ἐγὼ
2824 5310 2879 5361 δέ
2902 5327 2986 5362 σοι
3013 5312 3072 5362 τὸ
3098 5312 3362 5364 ἄσϐεστον
3394 5318 3485 5366 καὶ
3516 5315 3685 5368 διαεω-

2129 5389 2269 5454 νίςον
2295 5393 2622 5448 ἀνταπειλῶ.
2655 5397 2956 5466 Τοιγαροῦν
2990 5402 3258 5470 ἀπόστηθι
3299 5403 3406 5455 τῶν
3433 5405 3680 5472 ματαίων,

2126 5482 2222 5532 καὶ
2253 5483 2422 5550 γνῶθι
2450 5485 2542 5538 τὸν
2567 5487 2731 5551 ὅντως
2757 5490 2909 5554 Θεὸν,
2943 5492 3156 5562 μήποτέ
3194 5510 3275 5546 σοι
3326 5498 3523 5566 πεῖραν
3556 5501 3684 5550 ἐκεί-

2127 5590 2218 5625 νου
2245 5576 2338 5630 τοῦ
2376 5579 2541 5648 πυρὸς
2573 5579 2811 5646 λαϐόντι,
2836 5584 3005 5648 πολλὰ
3032 5586 3131 5653 τῆς
3152 5587 3248 5639 νῦν
3282 5588 3510 5660 ,ἀπάτης
3537 5609 3686 5660 μετα-

2130 5670 2362 5742 μελήσῃ.
2391 5670 2610 5725 Τούτων
2639 5673 2880 5738 ἀκούσας
2929 5677 3206 5743 Ἀκυλίνος
3245 5679 3502 5752 καὶπρὸς
3535 5684 3686 5754 ὀργὴν

2127 5759 2384 5835 egomed;
2413 5763 2627 5819 κελεύει
2654 5769 3036 5838 κρεμασθέντα
3071 5772 3452 5838 σπαθίζεσθαι.

2159 5892 2165 5897 .
2197 5849 2220 5899 1
2276 5851 2484 5908 Αὐτίκα
2516 5855 2650 5925 γοῦν
2691 5846 3074 5932 ἐξενεχθείσης
3123 5865 3223 5935 τῆς
3247 5867 3593 5936 ἀποφάσεως,
3633 5866 3682 5934 τὸ
