3820 6498
221 355 357 424 1321

1455 346 1637 413 VITA
1677 350 1741 412 S.
1779 347 2238 411 TRYPHONIS.

3330 346 3466 413 i322

217 475 436 548 Ῑμάτιον
465 474 493 527 ὁ
526 471 796 542 μακάριος
836 467 1043 532 ἀποδὺς
1071 466 1168 521 καὶ
1197 465 1295 519 σῦν
1345 463 1541 534 ἐκείνῳ
1576 462 1671 518 καὶ
1702 461 1799 533 δή-

1922 471 2091 518 ιετιιυς
2120 462 2375 536 Tryphon
2408 476 2526 519 cum
2578 470 2779 519 vestem
2810 459 3072 528 exuisset,
3119 469 3176 519 et
3207 476 3472 518 veneran-

213 566 340 631 λους
376 565 622 629 ἃπαντας
656 563 753 633 τῆς
773 559 1122 632 ἀνθρωπίνης
1148 558 1364 629 φύσεως
1387 556 1683 627 λογισμοὺς
1702 552 1800 607 καὶ⁸

213 659 276 713 τὸ
310 658 473 713 καλὸν
499 658 677 713 έκεῖνο
704 653 865 725 σῶμα
897 651 1179 723 παραδοὺς
1205 654 1320 715 τοῖς
1341 649 1583 720 δημίοις,
1626 648 1799 716 ἀναρ-

216 754 380 808 τᾶται
435 750 512 820 τῷ
555 747 736 818 ξύλῳ·
800 743 921 799 εἶτα
951 744 1164 808 καὶτὰς
1207 746 1398 815 χεῖρας
1431 756 1801 812 περιαγκωνι-

219 844 391 906 σθεὶς,
414 841 679 894 ὲκόπτετο
714 837 815 901 τὰς
846 838 1058 907 σάρκας
1115 834 1411 904 γενναίως·
1457 835 1516 887 ὲν
1567 830 1716 903 τρισὶ
1746 829 1803 884 δὲ

221 933 395 999 ὥραις
435 929 580 984 οὕτω
622 926 1022 997 σπαθιζομένου
1073 925 1171 979 καὶ
1204 925 1380 995 ἠσυχῆ
1428 922 1528 986 τὰς
1563 918 1800 992 πληγὰς,

222 1025 414 1095 ὥσπερ
465 1022 626 1076 ἄλλου
677 1022 1005 1091 πάσχοντος,
1073 1018 1459 1087 ὑπομένοντος,
1487 1016 1517 1068 δ
1567 1014 1805 1084 ἔπαρχος

238 1114 535 1176 Ἀκυλῖνος,
566 1110 756 1183 ῶσπερ
777 1112 877 1164 οῦκ
900 1109 1054 1180 ἀνδρὶ
1080 1108 1310 1179 τοιούτῳ
1339 1108 1438 1179 τὴν
1479 1105 1802 1177 καρτερίαν,

222 1204 339 1258 ἀλλ’
392 1203 639 1274 ἀνάνδρῳ
690 1201 786 1256 καὶ
837 1202 1054 1270 ἀγεννεῖ
1083 1199 1403 1272 παραινῶν·
1452 1195 1798 1265 Μετάγνωθι,

223 1296 482 1367 Τρύφων,
530 1296 631 1364 τῆς
686 1292 924 1364 ἀκαίρου
989 1291 1196 1363 ταύτης
1224 1291 1503 1355 ἀπονοίας,
1556 1289 1684 1360 ἔφη,
1713 1289 1808 1343 καὶ

221 1389 476 1457 ὁμολόγει
505 1385 655 1440 θύειν
706 1387 819 1448 τοῖς
855 1386 1029 1447 θεοῖς·
1062 1384 1124 1438 οὐ
1182 1384 1294 1454 γάρ
1341 1383 1491 1437 ἐστιν
1522 1383 1580 1445 ὃς
1604 1382 1682 1453 τῷ
1713 1382 1806 1437 τοῦ

227 1478 494 1550 βασιλέως
547 1474 821 1530 ἀντειπὼν
882 1476 1266 1546 προστάγματι
1318 1472 1396 1544 μὴ
1448 1472 1664 1543 πικρῶς
1713 1470 1810 1525 καὶ

229 1569 421 1640 βιαίως
465 1567 725 1623 ἀπολέσοι
781 1567 880 1621 καὶ
915 1567 1013 1637 τὴν
1042 1564 1213 1635 ζωήν.
1273 1564 1334 1618 ’0
1363 1562 1520 1633 ἅγιος
1570 1562 1811 1632 Τρύφων

228 1654 381 1715 εἷπεν
402 1675 416 1689 ·
446 1656 616 1727 Κάγώ
645 1657 729 1710 σοί
757 1674 924 1728 φημι,
959 1656 1044 1710 δτι
1073 1655 1264 1726 μηδεὶς
1305 1653 1398 1709 τὸν
1424 1654 1677 1725 οὐράνιον
1713 1652 1810 1725 βα-

231 1746 384 1802 σιλέα
409 1746 646 1818 Χριστὸν
681 1746 942 1819 ἀρνηθεὶς
965 1746 1065 1817 τῆς
1096 1744 1324 1807 αἱωνίας
1352 1745 1455 1798 οὐκ
1493 1745 1812 1798 ἐκπεσεῖται

230 1841 400 1913 ζωῆς,
425 1840 563 1911 πρὸς
616 1839 673 1892 δὲ
722 1839 821 1893 καὶ
850 1838 986 1910 πυρὶ
1025 1836 1280 1908 ἀσϐέστῳ
1312 1834 1807 1906 κατακριθήσεται.

232 1935 377 2005 Πρὸς
412 1933 583 1987 ταῦτα
607 1929 898 1985 ὑπολαὸὼν
938 1931 968 1983 ὁ
995 1931 1272 2001 ἔπαρχος·
1319 1928 1380 1983 '0
1429 1928 1682 2000 οὐράνιος
1712 1927 1813 1998 βα-

232 2027 436 2093 σιλεὺς,
486 2021 663 2090 εἶπεν,
719 2024 821 2076 οὐκ
873 2023 1031 2086 ἀλλος
1060 2023 1093 2093 ἢ
1122 2025 1151 2076 ὁ
1198 2022 1376 2094 μέγας
1405 2022 1540 2084 Ζεύς
1574 2024 1745 2087 ἐστιν,
1785 2020 1816 2074 ὁ

231 2119 447 2189 Κρόνου
478 2117 573 2172 κα)⁵
610 2114 768 2180 Ῥέας
800 2117 939 2178 υῖὶς,
978 2114 1040 2180 ὃς
1076 2116 1170 2171 καὶ
1199 2115 1386 2185 πατὴρ
1425 2115 1574 2167 ἐστιν
1606 2111 1815 2181 ἀνδρῶν

230 2228 297 2265 τε
356 2210 494 2263 θεῶν
529 2226 613 2274 τε,
649 2201 695 2278 ᾧ
727 2211 852 2272 τοὺς
906 2207 1319 2277 ἀπειθήσαντας
1369 2205 1632 2262 ἀδύνατον
1691 2206 1815 2277 ζῇν,

231 2296 279 2371 ᾧ
311 2304 408 2354 καὶ
480 2302 543 2355 σὺ
611 2300 905 2370 πεισθῆναι
936 2299 1195 2369 ὀφείλεις,
1252 2299 1342 2353 ἵνα
1388 2298 1537 2368 ζωῆς
1593 2297 1819 2369 ἡδίστης

234 2392 501 2465 ἀξιωθῇς.
529 2395 729 2462 Ἀγιος
763 2392 1001 2462 Τρύφων
1048 2387 1203 2445 εἶπεν
1229 2408 1244 2424 ·
1296 2390 1516 2461 Ὅμοιοι
1576 2391 1820 2459 γένοιντο

236 2487 322 2541 Διῒ
346 2486 422 2556 τῷ
457 2484 565 2557 θεῴ
595 2501 690 2539 σου
734 2486 783 2538 σί
828 2483 950 2538 θεὸν
971 2477 1113 2538 εἶναι
1138 2483 1299 2539 αὐτὸν
1347 2483 1698 2546 πιστεύοντες
1728 2483 1822 2536 καὶ⁵

237 2578 442 2639 πάντες
493 2578 608 2631 ὅσοι
671 2575 999 2630 πεποίθασιν
1041 2576 1128 2629 ἐπ’
1159 2574 1346 2649 αὐτῷ·
1397 2574 1457 2629 δν
1506 2573 1681 2644 γόητα
1722 2572 1820 2643 μὲν

246 2668 538 2740 ἄνθρωπον
566 2668 662 2723 καὶ
693 2667 893 2737 μιαρὸν
920 2666 1053 2736 φασὶ
1081 2667 1430 2737 γεγενῆσθαι,
1461 2667 1661 2729 κακίας
1683 2660 1823 2727 εἶδος

237 2758 578 2813 ἀπολιπόντα
626 2759 798 2830 μηδὲν
858 2758 1146 2830 ἄπρακτον
1206 2759 1302 2812 καὶ
1365 2757 1781 2830 ἀνεπιχείρητον
1806 2772 1823 2791 ο

244 2849 388 2921 μετὰ
413 2850 469 2905 δὲ
503 2850 665 2905 αὑτοῦ
721 2850 980 2922 τελευτὴν
1028 2851 1358 2921 ἀνδριάντας
1408 2850 1561 2921 αὐτῷ
1586 2849 1825 2921 χρυσοῦς

241 2945 340 2998 καὶ
391 2943 666 3016 ἀργυροῦς
725 2944 1056 3009 ἀνιστῶντες
1117 2944 1168 2998 οἱ
1220 2946 1287 2998 τὰ
1316 2944 1482 3014 ὃμοια
1527 2944 1699 3015 τούτῳ
1724 2945 1827 3014 τῆς

242 3033 509 3106 αἰσχύνης
547 3035 686 3106 ἔργα
718 3033 1171 3106 μεταδιώξαντες,
1221 3034 1342 3088 θεὸν
1367 3035 1825 3105 ἀνηγορεύκασιν,

1901 556 2025 611 dum
2060 555 2186 611 illud
2223 564 2278 611 et
2338 555 2620 626 pulchrum
2673 569 2870 625 corpus
2915 564 3167 626 prompto
3207 563 3264 610 et
3307 555 3473 613 alacri

1901 648 2081 702 animo
2114 646 2422 704 tradidisset
2469 647 2774 715 lictoribus,
2822 647 2877 702 in
2912 646 3055 718 ligno
3104 648 3473 719 suspenditur,

1901 750 1956 795 et
2005 740 2252 795 manibus
2285 755 2424 809 pone
2476 741 2823 797 circumactis
2875 741 3129 796 vincitur.
3185 738 3323 797 Cum
3358 742 3477 813 ipse

1902 840 2081 885 autem
2133 831 2309 887 tribus
2365 831 2513 887 heris
2543 832 2864 897 caederetur,
2912 840 2967 886 et
2992 831 3230 886 animum
3258 831 3479 900 quidem

1905 922 2120 977 ﬁrmum
2145 930 2199 977 et
2223 923 2472 978 stabilem
2501 931 2556 978 et
2588 922 3033 978 invulnerabilem
3056 922 3273 979 Christo
3294 930 3479 977 osteno

1905 1012 2078 1077 deret,
2134 1012 2349 1069 silentio
2378 1027 2508 1067 vero
2542 1013 2727 1083 plagas
2780 1020 3036 1082 tanquam
3092 1011 3199 1067 alio
3243 1012 3481 1082 patiente

1907 1104 2223 1169 sustineret,
2273 1103 2405 1159 dicit
2431 1102 2717 1174 praefectus
2750 1103 3034 1174 Aquilinus
3061 1118 3078 1157 :
3107 1103 3375 1158 Poeniteat
3403 1112 3479 1166 te,

1908 1208 1941 1249 o
1970 1192 2248 1265 Tryphon,
2294 1193 2455 1263 hujus
2485 1196 2807 1263 importuna:
2841 1194 3090 1249 amentiae
3139 1203 3194 1249 et
3226 1193 3484 1264 promere

1910 1294 1963 1341 te
2012 1285 2118 1341 diis
2169 1300 2289 1341 esse
2330 1285 2787 1343 sacriﬁcaturum.
2844 1285 3020 1341 Nemo
3077 1285 3224 1342 enim
3282 1286 3484 1342 restitit

1909 1377 2088 1433 edicto
2128 1377 2492 1447 imperatoris,
2527 1376 2619 1447 qui
2650 1391 2755 1431 non
2806 1375 3004 1432 acerbe
3033 1384 3087 1432 et
3122 1376 3389 1432 violenter
3416 1391 3484 1431 ex

1912 1468 2016 1523 hac
2061 1468 2170 1521 vita
2205 1468 2519 1522 excesserit.
2579 1467 2724 1523 Dixit
2770 1475 2993 1523 sanctus
3030 1464 3333 1537 Tryphon:
3377 1465 3488 1536 Ego

1911 1571 2127 1628 quoque
2160 1558 2253 1614 tibi
2280 1558 2437 1613 dico:
2469 1572 2629 1614 nemo
2678 1558 2770 1629 qui
2804 1572 2985 1627 regem
3016 1557 3294 1613 caelestem
3323 1557 3487 1613 Chri-

1912 1658 2056 1710 stum
2111 1650 2351 1722 negavit,
2403 1650 2570 1706 vitam
2618 1660 2877 1706 aeternam
2930 1659 3344 1721 consequetur;
3391 1650 3487 1706 sed

1915 1742 2302 1798 transmittitur
2338 1743 2406 1797 ad
2464 1743 2639 1814 ignem
2691 1749 2954 1798 aeternum
3008 1743 3103 1815 qui
3152 1757 3257 1798 non
3311 1754 3490 1814 potest

1912 1834 2201 1906 exstingui.
2253 1834 2398 1890 Dixit
2429 1835 2717 1906 pmfectus
2747 1853 2763 1891 :
2799 1834 2914 1892 Rex
2966 1836 3207 1893 cmlestis
3263 1851 3370 1891 non
3405 1847 3490 1891 est

1913 1928 2051 1984 alius
2082 1927 2185 1983 nisi
2212 1943 2438 1999 magnus
2467 1925 2696 1999 Jupiter,
2731 1929 2953 1983 Saturni
2981 1937 3036 1984 et
3061 1929 3226 1985 Rhea:
3251 1929 3413 1984 ﬁlius.
3440 1928 3491 1983 is

1915 2028 1999 2076 est
2055 2030 2209 2091 pater
2254 2021 2645 2090 hominumque
2673 2022 2987 2092 deumque:
3018 2021 3104 2076 cui
3134 2020 3227 2091 qui
3261 2035 3370 2075 non
3396 2033 3493 2089 pa-

1917 2114 2143 2178 ruerint,
2164 2112 2386 2168 minime
2402 2122 2630 2183 possunt
2648 2112 2850 2170 vivere.
2877 2113 2974 2169 Cui
3004 2121 3057 2168 tu
3088 2128 3306 2184 quoque
3330 2113 3493 2167 debes

1918 2218 2131 2275 parere,
2161 2214 2220 2259 ut
2247 2204 2441 2275 dignus
2466 2207 2742 2262 censearis
2769 2207 2879 2261 vita
2911 2206 3326 2277 jucundissima.
3348 2204 3499 2267 Dixit,

1922 2306 2143 2354 sanctus
2184 2296 2474 2386 Tryphon:
2508 2297 2727 2353 Similes
2763 2297 2892 2352 [iant
2944 2296 3061 2353 Jovi
3098 2299 3198 2353 deo
3247 2307 3358 2362 tuo,
3400 2297 3493 2367 qui

1922 2410 2044 2451 eum
2074 2409 2170 2465 pro
2205 2396 2307 2450 deo
2336 2395 2540 2460 colunt,
2587 2405 2642 2450 et
2679 2409 2868 2450 omnes
2900 2395 2993 2465 qui
3019 2395 3298 2451 conﬁdunt
3325 2394 3378 2449 in
3408 2412 3493 2452 eo.

1923 2486 2090 2553 Quem
2117 2487 2307 2541 dicunt
2351 2487 2567 2556 quidem
2592 2486 2824 2556 primum
2852 2486 3018 2542 fuisse
3046 2487 3496 2558 prmstigiatorern

1927 2576 2197 2632 hominem
2221 2586 2277 2631 et
2325 2575 2648 2632 sceleratum
2684 2590 2749 2631 ac
2774 2576 3159 2647 perniciosum,
3179 2586 3498 2648 patremque

1924 2668 2166 2739 cujusvis
2207 2667 2431 2723 nefaria:
2470 2667 2700 2722 actionis
2747 2676 2803 2722 et
2846 2666 3160 2738 impietatis.
3215 2666 3341 2723 Post
3381 2665 3499 2736 ejus

1926 2772 2104 2817 autem
2128 2764 2430 2830 decessum,
2460 2776 2652 2817 aureas
2684 2770 2739 2818 et
2759 2772 3042 2833 argenteas
3078 2770 3287 2819 statuas
3311 2763 3358 2818 ei
3390 2764 3501 2819 eri-

1927 2860 2133 2922 gentes,
2158 2852 2251 2923 qui
2289 2851 2538 2909 fecerunt
2577 2853 2776 2909 similia
2805 2868 2971 2925 opera
2996 2853 3298 2920 dedecoris,
3336 2855 3498 2910 deum

1927 2947 2371 3016 pronuntiarunt,
2405 2960 2517 3002 suae
2550 2944 2793 3003 libidinis
2827 2956 2883 3004 et
2912 2948 3346 3020 intemperantia
3374 2947 3503 3004 aﬂ‘e-r

1929 3048 2113 3095 rentes
2143 3040 2566 3105 excusationem,
2615 3041 2758 3110 quod
2793 3039 2842 3097 is
2898 3041 2951 3096 in
2979 3042 3109 3098 deos
3159 3042 3232 3098 sit
3277 3043 3503 3099 relatus.

248 3125 552 3195 ἀπολογίαν
600 3128 792 3196 ὥσπερ
823 3128 922 3197 τῆς
971 3126 1123 3196 σφῶν
1170 3126 1355 3180 αὐτῶν
1407 3126 1699 3194 ἀσελγείας
1725 3127 1822 3197 τὴν

1932 3130 2078 3186 Idem
2110 3134 2303 3188 modus
2323 3132 2563 3187 cernitur
2585 3132 2750 3188 etiam
2774 3132 2827 3187 iu
2857 3132 3000 3199 aliis,
3027 3132 3117 3204 qui
3145 3133 3280 3191 falso
3304 3150 3507 3191 vocan-

246 3217 533 3275 θεοποιῖαν
581 3216 788 3290 ταύτην
842 3218 893 3270 oi
953 3218 1247 3288 πάντολμοι
1298 3218 1768 3289 προϐαλλόμενοι·
1799 3218 1830 3271 ὁ

248 3310 413 3374 αὐτὸς
435 3309 493 3364 δὲ
522 3310 723 3381 τρόπος
775 3309 869 3365 καὶ
904 3311 997 3363 ἐπὶ
1028 3310 1138 3363 τῶν
1163 3309 1339 3363 ἄλλων
1372 3310 1526 3382 ὑμῶν
1555 3310 1830 3381 ψευδωνύ-

250 3418 371 3471 μων
418 3402 613 3472 ὁρᾶται
677 3400 848 3455 θεῶν·
910 3402 1085 3475 ταύτῃ
1114 3402 1246 3472 γοῦν
1303 3405 1398 3457 καὶ
1431 3404 1589 3475 ὑμεῖς
1622 3405 1833 3460 ἀνωθεν

251 3491 676 3557 ἀκολουθοῦντες
725 3495 792 3564 τῇ
848 3492 1104 3566 ἀπατηλῇ
1134 3493 1453 3565 παραδόσει,
1507 3495 1699 3567 ἀψύχῳ
1733 3495 1834 3569 ῦλῃ

263 3583 361 3636 καὶ
389 3586 549 3653 κωφῇ
576 3581 635 3636 τὸ
661 3582 829 3646 σέϐας
858 3583 1172 3638 ἀποδιδόναι
1206 3583 1484 3653 βούλεσθε,
1538 3585 1634 3639 τοῦ
1693 3585 1835 3649 ζῶν-

251 3691 345 3738 τος
393 3673 784 3745 ὀλιγωροῦντες
817 3674 975 3743 Θεοῦ,
1006 3675 1065 3737 ὃς
1115 3676 1345 3748 οὐρανὸν
1376 3676 1699 3748 ὲστερέωσε,
1731 3681 1837 3750 γῆν

255 3768 342 3836 ἐφ’
375 3765 585 3823 ὑδάτων
617 3766 876 3837 ἧδρασεν,
918 3768 1061 3838 ἀέρα
1100 3768 1337 3838 ἐξέχεεν,
1394 3769 1491 3822 καὶ
1527 3770 1707 3824 πᾶσαν
1736 3771 1836 3841 τὴν

254 3860 363 3912 τῶν
394 3860 561 3913 όντων
593 3859 757 3929 φύσιν
783 3860 1175 3933 διαμορφώσας
1198 3903 1214 3928 ,
1279 3862 1484 3934 Κύριον
1528 3866 1616 3919 ἐπ’
1666 3867 1838 3937 αὐτῆς

256 3952 349 4005 τὸν
378 3951 663 4021 ἄνθρωπον
693 3954 1091 4023 κατεστήσατο.
1116 3954 1319 4008 Τοῦτον
1346 3956 1450 4010 ὑπὸ
1477 3956 1573 4011 τοῦ
1598 3959 1837 4030 πονηροῦ

257 4040 514 4110 δαίμονος
554 4042 829 4112 ἀγόμενον
886 4043 981 4096 καὶ
1010 4043 1400 4116 δελεαζόμενον
1454 4048 1552 4101 καὶ
1581 4052 1839 4122 πονηροῖς

258 4130 440 4203 ἔργοις
457 4132 554 4185 τοῦ
577 4134 944 4203 πεποιηκότος
962 4134 1097 4188 Θεοῦ
1117 4138 1530 4208 μακρυνόμενον
1543 4141 1711 4193 οἱκτεί
1717 4158 1838 4210 ρας,

260 4223 384 4276 ἐπεὶ
410 4223 622 4279 πολλῶν
651 4226 922 4297 πρότερον
966 4228 1275 4298 γενομένων
1321 4229 1646 4301 ἀδιόρθωτον
1675 4227 1744 4303 ἢν
1780 4232 1843 4285 τὸ

264 4315 458 4382 κακὸν,
514 4316 809 4387 εὐδόκησεν
838 4319 868 4371 ὁ
892 4317 986 4372 τοῦ
1022 4318 1160 4375 Θεοῦ
1199 4320 1372 4388 Λόγος
1399 4320 1488 4375 διὰ
1521 4322 1721 4390 πολλὴν
1749 4323 1841 4378 διὰ

262 4405 326 4461 τὸ
358 4408 582 4479 πλάσμα
611 4409 1052 4481 φιλανθρωπίαν,
1084 4410 1373 4484 ἄνθρωπος
1415 4415 1672 4483 γενέσθαι
1704 4434 1841 4488 μορ-

1934 3234 2020 3279 tur
2044 3225 2139 3280 dii.
2183 3221 2274 3280 Sic
2328 3240 2423 3281 vos
2464 3224 2654 3280 falsam
2687 3226 2874 3282 multis
2912 3236 3057 3282 retro
3084 3228 3298 3284 saeculis
3322 3230 3505 3284 datam

1933 3317 2604 3388 sequentestraditionem,
2640 3317 2894 3374 inanima:
2939 3321 3183 3377 materiae
3232 3330 3287 3377 et
3330 3321 3510 3378 surdae

1933 3408 2136 3464 cultum
2182 3407 2347 3478 impie
2395 3407 2653 3473 tribuitis,
2691 3406 2862 3463 Deum
2917 3409 3097 3464 vivum
3154 3410 3507 3482 negligentes,

1935 3503 2026 3572 qui
2082 3500 2278 3557 caelum
2310 3500 2563 3566 ﬁrmavit,
2613 3507 2812 3556 terram
2863 3515 3028 3572 super
3062 3517 3231 3573 aquas
3258 3503 3507 3568 stabiliit,

1937 3607 2117 3650 aerem
2143 3592 2329 3650 eﬁudit
2351 3610 2367 3649 :
2386 3602 2439 3648 et
2465 3609 2589 3649 cum
2608 3594 2768 3649 rebus
2791 3595 3040 3650 omnibus
3065 3596 3261 3652 creatis
3282 3595 3509 3651 formam

1937 3689 2195 3750 dedisset,
2232 3686 2503 3742 hominem
2538 3685 2812 3741 dominum
2848 3688 2902 3743 in
2928 3688 3058 3758 ipsis
3085 3699 3271 3760 postea
3303 3689 3511 3746 fortna-

1938 3787 2053 3834 tum
2089 3778 2386 3833 constituit.
2406 3777 2574 3849 Cujus
2595 3778 2802 3849 decepti
2835 3795 2864 3833 a
2897 3779 3132 3849 maligno
3161 3789 3434 3850 serpente,
3460 3789 3515 3834 et

1940 3870 2417 3927 innumerabilibus
2469 3871 2623 3927 tracti
2675 3870 2951 3926 erroribus
2997 3879 3052 3926 et
3098 3871 3319 3937 exitiis,
3372 3871 3516 3927 Deus

1942 3960 2173 4018 Verbum
2200 3963 2477 4029 misertus,
2519 3963 2680 4018 homo
2708 3963 2823 4017 fieri
2851 3963 3041 4030 voluit,
3070 3975 3125 4018 et
3154 3964 3312 4019 nobis
3346 3963 3513 4020 simili

1943 4054 2114 4111 forma
2150 4069 2424 4126 suscepta,
2470 4058 2525 4112 in
2556 4072 2621 4113 ea
2650 4056 2703 4112 in
2734 4071 2953 4113 crucem
2986 4067 3138 4114 actus
3168 4065 3221 4114 et
3247 4058 3514 4132 sepultus.

1942 4164 2067 4205 cum
2102 4151 2262 4204 tertio
2295 4150 2381 4205 die
2413 4151 2819 4215 resurrexisset,
2874 4159 2928 4205 et
2959 4150 3012 4204 in
3049 4149 3219 4205 caelos
3252 4158 3398 4206 esset
3431 4165 3520 4206 as-

1944 4252 2213 4310 sumptus,
2246 4243 2396 4298 sedet
2425 4243 2491 4296 ad
2526 4245 2802 4297 dexteram
2844 4240 3147 4311 majestatis
3178 4241 3230 4297 in
3266 4243 3519 4305 excelsis,

1945 4333 2118 4388 donec
2147 4346 2481 4401 quaecunque
2511 4347 2598 4387 res
2636 4343 2720 4387 est
2748 4342 2956 4397 creata,
2989 4347 3111 4388 eum
3145 4342 3440 4401 agnoscat:
3469 4346 3523 4387 ct

1946 4424 2026 4479 sic
2051 4439 2083 4478 e
2132 4422 2286 4478 cmlis
2329 4437 2454 4477 cum
2498 4421 2681 4478 divina
2718 4422 2916 4477 virtute
2941 4430 2995 4478 et
3026 4422 3197 4494 gloria
3231 4437 3522 4491 apparens.

264 4502 460 4584 ene-re
480 4502 675 4573 ὁμοίαν
707 4505 838 4573 ἡμῖν
865 4503 1158 4559 ἀναλαϐεῖν
1184 4509 1277 4557 καὶ
1297 4506 1355 4558 ὲν
1385 4506 1523 4577 αὐτῇ
1559 4507 1652 4561 καὶ
1676 4524 1822 4562 σταυ-

1951 4514 2137 4568 reddet
2170 4512 2462 4581 unicuique
2513 4512 2896 4566 convenienter
2931 4512 3044 4567 suis
3072 4511 3394 4568 actionibus.
3427 4512 3527 4569 llic

267 4595 361 4665 ρὸν
419 4594 516 4647 καὶ
550 4592 786 4651 θάνατον
818 4595 1137 4666 ὑπομεῖναι,
1168 4597 1266 4650 καὶ
1312 4595 1456 4651 οὕτω
1487 4601 1822 4656 ταπεινωθεὶ.

1951 4617 2035 4662 est
2067 4604 2209 4660 Deus
2234 4604 2480 4667 deorum,
2507 4602 2623 4658 Rex
2654 4618 2859 4674 regum,
2891 4611 2945 4658 et
2979 4602 3151 4660 Judex
3179 4605 3424 4659 vivorum
3470 4616 3528 4659 et

266 4687 628 4758 καταισχῦναι
657 4687 748 4742 τὸν
783 4687 1159 4759 ὑπερήφανον.
1212 4688 1561 4760 Σταυρωθεὶς
1611 4689 1706 4747 οὖν
1754 4711 1822 4749 κα

1953 4705 2311 4753 mortuorum.
2372 4694 2474 4762 Qui
2532 4705 2713 4750 autem
2758 4710 2788 4749 a
2833 4695 2986 4752 vobis
3017 4696 3095 4751 dii
3116 4697 3523 4763 existimantur,

266 4781 480 4849 ταφεὶς,
504 4779 625 4836 εἶτα
648 4782 743 4839 καὶ⁵
765 4783 1007 4844 ἀναστὰς
1033 4784 1098 4836 ex
1121 4781 1331 4852 νεκρῶν
1360 4782 1457 4837 καὶ
1478 4784 1560 4849 είς
1586 4787 1817 4855 ούρανοῦ

1953 4800 2078 4847 sunt
2104 4790 2295 4847 aeterni
2366 4789 2505 4861 ignis
2550 4789 2787 4858 fomites,
2840 4803 2966 4846 cum
3022 4790 3090 4846 iis
3135 4789 3225 4862 Qui
3259 4792 3405 4863 ipsos
3434 4806 3529 4847 co~

267 4872 622 4943 ἀναληφθεὶς,
652 4877 711 4932 ὲν
742 4874 893 4947 δεξιᾷ
928 4875 1165 4946 κάθηται
1193 4873 1289 4930 νῦν
1320 4876 1420 4953 τῆς
1456 4879 1853 4956 μεγαλωσύνης
1951 4885 2091 4942 lunt.

267 4966 328 5017 ὲν
368 4966 611 5037 ὑψηλοῖς,
669 4967 774 5031 ἕως
832 4969 868 5042 ἡ
905 4967 1170 5038 σύμπασα
1202 4968 1376 5033 κτίσις
1426 4971 1589 5025 αὐτὸν
1653 4975 1886 5051 ὶπιγνῷ,
1926 4983 2025 5039 καὶ
2074 4976 2243 5040 οὕτως
2298 4975 2596 5048 οὐρανόθεν
2653 4976 2795 5048 μετά
2860 4975 3144 5048 δυνάμεως
3192 4977 3533 5051 θεοπρεποῦς

270 5056 368 5110 καὶ
401 5057 559 5128 δόξης
592 5057 762 5113 ἐλθὼν
804 5059 1075 5113 ἀποδώσει
1138 5061 1355 5129 ἑκάστῳ
1400 5061 1652 5132 πράξεώς
1693 5083 1752 5121 τε
1787 5073 1887 5128 καὶ
1920 5072 2148 5143 γνώμης
2215 5067 2312 5131 τὰς
2346 5067 2672 5131 ἀντιδόσεις.
2697 5060 2867 5134 Οὗτός
2895 5070 3011 5122 ἐστι
3040 5069 3175 5135 Θεὸς
3213 5071 3375 5133 θεῶν,
3421 5073 3529 5128 Βα-

276 5148 463 5211 σιλεὺς
514 5149 780 5219 βασιλέων
835 5151 931 5205 καὶ
999 5151 1207 5231 Κριτής
1273 5151 1495 5219 ζώντων
1530 5154 1668 5225 ὁμοῦ
1731 5162 1826 5216 καὶ
1889 5163 2136 5235 νεκρῶν·
2188 5159 2240 5214 οἱ
2289 5159 2349 5213 δὲ
2395 5160 2527 5229 παρ’
2551 5161 2683 5231 ὑμῖν
2736 5161 2852 5215 θεοὶ
2893 5160 3237 5232 νομιζόμενοι
3286 5160 3533 5237 δνόματα

280 5243 442 5312 μόνον
468 5243 835 5315 είσὶν,ἔργων
866 5243 1050 5315 ἔρημα
1104 5246 1137 5317 ἢ
1202 5245 1476 5317 δαιμόνων
1542 5247 1820 5320 εύρέματα
1874 5254 2161 5328 ’πο-θηρῶν,
2223 5253 2305 5316 είς
2354 5250 2632 5308 ἀπώλειαν
2678 5252 2841 5325 μόνον
2893 5252 3004 5309 τῶν
3056 5253 3196 5309 αύτά
3225 5254 3534 5328 σεϐομένων

276 5333 644 5403 ἐξευρημένα.
700 5342 701 5347 ‘
1318 5366 1333 5385 .

349 5424 454 5481 IA'.
484 5426 703 5481 Τούτων
760 5426 902 5482 οὓτω
927 5428 1237 5502 λεγομένων
1270 5433 1376 5489 ὑπὸ
1420 5434 1515 5490 τοῦ
1551 5436 1822 5510 μάρτυρος

2031 5438 2118 5495 XI.
2146 5438 2272 5495 inec
2297 5453 2422 5495 cum
2454 5438 2659 5495 diceret
2687 5438 2877 5496 beatus
2907 5438 3185 5513 Tryphon,
3214 5443 3533 5515 quuiliuus,

275 5522 306 5575 δ
341 5518 643 5584 Ἀκυλῖνος,
686 5518 809 5575 κατ’
856 5521 1034 5592 ἄκρας
1070 5524 1286 5593 μανεὶς,
1324 5527 1537 5582 κελεύει
1569 5530 1662 5583 τοῦ
1697 5531 1822 5597 ξύλο

1960 5548 2173 5591 summo
2197 5532 2382 5589 furore
2413 5532 2672 5602 percitus,
2704 5549 2827 5591 eum
2863 5536 3078 5607 quidem
3111 5537 3268 5606 jubet
3300 5538 3366 5594 de
3389 5538 3536 5610 ligno

281 5612 383 5681 μὲν
413 5609 811 5682 καθαιρεθῆναι
836 5611 929 5665 τὸν
959 5612 1137 5682 ἅγιον,
1182 5613 1414 5671 ἔπεσθαι
1450 5618 1507 5674 δὲ
1541 5620 1689 5691 αὐτῷ
1710 5622 1822 5677 δεδε

1959 5626 2176 5696 deponi,
2199 5639 2257 5681 se
2285 5632 2462 5680 autem
2480 5627 2640 5697 sequi
2667 5628 2930 5695 vinctum,
2957 5638 3243 5686 exeuntem
3278 5632 3345 5687 ad
3368 5609 3539 5688 vena-

281 5703 442 5773 μένον
470 5702 608 5775 πρὸς
643 5703 935 5771 κυνηγίαν.
974 5698 1085 5757 Ἤν
1118 5701 1211 5760 οὖν
1235 5709 1572 5780 πικροτάτην
1617 5712 1750 5783 όρᾷν
1780 5731 1822 5766 τι

1965 5721 2188 5773 tionem.
2225 5715 2449 5772 Licebat
2481 5733 2611 5788 ergo
2638 5720 2822 5775 videre
2853 5721 3263 5777 acerbissimum
3299 5731 3541 5781 tormen-

282 5795 523 5867 μάρτυρι
548 5796 649 5866 τὴν
689 5794 924 5865 βάσανον
953 5797 1338 5867 ἐπαγομένην·
1395 5804 1489 5857 καὶ
1523 5805 1627 5876 γὰρ
1652 5806 1707 5860 αἱ
1758 5806 1822 5878 βά

1961 5816 2074 5864 tum
2103 5806 2269 5879 indigi
2303 5809 2551 5881 martyri.
2585 5810 2714 5866 Nam
2737 5811 2928 5885 plantae
2947 5814 3141 5884 pedum
3169 5815 3285 5884 ejus
3309 5816 3542 5873 tlisrumv

604 5896 877 5957 Ρλτιιοι..
921 5898 1035 5957 ΟΒ.
1075 5898 1283 5960 CXIV.

3113 5909 3188 5981 (I2

3408 5961 3445 5989 θ
