3820 6458
321 324 457 389 1323

1514 319 1799 381 MENSIS
1838 317 2355 380 FEBRUARIUS.

3442 308 3598 377 ιεει

322 444 610 514 νεωιιιιιτ,
632 458 752 511 qua:
786 457 893 499 non
918 442 1091 498 solum
1113 442 1271 499 nuda
1291 440 1687 512 objiciebantur
1716 436 1881 505 {rigor

2009 455 2122 503 σεις
2151 438 2300 509 αὐτῷ
2328 437 2717 509 διερρήγνυντο
2768 433 2879 489 τῶν
2935 433 3114 488 ποδῶν
3156 432 3278 506 ῶρα
3308 433 3599 504 χειμῶνος

320 534 529 605 bycmis
555 534 901 601 intolerabili,
922 536 1018 591 sed
1043 535 1207 589 etiam
1230 531 1689 589 conculcabantur
1716 544 1887 597 equo-

319 643 439 684 rum
461 628 707 696 pedibus,
741 641 936 682 carnes
996 637 1173 681 autem
1221 626 1528 681 dilacerate
1568 637 1665 691 per
1694 627 1893 674 terram

317 717 786 789 dispergebantur.
841 717 1047 788 Martyr
1076 732 1202 772 vero
1255 730 1470 786 semper
1500 714 1567 769 ad
1604 712 1891 767 Dominum

316 811 559 877 intuens,
604 809 732 865 dum
764 808 819 864 in
871 823 938 864 eo
990 809 1264 865 l‘overetur
1292 818 1346 864 et
1375 815 1734 868 recrearetur,
1788 815 1893 858 non

317 918 460 971 aegre
494 902 699 958 ferebat
725 902 987 967 dolorem,
1016 902 1250 972 psallens
1278 917 1295 956 :
1330 918 1348 953 ι
1391 898 1616 963 Perﬁce,
1646 896 1891 959 Domine,

315 1009 534 1065 gressus
564 1008 714 1049 meos
748 994 801 1048 in
830 996 1039 1049 semitis
1073 994 1201 1059 tuis,
1229 1002 1285 1047 ut
1314 1007 1420 1046 non
1449 995 1895 1045 commovi-antur

316 1084 548 1154 vestigia
577 1097 696 1138 mea
726 1084 768 1139 ⁸.
809 1101 829 1136 ι
870 1083 937 1138 Et
955 1098 1143 1138 rursus
1171 1100 1186 1137 :
1233 1099 1254 1133 ι
1286 1080 1519 1137 Gressus
1542 1092 1695 1135 meos
1724 1076 1895 1145 dirige

316 1176 611 1230 secundum
663 1175 939 1244 eloquium
978 1186 1154 1238 tuum,
1190 1182 1245 1230 et
1287 1187 1396 1227 non
1443 1172 1753 1226 dominetur
1789 1167 1892 1221 mei

316 1267 491 1321 omnis
519 1265 837 1335 iniquitas”,
858 1284 877 1318 ι
897 1275 951 1320 et
978 1281 1099 1336 quae
1125 1265 1380 1335 deinceps
1403 1272 1722 1335 sequuntur.
1745 1258 1895 1315 Prica-

318 1369 401 1411 ter
433 1359 547 1413 hac
568 1358 849 1413 emittebat
879 1357 1041 1411 etiam
1075 1370 1237 1411 voces
1289 1356 1447 1425 primi
1499 1354 1773 1424 martyris,
1812 1353 1895 1407 di¢

314 1462 444 1503 cens
475 1464 490 1503 :
546 1466 566 1501 ι
593 1448 837 1513 Domine,
871 1463 939 1503 ne
976 1455 1184 1503 statuas
1214 1446 1295 1501 eis
1342 1446 1444 1500 hoc
1473 1454 1753 1513 peccatum
1785 1441 1827 1496 ³.
1868 1462 1888 1495 ι

314 1536 451 1593 Cum
484 1552 516 1592 a
543 1537 830 1593 venatione
879 1546 1058 1592 autem
1091 1551 1214 1592 sero
1263 1535 1532 1601 rediisset,
1561 1534 1693 1590 dicit
1726 1534 1895 1603 Aqui-

312 1626 459 1681 linus
482 1627 750 1682 accersito
780 1636 1053 1698 martyre:
1090 1622 1314 1681 Nuncne
1337 1626 1575 1689 tandem,
1619 1636 1655 1679 o
1705 1625 1891 1691 miser,

317 1721 412 1775 tibi
448 1719 764 1787 persuasisti
808 1719 1038 1788 sapienti
1091 1718 1169 1773 uti
1223 1716 1638 1772 ratiocinatione
1697 1724 1752 1770 et
1789 1716 1895 1771 diis

1996 531 2203 598 γυμναὶ⁵
2226 529 2682 601 προσαλλόμεναι,
2716 528 2853 600 πρὸς
2881 524 2938 582 δέ
2970 530 3067 581 καὶ
3109 530 3225 591 τοῖς
3255 527 3364 579 τῶν
3391 527 3596 579 ἵππων

1996 624 2124 676 ποσὶ
2149 622 2513 693 πατούμεναι,
2544 622 2621 686 ὡς
2649 624 2743 676 καὶ
2777 622 2876 686 τὰς
2903 621 3110 692 σάρκας
3139 619 3282 674 οὕτω
3310 620 3448 690 προς
3472 620 3595 688 γῆν

1996 715 2295 783 καταρρεῖν
2316 724 2330 743 ⁸
2364 713 2443 784 τῷ
2471 712 2527 767 δὲ
2558 713 2695 784 πρὸς
2743 713 2836 766 τὸν
2865 712 3072 783 Κύριον
3107 714 3192 765 ἀεὶ
3225 711 3447 781 βλέπειν
3479 708 3595 762 καὶ

1996 804 2127 874 παρ’
2172 803 2336 857 αὐτοῦ
2384 802 2637 873 δέχεσθαι
2697 806 2796 876 τὴν
2835 805 3208 874 παράκλησιν,
3254 802 3449 872 ἀμέλει
3479 799 3592 855 καὶ

1996 894 2216 965 ἔψαλλε,
2254 895 2620 967 Κατάρτισαι,
2653 895 2850 964 λέγων,
2899 897 3093 966 Κύριε,
3138 897 3205 949 τὰ
3257 894 3591 965 διαδήματά

2000 1005 2099 1057 μου
2126 990 2182 1039 ἐν
2216 988 2334 1048 sui;
2360 987 2569 1058 τρίϐοις
2600 1003 2717 1048 σου,
2744 988 2829 1039 ἵνα
2855 989 2929 1059 μὴ
2954 987 3255 1041 σαλευθῶσι
3283 989 3350 1039 τά
3378 984 3591 1053 διαϐή-

1999 1079 2146 1149 ματά
2176 1095 2301 1148 μου,
2332 1083 2426 1133 καὶ
2464 1079 2658 1135 πάλιν⁸
2692 1077 2772 1132 Τὰ
2794 1079 3111 1149 διαδήματά
3161 1094 3263 1148 μου
3304 1074 3592 1130 κατεύθυ-

1995 1185 2086 1222 νον
2108 1169 2248 1222 κατά
2270 1170 2331 1222 τὸ
2347 1170 2526 1239 λόγιόν
2549 1186 2666 1232 σου,
2700 1170 2793 1222 καὶ
2831 1170 2908 1241 μὴ
2937 1167 3432 1236 κατακυριευσάτω
3467 1180 3588 1234 μου

1997 1262 2147 1316 πᾶσα
2183 1263 2402 1331 ἀνομία,
2438 1261 2574 1333 πρὸς
2606 1261 2820 1326 τούτοις
2851 1261 2946 1315 καὶ
2976 1260 3077 1331 τὴν
3109 1259 3279 1331 αὐτὴν
3325 1259 3465 1329 ἔχων
3493 1254 3590 1325 τῷ

1996 1354 2431 1424 πρωτομάρτυρι
2474 1354 2820 1425 χρηστότητα
2867 1354 2965 1407 καὶ
3004 1353 3419 1422 φιλανθρωπίαν
3472 1352 3590 1419 τὴν

1996 1444 2168 1516 αὐτὴν
2203 1445 2300 1498 καὶ⁵
2351 1437 2506 1507 οὗτος
2549 1444 2693 1515 ἐφίει
2723 1445 2943 1514 φωνήν*
3001 1443 3199 1514 Κύριε,
3241 1443 3441 1512 λέγων,
3496 1440 3592 1514 μὴ

1997 1539 2203 1606 στήσῃς
2251 1534 2439 1598 αὐτοῖς
2470 1533 2567 1607 τὴν
2627 1534 2903 1605 ἀμαρτὶαν
2953 1532 3179 1602 ταύτην.
3221 1532 3312 1595 Ὠς
3336 1530 3434 1585 οὖν
3462 1531 3591 1586 ἀπὸ

1996 1626 2093 1695 τῆς
2126 1626 2299 1696 θήρας
2318 1626 2417 1696 ὀψὲ
2446 1626 2543 1696 ei};
2576 1625 2726 1697 ὥρας
2759 1623 3047 1678 ἐπανέλθοι
3082 1624 3110 1677 ὁ
3156 1622 3458 1687 Ἀκυλῑνος,
3481 1621 3591 1677 τὺ)

1998 1716 2251 1788 μάρτυρα
2272 1717 2786 1787 μετακαλεσάμενος
2807 1716 2864 1768 ὃν
2881 1715 3101 1785 θήραμα
3123 1713 3325 1784 μᾶλλον
3344 1712 3586 1766 ἔσπευδε

311 1811 668 1875 sacriﬁcare,
730 1824 798 1863 an
861 1809 1041 1865 adhuc
1100 1810 1329 1879 pristina
1382 1809 1586 1863 teneris
1636 1808 1886 1864 insaniai

1994 1807 2189 1860 ἐαυτοῦ
2209 1806 2378 1873 δεῖξαι
2410 1809 2556 1862 κατά
2590 1806 2724 1861 πολὺ
2750 1805 3086 1878 τιμιώτατον
3106 1821 3122 1836 ο
3170 1803 3337 1858 Ἀλλά
3386 1805 3589 1877 πείθῃ,

314 1900 456 1956 Dicit
485 1913 706 1957 sanctus
762 1900 1021 1972 Tryphon
1060 1919 1075 1956 :
1117 1901 1250 1955 Cum
1289 1900 1516 1955 rationis
1546 1901 1785 1969 expertis
1812 1900 1895 1954 in-

310 1993 482 2049 eanize
511 2001 560 2048 et
622 1992 1003 2063 imprudentiae
1060 1994 1134 2048 sis
1176 1996 1289 2063 ipse
1346 1994 1563 2062 plenus,
1621 2007 1651 2046 a
1694 1992 1893 2047 diaboli

311 2083 482 2139 ull‘usa
506 2086 602 2140 tibi
629 2085 946 2141 temulentia
980 2101 1085 2139 non
1128 2095 1280 2155 potes
1318 2086 1655 2154 resipiscere,
1683 2094 1736 2138 et
1763 2085 1895 2138 ado-

313 2190 436 2257 rare
456 2174 774 2231 Creatorem
827 2178 1225 2232 universorum.
1280 2175 1392 2246 Ego
1428 2187 1610 2232 autem
1662 2176 1892 2244 sapienti

313 2277 437 2322 utor
493 2269 929 2333 ratiocinatione,
983 2284 1088 2323 non
1121 2271 1377 2324 recedens
1411 2271 1479 2323 ab
1515 2284 1602 2333 ea,
1635 2284 1759 2339 qua:
1801 2269 1893 2323 dat

310 2358 570 2427 salutem,
617 2361 867 2416 veritate.
918 2359 1065 2417 Dicit
1087 2361 1370 2430 Aquilinus
1393 2360 1712 2431 praefectus:
1738 2362 1880 2414 Num

309 2456 497 2512 redeat
528 2454 579 2508 in
615 2467 915 2518 carcerem,
947 2462 1003 2509 et
1053 2462 1365 2508 reservetur
1388 2454 1455 2506 ad
1503 2451 1728 2506 alteram
1759 2465 1893 2505 exa-

312 2544 689 2600 minationem.
723 2541 886 2599 Forte
924 2559 1047 2599 cum
1074 2543 1236 2599 fuerit
1262 2544 1432 2608 solus,
1467 2557 1525 2598 se
1553 2542 1886 2606 admonebit,

310 2644 370 2686 ut
390 2633 614 2687 desistat
636 2633 703 2685 ab
733 2632 835 2688 hac
853 2632 993 2687 mala
1021 2633 1395 2701 persuasione.
1426 2631 1562 2688 Cum
1610 2632 1691 2688 sic
1722 2632 1892 2687 dixis-

308 2732 416 2788 set,
450 2725 516 2778 ad
554 2722 814 2780 ﬁnitimas
847 2729 1095 2794 regiones
1119 2732 1205 2779 est
1235 2723 1534 2793 prolectus.

2002 1895 2190 1964 φησιν,
2222 1894 2323 1950 κάν
2351 1893 2468 1961 νῦν,
2502 1894 2677 1958 ἄθλιε,
2705 1895 2944 1966 σώφρονι
2991 1893 3299 1965 χρήσασθαι
3325 1893 3590 1965 λογισμῷ

1995 1989 2088 2039 καλ
2118 1986 2281 2040 θύσαι
2311 1991 2425 2050 τοῖς
2455 1987 2672 2059 θεοῐς,ἢ
2704 1987 2785 2041 ἐτι
2815 1990 2915 2058 τῆς
2936 1987 3209 2058 προτέρας
3226 1986 3329 2059 ἔχῃ
3350 1988 3585 2056 μανίας

2005 2080 2067 2133 '0
2096 2078 2253 2148 ἅγιος
2287 2079 2525 2151 Τρύφων
2558 2081 2744 2149 λέγει·
2782 2080 3000 2144 Μανίας
3032 2080 3232 2148 ἀλόγου
3278 2082 3372 2133 καὶ
3399 2081 3585 2152 ἀφρο-

1998 2171 2160 2241 σύνης
2198 2174 2397 2243 μεστὸς
2425 2174 2588 2235 αὐτὸς
2618 2174 2695 2228 ῶν
2720 2175 2842 2227 οὺδέ
2874 2173 3008 2246 δύνῃ
3036 2174 3098 2227 τδ
3126 2172 3388 2242 παράπαν
3441 2175 3586 2227 εἴσω

1994 2267 2208 2336 φρενῶν
2231 2265 2509 2334 γενέσθαι,
2538 2269 2633 2320 καὶ
2657 2267 2749 2321 τὸν
2774 2266 2883 2321 τῶν
2909 2266 3047 2321 ὅλων
3083 2267 3383 2334 ἐπιγνῶναι
3414 2265 3585 2319 θεόν’

1990 2358 2105 2425 ἐγὼ
2132 2359 2190 2411 δὲ
2224 2359 2464 2431 σώφρονι
2490 2360 2715 2431 χρῶμαι
2746 2361 2823 2432 τῷ
2845 2360 3117 2431 λογισμῷ,
3154 2361 3230 2431 μὴ
3262 2358 3587 2428 ἀφιστάμε-

1991 2466 2079 2512 νος
2132 2454 2232 2521 τῆς
2280 2452 2564 2525 σωζούσης
2627 2452 2908 2524 ἀληθείας.
2959 2453 3127 2507 Οὐδὲν
3165 2452 3302 2521 πρὸς
3349 2449 3587 2503 ταῦταὸ

2003 2542 2281 2606 Ἀκυλίνος
2302 2561 2317 2576 ·
2344 2544 2547 2616 ὴδέσθη
2571 2545 2681 2617 γὰρ
2709 2545 2771 2599 τὸ
2805 2544 3100 2616 φιλάληθες
3151 2545 3262 2597 τῶν
3308 2542 3587 2614 ῥημάτων

1993 2634 2085 2684 καὶ
2114 2632 2361 2703 ἀκριϐῶς
2391 2633 2700 2706 ἐλεύθερον,
2727 2636 2865 2689 ἀλλά
2887 2635 3026 2708 πρὸς
3055 2635 3185 2699 τοὺς
3213 2635 3587 2705 παρεστῶτας

1992 2724 2352 2794 ἐπιστραφείς
2373 2738 2386 2754 ·
2442 2726 2716 2781 Ἑλκέσθω
2751 2744 2809 2782 τε
2840 2725 2972 2799 γοῦι
3002 2729 3083 2792 είς
3112 2727 3174 2780 τὸ
3195 2726 3588 2798 δεσμωτήριον

310 2820 339 2870 ὁ
367 2812 647 2884 γεννάδιος
683 2813 948 2886 καὶπρὸς
974 2814 1168 2886 ἑτέραν
1212 2814 1460 2879 ἐξέτασιν
1518 2811 1892 2883 φυλαττέσθω,
1936 2815 2013 2884 μὴ
2076 2815 2174 2868 καὶ
2221 2816 2365 2870 κατὰ
2416 2816 2585 2889 μόνας
2617 2819 2910 2889 γενόμενος
2947 2819 3127 2889 ἐαυτῷ
3171 2819 3274 2889 τῆς
3335 2818 3584 2888 ματαίας

308 2908 614 2972 ἐνστάσεως
650 2907 958 2977 λέγκαλέσοι
999 2907 1096 2960 καὶ
1152 2909 1293 2977 μετά
1351 2906 1498 2978 μάθῃ
1548 2907 1611 2960 τὸ
1642 2906 1883 2977 βέλτιονο
1927 2907 2115 2973 Οὕτως
2182 2908 2353 2964 εἰπὼν
2373 2913 2468 2965 ἐπὶ
2506 2913 2603 2977 τάς
2640 2913 3050 2985 πλησιοχώρους
3074 2914 3240 2982 ἐξεισι
3292 2914 3498 2977 πόλεις.

380 3002 495 3060 ιιιι.
528 3006 662 3060 Cum
688 3013 869 3059 autem
901 3003 1109 3072 aliquot
1157 3004 1274 3057 dies
1306 3002 1762 3069 intercessissent,
1794 3017 1886 3057 ve-

2066 3003 2469 3078 1Β’..Ἦμερῶν
2499 3005 2557 3059 δέ
2612 3025 2775 3062 τινων
2828 3009 3247 3079 διαγενομένων,
3289 3006 3444 3073 αὖθις
3472 3011 3583 3080 τὴν

308 3098 465 3154 niens
493 3111 684 3153 rursus
709 3094 968 3161 Nicaam,
999 3106 1052 3150 et
1071 3096 1267 3150 sedens
1295 3096 1347 3150 in
1378 3094 1651 3160 tribunali,
1683 3096 1884 3150 sisteno

308 3191 437 3246 dum
465 3190 675 3244 curavit
699 3195 944 3243 sanctum
972 3188 1340 3257 Tryphonem,
1371 3197 1425 3243 et
1457 3188 1591 3243 dixit
1619 3204 1633 3243 :
1666 3186 1803 3241 Num
1830 3198 1884 3242 ιο

308 3281 593 3352 prolixitas
642 3279 899 3349 temporis
935 3280 1240 3345 admomtit,
1276 3289 1335 3334 ut
1366 3294 1563 3351 pareas
1587 3281 1882 3350 imperato-

308 3376 460 3429 ribus
506 3373 813 3442 etsupplex
859 3372 1109 3442 procidas
1165 3373 1269 3428 diis
1319 3371 1728 3429 senatoribus?
1782 3370 1880 3425 Cui

304 3466 443 3521 dixit
477 3477 699 3524 sanctus
731 3473 933 3537 martyr
960 3481 975 3519 :
1006 3464 1148 3519 Deus
1176 3479 1328 3520 meus
1354 3476 1407 3519 et
1435 3464 1694 3519 Dominus
1724 3460 1882 3520 .lesus

304 3560 576 3623 Christus,
616 3560 703 3614 cui
734 3574 866 3628 pura
918 3566 1098 3614 mente
1126 3560 1333 3623 servio,
1369 3559 1667 3614 admonens
1696 3559 1882 3611 admo-

306 3655 422 3709 nuit
446 3663 503 3709 et
534 3652 899 3722 conﬁrmavit,
935 3662 994 3707 ut
1024 3651 1414 3709 immutabilem
1444 3660 1499 3707 et
1548 3650 1880 3706 immobilem

303 3745 358 3799 iu
384 3761 506 3799 eum
536 3743 692 3800 [idem
714 3756 943 3798 teneam.
974 3741 1335 3809 Quamobrem
1355 3757 1479 3797 eum
1503 3742 1677 3797 solum
1704 3750 1761 3796 ut
1787 3755 1882 3796 ve-

302 3849 423 3891 rum
452 3849 632 3904 regem
672 3845 726 3890 et
759 3832 928 3889 Deum
958 3836 1212 3890 attendo:
1247 3844 1394 3887 tuam
1423 3845 1605 3888 autem
1641 3831 1876 3888 infelici-

302 3937 468 3984 tatem
501 3938 557 3984 et
587 3929 659 3983 tui
700 3927 1047 3998 imperatoris
1085 3927 1328 3997 despicio
1376 3926 1768 3996 arrogantiam,
1824 3934 1880 3979 et

301 4033 512 4085 eorum,
560 4019 710 4087 quia
758 4019 910 4074 vobis
964 4019 1034 4073 dii
1097 4018 1368 4081 coluntur,
1402 4033 1627 4072 aversor
1670 4018 1880 4072 vanita-

307 4097 435 4164 tem.
476 4110 620 4163 Dixit
640 4109 802 4178 judex
832 4128 847 4165 :
875 4110 1068 4164 Acutis
1095 4109 1263 4164 clavis
1296 4109 1413 4177 ejus
1441 4109 1606 4179 pedes
1638 4110 1876 4178 perfora-

301 4210 445 4267 te,et
470 4200 807 4256 verberatum
831 4216 927 4270 per
952 4202 1184 4256 mediam
1204 4201 1476 4257 civitatem
1500 4201 1718 4271 exigite.
1743 4204 1876 4257 Cum

303 4295 397 4350 diu
429 4300 608 4349 autem
640 4306 895 4365 ageretur
924 4303 1167 4361 sanctus,
1198 4304 1250 4352 et
1293 4295 1513 4366 sanguis
1538 4296 1877 4365 dispergere-

1990 3096 2225 3151 Νίκαιαν
2245 3099 2525 3165 εἰσελθὼν,
2559 3104 2655 3157 καὶ
2684 3102 2953 3174 Τρύφωνα
2976 3103 3065 3155 τὸν
3095 3103 3268 3173 μέγαν
3289 3119 3583 3174 παραστη-

1992 3188 2221 3258 σάμενος
2244 3206 2257 3220 ’
2306 3190 2469 3246 Ἀλλά
2502 3193 2563 3247 τὸ
2587 3193 2681 3247 τοῦ
2709 3203 2902 3266 χρόνου
2933 3193 3131 3266 μῆκος,
3163 3195 3291 3265 ἔφη,
3327 3194 3423 3248 καὶ
3444 3194 3581 3248 δυσ-

1991 3283 2152 3353 πειθῇ
2202 3299 2263 3335 σε
2298 3282 2427 3337 ὄντα
2458 3287 2552 3339 καὶ
2601 3286 2676 3357 μὴ
2706 3290 2847 3340 κατά
2899 3288 3058 3356 λόγον
3094 3286 3576 3359 ίσχυρογνώμονα,

1989 3375 2378 3447 νενουθέτηκεν
2406 3376 2473 3431 ἂν
2507 3380 2598 3431 καὶ
2629 3380 2931 3449 μετάπεισε
2961 3378 3246 3433 πείθεσθαι
3285 3379 3578 3450 βασιλεῦσι

1991 3468 2219 3531 καὶτοῖς
2251 3468 2494 3539 σωτῆρσι
2524 3470 2812 3541 λατρεύειν
2854 3472 3030 3538 θεοϊς;
3078 3473 3136 3528 '0
3172 3471 3325 3541 ἀγιος
3359 3472 3577 3542 μάρτυς

1989 3559 2360 3628 ἁπεκρίνατοο
2417 3563 2458 3613 O
2511 3562 2643 3624 Θεός
2671 3576 2773 3632 μου
2802 3562 2898 3616 καὶ
2942 3562 3145 3632 Κύριος
3186 3561 3391 3632 Ἰησοῦς
3430 3562 3576 3632 Χρι-

1990 3649 2135 3716 στὸς,
2173 3643 2218 3718 ᾧ
2249 3652 2307 3704 ἐν
2362 3651 2581 3724 καθαρᾷ.
2631 3651 2882 3725 λατρεύω
2936 3656 3001 3725 τῇ
3038 3655 3268 3726 διανοὲᾳ,
3303 3654 3575 3707 νουθετῶν

1987 3740 2307 3805 ἐνουθέτησε
2336 3743 2431 3795 καὶ
2458 3743 2728 3812 ἀτρεπτόν
2757 3759 2823 3812 με
2857 3743 2947 3796 καὶ
2996 3741 3332 3813 ἀμετάθετον
3360 3742 3460 3810 τὴν
3487 3743 3576 3804 εἱς

1986 3832 2152 3886 αὑτὸν
2182 3832 2473 3901 φυλάττειν
2500 3836 2792 3905 ὁμολογίαν
2830 3836 2995 3901 αὐτὸς
3038 3837 3306 3907 ἐκράτυνε
3341 3833 3441 3906 τὴν
3468 3834 3571 3885 τοῦ

1987 3925 2180 3993 χρόνου
2220 3926 2563 3996 παράστασιν
2593 3930 2673 3990 είς
2708 3928 2932 3983 πλείονά
2958 3943 3051 4000 μοι
3079 3927 3335 3997 γενέσθαι
3363 3926 3572 3996 μᾶλλον

1986 4020 2416 4086 παρασκευάσας
2446 4019 2555 4071 τῶν
2589 4018 2886 4091 δ.δομένων
2914 4020 3224 4092 βεὸαίωσιν,
3250 4021 3374 4119 ξθεν
3402 4017 3571 4073 αὐτὸν

1989 4108 2152 4177 μόνον
2202 4110 2294 4161 καὶ
2342 4110 2567 4178 βασιλέα
2616 4114 2710 4164 καὶ
2745 4113 2876 4166 Θεὸν
2908 4112 3116 4183 ἀψευδῆ
3145 4108 3437 4181 γινὼ’σκω⁶
3464 4110 3568 4180 τῆς

1986 4198 2088 4265 σῆς
2131 4200 2189 4254 δὲ
2241 4200 2617 4272 ταλαιπωρίας
2647 4204 2741 4257 καὶ
2773 4207 2870 4271 τῆς
2900 4206 2992 4258 τοῦ
3020 4206 3285 4276 βασιλέως
3324 4220 3420 4257 σου
3456 4221 3569 4274 μα-

1983 4292 2270 4365 ταιότητος
2300 4296 2546 4365 ἐσχάτως
2575 4296 2929 4367 καταφρονῶ,
2979 4298 3106 4360 τοὺς
3133 4296 3191 4350 δέ
3226 4294 3357 4368 παρ’
3407 4293 3567 4365 ὑμῶν

305 4400 410 4451 tur,
439 4400 496 4442 et
537 4388 754 4443 labores
783 4387 1217 4455 intenderentur,
1247 4397 1301 4442 et
1328 4388 1588 4458 temporis
1613 4387 1878 4456 asperitas

1992 4385 2315 4456 σεὸομένους
2347 4389 2503 4452 θεοὺς
2532 4388 2786 4443 τοσοῦτον
2817 4390 3007 4460 ἀπέχω
3035 4390 3223 4461 τιμᾷν,
3255 4388 3330 4452 ῶς
3368 4388 3465 4443 καὶ
3499 4386 3565 4439 τὸ

301 4480 584 4536 exhiberet
609 4480 909 4535 molestiam
945 4481 1085 4551 (erat
1136 4479 1280 4535 enim
1327 4481 1482 4551 vigor
1506 4479 1760 4549 byemis),
1789 4479 1877 4533 in-

299 4575 552 4633 ﬂexibilis
587 4584 638 4630 et
670 4575 906 4632 invictus
945 4575 1143 4631 mansit
1184 4574 1531 4645 cogitatione.
1563 4572 1700 4627 Nam
1751 4580 1879 4626 ante

302 4681 362 4720 se
399 4665 677 4721 Christum
731 4666 1055 4736 praevidens,
1098 4674 1154 4720 et
1198 4665 1555 4721 considerans
1590 4662 1879 4719 beatitudi-

1988 4480 2345 4551 μυκτηρίζειν
2401 4481 2567 4552 μέρος
2613 4481 2896 4543 εὐσεϐείας
2945 4476 3089 4534 εἶναι
3146 4479 3411 4550 νομίζειν,
3465 4478 3564 4531 καὶ

1984 4571 2181 4641 ἀνδρὸς
2210 4573 2336 4626 νοῦν
2369 4572 2585 4643 ἔχοντος
2611 4574 2812 4645 ἀληθὲς
2864 4573 3152 4646 σύμϐολον.
3198 4574 3313 4629 Οὐκ
3357 4574 3559 4645 ἡνεγκε

1977 4668 2086 4722 τῶν
2136 4668 2312 4738 λόγων
2344 4670 2442 4742 τὴν
2485 4671 2802 4741 παρρησίαν
2852 4669 2881 4721 ὁ
2915 4669 3016 4739 τῆς
3050 4667 3309 4738 ἀληθείας
3339 4666 3558 4739 ἐχθρὸς,

302 4772 427 4815 nem
484 4772 604 4826 quae
634 4759 841 4815 sanctis
875 4766 956 4813 est
990 4759 1248 4826 reposita,
1278 4756 1503 4828 perinde
1531 4770 1597 4811 ac
1620 4756 1667 4811 si
1697 4764 1882 4811 essent

1992 4758 2093 4813 Dtit‘
2115 4752 2162 4828 ᾧ
2201 4762 2277 4830 μὴ
2311 4759 2615 4831 ἀντιλέγειν
2646 4761 2899 4831 ἠδύνατο,
2951 4764 3107 4831 νικᾷν
3137 4759 3339 4831 μᾶλλον
3366 4762 3433 4811 ἐκ
3461 4759 3556 4812 τοῦ

303 4863 551 4908 rorantes
577 4851 767 4907 imbris
820 4848 1004 4920 stillze,
1061 4851 1323 4907 sustinuit
1349 4850 1434 4906 vel
1467 4850 1591 4905 nive
1625 4848 1880 4905 densiora

303 4942 591 5013 supplicia.

1980 4850 2233 4916 κολάζειν
2289 4852 2538 4921 ἀνοήτως
2586 4852 2877 4920 ἐσκέψατο.
2920 4846 3225 4921 Τοιγαροῦν
3267 4843 3390 4919 ἧλοι
3444 4847 3559 4909 τοῖς

1979 4945 2139 4999 ποσὶν
2167 4943 2335 4998 αὑτοῦ
2366 4943 2760 5015 κατεπείροντο
2792 4944 2886 4997 καὶ
2908 4942 3245 5013 τυπτόμενος
3265 4943 3354 4995 διὰ
3382 4943 3556 5011 μέσης

300 5034 510 5103 πόλεως
538 5036 893 5107 ἐξηλαύνετο·
924 5036 1018 5089 ἐπὶ
1041 5035 1179 5090 πολὺ
1210 5033 1268 5091 δὲ
1296 5032 1472 5098 οὕτως
1515 5033 1881 5105 ἐλαυνομένου
1921 5035 2017 5093 καὶ
2041 5037 2150 5090 τῶν
2176 5039 2427 5109 αἱμάτων
2488 5038 2585 5109 τὴν
2609 5039 2715 5109 γῆν
2743 5041 3148 5108 φοινισσόντων,
3173 5037 3347 5100 ἄλλως
3397 5051 3455 5087 τε
3493 5034 3557 5086 δὲ

301 5128 397 5180 καὶ
448 5131 510 5180 τὸ
559 5128 655 5181 τοῦ
688 5127 885 5200 καιροῦ
918 5129 1199 5199 χειμέριον
1244 5128 1307 5183 τὸ
1332 5127 1500 5199 δριμὺ
1525 5128 1636 5183 τῶν
1671 5129 1877 5184 ὀδυνῶν
1913 5132 2207 5198 ἐπιτεῖνον,
2266 5135 2472 5195 ἐκεῖνος
2501 5133 2782 5197 ἀνένδοτος
2843 5126 2912 5204 ἦν
2941 5133 3034 5186 καὶ
3089 5132 3407 5204 ἀχείρωτος,
3475 5129 3555 5191 ὦς

297 5222 487 5295 δρόσον
526 5221 760 5293 ψεκάδος
791 5225 892 5289 τάς
922 5224 1151 5296 νιφάδας
1210 5223 1323 5281 τῶν
1370 5225 1640 5296 ἀλγεινῶν
1672 5225 2047 5301 λογιζόμενος,
2086 5229 2175 5283 διὰ
2234 5230 2325 5284 τὸν
2355 5229 2691 5301 ποθούμενον
2716 5230 2865 5301 αὐτῷ
2884 5229 2986 5300 τῆς
3045 5229 3258 5301 τρυφῆς
3316 5227 3553 5299 χειμάρ-

333 5337 449 5376 ουν.

333 5337 449 5376 ουν.

299 5324 330 5394 ῤ
368 5414 508 5472 Xlll.
543 5413 639 5472 liis
684 5422 864 5471 autem
893 5415 1051 5472 valde
1100 5416 1508 5488 obstupefactus
1555 5417 1864 5489 Aquilinus,

2044 5417 2144 5476 ll".
2199 5419 2353 5475 Ἑπεὶ
2376 5419 2432 5473 δὲ
2456 5418 2599 5474 οὕτω
2634 5421 2886 5490 γέροντος
2914 5418 3177 5491 ἔκπληξις
3205 5419 3295 5473 τὸν
3332 5420 3549 5474 Ἀκυλῑ-

295 5512 614 5581 Quousque,
630 5512 825 5581 inquit,
842 5526 875 5569 o
900 5510 1174 5585 Tryphon,
1194 5528 1297 5568 nou
1328 5516 1534 5570 senties
1553 5527 1820 5569 tormenta
1845 5514 1869 5566 τ

1992 5530 2063 5567 νον
2088 5509 2206 5584 εἶχε
2260 5513 2468 5584 πολλή·
2518 5514 2699 5587 Μέχρι
2760 5515 2926 5582 τίνος,
2973 5507 3017 5568 ὦ
3070 5513 3326 5586 Τρύφων,
3361 5517 3547 5584 φησιν,

295 5609 591 5676 Quousque
622 5618 672 5665 te
702 5621 808 5660 non
832 5615 1010 5679 tanget
1027 5606 1276 5663 dolormn
1304 5607 1613 5663 acerbitas?
1636 5606 1867 5663 Sanctus

1992 5606 2071 5660 nix
2098 5608 2337 5681 αίσθήσῃ
2365 5608 2474 5664 τῶν
2502 5607 2806 5679 ἀλγεινῶν;
2840 5608 3016 5680 Μέχρι
3041 5607 3188 5672 τίνος
3235 5607 3333 5678 οὐχ
3352 5604 3544 5676 ἅψεταί

367 5767 385 5800 ⁸
420 5764 564 5823 Psal.
595 5780 709 5835 xvi,
750 5768 804 5824 5.
881 5770 902 5800 '
939 5770 1081 5828 Psal.
1111 5785 1297 5840 cxvtu,
1329 5773 1453 5829 l33.
1514 5769 1558 5844 ⁵³
1588 5771 1708 5828 Act.
1740 5785 1835 5836 vn,
1869 5771 1955 5826 59.
