3820 6464
237 313 374 377 135:5

1459 312 1642 373 VITA
1678 310 1741 372 S.
1779 309 2238 371 TRYPHONIS.

3359 309 3494 373 I326

231 448 326 487 σου
380 428 439 482 τὸ
500 426 666 498 δριμὺ
702 423 812 479 τῶν
842 422 1161 490 κολάσεων;
1201 423 1262 475 ’0
1291 422 1346 475 δὲ
1381 422 1558 491 ἅγιος,
1618 421 1808 495 ὥσπερ

1926 410 2046 477 vero
2092 420 2346 492 Tryphon
2382 418 2699 490 respondit:
2741 417 3031 490 Quousque
3062 426 3115 475 tu
3145 435 3251 475 non
3307 421 3475 477 intelli

230 522 602 595 ἀντιστρέφων
634 521 699 574 ὲκ
721 518 835 573 τῶν
862 518 1065 589 ὁμοίων
1091 534 1104 549 ’
1142 517 1324 589 Μέχρι
1353 516 1518 580 τίνος.
1572 512 1716 580 εἷπε,
1745 516 1807 569 ού

226 619 484 690 συνήσεις
514 615 678 679 αὐτὸς
707 612 807 684 τὴν
844 611 1075 681 δύναμιν
1108 609 1203 663 τοῦ
1235 612 1293 663 ὲν
1322 610 1444 680 ἐμοὶ
1489 606 1813 663 κατοικοῦν-

228 726 323 772 τος
346 725 361 774 ;
399 708 577 777 Μέχρι
610 698 756 769 τίνος
795 705 894 757 οὐκ
916 704 1137 773 ἀνήσεις
1164 700 1441 772 πειράζων
1467 701 1526 754 τὸ
1552 699 1644 754 τοῦ
1674 699 1810 752 Θεοῦ

230 800 455 869 Πνεῦμα
484 799 546 850 τὸ
577 796 772 866 ἂγιονς
798 795 1026 849 Οὐδέπω
1053 794 1219 866 ᾔσθου
1254 794 1510 865 ἀνίκητον
1541 790 1681 847 εἶναι
1713 794 1815 866 τὴν

225 893 322 946 τοῦ
353 888 595 961 Χριστοῦ
628 889 889 959 δύναμινς
922 886 1105 956 Θυμὸς
1144 885 1283 957 πρὸς
1319 886 1495 940 ταῦτα
1543 884 1814 957 λαμϐάνει

225 986 317 1039 τὸν
367 982 629 1051 δικαστὴν
699 981 793 1034 καὶ
848 978 1066 1032 κελεύει
1122 978 1669 1049 περιαγκωνισθέντα
1721 978 1815 1037 τδν

228 1074 383 1141 ’ἅγιον
408 1070 712 1125 τύπτεσθαι
741 1069 963 1142 ῥάϐδοις
987 1085 1001 1099 ⁸
1040 1064 1164 1122 εἷτα
1201 1069 1325 1132 ταῖς
1357 1068 1622 1140 πλευραῖς
1644 1068 1812 1124 αὐτοῦ

227 1162 517 1232 λαμπάδας
557 1159 903 1230 ὑφάπτεσθαι
939 1159 1113 1230 πυρός
1137 1174 1150 1189 ·
1183 1157 1340 1213 Μετὰ
1367 1158 1572 1230 πολλῆς
1596 1155 1683 1213 οὖν
1715 1161 1815 1231 τῆς

228 1255 594 1326 σφοδρότητος
632 1252 730 1305 καὶ
772 1250 980 1305 τούτων
1007 1248 1157 1321 αὐτῷ
1181 1250 1292 1304 τῶν
1339 1251 1590 1322 βασάνων
1617 1253 1816 1320 ἐπαγοο

230 1350 429 1419 μένων,
469 1346 590 1400 θεῖά
620 1361 703 1410 τις
726 1343 1025 1416 οὐρανόθεν
1057 1343 1317 1416 ἐξαίφνης
1335 1345 1499 1398 αὐτὸν
1526 1346 1816 1414 ἐπιφάνεια

227 1440 664 1510 καταστράψασα
718 1438 815 1493 καὶ
852 1436 1119 1506 στέφανον
1150 1436 1314 1508 ἐῴκει
1374 1437 1499 1492 τι.νά
1532 1438 1816 1507 πάγκαλον

225 1532 393 1586 λίθων
421 1531 545 1604 ὥρᾳ
597 1531 692 1585 καὶ
743 1530 935 1601 χάρισι
993 1529 1482 1602 περιανθιζόμενον
1508 1530 1817 1601 προτείνειν

227 1624 401 1695 αὐτῷ,
443 1624 582 1695 ὅπερ
613 1623 894 1693 ἐκπλῆξαν
924 1624 1161 1694 ἰσχυρῶς
1203 1622 1331 1686 τοὺς
1375 1621 1511 1694 πρὸς
1558 1622 1620 1676 τὸ
1658 1622 1818 1677 κολά-

230 1716 344 1784 ζειν
383 1716 477 1770 τὸν
505 1717 664 1785 ἅγιον
701 1716 1165 1786 περιισταμένους
1214 1716 1311 1769 καὶ
1353 1715 1433 1776 εἰς
1480 1714 1586 1786 γῆν
1633 1732 1817 1786 παρα-

1915 527 2008 582 ges
2039 512 2291 567 virtutem
2325 510 2548 578 Christi,
2586 528 2704 583 quae
2729 512 2783 567 in
2826 527 2911 567 me
2943 523 3124 568 manet
3153 513 3177 567 ἲ
3209 513 3497 585 Quousque

1916 618 2020 658 non
2058 604 2272 659 desines
2308 611 2522 658 tentare
2542 600 2803 674 Spiritum
2843 604 3131 658 sanctum?
3156 603 3338 673 Miser,
3363 622 3498 659 nonv

1917 697 2043 750 dum
2068 696 2282 751 sensisti
2307 694 2561 750 invictam
2584 710 2705 751 esse
2726 694 2927 752 Christi
2958 696 3253 767 potentiam
3273 696 3300 751 ἲ
3345 697 3498 752 Tunc

1919 788 1995 843 ira
2031 787 2269 856 repletus
2323 787 2540 858 impius,
2588 786 2743 853 jubet
2792 803 2918 845 eum
2972 789 3318 844 circumactis
3358 782 3500 846 ulnis

1917 879 2200 935 verberari
2230 879 2421 949 virgis,
2456 879 2652 934 deinde
2680 878 2795 947 ejus
2837 879 3100 935 lateribus
3131 880 3374 936 adhiberi
3414 880 3498 934 l‘a-

1918 985 2010 1026 ces
2042 971 2202 1042 ignis.
2237 971 2370 1026 Cum
2399 985 2529 1040 ergo
2556 984 2677 1025 cum
2707 986 2902 1043 magna
2935 973 3272 1029 vehementia
3308 973 3420 1030 lucc
3451 968 3503 1030 ei

1921 1063 2296 1135 iulligerentur
2349 1072 2639 1130 tormenta,
2693 1063 2914 1125 divinus
2969 1069 3187 1138 quidam
3243 1068 3500 1141 Splendor

1917 1171 2039 1210 eum
2064 1156 2579 1227 repentcillustrans
2609 1167 2663 1216 et
2684 1160 3127 1233 circumfulgcns,
3156 1162 3504 1235 divinamque

1919 1257 1972 1304 et
1998 1250 2147 1304 omni
2174 1264 2237 1305 ex
2255 1260 2412 1321 parte
2438 1250 2721 1321 pulchram
2754 1266 3010 1309 coronam
3033 1253 3314 1311 ﬂorentem
3349 1271 3502 1325 gem.

1920 1341 2022 1396 mis
2053 1343 2320 1411 praebens,
2355 1352 2579 1415 stupore
2611 1346 2828 1417 quidem
2859 1346 3021 1405 afﬁcit
3065 1362 3160 1405 eos
3183 1351 3272 1420 qui
3293 1349 3359 1405 de
3387 1350 3505 1421 ipso

1921 1433 2195 1489 habebant
2234 1436 2585 1506 quaestionem
2643 1440 2755 1509 (qui
2812 1440 3034 1511 quidem
3075 1442 3342 1512 putabant
3378 1458 3504 1502 eum

1923 1526 2214 1600 torqueri),
2250 1543 2375 1583 cum
2410 1529 2514 1585 hoc
2541 1544 2793 1601 maguum
2828 1533 3040 1603 etquod
3067 1541 3317 1589 naturam
3349 1533 3507 1604 longe

1922 1626 2165 1686 superat,
2222 1616 2487 1675 vidissent
2544 1620 2904 1677 miraculum:
2943 1630 2998 1677 et
3046 1621 3264 1689 effecit,
3300 1631 3360 1679 ut
3395 1639 3507 1694 prae

1925 1719 2149 1780 stupore
2179 1710 2216 1765 ii
2250 1716 2304 1767 in
2334 1722 2533 1768 terram
2581 1714 2860 1770 caderent.
2914 1714 3115 1773 Christi
3146 1728 3326 1772 autem
3362 1733 3506 1774 mar-

230 1808 492 1871 σκευάζει
522 1809 878 1860 καταπεσεῖν.
923 1807 983 1859 Ὀ
1004 1806 1061 1859 δὲ
1083 1805 1179 1860 τοῦ
1211 1804 1452 1877 Χριστοῦ
1486 1807 1691 1877 μάρτυς
1715 1805 1817 1858 ὑπὸ

1926 1808 2032 1872 tyr,
2059 1816 2087 1854 a
2117 1802 2332 1873 superis
2364 1802 2647 1860 advenisse
2677 1814 2933 1877 expertus
2961 1807 3328 1863 defensionem
3353 1849 3369 1874 ,
3402 1808 3506 1863 im-

226 1904 325 1970 τῆς
357 1899 619 1970 ὀφθείσης
661 1897 812 1967 αὐτῷ
851 1897 1003 1962 θείας
1035 1898 1259 1969 χάριτος
1289 1898 1527 1968 θάρσους
1562 1898 1681 1968 ἅμα
1719 1899 1818 1951 καὶ

225 1992 641 2061 ἀγαλλιάματος
698 1991 1033 2063 πληρωθεὶς,
1097 1989 1503 2060 ἐξωμολογεῖτο
1560 1990 1639 2061 τῷ
1698 1989 1818 2061 Θεῷ

224 2083 438 2151 Λέγων·
499 2082 673 2153 Κύριε
737 2082 1009 2147 Δέσποτα,
1069 2082 1383 2154 εὐχαριστῶ
1417 2099 1522 2149 σοι,
1583 2082 1666 2137 ὅτι
1717 2082 1819 2137 οὐκ

223 2175 500 2239 ἀπέλιπές
552 2191 617 2246 με
646 2177 726 2239 είς
751 2177 944 2246 χεῖρας
986 2174 1200 2245 ἐχθρῶν
1226 2215 1241 2240 ,
1295 2174 1415 2228 ἀλλ’
1481 2174 1823 2238 ὲπεσκίασας

226 2268 322 2322 ἐπὶ
352 2267 450 2338 τὴν
476 2267 722 2339 κεφαλήν
759 2283 863 2337 μου
898 2267 957 2320 ὲν
980 2267 1168 2339 ἡμέρᾳ
1220 2266 1461 2338 πολέμου
1491 2268 1586 2323 καὶ
1614 2266 1821 2333 ἔδωκάς

230 2376 325 2429 μοι
379 2357 806 2429 ὑπερασπισμδν
868 2357 1147 2427 σωτηρίας
1179 2358 1275 2412 καὶ
1308 2361 1341 2429 ἡ
1375 2359 1528 2424 δεξιά
1556 2376 1649 2412 σου
1684 2360 1816 2414 άντ-

227 2450 455 2504 ελάόετό
487 2467 612 2521 μου.
651 2451 766 2506 Καὶ
813 2449 932 2519 νῦν,
986 2452 1184 2524 Κύριε,
1238 2452 1430 2523 δέομαί
1482 2469 1598 2517 σου,
1633 2452 1818 2525 παρά-ι

230 2542 387 2610 στηθί
424 2558 513 2613 μοι
543 2541 707 2615 μέχρι
728 2542 943 2609 τέλους,
984 2544 1256 2615 ἐνισχύων
1286 2544 1382 2599 καὶ
1415 2543 1821 2615 ἀντιλαμϐανόο

231 2652 393 2703 μενος
418 2636 514 2689 καὶ
543 2636 888 2703 καταξίωσον
925 2636 1136 2691 τέλειον
1184 2638 1274 2692 καὶ
1339 2638 1696 2709 ἀπρόσκοπον
1725 2635 1820 2689 τὸν

229 2725 396 2779 καλὸν
425 2725 613 2795 ἀγῶνα
663 2727 765 2798 τῆς
815 2726 1114 2798 ὁμολογίας
1162 2727 1368 2798 ταύτης
1416 2728 1816 2798 ἀγωνίσασθαι,

232 2814 319 2868 ἶνα
348 2817 442 2869 καὶ
478 2818 571 2869 τοῦ
597 2818 869 2886 στεφάνου
896 2819 997 2889 τῆς
1026 2819 1378 2890 δικαιοσύνης
1428 2821 1568 2889 μετά
1599 2820 1820 2874 πάντων

231 2906 558 2972 καταξιωθῶ
581 2907 691 2961 τῶν
725 2909 1102 2979 ἡγαπηκότων
1126 2910 1190 2964 τὸ
1231 2910 1403 2981 ὄνομά
1429 2926 1523 2965 σου
1544 2912 1605 2965 τὸ
1639 2910 1817 2979 ἅγιον,

228 2997 316 3051 ὅτι
346 2998 504 3068 μόνος
539 2996 587 3052 εί
622 2999 1013 3072 δεδοξασμένος
1041 3003 1133 3066 είς,
1152 3004 1280 3067 τοὺς
1307 3004 1536 3068 αἰῶνας.
1584 3005 1780 3076 Ἀμήν.

302 3088 400 3144 Lt'.
432 3092 602 3147 Πάλιν
632 3092 726 3147 οῦν
756 3095 786 3147 ό
817 3097 1014 3165 μιαρὸς
1069 3096 1278 3160 ἐκεῖνος
1307 3096 1565 3169 δικαστὴς
1591 3097 1695 3154 ὑπὸ
1723 3096 1818 3152 τοῦ

231 3183 292 3234 ἓν
325 3183 477 3255 αὐτῷ
519 3183 810 3250 λαλοῦντος
862 3185 1120 3258 δαίμονος
1166 3189 1577 3261 συνωθούμενος
1599 3192 1817 3263 περιῄει

236 3272 323 3325 τὸν
354 3274 598 3345 ἀθλητὴν
624 3274 937 3341 κολακείαις
967 3276 1241 3348 ὑποσύραι
1273 3280 1617 3350 πειρώμενος
1640 3295 1654 3314 ι
1697 3281 1816 3347 καὶ,

230 3363 428 3428 Θῦσον,
460 3363 638 3433 ἔλεγε,
657 3366 734 3436 τῷ
758 3368 980 3438 μεγάλῳ
1004 3352 1110 3432 Διὶ,
1138 3368 1372 3440 Τρύφων
1396 3371 1489 3423 καὶ
1513 3370 1821 3442 προσκύνη-

233 3472 327 3513 σον
357 3458 422 3527 τῇ
451 3457 619 3511 εἰκόνι
642 3459 944 3530 Καίσαρος,
976 3459 1133 3527 κάγὼ
1170 3460 1434 3534 μεγίστης
1467 3463 1566 3517 καὶ
1599 3462 1819 3533 δωρεῶν

232 3564 293 3603 σε
318 3547 587 3603 πλείστων
610 3549 853 3617 ἀξιώσας
875 3552 1166 3623 ἐκπέμψω.
1186 3554 1303 3622 Ἐφ’
1324 3550 1404 3618 οἷς
1424 3556 1516 3609 καὶ
1542 3556 1819 3625 μειδιάσαι

230 3640 324 3693 τὸν
361 3640 522 3711 ἆγιον
544 3643 793 3712 ἐπελθὸν,
835 3645 898 3697 Εἰ
926 3645 1093 3699 αὑτοῦ
1127 3644 1362 3711 ἐκείνου,
1402 3648 1568 3714 φάναι
1614 3648 1706 3701 τοῦ
1735 3666 1824 3702 σε-

233 3733 435 3788 ϐαστοῦ
497 3752 592 3791 σου
645 3738 1034 3809 κατεφρόνησα
1067 3738 1320 3810 φανερῶς
1374 3738 1470 3793 καὶ
1530 3738 1598 3803 ἃς
1643 3740 1818 3809 ἔθετο,

233 3828 563 3897 προστάξεις
595 3829 985 3901 μυκτηρισμδν
1017 3829 1153 3894 ὅλως
1187 3830 1284 3884 καὶ
1308 3830 1508 3901 χλεύην
1554 3833 1822 3904 ἐποιησά-

238 3936 369 3990 μην,
401 3922 465 3989 τῇ
500 3919 694 3991 ἀψύχῳ
716 3920 908 3974 τούτου
945 3919 1117 3974 εἰκόνι
1164 3922 1538 3995 πεισθήσομαι
1579 3940 1823 3995 προσκυ-

235 4014 345 4063 νεῖν
364 4030 383 4077 ;
415 4010 628 4082 Σφόδρα
656 4012 723 4066 ἂν
755 4015 854 4067 καὶ
891 4013 1054 4076 αὐτὸς
1082 4007 1151 4084 ἧς
1182 4013 1433 4082 πιθανὸς,
1464 4014 1622 4083 κάγὼ
1658 4016 1820 4071 εῦκοο

234 4102 328 4168 λός
352 4120 436 4168 τις
468 4105 605 4173 πρὸς
638 4105 880 4175 ἀπάτην,
940 4109 1036 4166 καὶ
1066 4107 1384 4178 πρόχειρος.
1443 4107 1584 4179 Περὶ
1617 4110 1740 4172 Διὸς
1765 4109 1825 4164 δὲ

235 4196 335 4248 καὶ
356 4196 464 4249 τῶν
492 4195 668 4253 ἄλλων
719 4214 817 4250 σου
869 4197 1240 4270 ψευδωνύμων
1298 4200 1674 4270 θεῶν,ηὲρώτα
1695 4202 1822 4264 τοὺς

234 4286 334 4344 ἐπὶ
375 4287 537 4358 σοφία
570 4286 702 4357 παρ’
730 4288 861 4357 ὑμῖν
893 4290 1403 4360 μεγαφρονοῦντας,
1441 4288 1492 4343 οἳ
1529 4290 1592 4343 τὸ
1620 4292 1687 4344 ὲκ
1722 4291 1839 4359 τῆς.

237 4377 573 4448 μυθολογίας
617 4379 842 4450 αἰσχρὸν
881 4377 1218 4450 πειρώμενοι
1262 4380 1690 4449 συγκαλύπτειν,
1722 4383 1826 4434 Δία

1922 1890 2097 1961 pletus
2146 1891 2339 1947 fiducia
2365 1902 2420 1948 et
2448 1895 2832 1964 exsultatione,
2872 1897 2982 1953 Deo
3007 1898 3387 1965 conﬁtebatur,
3423 1899 3509 1953 di.-

1921 1995 2048 2036 cens
2075 2000 2088 2037 :
2126 1982 2370 2049 Domine,
2405 1999 2504 2056 ago
2537 1986 2634 2042 tibi
2666 1988 2893 2057 gratias,
2924 1990 3068 2060 quod
3103 2005 3206 2045 non
3238 1990 3504 2061 reliquiSti

1920 2088 2008 2129 me
2040 2074 2093 2130 in
2126 2076 2380 2133 manibus
2421 2076 2767 2135 inimicorum
2796 2096 2815 2145 _:
2850 2085 2943 2135 sed
2974 2081 3310 2137 obumbrasti
3344 2097 3509 2153 super

1921 2176 2085 2237 caput
2125 2182 2307 2224 meum
2343 2170 2395 2224 in
2426 2169 2513 2225 die
2542 2170 2689 2239 belli,
2740 2181 2795 2228 et
2816 2173 3013 2229 dedisti
3048 2175 3178 2228 mihi
3217 2177 3508 2244 protectiov

1924 2275 2045 2314 nem
2084 2260 2307 2325 salutis,
2355 2271 2411 2318 et
2443 2263 2665 2319 dextera
2716 2274 2804 2320 tua
2837 2267 3073 2336 suscepit
3101 2243 3308 2322 nre.7Et
3336 2243 3503 2332 nunc:

1922 2351 2171 2419 Domine,
2206 2369 2339 2427 rogo
2368 2363 2441 2423 te,
2490 2357 2639 2413 adsis
2685 2358 2817 2413 mihi
2849 2371 3143 2430 perpetuo,
3173 2360 3506 2417 conﬁrmans

1923 2456 1975 2500 et
2005 2447 2322 2515 defendens,
2377 2459 2431 2504 et
2461 2450 2687 2521 dignare
2740 2467 2828 2507 mc
2854 2451 3092 2522 perfecte
3117 2463 3192 2509 .et
3227 2454 3346 2508 sine
3398 2452 3505 2509 ulla

1922 2537 2220 2594 offensione
2250 2541 2527 2595 decertare
2546 2542 2651 2596 hoc
2680 2543 2968 2613 pulchrum
3001 2553 3276 2599 certamen
3293 2545 3508 2600 confes.

1920 2628 2109 2694 siunis,
2144 2639 2202 2685 ut
2228 2631 2390 2685 etiam
2422 2646 2620 2687 corona
2642 2634 2868 2702 iustitia)
2912 2635 3108 2706 dignus
3143 2634 3347 2690 habear
3380 2650 3504 2695 cum

1922 2724 2178 2778 omnibus
2209 2725 2298 2795 qui
2335 2733 2482 2779 tuum
2511 2739 2706 2781 nomen
2737 2736 2984 2783 sanctum
3009 2728 3333 2785 dilexerunt.
3355 2729 3506 2798 Quo,

1923 2815 2069 2870 niam
2099 2817 2249 2873 solus
2286 2831 2347 2873 es
2374 2817 2710 2888 gloriﬁcatus
2742 2818 2799 2876 in
2825 2816 3041 2877 saecula.
3074 2820 3269 2881 Amen.

1996 3084 2134 3145 XIV.
2173 3087 2381 3145 Rursus
2435 3096 2618 3145 autem
2666 3091 3034 3149 exsecrandus
3076 3094 3166 3151 ille
3210 3096 3374 3168 iudex
3409 3112 3504 3156 ac-

1922 3193 2143 3236 cersens
2175 3181 2458 3248 athletam,
2502 3191 2557 3238 et
2605 3184 2773 3239 veluti
2807 3185 3016 3241 adulari
3046 3201 3157 3257 pra:
3186 3201 3246 3244 se
3271 3188 3452 3246 ferens
3486 3209 3500 3248 :

1923 3271 2204 3341 Sacriﬁco,
2240 3273 2473 3340 dicebat,
2501 3289 2535 3331 ο
2570 3272 2847 3347 Tryphon,
2869 3291 3067 3348 magno
3090 3277 3230 3346 Jovi,
3253 3290 3306 3336 et
3338 3281 3503 3339 adora

1922 3359 2211 3432 imaginem
2228 3360 2484 3428 Caesaris,
2513 3372 2570 3421 et
2611 3380 2712 3436 ego
2735 3374 2787 3421 te
2820 3367 3088 3422 dimittam
3116 3371 3372 3428 maximis
3403 3373 3503 3430 hos-

1924 3456 2147 3511 noribus
2191 3456 2442 3513 allectum
2493 3468 2547 3516 et
2594 3462 2926 3518 muneribus.
2982 3463 3217 3525 Sanctus
3244 3465 3502 3540 Trypheri

1924 3550 2234 3617 subridens,
2262 3552 2401 3607 dixit
2431 3571 2444 3608 :
2473 3553 2532 3627 Si
2552 3552 2701 3609 illum
2729 3554 2904 3625 ipsum
2931 3557 3232 3627 Augustum
3257 3559 3501 3629 despexi.

1923 3651 1978 3697 et
2002 3658 2031 3696 a
2063 3642 2272 3699 ratione
2305 3645 2481 3700 aliena
2508 3646 2626 3716 ejus
2649 3646 2804 3716 jussa
2828 3648 3031 3718 respui,
3061 3650 3356 3705 iuanimam
3385 3652 3506 3722 ejus

1924 3736 2245 3805 imaginem,
2301 3737 2535 3793 humana
2585 3749 2704 3795 arte
2755 3751 2813 3795 et
2860 3741 3134 3797 coloribus
3193 3741 3504 3812 formatam,

1926 3827 2199 3884 adoraboi
2223 3829 2396 3886 Absit.
2420 3830 2504 3887 De
2523 3830 2656 3886 Jove
2696 3847 2826 3888 vero
2853 3841 2906 3888 et
2943 3833 3068 3890 aliis
3092 3834 3220 3903 tuis,
3249 3834 3340 3906 qui
3367 3834 3506 3891 falso

1925 3938 2144 3979 nomine
2164 3924 2418 3980 dicuntur
2447 3925 2544 3991 dii,
2579 3926 2845 3998 interroga
2868 3940 2982 3993 eos,
3018 3928 3108 3998 qui
3135 3927 3276 3983 inter
3320 3942 3419 3985 vos
3445 3944 3509 3985 se

1920 4016 2132 4086 jactant
2181 4016 2250 4073 de
2288 4017 2579 4089 sapientia,
2612 4019 2705 4088 qui
2755 4020 2897 4089 quod
2928 4033 2996 4075 ex
3029 4021 3118 4087 iis,
3173 4035 3294 4092 quae
3321 4022 3389 4077 de
3438 4021 3507 4077 iis

1927 4106 2181 4162 dicuntur
2222 4108 2442 4174 fabulis,
2477 4109 2543 4163 iis
2571 4109 2663 4177 qui
2691 4110 2929 4179 sapiunt,
2953 4119 3181 4182 apparet
3206 4122 3384 4182 turpe,
3413 4125 3498 4167 col

1927 4208 2128 4253 nantur
2209 4199 2466 4269 eﬂ'ugere,
2523 4196 2709 4255 Jovem
2769 4201 2987 4270 quidem
3044 4202 3231 4258 dicunt
3276 4204 3506 4271 mthera.

1925 4287 2191 4344 Iunonem
2221 4300 2403 4344 autem
2435 4304 2637 4356 aerem,
2675 4301 2731 4347 et
2757 4293 3011 4349 Cererem
3054 4305 3277 4360 terrain,
3316 4304 3371 4352 ct
3396 4296 3504 4353 Ne-

1929 4390 2152 4451 ptunum
2184 4382 2401 4450 quidem
2458 4396 2644 4447 mare,
2696 4384 3000 4452 Apollinem
3037 4401 3164 4440 vero
3207 4387 3396 4456 solem,
3450 4399 3499 4444 et

242 4470 343 4540 μὲν
374 4469 463 4522 τὸν
496 4469 713 4541 αἰθέρα,
775 4471 956 4541 Ἦραν
1003 4470 1061 4524 δὲ
1121 4471 1213 4524 τὸν
1265 4471 1407 4545 ἀέρα
1461 4472 1688 4544 καὶτὴν
1720 4474 1817 4545 γῆν

1930 4473 2108 4527 lunam
2169 4474 2389 4528 Dianam
2445 4473 2816 4529 nominarunt.
2874 4475 3019 4531 Idem
3072 4478 3206 4533 mihi
3252 4479 3506 4537 videntur

235 4563 559 4631 Δήμητραν,
586 4564 678 4616 καὶ
707 4562 1022 4617 Ποσειδῶνα
1048 4563 1150 4633 μὲν
1169 4564 1270 4635 τὴν
1294 4564 1594 4631 θάλασσαν,
1630 4566 1821 4620 Ἀπόλ-

236 4653 385 4707 λωνα
414 4653 472 4707 δὲ
519 4654 609 4708 τὸν
656 4654 830 4729 ἥλιον,
867 4656 962 4710 καὶ
1004 4656 1274 4728 ’Ἄρτεμιν
1307 4657 1407 4729 τὴν
1430 4659 1661 4728 σελήνην
1685 4678 1817 4715 κατ-

238 4748 616 4817 ωνομάκασιν,
656 4744 733 4802 ὧν
764 4749 943 4801 αὐτῶν
966 4748 1023 4800 δέ
1045 4751 1197 4803 ἐστιν
1235 4752 1329 4804 καὶ
1378 4752 1441 4805 τὸ
1480 4752 1570 4805 τὸν
1611 4735 1822 4826 Ἑρμῆν

244 4840 346 4909 μὲν
394 4842 475 4905 είς
531 4841 624 4894 τὸν
650 4841 832 4910 λόγον,
867 4841 957 4895 τὸν
1013 4842 1185 4913 Ἀρην
1213 4843 1270 4897 δὲ
1303 4846 1383 4907 είς
1407 4845 1499 4900 τὸν
1521 4845 1692 4915 θυμὸν
1727 4850 1822 4902 καὶ

239 4931 341 5002 τὴν
381 4932 698 5004 Ἀφροδίτην
728 4935 807 4996 είς
837 4934 938 5004 τὴν
972 4932 1186 5004 φαύλην
1238 4935 1539 5006 ἐπιθυμίαν
1586 4938 1823 5009 ἀλληγοη-

242 5026 382 5094 ρεῖν,
409 5023 622 5093 δήλαιοι
656 5023 825 5089 ὅντως
855 5026 1014 5095 ὑμεῖς
1044 5027 1153 5079 τῶν
1184 5027 1463 5098 λογισμῶν
1494 5030 1702 5085 τούτων
1729 5031 1821 5084 καὶ

242 5118 474 5185 πονηροὶ
510 5118 611 5187 τῆς
660 5117 1049 5181 κακοϐουλίας,
1101 5119 1150 5173 οἳ
1183 5121 1258 5189 μὴ
1296 5120 1450 5190 μόνοι
1496 5121 1653 5175 αὐτοὶ
1688 5123 1823 5193 πρὸς

246 5202 526 5258 ἀπώλειαν
554 5205 893 5276 ὲξετράπητε
923 5206 1015 5260 τὸν
1037 5206 1212 5277 ἀληθῆ
1240 5207 1371 5261 Θεὸν
1422 5210 1821 5277 ἐγκαταλιπόν-

242 5313 358 5362 τες,
405 5297 542 5349 ἁλλὰ
584 5298 678 5350 καὶ
732 5299 880 5367 ἡμᾶς
943 5299 1270 5369 κοινωνῆσαι
1301 5299 1401 5368 τῆς
1451 5300 1574 5354 ὀδοῦ
1617 5300 1825 5371 ταύτης

245 5390 377 5457 ὑμῖν
405 5391 463 5443 ὲν
496 5390 702 5460 σπουδῇ
732 5389 1004 5456 τίθεσθαι,
1032 5390 1124 5453 οὓς
1150 5390 1364 5455 πολλοῖς
1396 5394 1662 5463 πρότερον
1695 5395 1822 5464 χρό-

245 5501 358 5547 νοις
392 5483 625 5547 Ἡσαῖας
675 5483 888 5552 φθάσας
927 5484 956 5534 ὁ
994 5483 1169 5552 μέγας
1202 5484 1369 5550 ἀξίως
1401 5484 1627 5556 θρηνεῖν
1665 5487 1823 5551 Οὐαὶ,

246 5577 447 5647 λέγων,
502 5578 552 5629 οἱ
604 5578 666 5631 τὸ
695 5576 932 5646 πονηρὸν
980 5575 1166 5641 καλὸν,
1195 5577 1289 5629 καὶ
1319 5578 1380 5631 τὸ
1402 5579 1567 5630 καλὸν
1591 5577 1825 5649 πονηρὸν

254 5670 555 5735 ποιοῦντες,
581 5671 631 5724 οί
658 5670 904 5733 τιθέντες
951 5668 1013 5720 τὸ
1042 5669 1154 5738 φῶς
1190 5669 1400 5735 σκότος,
1424 5671 1517 5721 xui.
1543 5670 1604 5721 τὸ
1635 5671 1825 5733 σκότος

251 5765 389 5835 φῶς,
420 5765 467 5817 οἱ
496 5765 745 5835 λέγοντες
772 5765 830 5818 τὴ
859 5762 1055 5839 πικρὸν
1104 5761 1276 5833 γλυκὺ
1311 5763 1401 5815 καὶ
1431 5763 1490 5813 τὸ
1514 5762 1685 5830 γλυκὺ
1737 5781 1825 5815 πι-

1924 4564 2251 4623 Mercurium
2276 4565 2492 4636 quidem
2522 4566 2848 4633 orationem,
2874 4565 3100 4624 Martem
3136 4579 3313 4625 autem
3342 4570 3501 4638 iram,

1924 4666 1979 4713 et
2010 4655 2271 4712 Venerem
2308 4657 2659 4729 cupiditatem
2701 4658 2882 4714 dicere
2928 4672 3028 4730 per
3059 4659 3399 4732 allegoriam.
3440 4662 3504 4717 Et

1925 4749 2006 4802 sic
2034 4762 2474 4818 unamquamque
2509 4748 2692 4802 mundi
2722 4757 2954 4818 partem,
2987 4749 3116 4818 quin
3146 4751 3310 4806 etiam
3357 4751 3504 4820 ipsos

1924 4841 2119 4896 animae
2150 4841 2367 4896 habitus
2396 4839 2686 4895 simulacra
2738 4842 3159 4907 constituentes,
3203 4851 3255 4896 et
3287 4840 3527 4897 univerr

1927 4949 2112 4990 sorum
2138 4934 2354 5003 quidem
2384 4933 2629 5002 opiﬁcem
2648 4933 2840 4989 insane
2861 4932 3254 5004 relinquentes,
3274 4946 3389 4988 rem
3406 4944 3525 4987 su-t

1930 5035 2035 5079 tem
2066 5034 2303 5079 creatam
2336 5024 2508 5096 magis
2537 5040 2696 5095 quam
2742 5023 3056 5081 Creatorem
3095 5028 3355 5091 colentes,
3398 5040 3505 5081 non

1927 5116 2099 5169 solum
2137 5116 2248 5184 ipsa
2283 5131 2311 5168 a
2351 5125 2498 5170 recta
2526 5116 2795 5171 sententia
2824 5116 3155 5183 excidentes,
3208 5119 3275 5172 ad
3310 5115 3507 5172 animas

1948 5208 2204 5261 nteritum
2237 5206 2474 5262 [crimini
2502 5207 2825 5278 praecipites,
2854 5207 2947 5263 sed
2977 5222 3076 5264 nos
3100 5210 3261 5263 etiam
3287 5217 3505 5264 conten-

1928 5299 2056 5353 ditis
2082 5299 2379 5363 attrahere,
2405 5308 2460 5353 ut
2481 5302 2650 5354 simus
2678 5300 2971 5370 participes
2999 5299 3238 5371 ejusdem
3262 5298 3504 5354 barathri

1927 5401 1981 5445 et
2008 5392 2190 5446 exitii:
2220 5392 2312 5446 sed
2340 5392 2576 5461 praedam
2624 5392 2799 5447 dolosi
2849 5393 3073 5449 minime
3119 5390 3505 5462 assequernini,

1930 5497 2031 5537 nec
2059 5498 2152 5539 eos
2180 5484 2268 5553 qui
2305 5498 2430 5539 vere
2457 5495 2811 5555 speraverunt
2832 5486 2887 5540 in
2918 5484 3091 5541 solum
3122 5485 3287 5540 Deum
3314 5483 3507 5538 fortem

1929 5584 1981 5629 et
2009 5577 2206 5640 vivum,
2242 5592 2270 5629 a
2299 5587 2446 5632 recta
2485 5585 2661 5632 mente
2687 5576 3036 5642 abducentes,
3055 5592 3192 5631 vana
3220 5574 3505 5631 simulacra

1929 5671 2209 5725 attendere
2248 5672 2662 5739 persuadebitis.
2713 5669 3026 5725 Admiratus
3071 5678 3154 5755 est
3206 5669 3320 5723 haec
3344 5666 3507 5726 verba

1930 5763 2156 5819 audiens
2208 5763 2538 5835 Aquilinus:
2596 5765 2749 5823 valde
2808 5777 2998 5839 magna
3050 5773 3229 5818 autem
3268 5762 3509 5833 repletur!
