3820 6522
317 295 336 357 1
351 291 453 355 327

1514 286 1800 348 MENSIS
1831 283 2356 347 FEBRUABIUS.

3447 279 3590 345 1328

310 407 631 469 acerbitate,
665 415 788 457 eum
818 415 1005 456 rursus
1030 399 1188 468 czcdi,
1221 410 1274 455 et
1310 414 1410 469 per
1439 413 1655 456 omnem
1702 410 1892 455 contu«

2013 399 2134 470 κρόν
2159 415 2173 430 ο
2203 398 2320 452 ἀλλ’
2339 397 2404 450 ού
2435 395 2738 467 πεισόμεθα
2768 395 2898 465 ύμῖν
2921 393 3174 465 οὐδαμῶς
3199 395 3234 466 ἢ
3256 394 3446 461 ἁπλῶς
3496 397 3589 450 λέ-

304 495 521 550 meliam
550 493 734 564 ﬂagris
762 493 926 562 jussit
956 492 1228 548 verberari
1261 511 1274 547 :
1322 489 1414 556 Ut,
1449 493 1641 562 inquit,
1692 510 1887 548 consu-

304 599 485 640 matur
516 584 708 639 anima:
739 583 856 653 ejus
887 583 1219 652 arrogantia.
1249 583 1380 637 Cum
1416 583 1462 638 is
1497 599 1623 638 vero
1647 585 1885 640 caedere-

305 687 412 743 tur,
429 687 482 732 et
507 692 599 748 per
618 688 833 730 omnem
866 674 1248 728 contumeliam
1274 672 1458 744 ﬂagris
1487 675 1885 739 verberaretnr,

305 770 494 826 eadem
526 779 644 825 erat
679 768 726 825 ei
757 769 1044 825 stabilitas.
1081 767 1198 835 Quo
1249 767 1422 837 magis
1443 777 1628 822 autem
1653 767 1892 822 remitte-

305 864 466 919 batur
485 863 650 918 robur
666 863 909 933 corporis
941 861 1111 932 plagis
1143 861 1594 926 intolerabilibus,
1620 875 1685 916 eo
1717 860 1890 929 magis

307 958 490 1013 cordis
522 957 840 1011 conﬁrmata
874 953 1176 1010 constantia
1203 953 1604 1026 prteclariorem
1632 951 1888 1009 ostende-

305 1051 399 1105 bat
429 1048 826 1104 fortitudinem.

375 1142 493 1198 XV.
529 1141 663 1198 Cum
698 1157 828 1213 ergo
877 1140 1098 1197 vidisset
1142 1138 1428 1212 praefectus
1461 1154 1521 1196 se
1546 1154 1610 1196 ea
1645 1138 1888 1212 aggredi,

307 1251 427 1306 quae
461 1235 575 1290 ﬁeri
609 1249 713 1290 non
754 1242 1026 1302 poterant,
1063 1234 1144 1289 sic
1195 1233 1316 1288 tulit
1345 1232 1668 1288 sententiam
1703 1251 1718 1287 :
1749 1231 1888 1302 Try-

306 1330 451 1399 phon
485 1327 857 1396 Apameensis,
890 1325 981 1396 qui
1028 1325 1345 1398 repugnavit
1392 1323 1566 1396 jnssui
1593 1323 1887 1394 imperato-

307 1424 406 1487 ris,
444 1436 618 1491 neque
638 1420 744 1476 diis
779 1420 950 1476 voluit
977 1420 1308 1482 sacriﬁcare,
1340 1427 1461 1488 post
1488 1418 1655 1472 multa
1687 1415 1888 1473 inﬂicta

311 1523 602 1578 tormenta,
657 1513 834 1583 capite
857 1513 970 1566 luat
1015 1525 1225 1582 poenas.
1261 1510 1458 1566 Statim
1510 1524 1640 1578 ergo
1669 1508 1890 1574 milites,

307 1621 431 1662 cum
465 1619 588 1660 eum
617 1604 931 1659 eduxissent
967 1615 998 1657 e
1031 1601 1273 1666 civitate,
1297 1601 1574 1657 adducunt
1605 1600 1656 1654 in
1687 1599 1887 1665 locum,

1994 507 2182 560 γουσιν
2213 489 2244 559 ἢ
2270 489 2563 553 κολάζουσι
2593 491 2696 558 τῆς
2722 487 2870 557 ζωῆς
2892 488 3278 558 ὲκστησόμεθα
3315 487 3590 558 πρότερον

1992 586 2026 656 ἢ
2063 585 2160 654 τῆς
2190 583 2364 653 καλῆς
2396 580 2712 652 ὁμολογίας.
2745 579 2946 650 Θαῦμα
2983 579 3077 632 ἐπὶ
3118 578 3331 641 τούτοις
3354 574 3468 648 εἶχε
3496 579 3591 633 τὸν

2008 676 2312 740 ⁹Ακυλῖνον,
2344 673 2438 726 καὶ
2473 671 2644 740 θυμὸς
2673 672 2771 725 σὺν
2806 671 2885 742 τῷ
2937 670 3197 740 θαύματι,
3244 671 3306 723 τὸ
3367 672 3466 740 μὲν
3500 669 3592 722 διὰ

1991 773 2094 844 τὴν
2134 770 2244 825 τῶν
2277 770 2586 840 είρημένων
2624 767 2960 839 ύπερφυῖαν,
2999 764 3063 819 τὸ
3115 765 3172 818 δὲ
3203 764 3293 818 διὰ
3341 765 3442 836 τῆς
3474 764 3588 817 τῶν

1993 865 2214 918 οἰκείων
2257 863 2396 917 θεῶν
2432 861 2748 932 κωμῳδίαν.
2816 861 2894 912 Δι’
2925 859 2954 912 ὃ
2980 860 3072 912 καὶ
3097 858 3462 930 τιμωρεῖσθαι
3494 857 3590 910 τὸν

1996 958 2254 1029 μάρτυρα
2301 955 2401 1026 τῆς
2431 951 2690 1025 ἀληθείας
2715 950 3096 1006 διεκελεύσατο
3123 950 3216 1004 καὶ
3254 949 3418 1003 πάλιν
3445 965 3588 1002 σπα-

1995 1047 2280 1120 θιζόμενος
2307 1042 2398 1118 ἦν.

2072 1139 2176 1194 llS'.
2215 1139 2369 1201 Ἐπεὶ
2395 1139 2452 1194 δὲ
2480 1140 2514 1210 ή
2541 1136 2705 1210 ὁμοία
2746 1136 2844 1191 καὶ
2873 1135 3030 1200 αὖθις
3063 1135 3342 1189 ἐδείκνυτο
3386 1147 3588 1203 καρτιο

1995 1232 2110 1306 ρία,
2138 1231 2282 1305 ὁρῶν
2314 1233 2342 1285 ό
2373 1232 2556 1301 ἄρχων
2582 1231 2642 1283 τὸ
2668 1227 2888 1291 ἁκλινὲς
2918 1230 3019 1298 τῆς
3047 1227 3356 1289 ὲνστάσεως
3385 1227 3479 1278 καὶ
3502 1223 3588 1276 ὅτι

1995 1327 2352 1399 πρδςολέοντα
2375 1325 2644 1397 δορκάδας
2667 1322 2829 1376 τοῦτο
2855 1322 2922 1393 δὴ
2946 1321 3007 1374 τὸ
3033 1321 3128 1375 τοῦ
3161 1320 3325 1388 λόγου
3359 1321 3393 1390 ή
3417 1315 3587 1372 αὑτοῦ

1996 1419 2135 1489 πρὸς
2155 1419 2246 1472 τὸν
2275 1418 2431 1486 ἅγιον
2456 1416 2684 1486 ἅμιλλα,
2713 1415 2896 1469 δίδωσι
2928 1415 3047 1467 κατ’
3077 1411 3244 1466 αὐτοῦ
3287 1413 3390 1482 τὴν
3445 1410 3587 1463 ἁπό-

1999 1527 2165 1580 φασιν
2193 1509 2366 1573 οὕτως
2387 1525 2400 1541 ·
2434 1507 2671 1582 Τρύφων
2727 1505 3037 1576 Ἀπαμεὺς,
3067 1503 3146 1575 τῷ
3175 1502 3271 1557 τοῦ
3320 1501 3587 1555 σεϐαστοῦ

1997 1602 2282 1672 Καίσαρος
2308 1601 2698 1672 προστάγματι
2725 1597 3019 1662 ἀντειπὼν,
3051 1597 3146 1650 καὶ
3187 1597 3327 1667 μήτε
3353 1594 3586 1665 βασιλεῖ,

309 1697 366 1752 in
398 1712 503 1768 quo
534 1697 662 1751 illud
696 1693 1062 1750 venerandum
1088 1701 1140 1748 et
1176 1693 1284 1748 Deo
1314 1692 1693 1748 charissimum
1731 1701 1892 1760 caput

2013 1697 2140 1768 μήτε
2172 1693 2317 1757 θεοῖς
2341 1693 2476 1757 ὅλως
2517 1689 2658 1746 εἶναι
2692 1691 2960 1754 πεισθεὶς,
2987 1688 3126 1759 μετὰ
3159 1689 3362 1759 πολλὴν
3390 1689 3587 1756 πεῖραν

315 1789 568 1842 volebant
601 1795 904 1856 amputare.
926 1783 1160 1839 Sanctus
1178 1793 1359 1840 autem
1389 1793 1614 1853 martyr,
1651 1792 1803 1836 stans
1828 1781 1892 1835 ad

2013 1787 2276 1858 βασάνων,
2305 1786 2367 1840 τὸ
2392 1786 2701 1840 τελευταῖον
2737 1784 2834 1839 καὶ
2863 1785 2959 1854 τὴν
2984 1783 3226 1853 κεφαλήν
3268 1782 3583 1850 ὲκκοπήτω.

309 1880 599 1944 orientem,
624 1892 808 1933 vocem
838 1892 994 1933 suam
1021 1876 1213 1931 extulit
1247 1886 1300 1932 et
1317 1876 1394 1932 sic
1423 1877 1632 1931 oravit:
1668 1874 1896 1930 Domine

315 1975 456 2029 Deus
479 1973 720 2039 deorum,
738 1969 856 2024 Rex
879 1984 1086 2039 regum,
1114 1966 1313 2024 Sancte
1325 1976 1657 2031 sanctorum,
1679 1983 1778 2037 ago
1799 1967 1897 2024 tibi

313 2067 538 2136 gratias,
595 2063 736 2133 quod
761 2077 858 2118 me
888 2060 1108 2130 dignum
1138 2060 1437 2127 censueris,
1466 2059 1557 2130 qui
1590 2063 1692 2115 hoc
1718 2067 1894 2113 certa-

313 2173 435 2212 men
489 2170 800 2226 perageretn
853 2155 989 2209 citra
1044 2153 1523 2222 reprehensionem
1567 2165 1581 2204 :
1647 2161 1700 2207 et
1752 2167 1896 2206 nunc

312 2265 443 2320 rogo
467 2261 538 2315 te,
587 2263 656 2302 ne
699 2261 784 2302 me
818 2253 1005 2316 tangat
1043 2243 1290 2314 improba
1321 2254 1374 2298 et
1407 2242 1666 2298 insidiosa
1703 2259 1897 2302 manus

313 2342 542 2405 inimici,
589 2354 765 2409 neque
809 2353 899 2393 me
933 2336 1125 2393 trahat
1156 2337 1220 2394 ad
1250 2334 1581 2407 profundum
1625 2337 1896 2405 interitus,

314 2439 410 2493 sed
463 2451 558 2506 per
595 2443 815 2491 sanctos
865 2433 1087 2504 angelos
1137 2431 1438 2501 magniﬂcre
1472 2441 1574 2486 tua:
1602 2430 1807 2500 gloriae,
1844 2432 1896 2486 in

313 2531 510 2586 dilecta
558 2519 907 2582 tabernacula
935 2534 988 2580 et
1013 2525 1072 2578 in
1107 2524 1522 2580 desiderabilem
1550 2535 1604 2578 et
1631 2523 1896 2579 immacu-

308 2622 477 2678 latam
520 2633 666 2676 tuam
712 2619 1066 2674 introducens
1117 2616 1512 2683 haereditatem,
1565 2616 1782 2686 suscipe
1840 2616 1894 2670 in

314 2730 446 2786 pace
468 2715 725 2769 animam.
755 2711 1018 2766 Omnibus
1055 2719 1234 2765 autem
1259 2709 1348 2779 qui
1380 2709 1455 2763 tui
1487 2707 1672 2762 famuli
1704 2708 1898 2762 memi-

314 2801 516 2865 netint,
553 2811 608 2856 et
644 2801 695 2854 in
741 2815 914 2855 meam
965 2799 1195 2870 gratiam
1252 2799 1350 2855 tibi
1380 2798 1649 2855 sacriﬁcia
1702 2796 1899 2854 oﬂ‘erre

314 2897 605 2963 voluerint,
637 2894 855 2949 attende
877 2907 945 2948 ex
976 2892 1286 2946 venerando
1332 2899 1425 2947 tuo
1459 2891 1794 2956 habitaculo,
1832 2904 1899 2944 ex

315 2992 454 3047 creto
491 2999 682 3047 sancto
707 3000 821 3056 tuo,
867 2987 1088 3057 copiosa
1133 2995 1188 3040 et
1215 2987 1282 3039 ab
1318 2985 1546 3040 interitu
1593 2984 1767 3040 aliena
1817 2984 1898 3040 eis

2001 1878 2183 1942 Εὐθὺς
2247 1876 2338 1930 οὖν
2365 1877 2412 1930 oi
2439 1874 2777 1946 στρατιῶται
2813 1875 2911 1940 τῆς
2944 1873 3152 1937 πόλεως
3208 1870 3586 1940 ἐξενεγκόντες

1999 1970 2163 2025 αὑτὸν
2201 1969 2292 2022 ἐπὶ
2313 1968 2408 2022 τὸν
2446 1968 2613 2021 τόπον
2640 1967 2737 2037 τῆς
2774 1965 3106 2030 τελειώσεως
3129 1965 3377 2034 ἄγουσιν.
3428 1963 3485 2016 Ὀ
3531 1964 3586 2014 δὲ

2001 2062 2134 2124 στὰς
2158 2061 2293 2132 πρὸς
2326 2060 2617 2125 ἀνατολὰς,
2654 2059 2881 2129 δμματὰ
2900 2075 2961 2110 τε
2992 2059 3072 2122 εἰς
3093 2056 3324 2128 οὐρανὸν
3350 2056 3583 2126 ἐπάρας,

2000 2155 2095 2208 καὶ
2123 2157 2314 2228 χεῖρας
2347 2154 2508 2226 ἄρας,
2536 2153 2632 2208 καὶ
2655 2153 2752 2222 τὴν
2776 2153 2961 2222 φωνὴν
2992 2149 3352 2222 προσηύξατο
3370 2149 3545 2210 οὓτως
3565 2163 3583 2180 ⁸

2006 2249 2254 2302 Δέσποτα
2281 2246 2476 2320 Κύριε,
2513 2247 2611 2300 See
2642 2245 2800 2310 θεῶν,
2839 2243 3072 2298 Βασιλεῦ
3097 2243 3387 2313 βασιλέων,
3428 2244 3583 2309 Ἀγιε

2003 2341 2196 2411 ἁγίων,
2223 2340 2536 2412 εὐχαριστῶ
2563 2356 2668 2406 σοι,
2697 2339 2780 2392 ὅτι
2811 2337 3160 2408 κατηξίωσὰς
3189 2354 3257 2408 με
3281 2338 3372 2389 τὸν
3400 2335 3584 2404 ἀγῶνα

2001 2433 2193 2488 τοῦτον
2233 2433 2554 2504 ἀμωμήτως
2612 2431 2692 2496 είς
2750 2430 2909 2494 τέλος
2961 2429 3431 2498 διαγωνίσασθαι·
3495 2428 3586 2480 καὶ

2005 2527 2102 2582 νῦν
2128 2526 2322 2598 δέομαί
2358 2544 2474 2592 σου,
2507 2526 2583 2598 μὴ
2608 2525 2814 2595 ἅψηται
2851 2541 2954 2595 μου
2976 2525 3010 2593 ἡ
3049 2522 3339 2584 ἐπίϐουλος
3367 2521 3469 2576 τοῦ
3495 2537 3587 2574 πο-

2003 2619 2168 2692 νηροῦ
2202 2619 2325 2691 χείρ
2349 2635 2364 2650 ο
2408 2618 2486 2691 μή
2513 2618 2648 2690 πρὸς
2704 2617 2983 2681 ἀπωλείας
3031 2615 3365 2686 κατασπάσῃ
3405 2614 3586 2685 βυθὸν,

2003 2712 2141 2766 ἀλλὰ
2165 2711 2232 2765 δι’
2255 2711 2507 2780 ἀγγέλων
2552 2709 2725 2779 ἁγίων
2759 2709 2860 2779 τῆς
2926 2707 3395 2780 μεγαλοπρεποῦς.
3432 2705 3585 2777 δόξης

2004 2821 2100 2858 σου
2131 2803 2230 2874 τὴν
2285 2801 2427 2873 ἐμὴν
2453 2801 2633 2873 ψυχὴν
2687 2803 2743 2855 ὲν
2801 2803 2994 2873 εἰρήνῃ
3026 2799 3386 2871 παραλασὼν,
3417 2801 3500 2864 είς
3520 2800 3586 2852 τὰ

2002 2894 2268 2965 ἀγαπητά
2302 2911 2397 2947 σου
2427 2891 2788 2965 σκηνώματα,
2820 2895 2895 2956 είς
2938 2893 3034 2956 τὰς
3065 2892 3438 2955 ἐπιποθήτους
3491 2908 3585 2961 μο-

2004 2987 2102 3052 νὰς
2149 2987 2434 3056 εἰσάγαγε.
2472 2987 2617 3040 [list
2661 2986 2718 3039 δὲ
2745 2988 2854 3048 τοῖς
2888 2985 2982 3038 τοῦ
3024 2985 3211 3038 δούλου
3246 3002 3338 3038 σου
3373 3001 3588 3054 μεμνη-

313 3094 506 3142 contra
545 3083 833 3138 remittens
863 3079 1166 3136 beneﬁcia:
1207 3078 1460 3147 quoniam
1509 3094 1568 3134 es
1611 3079 1760 3135 solus
1798 3080 1892 3136 bo-

2013 3083 2191 3152 μένοις
2223 3081 2319 3135 καὶ
2354 3079 2546 3142 θυσίας
2574 3078 2770 3142 δεκτὰς
2803 3078 2968 3150 χάριν
3002 3078 3142 3149 ἐμὴν
3181 3077 3486 3148 προσάγειν
3510 3093 3586 3129 σοι

318 3195 447 3244 nus,
478 3188 532 3234 et
557 3175 780 3246 largitor
806 3173 1073 3230 bonorum
1113 3171 1166 3224 in
1212 3174 1410 3226 saecula
1435 3170 1776 3226 saeculorum.

2011 3175 2386 3246 βουλομένοις,
2412 3173 2650 3245 πρόσχες
2673 3172 2734 3238 ἐξ
2763 3173 2984 3242 ἑτοίμου
3010 3171 3443 3242 κατοικητηρίου
3471 3188 3584 3254 σου⁸

315 3276 376 3344 ἑξ
410 3273 664 3345 οὐρανίου
725 3269 882 3338 ἁγίου
943 3282 1078 3320 σουο
1136 3265 1381 3336 δαψιλεῖς
1431 3267 1526 3322 καὶ
1582 3268 1896 3341 ἀφθάρτους
1936 3271 2444 3341 ἁντικαταπέμπων
2505 3269 2692 3332 αὐτοῖς
2741 3269 2839 3332 τὰς
2907 3267 3254 3339 εὐεργεσίας,
3304 3268 3386 3323 ὅτι
3428 3267 3584 3339 μόνος

317 3366 369 3424 εἷ
395 3368 599 3437 ἀγαθὸς
624 3366 722 3422 καὶ
747 3363 857 3419 τῶν
885 3363 1106 3434 ἀγαθῶν
1137 3365 1436 3436 παροχεὺςτ
1489 3366 1570 3431 είς
1597 3368 1723 3431 τοὺς
1753 3368 1976 3434 αἰῶνας.
2021 3370 2211 3439 Ἀμήν.

389 3458 530 3518 XVI.
561 3461 686 3517 Haec
714 3472 834 3514 cum
868 3466 1079 3514 orasset
1117 3459 1343 3527 athleta,
1379 3468 1434 3515 et
1468 3459 1642 3515 Deum
1675 3465 1898 3519 adoras-

2077 3461 2193 3531 ις’.
2227 3461 2414 3518 Ταῦτα
2435 3461 2881 3535 προσευξάμενος
2913 3462 2941 3514 ὁ
2969 3442 3270 3532 ἀθλοφόρος
3295 3461 3392 3515 καὶ
3422 3479 3587 3533 προσ-

319 3563 425 3619 set,
455 3565 743 3623 antequam
767 3550 1020 3608 feriretur
1045 3549 1241 3623 gladio,
1279 3551 1772 3610 tradiditanimam.
1794 3555 1892 3623 Qui

2013 3557 2250 3627 κυνήσας
2286 3555 2426 3626 Θεῷ,
2467 3553 2573 3626 πρὸ
2606 3552 2701 3608 τοῦ
2732 3553 3008 3625 πληγῆναι
3042 3554 3120 3624 τῷ
3151 3554 3317 3623 ξίφει,
3353 3553 3584 3623 παραδί-

322 3657 503 3702 autem
535 3643 768 3700 Nicaeam
783 3651 1170 3700 concurrerant
1193 3643 1412 3710 fratres,
1433 3646 1644 3700 mundis
1659 3646 1902 3702 sindoni-

320 3743 424 3796 bus
453 3750 506 3796 et
524 3740 689 3794 variis
713 3737 1044 3792 aromatibus
1078 3737 1253 3792 sancti
1281 3738 1536 3807 martyris
1562 3741 1902 3796 venerandas

325 3831 395 3886 ad
447 3830 814 3900 sepeliendum
870 3839 1254 3898 componentes
1305 3829 1586 3901 reliquias,
1651 3832 1905 3888 volebant

326 3923 544 3996 quidem
574 3937 668 3980 eas
698 3921 1012 3986 recondere,
1046 3929 1104 3975 ut
1135 3929 1319 3976 essent
1345 3923 1596 3978 custodes
1628 3939 1739 3979 sua:
1770 3925 1904 3979 civi-

329 4017 500 4070 tatis:
540 4014 773 4069 Saactus
816 4028 942 4068 vero
981 4027 1248 4082 apparens
1283 4013 1336 4068 in
1383 4015 1608 4080 somnis,
1627 4015 1904 4086 jussiteas

326 4105 625 4162 transferre
657 4107 708 4160 iu
735 4121 890 4160 suum
917 4107 1116 4172 vicum,
1147 4121 1339 4176 nempe
1367 4108 1904 4178 Campsadem,quod

325 4200 491 4253 etiam
527 4197 798 4255 fecerunt.
832 4198 923 4252 Sic
953 4198 1142 4254 beatus
1178 4197 1432 4270 Tryphon
1469 4214 1500 4254 a
1545 4200 1748 4255 teneris
1800 4215 1903 4255 un-

329 4289 557 4360 guiculis
609 4289 720 4347 Deo
766 4301 1136 4360 consecratus,
1183 4307 1304 4347 cum
1355 4293 1548 4348 multos
1573 4293 1789 4363 quidem
1832 4294 1900 4349 ad

326 4384 530 4438 Christi
563 4382 721 4438 tidem
748 4385 1084 4451 adduxisset,
1115 4384 1312 4441 multos
1345 4395 1529 4441 autem
1558 4388 1778 4442 morbos
1805 4387 1904 4441 ho-

328 4476 536 4533 minum
572 4485 839 4541 curasset,
886 4475 1116 4545 plurima
1153 4490 1280 4530 vero
1313 4488 1432 4546 post
1466 4477 1579 4532 haec
1605 4487 1905 4533 tormento-

331 4585 452 4630 rum
481 4579 535 4623 et
557 4569 940 4641 suppliciorum
961 4583 1164 4638 genera
1191 4583 1289 4638 pro
1315 4571 1539 4626 veritate
1570 4570 1904 4639 pertulisset,

331 4664 618 4718 redimitus
676 4660 778 4716 fuit
806 4676 1008 4718 corona
1044 4661 1467 4731 incorruptionis
1510 4681 1524 4716 :
1571 4664 1639 4718 ad
1679 4665 1904 4734 gloriam

328 4754 512 4811 Patris
541 4763 597 4812 et
623 4751 742 4811 Filii
771 4762 826 4807 et
856 4752 1093 4822 Spiritus
1121 4753 1318 4818 sancti,
1354 4768 1497 4808 nunc
1525 4764 1578 4808 et
1602 4769 1815 4823 semper
1852 4766 1907 4810 et

333 4845 388 4904 in
406 4843 604 4903 saecula
631 4844 978 4900 seculorum.
1004 4845 1198 4900 Amen.

1938 4432 1980 4487 D

2005 3653 2140 3706 δωσι
2170 3651 2266 3723 τὴν
2289 3651 2490 3721 ψυχήν,
2518 3649 2708 3720 ὥσπερ
2737 3649 2965 3720 νεύματι
2991 3649 3084 3703 τοῦ
3106 3647 3399 3712 δεδωκότος
3421 3648 3586 3719 αὐτὴν

2009 3745 2281 3815 ἀφεθῆναι
2315 3744 2548 3814 θελήσας
2599 3743 2662 3796 ού
2711 3742 2961 3796 κελεύσει
2999 3742 3093 3795 τοῦ
3128 3743 3583 3813 τυραννήσαντος.

2013 3837 2076 3889 Οί
2099 3835 2154 3888 δὲ
2183 3835 2324 3889 κατὰ
2354 3834 2590 3888 Νίκαιαν
2615 3834 3017 3905 συνδραμόντες
3037 3832 3261 3902 ἀδελφοὶ
3294 3832 3498 3886 σινδῦσι
3529 3848 3585 3885 τε

2012 3926 2286 3998 καθαραῖς
2342 3927 2438 3979 καὶ
2490 3925 2756 3988 ποικίλοις
2802 3925 3063 3995 ἀρώμασι
3094 3925 3156 3978 τὸ
3198 3924 3381 3995 τίμιον
3411 3927 3586 3977 ἐκεῖνο

2011 4019 2266 4088 λείψανον
2291 4017 2742 4088 ὲξοσιωσάμενοι,
2768 4017 3053 4071 ἐϐούλοντο
3093 4016 3192 4086 μὲν
3221 4017 3316 4070 καὶ
3355 4019 3423 4087 τῇ
3464 4018 3584 4070 ἑαυ-

2011 4109 2121 4163 τῶν
2169 4110 2323 4162 πόλει
2377 4107 2654 4179 θησαυρὸν
2692 4108 2882 4179 ῶσπερ
2929 4112 3022 4164 καὶ
3053 4108 3430 4180 φυλακτήριον
3461 4108 3585 4163 αὐτὸ

2013 4201 2381 4256 καταθέσθαι·
2418 4201 2650 4265 ὲπιστὰς
2677 4201 2733 4254 δὲ
2759 4201 2894 4273 ὄναρ
2949 4203 2979 4254 ὁ
3027 4202 3180 4269 ἅγιος
3213 4200 3475 4272 ἀπείργει
3497 4201 3582 4254 τοῦ

2010 4295 2415 4364 ἐνθυμήματος,
2437 4295 2517 4356 είς
2546 4293 2648 4365 τὴν
2674 4292 2840 4348 αὑτοῦ
2863 4310 3058 4364 κωμην
3087 4293 3399 4364 Κομψάδων
3426 4311 3584 4364 μεταο

2010 4386 2262 4456 κομίσειν
2291 4386 2483 4450 εἰπὼν,
2505 4387 2640 4459 ὅπερ
2666 4385 2730 4458 δὴ
2759 4387 2966 4450 πιστῶς
2995 4389 3384 4458 πεποιήκασιν.
3403 4388 3585 4450 Οὕτως

2011 4481 2040 4533 ὁ
2067 4480 2338 4552 μακάριος
2362 4481 2598 4553 Τρύφων
2630 4480 2692 4546 ἐξ
2741 4481 2965 4536 ἁπαλῶν
2996 4481 3204 4552 ὀνύχων
3231 4481 3584 4553 καθιερωθεὶς

2013 4573 2092 4645 τῷ
2122 4573 2241 4644 Θεῷ
2277 4575 2372 4628 καὶ
2399 4572 2629 4636 πολλοὺς
2686 4573 2789 4642 μὲν
2817 4575 2881 4645 τῇ
2916 4574 3155 4644 Χριστοῦ
3205 4575 3386 4628 πίστει
3421 4592 3584 4646 προσ-

2015 4665 2265 4733 αγαγὼν,
2332 4665 2538 4730 πολλὰς
2593 4667 2651 4721 δὲ
2692 4667 2880 4730 νόσους
2935 4665 3240 4738 ἀνθρώπων
3276 4669 3584 4740 ἰασάμενος.

2016 4757 2279 4820 πλείστας
2306 4756 2364 4809 δὲ
2401 4759 2538 4825 μετὰ
2568 4757 2742 4811 ταῦτα
2771 4757 3054 4831 τιμωριῶν
3105 4759 3250 4824 ίδέας
3292 4762 3435 4832 ὑπὲρ
3466 4762 3586 4831 ἁλη-

2017 4851 2166 4914 θείας
2188 4851 2503 4921 διενεγκὼν,
2526 4853 2618 4906 τὸν
2645 4855 2743 4926 τῆς
2772 4855 3083 4926 ἀφθαρσίας
3111 4857 3376 4926 στέφανον
3405 4859 3584 4929 ἀνεὸή.

335 4959 484 5008 cato,
519 4945 597 5008 είς
642 4942 798 5010 δόξαν
825 4943 1058 5015 Πατρὸς,
1096 4942 1190 4998 καὶ
1219 4940 1374 5008 Υἱοῢ,
1409 4942 1501 5000 καί
1549 4942 1702 5013 ἁγίου
1740 4943 2072 5021 Πνεύματος,
2108 4948 2203 5003 νῦν
2245 4951 2339 5005 καὶ
2371 4952 2457 5005 ἀεὶ
2489 4953 2582 5006 καὶ
2612 4955 2694 5016 είς
2720 4955 2845 5018 τοὺς
2877 4955 3098 5019 αἰῶνας.
3147 4955 3344 5028 Ἀμήν.

638 5162 658 5187 r;
