3820 6462
223 449 367 516 1329
1347 449 1522 511 VITA
1559 450 1619 510 S.
1661 449 1731 510 A(

2027 448 2396 512 VIRGINIS.
3355 436 3496 500 1330:

234 593 3476 638 W37“

595 803 778 917 DE
856 802 1424 920 SANCTA
1508 801 2094 920 AGATHA
2173 800 2576 920 VIRG.
2671 796 3120 914 MART.

1442 1007 1790 1117 cannas
1838 1053 1919 1116 IN
1980 1051 2271 1115 su:th

785 1242 956 1306 (Anno
978 1240 1163 1295 Christi
1189 1241 1305 1306 25],
1333 1239 1591 1294 Februarii
1614 1240 1665 1304 5,
1686 1266 1747 1278 -
1770 1243 1888 1293 Acta
1911 1241 2010 1293 SS.
2040 1237 2268 1291 Bolland.
2293 1237 2446 1290 Febr.
2475 1239 2597 1288 tom.
2631 1235 2672 1298 Ι,
2694 1250 2747 1300 p.
2783 1235 2922 1301 595.)

293 1569 498 1626 Calana
533 1567 731 1624 Siliciae
749 1568 899 1634 urbs,
937 1569 1001 1624 ad
1032 1568 1236 1626 Ionium
1275 1571 1380 1628 sita
1437 1571 1681 1643 pelagus,
1729 1564 2017 1643 Etnatque
2079 1569 2320 1627 horriﬁci
2381 1571 2586 1627 montis
2639 1568 2877 1634 radices,
2908 1567 2978 1622 ab
3009 1563 3215 1621 Graecis
3246 1563 3496 1628 condita,

224 1662 525 1732 iisdemque
555 1663 644 1717 diu
670 1662 933 1727 habitata,
968 1664 1091 1719 dein
1118 1675 1172 1720 et
1193 1665 1528 1736 Campanis;
1563 1665 1658 1722 sed
1693 1665 1906 1721 colonia
1936 1666 2152 1722 demum
2190 1665 2394 1722 civium
2454 1665 2824 1722 Romanorum
2874 1655 3230 1732 amplificata,
3267 1667 3326 1712 ut
3375 1656 3490 1711 Pii-

225 1757 347 1811 uius
376 1764 606 1810 testatur
629 1755 720 1810 lib.
741 1771 823 1824 ιιι,
857 1772 978 1828 cap.
1016 1757 1071 1820 8.
1109 1757 1332 1829 ipsaque
1368 1757 1643 1826 Messana,
1671 1757 1958 1816 Strabonis
2017 1757 2310 1828 geographi
2335 1772 2475 1826 azvo,
2507 1756 2732 1828 Augusti
2780 1755 2989 1812 scilicet
3013 1753 3325 1822 Tiberiique
3357 1759 3496 1806 tern-

222 1850 468 1924 poribus,
502 1851 863 1922 frequentior,
898 1853 1200 1908 etiamnum
1238 1853 1384 1910 inter
1417 1864 1524 1909 tres
1547 1854 1715 1910 totius
1748 1851 1940 1909 insulae
1967 1851 2354 1908 celeberrimas
2381 1851 2548 1908 urbes
2567 1850 2892 1906 Pauormum
2945 1845 3358 1916 Messanamque
3393 1857 3496 1898 nu-

224 1957 488 2004 meratur.
514 1947 595 2004 Ac
623 1948 790 2003 multa
825 1956 1066 2004 ostentat
1094 1948 1184 2003 illa
1219 1947 1439 2019 quidem
1463 1949 1664 2005 decora
1706 1946 2049 2018 antiquitatis
2079 1950 2469 2012 monumenta;
2505 1944 2710 2000 nullum
2734 1951 2912 1998 tamen
2937 1937 3253 2012 praeclarius
3281 1938 3496 2008 Agatha

223 2045 432 2115 virgine
456 2058 520 2099 ac
547 2052 784 2116 martyre
817 2061 830 2099 :
857 2058 1017 2114 quam
1051 2052 1338 2114 propterea
1364 2044 1613 2101 Graecum
1646 2043 2007 2115 Menologium
2041 2057 2107 2098 ac
2140 2042 2340 2097 Meneta
2369 2041 2562 2095 merito
2590 2039 2847 2108 Κατάνης
2862 2035 2924 2090 rb
2954 2033 3240 2106 καύχημα,
3284 2051 3303 2085 ι
3332 2032 3497 2088 Cata-

223 2151 306 2191 naa
347 2136 720 2206 gloriationem
764 2155 785 2190 ι
820 2138 1182 2208 compellant;
1217 2135 1469 2194 Bocchus
1488 2139 1676 2194 Pirrus
1698 2137 1896 2194 Sicilia:
1944 2152 2112 2192 sacra:
2153 2144 2192 2190 t.
2227 2134 2295 2202 ll,
2339 2133 2509 2189 Notit.
2541 2150 2559 2188 ι
2595 2131 2743 2186 Eccl.
2795 2131 3079 2193 Cataneu.,
3117 2127 3250 2192 n.5,
3279 2145 3297 2178 ι
3333 2125 3497 2181 totius

223 2228 426 2284 Siciliae
453 2228 618 2284 decus
649 2237 704 2284 et
727 2239 1105 2285 ornamentum
1139 2231 1443 2288 immortale
1471 2248 1486 2287 :
1526 2250 1546 2284 ι
1585 2231 1812 2302 ejusque
1840 2244 2036 2300 corpus
2058 2226 2461 2286 sanctissimum
2485 2224 2768 2281 Mauritius
2795 2237 2883 2294 ep.
2926 2223 2980 2276 in
3010 2221 3236 2276 historia
3289 2219 3498 2274 Trans-

223 2318 466 2392 lationis,
499 2344 520 2378 ι
556 2313 718 2381 tutius
745 2325 943 2382 Siciliae
965 2326 1158 2395 pignus
1183 2337 1239 2383 et
1267 2328 1501 2384 amabile
1533 2327 1915 2398 patrocinium.
1951 2344 1972 2380 ι

301 2457 322 2492 ι
354 2438 482 2508 Ejus
504 2454 726 2506 numen,
761 2459 782 2496 ι
817 2451 875 2496 ιιι
904 2440 1148 2510 loquitur
1176 2439 1416 2498 Thomas
1437 2443 1682 2500 Fazellus
1716 2443 1795 2498 De
1828 2445 1938 2500 reb.
1995 2441 2192 2499 Siculis
2235 2442 2436 2498 decade
2467 2457 2505 2503 ι.
2540 2439 2636 2494 lib.
2680 2453 2762 2502 ιιι,
2795 2452 2911 2506 cap.
2952 2437 3012 2502 l,
3041 2455 3058 2489 ι
3096 2444 3356 2503 tanquam
3393 2428 3499 2486 Ga-

224 2545 368 2591 tanze
398 2535 548 2590 urbis
579 2533 832 2598 tutelare,
863 2535 1102 2589 maximo
1133 2537 1302 2591 totius
1337 2535 1539 2594 Siciliae
1567 2538 1808 2592 virorum
1837 2551 1903 2592 ac
1935 2536 2225 2591 mulierum
2272 2542 2565 2598 conventu,
2597 2529 2764 2585 Nonis
2796 2529 2955 2584 Febr.
2987 2542 3149 2598 quam
3186 2523 3490 2594 religiosis-

223 2628 365 2684 sime
393 2627 612 2683 colitur.
644 2644 662 2679 ι
698 2624 887 2695 Neque
919 2626 1139 2683 (Satanae
1166 2629 1340 2684 solum
1379 2629 1525 2686 illius
1556 2644 1622 2686 eo
1651 2629 1738 2685 die
1758 2628 2072 2685 celebratur
2098 2625 2316 2692 natalis,
2345 2624 2463 2688 sed,
2496 2633 2699 2678 utante
2729 2621 2836 2676 250
2863 2635 3035 2675 annos
3058 2617 3357 2688 scripsit‘in
3379 2618 3497 2672 Ka-

225 2721 472 2776 lendario
502 2721 873 2777 ecclesiastico
901 2721 1137 2792 generali
1168 2719 1487 2792 Radulphus
1530 2723 1597 2778 de
1627 2722 1788 2788 Bivo,
1824 2719 2160 2790 Tuugrensis
2206 2721 2261 2774 in
2320 2716 2506 2787 Belgio
2567 2717 2824 2780 decanus,
2863 2733 2882 2767 ι
2926 2713 3124 2782 ubique
3187 2727 3252 2766 ex
3307 2708 3496 2766 Sicilia

224 2813 454 2885 Agathae
485 2811 552 2870 ν.
581 2823 635 2868 et
663 2813 732 2867 Μ.
767 2829 820 2868 Ix
879 2802 1018 2870 lect.
1045 2831 1064 2866 ι
1098 2814 1190 2870 Est
1217 2814 1614 2885 antiquissimis
1647 2813 2047 2886 Martyrologiis
2071 2812 2140 2868 ad
2185 2825 2318 2867 eum.
2332 2810 2472 2864 diem
2511 2807 2657 2863 illius
2685 2807 2986 2878 ascriptum
3020 2819 3238 2860 nomen.
3280 2804 3359 2859 lta
3396 2817 3496 2857 ve-

225 2907 591 2962 tustissimum
621 2904 949 2971 Romanum,
985 2907 1126 2976 quod
1161 2907 1364 2978 saepius
1379 2908 1482 2964 sub
1511 2906 1571 2962 S.
1603 2905 1921 2978 Hieronymi
1979 2905 2198 2961 nomine
2249 2903 2560 2960 citavimus.
2599 2920 2618 2953 ι
2656 2900 2716 2956 in
2745 2901 2951 2966 Sicilia,
2978 2898 3201 2956 civitate
3231 2897 3494 2957 Catanas.

227 3011 344 3057 nat.
374 3000 596 3071 Agathae
619 2999 768 3071 Virg.
811 3019 830 3054 ι
861 3000 1299 3057 Consonataliud
1336 3001 1408 3057 ab
1447 2999 1739 3057 Heriberto
1766 2998 2071 3071 Rosweydo
2101 3007 2288 3054 nostro
2315 2998 2515 3054 editum
2554 3015 2579 3053 :1
2607 3014 2626 3046 ‹
2665 2994 2724 3050 S.
2769 2993 2990 3063 Agathaa
3032 2993 3170 3061 virg.
3195 2990 3336 3059 apud
3361 2987 3501 3042 civi-

228 3100 393 3150 tatem
423 3093 846 3166 Catanensium;
879 3114 899 3150 ι
933 3104 987 3154 et
1016 3096 1468 3165 Richenoviense,
1529 3098 1650 3154 sive
1693 3094 1886 3153 Divitis
1936 3095 2166 3166 Augias:
2206 3113 2226 3148 ι
2273 3094 2482 3162 Sicilia,
2524 3093 2580 3148 in
2629 3090 2876 3148 Cathana
2917 3088 3159 3153 civitate,
3197 3085 3380 3157 passio
3419 3081 3482 3137 S.

227 3191 453 3262 Agatha:
487 3189 550 3246 V.
596 3209 616 3244 ι

300 3304 495 3362 Fusius
525 3305 806 3364 Usuardus
837 3325 850 3363 :
895 3325 915 3360 ε
950 3307 1104 3379 Apud
1134 3307 1397 3378 Siciliam,
1428 3309 1646 3366 civitate
1675 3307 2083 3375 Catanensium,
2126 3307 2325 3362 natalis
2371 3305 2429 3362 S.
2460 3303 2680 3376 Agathae
2727 3302 2864 3372 virg.
2911 3309 2966 3356 et
2997 3308 3193 3366 mart.,
3228 3314 3347 3370 quin
3374 3307 3498 3368 post

231 3399 419 3468 alapas
447 3410 503 3456 et
527 3417 827 3467 carcerem,
850 3413 972 3474 post
990 3403 1278 3474 equuleum
1298 3415 1350 3462 et
1379 3407 1661 3472 tortiones,
1686 3413 1814 3478 post
1831 3403 2192 3460 mamill‘arum
2215 3403 2627 3466 abscissionem,
2649 3407 2770 3470 post
2789 3395 3178 3452 volutationem
3205 3396 3256 3450 in
3281 3396 3495 3452 testulis

230 3497 288 3545 et
315 3490 666 3559 carbonibus,
697 3494 912 3550 tandem
945 3497 1045 3552 sub
1069 3496 1252 3566 judice
1285 3497 1579 3564 Quintiano
1609 3498 1871 3570 martyrio
1897 3505 2273 3554 consummata
2313 3504 2417 3552 est.
2457 3513 2476 3547 ι
2514 3493 2629 3549 Ado
2664 3506 2752 3558 ep.
2786 3490 3114 3546 Viennensis
3146 3491 3196 3543 in
3225 3489 3498 3562 Martyro-

233 3581 378 3654 logio
408 3585 511 3639 ista
540 3585 722 3654 habet,
755 3602 875 3656 quae
902 3598 956 3645 et
1001 3590 1052 3644 in
1104 3606 1235 3647 mss.
1276 3591 1466 3659 variis,
1516 3591 1679 3647 etiam
1731 3591 1889 3646 Beda:
1946 3588 2168 3646 nomine
2224 3586 2589 3659 pmtitulatis,
2643 3585 2941 3655 leguntur:
2978 3602 2998 3636 ι
3035 3583 3188 3653 Apud
3228 3582 3498 3652 Siciliam,

233 3676 457 3734 civitate
485 3678 876 3747 Catinensium,
902 3683 1082 3752 passio
1115 3683 1176 3738 S.
1210 3683 1434 3755 Agathae
1466 3684 1605 3755 virg.
1647 3683 1746 3740 sub
1772 3682 1934 3740 Decio
1959 3687 2088 3750 imp.
2120 3680 2447 3754 proconsule
2511 3677 2806 3746 Quintiano
2836 3697 2848 3734 :
2881 3692 3000 3749 qua:
3048 3685 3170 3746 post
3224 3676 3408 3745 alapas
3441 3688 3498 3733 ct

236 3786 538 3840 carcerem,
580 3783 701 3845 post
725 3774 1012 3845 equuleum
1046 3785 1101 3831 et
1125 3776 1411 3846 tortiones,
1443 3787 1566 3846 pOSt
1597 3775 1958 3832 mamiliarum
1993 3775 2404 3842 abscissiouem,
2438 3772 2532 3829 sed
2579 3788 2610 3828 a
2663 3771 2890 3826 Domino
2949 3771 3308 3837 sanationem,
3379 3776 3503 3840 post

235 3866 627 3924 volutationem
655 3867 709 3922 in
739 3866 951 3923 testulis
975 3876 1030 3924 et
1049 3869 1398 3936 carbonibus,
1431 3870 1646 3925 tandem
1672 3869 1727 3924 in
1749 3883 1974 3926 carcere
2011 3877 2386 3924 consummata
2420 3874 2521 3924 est.
2561 3885 2580 3919 ι
2614 3865 2746 3934 Quae
2788 3863 2903 3919 Ado
2951 3872 3004 3920 et
3055 3864 3356 3930 Usuardus,
3400 3878 3499 3917 ea-

240 3961 364 4015 dem
397 3960 714 4031 exprimunt
745 3962 1004 4032 pleraque
1058 3963 1185 4030 alia,
1222 3963 1388 4020 etiam
1439 3964 1829 4029 recentiorum,
1889 3960 2309 4033 Martyrologia;
2343 3962 2677 4020 contractius
2740 3959 3007 4033 qumdam,
3073 3959 3176 4016 alia
3222 3957 3500 4018 diﬂusius.

239 4051 662 4112 Wand‘elbertus
690 4053 1047 4125 Prumiensis,
1076 4059 1167 4130 qui
1199 4069 1323 4116 ante
1361 4075 1507 4118 toccc
1539 4074 1712 4117 annos
1741 4061 1898 4129 vixit,
1929 4059 2046 4116 haec
2076 4058 2144 4115 de
2161 4074 2221 4116 ea
2258 4060 2452 4122 canit:

1061 4215 1291 4292 Sicania?
1319 4220 1542 4292 populos
1577 4218 1750 4274 Nonis
1784 4220 1888 4292 sibi
1923 4220 2100 4292 subdit
2130 4220 2364 4292 Agat/tes
2414 4249 2417 4251 >

1073 4285 1299 4358 Virginis
1322 4285 1516 4343 eximio
1545 4292 1712 4343 virtus
1743 4289 2006 4345 celebrata
2040 4285 2249 4346 dccoFe.

311 4439 569 4498 Eatudem
604 4441 847 4500 referunt
877 4442 981 4498 hoc
1007 4440 1096 4498 die
1127 4440 1439 4499 Graecorum
1477 4443 1697 4509 Menam,
1747 4444 2129 4518 MenOIOgium,
2171 4428 2581 4516 Anthufogium.
