3820 6470
292 388 432 454 1333

1349 394 1529 457 VITA
1567 395 1631 457 S.
1663 394 1988 457 ᾹΟΑΤΗᾹΞ
2037 398 2415 461 VIRGINIS.

3398 399 3539 465 133‘

281 491 400 554 ἀλλ’
425 493 521 555 οῦν
545 499 783 556 κατάθου
812 500 960 556 θύειν
982 503 1187 567 αὐτοῖς.
1219 503 1306 558 ίνα
1330 504 1468 576 μετὰ
1495 505 1674 576 πάσης
1697 505 1863 577 τιμῆς

2002 511 2112 565 ιιιηὶ
2145 512 2352 569 honore
2372 522 2425 568 et
2447 512 2615 583 gloria
2648 514 2716 569 sd
2767 511 3051 569 consulem
3101 510 3451 567 adducamus.
3480 511 3543 568 S.

286 592 383 645 καὶ
441 590 602 662 δόξης
655 595 1019 666 προσάγωμέν
1055 613 1115 649 σε
1144 595 1223 667 τῷ
1269 598 1480 668 ὑπάτῳ.
1539 597 1603 653 Ἦ
1629 600 1686 654 δὲ
1728 599 1859 670 ἁγία

1997 602 2195 670 ιεοιιιο,
2234 614 2458 673 accepto
2486 620 2517 659 e
2555 604 2769 673 superis
2801 602 3014 675 clypeo,
3048 616 3198 657 arma
3236 616 3343 657 non
3378 618 3542 657 mun-

299 683 636 756 ’Δγάθηοτὴν
663 685 871 741 ἄνωθεν
890 687 1091 742 ἀσπίδα
1115 689 1380 756 λαδοῦσα,
1410 691 1551 745 ὅπλα
1578 692 1640 746 ού
1670 709 1859 763 κοσμι-

286 776 379 839 ad,
397 777 514 831 ἀλλ’
538 778 745 833 ἄνωθεν
775 781 1279 853 κατεσκευασμένα,
1310 782 1576 852 γενναίως
1606 784 1746 838 κατὰ
1764 780 1859 838 τοῦ

283 868 551 937 τυράννου
578 868 851 934 ὁπλίζετο.
912 868 1034 924 Τῶν
1065 870 1123 925 δὲ
1160 871 1372 943 δημίων
1424 873 1862 943 κατεπειγόντων

283 956 455 1027 αὐτὴν
483 957 658 1012 ἐλθεῖν
678 960 772 1013 ἐπὶ
797 958 878 1030 τῷ
915 961 1265 1031 παραστῆναι
1316 960 1395 1030 τῷ
1440 962 1711 1032 τυράννῳ,
1745 962 1863 1016 slo-

285 1049 515 1104 σλθοῦσα
567 1052 650 1115 είς
701 1051 796 1106 τὸν
829 1047 980 1106 οἷκον
1009 1052 1185 1124 αὐτῆς
1233 1054 1331 1107 καὶ
1380 1054 1709 1108 άνατείνασα
1736 1055 1866 1119 τοὺς

282 1141 607 1213 ὀφθαλμοὺς
641 1146 722 1199 είς
752 1145 845 1198 τὸν
871 1144 1102 1216 ούρανδν
1130 1140 1287 1200 εἶπεν
1307 1160 1322 1179 ο
1380 1145 1629 1201 Δέσποτα
1668 1146 1861 1216 Κύριε,

298 1234 476 1301 Ἰησοῦ
506 1235 732 1305 Χριστὲ,
783 1238 848 1289 σὺ
902 1236 1196 1291 ἐπίστασαι
1228 1236 1327 1309 τὴν
1357 1238 1598 1292 διάθεσίν
1628 1255 1763 1309 μουο
1800 1239 1865 1292 σὺ

284 1322 435 1390 οἶδας
472 1327 534 1381 τὸ
562 1328 695 1398 ἑμδν
748 1327 1062 1399 ’πρίθυμον⁸
1098 1330 1262 1394 αὐτὸς
1311 1333 1691 1402 στρατήγησον
1722 1330 1865 1401 ὑπὲρ

288 1415 425 1488 ἐμοῦ
458 1419 598 1472 κατὰ
626 1418 722 1472 τοῦ
762 1421 1054 1491 τυράννου,
1091 1420 1190 1492 ἤδη
1233 1420 1343 1493 γὰρ
1389 1421 1720 1490 νενέκρωται
1773 1421 1868 1474 καὶ

287 1510 859 1582 καταπιπάτηταιύπ⁹
894 1512 1052 1584 ἐμοῦ.
1084 1514 1193 1568 Καὶ
1213 1511 1331 1577 νῦν,
1377 1514 1625 1566 Δέσποτα
1673 1512 1867 1582 Κύριε,

288 1600 369 1664 είς
393 1601 456 1655 τὸ
503 1603 713 1656 τέλειον
765 1604 860 1657 καὶ
903 1604 1337 1675 κορυφαιότατον
1376 1605 1547 1676 ὄνομά
1586 1622 1701 1669 σου,
1739 1606 1796 1659 ἐν
1826 1598 1871 1675 ᾧ

288 1694 459 1764 ἔζησα
481 1698 681 1766 σεμνὸν
714 1698 850 1768 βίον,
884 1698 1075 1769 δέομαί
1107 1716 1228 1762 σου,
1258 1700 1494 1754 σπεῦσον
1525 1702 1619 1754 καὶ
1650 1700 1872 1772 νίκησον

220 1790 229 1815 ‘
288 1788 381 1843 τὸν
410 1788 682 1857 διάϐολον,
724 1790 1160 1862 προσδεξάμενος
1190 1793 1258 1847 τὰ
1289 1792 1399 1863 ἐμὰ
1436 1793 1672 1864 δάκρυα.

1968 694 2132 758 dana,
2169 695 2261 749 sed
2311 695 2554 752 cmlestia
2611 696 2872 752 adversus
2926 702 3213 765 tyrannum
3283 707 3547 765 generose

1968 784 2206 854 expedit.
2239 784 2551 844 Lictoribus
2577 801 2710 843 vero
2739 802 2858 842 eam
2899 785 3242 858 urgentibus,
3269 794 3331 841 ut
3356 800 3545 842 secum

1972 876 2075 931 iter
2103 887 2436 948 capesseret,
2469 887 2702 949 tyranno
2726 877 2995 943 sistenda,
3030 878 3083 933 in
3128 878 3350 934 domum
3391 892 3545 933 suam

1970 968 2212 1041 ingressa
2244 970 2342 1042 (I),
2370 970 2599 1027 sublatis
2629 972 2683 1026 in
2731 971 2930 1027 cmlum
2969 971 3163 1034 oculis,
3221 969 3362 1026 dixit
3395 989 3410 1025 :
3443 970 3552 1024 Do-

1972 1063 2118 1119 mine
2141 1061 2267 1119 Jesu
2299 1064 2535 1133 Christe,
2559 1074 2615 1121 tu
2657 1065 2797 1120 nosti
2846 1065 3087 1119 animum
3123 1078 3325 1128 metun,
3363 1072 3418 1115 tu
3468 1060 3552 1116 al-

1976 1155 2175 1210 fectum
2206 1157 2467 1225 perspicis
2498 1172 2514 1211 :
2551 1157 2666 1224 ipse
2716 1166 2772 1213 tu
2800 1156 2910 1212 dux
2948 1172 3102 1212 mens
3133 1165 3255 1212 esto
3288 1157 3552 1210 adversus

1975 1256 2291 1318 tyrannum.
2327 1249 2466 1306 Ecce
2497 1250 2642 1304 enim
2675 1251 2786 1319 jam
2821 1257 3128 1321 prostratus
3153 1260 3257 1312 est,
3279 1251 3554 1317 iamame

1976 1342 2349 1398 conculcatus.
2379 1343 2443 1398 lit
2480 1358 2647 1412 nunc,
2678 1344 2928 1409 Domine,
2951 1351 3171 1413 propter
3216 1356 3467 1413 magnum
3498 1350 3553 1396 et:

1976 1435 2388 1502 supereminens
2436 1450 2635 1491 nomen
2692 1445 2864 1503 tuum,
2907 1437 2963 1489 in
3010 1451 3120 1502 quo
3150 1436 3314 1489 vitam
3366 1449 3554 1502 puram

1978 1535 2295 1596 castamque
2325 1528 2563 1586 traduxi.
2613 1528 2863 1591 obsncro,
2893 1527 3139 1581 accelera
3171 1537 3228 1582 et
3255 1526 3412 1581 vince
3442 1523 3558 1580 dia-

1978 1615 2184 1685 bolum,
2211 1618 2518 1687 suscipiens
2546 1618 2818 1689 lacrymas
2844 1631 2993 1673 meas
3019 1617 3127 1687 (2).

363 1883 434 1936 A'.
468 1880 786 1953 Εύξαμένης
840 1883 898 1942 δὲ
928 1885 1100 1955 αὐτῆς
1151 1884 1347 1951 οὕτως,
1385 1885 1609 1955 ἐξῆλθεν
1635 1887 1742 1939 ἀπὸ
1772 1885 1873 1952 τῆς

2052 1880 2141 1939 IV.
2176 1879 2303 1937 Haec
2331 1890 2575 1951 precata,
2610 1883 2883 1965 Panormo
2911 1884 3182 1950 discessit,
3235 1883 3380 1939 tirm't
3415 1884 3561 1938 muri

290 1971 601 2044 Πανόρμου,
634 1973 824 2045 ὥσπερ
850 1977 1028 2047 τεῖχος
1083 1976 1337 2031 ἄπτωτον
1383 1978 1479 2031 καὶ
1508 1995 1876 2049 περικεχαρα-

290 2066 561 2133 κωμὲνον,
589 2067 683 2121 καὶ
706 2066 953 2133 ἐϐάδιζεν
981 2067 1281 2139 προθύμως
1321 2069 1460 2139 μετὰ
1492 2070 1603 2123 τῶν
1638 2069 1873 2140 δημίων.

294 2153 707 2225 [προσομιλοῦσα
747 2155 805 2209 δὲ
835 2160 899 2229 τῇ
931 2158 1142 2230 διανοίᾳ
1201 2157 1277 2229 τῷ
1322 2159 1511 2214 κάλλει
1545 2160 1645 2230 τῆς
1674 2160 1879 2231 ἀρετῆς

288 2246 480 2315 ελεγεν
503 2264 517 2278 ·
547 2247 773 2318 Πρῶτον
808 2249 909 2320 μὲν
944 2250 1155 2321 ἧθλησα
1199 2253 1329 2322 περὶ
1353 2253 1456 2323 τὴν
1496 2251 1876 2324 σωφροσύνην,

295 2339 505 2395 καὶτὸν
529 2340 840 2411 ἀρχέκακον
887 2342 1155 2409 διάϐολον,
1194 2345 1289 2398 τὸν
1332 2345 1748 2417 ύποσπείραντα
1777 2344 1880 2408 τὰς

296 2432 495 2503 ἡδονὰς
522 2433 600 2504 τῷ
620 2434 770 2502 γένει
796 2435 906 2489 τῶν
934 2435 1242 2507 ἀνθρώπων
1286 2437 1573 2508 νενίκηκα,
1625 2437 1714 2491 καὶ
1747 2454 1881 2491 κατ-

297 2525 549 2595 επάτησα
591 2526 679 2581 διὰ
723 2528 822 2598 τῆς
870 2530 1094 2600 χάριτος
1148 2530 1242 2584 τοῦ
1275 2530 1483 2601 Κυρίου
1510 2530 1667 2601 ἡμῶν
1703 2527 1878 2600 Ἰησοῦ

297 2614 536 2686 Χριστοῦ
558 2633 574 2650 ⁸
626 2618 767 2685 ἀλλ’,
795 2612 842 2673 ὧ
871 2620 1075 2692 πονηρὲ
1132 2621 1227 2675 καὶ
1282 2620 1444 2693 ἐχθρὲ
1470 2622 1569 2693 τῆς
1599 2620 1878 2691 ἀληθείας,

296 2705 397 2776 οὐχ
428 2708 565 2778 δρᾷς
601 2708 665 2762 τὸ
696 2707 830 2780 ὲμδν
866 2710 1082 2765 στάδιον
1137 2711 1406 2767 ἀθάνατον
1432 2710 1525 2779 δνς
1556 2712 1612 2765 ὲν
1639 2703 1683 2780 ᾧ
1713 2710 1883 2778 ἀγάλ-

297 2794 483 2850 λονται
503 2797 707 2852 δίκαιοί
733 2816 792 2854 τε
826 2800 944 2870 ἅμα
967 2802 1063 2855 καὶ
1094 2801 1338 2870 ἄγγελοι.
1365 2802 1578 2873 Θεατὴν
1612 2802 1722 2874 ἔχω
1748 2802 1884 2857 ἀθά-

297 2905 460 2943 νατον
483 2889 575 2944 τδν
598 2892 728 2947 Υίὸν
754 2892 852 2947 τοῦ
872 2892 1012 2947 Θεοῦ
1033 2893 1124 2948 τὸν
1151 2893 1355 2965 Κύριον
1394 2893 1602 2965 Ἰησοῦν
1624 2896 1881 2966 Χριστὸν,

305 2982 532 3053 μυρίαις
559 2984 808 3054 ἀγγέλων
838 2986 1028 3052 τάξεσι
1059 2987 1552 3059 δορυφορούμενος.
1574 2989 1687 3042 Καὶ
1710 2987 1885 3044 ταῦτα

302 3074 537 3130 είποῦσα
564 3078 708 3132 κατὰ
727 3079 827 3144 τὴν
865 3079 1110 3136 διάνοιαν
1142 3081 1384 3136 ἔκλαιεν.

376 3165 455 3224 Ε’.
483 3171 868 3241 Πορευομένης
914 3173 1106 3243 αὐτῆς,
1169 3173 1333 3245 ἐλύθη
1392 3173 1457 3228 τὺ
1501 3174 1884 3245 περικείμενον

302 3262 572 3334 σπαρτίον
624 3264 718 3318 τοῦ
749 3265 1100 3338 ὑποδήματος
1150 3268 1339 3338 αὐτῆς,
1374 3268 1468 3321 καὶ
1510 3269 1757 3338 στήσασα
1793 3267 1885 3338 τὸν

304 3354 443 3409 πόδα
472 3356 565 3410 ἰπὶ
587 3357 760 3424 λίθου,
794 3358 984 3430 ἔδησεν
1007 3374 1023 3391 '
1052 3358 1147 3413 xui.
1170 3362 1471 3431 στραφεῖσα
1492 3361 1573 3424 είς
1598 3359 1665 3413 τά
1685 3360 1884 3426 ὀπίσω,

303 3449 496 3503 οὐδένα
527 3448 637 3503 ίδεν
672 3452 1174 3508 συνακολουθοῦντα
1221 3454 1363 3526 αὐτῇ
1393 3454 1503 3506 τῶν
1526 3453 1887 3525 προπεμπόν-

305 3558 417 3596 των
442 3543 581 3614 αὐτῇ
611 3544 847 3597 πολιτῶν
880 3546 974 3599 καὶ
1006 3545 1315 3608 πολιτίδων,
1351 3544 1468 3599 ἀλλ’
1495 3546 1758 3609 ἐάσαντες
1790 3547 1893 3599 αὖ·

303 3635 405 3706 τὴν
432 3635 809 3708 ἀνεχώρησαν.
859 3637 924 3691 Ἦ
949 3637 1005 3692 δὲ
1029 3638 1160 3704 ἁγία
1197 3638 1399 3710 ’Δγάθη
1460 3637 1665 3709 σσόδρα
1713 3638 1891 3707 λυπη-

306 3727 460 3783 θεῖσι
480 3730 683 3801 ηὔξατο
702 3732 937 3801 λέγουσα
959 3750 971 3765 ·
1008 3733 1253 3786 Δέσποτα
1280 3731 1451 3804 Κύριε
1482 3730 1889 3802 παντοκράτορ,

304 3821 397 3876 διὰ
429 3825 553 3886 τοὺς
584 3823 992 3895 ἀντιστήσαντας
1017 3827 1083 3896 τῇ
1111 3827 1177 3897 σῇ
1207 3823 1371 3899 δούλῃ
1396 3825 1462 3894 τῇ
1502 3823 1771 3895 μελλούσῃ
1804 3824 1890 3876 ἐλ-

311 3916 423 3968 θεῖν
447 3916 587 3985 ὑπὲρ
621 3916 716 3970 τοῦ
779 3917 1042 3986 ὀνόματιίς
1090 3935 1209 3980 σου,
1271 3917 1442 3983 δεῖξον
1481 3917 1623 3989 μέγα
1681 3916 1889 3986 θαῦμα.

312 4006 420 4060 Καὶ
444 4009 785 4078 παραχρῆμα
809 4009 1040 4082 ἀνῆλθεν
1063 4010 1217 4063 ὲλαία
1237 4011 1513 4082 ἄκαρπος,
1552 4009 1894 4084 στηλιτεύου-

314 4115 383 4156 σα
417 4101 513 4165 τὰς
539 4100 763 4173 γνώμας
796 4104 909 4156 τῶν
944 4105 1342 4176 Πανορμητῶν.

1978 1993 2042 2033 ac
2072 1976 2211 2031 vallo
2233 1979 2470 2046 undique
2497 1976 2844 2047 circumsepti
2863 1976 3056 2030 similis
3079 1994 3095 2043 ;
3118 1987 3280 2045 atque
3303 1974 3559 2031 alacriter

1979 2083 2103 2129 cum
2121 2066 2443 2122 satellitibus
2466 2067 2836 2138 gradiebantur,
2857 2067 3074 2123 virtutis
3100 2066 3580 2135 pulchritudinem,

1981 2171 2163 2215 mente
2192 2168 2529 2230 pertractans
2548 2160 2843 2225 :Primum,
2879 2160 3075 2230 inquit,
3101 2176 3200 2229 pro
3229 2160 3563 2216 continentia

1982 2259 2259 2305 certamen
2285 2254 2521 2319 suscepi,
2554 2250 2842 2321 omnisque
2877 2250 3242 2322 improbitatis
3280 2260 3558 2307 auctorem

1980 2342 2273 2409 diabolum,
2324 2340 2619 2397 identidem
2677 2342 2888 2397 semina
2962 2342 3300 2412 voluptatum
3378 2341 3566 2412 generi

1982 2435 2260 2491 hominum
2316 2433 2679 2503 ingerentem,
2709 2435 2813 2491 vici
2844 2444 2900 2491 et
2932 2434 3141 2491 calcavi
3204 2449 3305 2506 per
3331 2434 3564 2504 gratiam

1983 2527 2193 2583 Domini
2228 2527 2405 2582 nostri
2434 2525 2564 2582 Jesu
2604 2526 2829 2584 Christi.
2887 2526 3116 2593 Verum,
3151 2544 3186 2583 o
3231 2528 3477 2595 improbe
3510 2536 3568 2580 et

1981 2619 2227 2675 veritatis
2281 2619 2531 2682 inimice,
2576 2633 2684 2673 non
2739 2618 2892 2674 vides
2952 2620 3183 2674 stadium
3237 2632 3416 2672 meum
3447 2631 3569 2673 esse

1984 2709 2310 2775 immortale,
2342 2708 2399 2764 in
2432 2724 2544 2782 quo
2583 2710 2862 2766 exsultant
2879 2710 3011 2778 justi
3036 2710 3240 2780 pariter
3271 2718 3323 2764 et
3362 2710 3569 2778 angeli,

1983 2804 2233 2873 quodque
2260 2804 2378 2873 ipse
2406 2813 2616 2873 spectat
2644 2804 2967 2860 immortalis
2987 2802 3160 2860 Filius
3187 2804 3280 2859 Dei
3306 2805 3569 2860 Dominus

1983 2894 2141 2951 Jcsus
2171 2894 2445 2958 Christus,
2479 2894 2715 2950 millenis
2747 2895 3068 2964 angelorum
3117 2895 3426 2965 legionibus
3450 2897 3571 2951 eiu-

1983 2987 2145 3043 ctus?
2182 2988 2248 3043 Et
2280 2986 2395 3043 hac
2425 3002 2607 3043 secum
2661 2988 2776 3058 ipsa
2820 2987 3069 3059 loquens,
3122 2988 3397 3063 lacrymas
3444 2989 3569 3046 fun-

1985 3079 2169 3135 debat.

2066 3170 2129 3226 ν.
2160 3170 2302 3228 Inter
2335 3172 2571 3229 eundum
2595 3160 2776 3227 autem
2810 3170 2978 3227 calcei
3023 3170 3144 3239 eius
3179 3171 3355 3228 soluta
3390 3174 3565 3229 corri-

1989 3268 2079 3340 gia
2132 3275 2239 3335 est,
2291 3282 2450 3338 quant
2507 3266 2643 3337 pede
2667 3280 2831 3336 super
2895 3265 3128 3336 lapidem
3158 3268 3336 3335 posito
3375 3265 3574 3321 astrin-

1988 3363 2069 3418 xit
2107 3361 2208 3432 (ὅ).
2241 3361 2318 3414 Ac
2345 3370 2466 3431 post
2496 3370 2709 3431 tergum
2753 3369 3093 3430 respectans,
3134 3360 3407 3415 neminem
3437 3360 3572 3412 vidit

1986 3463 2304 3524 sequentem
2349 3468 2417 3508 ex
2463 3453 2610 3507 omni
2666 3451 2865 3506 civium
2908 3467 3159 3518 numero,
3211 3452 3457 3507 virorum
3510 3465 3577 3505 ac

1989 3546 2298 3610 mulierum,
2351 3560 2471 3600 eam
2545 3543 2927 3598 deducentium
2962 3562 2976 3596 :
3011 3557 3201 3598 omnes
3253 3542 3455 3613 quippe
3511 3557 3575 3595 ea

1989 3638 2177 3694 relicta
2203 3639 2420 3692 domum
2451 3636 2742 3692 redierant.
2780 3634 2875 3690 Illa
2931 3650 3126 3705 magno
3172 3634 3365 3690 affecta
3401 3649 3572 3689 sensu

1989 3732 2213 3797 doloris,
2250 3732 2323 3785 ita
2383 3728 2552 3785 Deum
2621 3738 2840 3799 precata
2882 3736 2963 3782 est
2998 3746 3011 3782 :
3052 3726 3279 3783 Domine
3319 3725 3577 3795 omnipo-

1991 3831 2130 3889 tens,
2153 3829 2378 3894 propter
2410 3836 2505 3875 eos
2530 3821 2624 3889 qui
2669 3820 2878 3875 ancillae
2922 3828 3027 3876 tute
3079 3834 3176 3889 pro
3208 3819 3427 3874 nomine
3481 3829 3577 3873 tuo

1990 3927 2284 3973 Certatum:
2318 3913 2473 3969 dimsi
2508 3922 2657 3980 sunt,
2698 3928 2955 3983 maguum
3019 3913 3237 3983 aliquod
3298 3922 3576 3968 ostentum

1991 4010 2209 4066 exhibe.
2247 4009 2309 4063 Et
2333 4010 2513 4062 subito
2536 4015 2760 4063 exortus
2806 4018 2891 4061 est
2917 4005 3154 4062 oleaster
3173 4005 3270 4077 (4),
3301 4005 3580 4077 ingenium

1993 4122 2061 4162 ac
2093 4120 2314 4162 sensum
2345 4115 2542 4162 notans
2580 4103 3121 4160 Panormitanorum.

1767 4263 1996 4321 CAPUT
2020 4262 2086 4320 ll.

1043 4383 1103 4442 S.
1165 4385 1385 4456 Agatlta:
1427 4384 1723 4438 constantia
1756 4424 1771 4450 ,
1827 4383 2095 4439 blanditiis
2155 4386 2530 4457 tormentisque
2576 4393 2802 4442 tentata.

384 4532 480 4601 (τ’.
523 4528 888 4599 Είσελθούσης
912 4527 969 4582 δὲ
1019 4529 1192 4598 αὐτης
1228 4528 1286 4579 ὲν
1313 4525 1565 4598 Κατάνῃ,
1606 4525 1876 4579 ὲκὲλευσεπ

2075 4525 2161 4583 Vl.
2180 4528 2484 4593 lngressam
2505 4525 2613 4595 jam
2635 4526 2688 4582 in
2708 4528 2894 4584 urbem
2916 4525 3357 4594 Catanamjussit
3384 4544 3586 4595 praeses

314 4628 487 4695 αὐτὴν
510 4626 540 4678 δ
573 4621 798 4696 ἡγεμὼν
829 4620 1207 4692 παραδοθῆναι
1259 4619 1638 4691 οἰκοδεσποίνῃ
1670 4619 1897 4689 ὀνόματι

325 4716 664 4789 Ἀφροδισία,
710 4715 834 4785 ἦτις
893 4710 1038 4784 εἶχεν
1087 4712 1394 4782 θυγατέρας
1428 4712 1560 4775 νέας
1605 4711 1694 4765 ἴνα
1725 4727 1899 4781 προσ-

318 4809 665 4876 πλανήσωσιν
686 4807 856 4876 αὐτὴν
878 4803 970 4860 διὰ
1003 4804 1292 4868 κολακείας
1318 4805 1539 4875 τρόπων
1570 4804 1665 4857 καὶ
1698 4804 1898 4871 λόγων,

315 4902 408 4953 καὶ
439 4899 711 4964 meam:
748 4899 851 4969 τὴν
909 4896 1152 4951 διάνοιαν
1220 4897 1411 4967 αὐτῆς,
1464 4896 1561 4950 καὶ
1612 4897 1898 4950 πεισθεῖσα

315 4993 483 5049 θύσαι
532 4997 648 5056 τοῖς
698 4990 961 5057 εἰδώλοις,
994 4991 1089 5046 καί
1126 5007 1257 5046 ποτε
1316 4989 1417 5060 μὲν
1450 4989 1662 5061 μεγάλα
1694 4989 1900 5059 φιλοτι-

392 5154 469 5222 (l)
499 5149 700 5207 Scribit
748 5150 1083 5222 Augustinus
1116 5147 1383 5222 ilnveges.
1424 5147 1567 5222 duas
1630 5159 1752 5201 esse
1794 5142 1896 5198 Pa-

316 5218 494 5280 normi
543 5224 803 5278 ecclesias
838 5218 926 5276 ’S.
976 5221 1198 5289 Agatlne
1244 5220 1437 5273 honori
1483 5218 1711 5289 dicatas,
1758 5232 1897 5289 quas

320 5295 468 5361 vulgi
492 5305 707 5363 recepta
736 5286 1070 5347 existimatio
1111 5292 1308 5366 tradit_
1336 5290 1460 5366 bina
1520 5286 1662 5366 illius
1697 5286 1895 5366 palatia

322 5359 513 5424 fuisse.
538 5359 706 5418 unum
731 5374 912 5418 tamen
939 5376 1006 5415 eo
1036 5371 1278 5429 tempore
1296 5362 1351 5414 in
1379 5360 1534 5425 urbe,
1552 5359 1605 5412 in
1632 5359 1899 5427 ponunt-io

323 5437 556 5491 alterum
584 5451 600 5489 :
633 5450 774 5488 nunc
803 5444 1029 5501 utraque
1070 5432 1208 5484 intra
1240 5447 1421 5501 muros
1437 5439 1542 5489 est.

391 5506 469 5574 (Ξ)
507 5504 652 5560 Idem
692 5500 981 5561 Hervetus.
1013 5500 1215 5574 fusiore
1252 5500 1498 5574 fortassis
1538 5514 1692 5574 usus
1722 5513 1902 5574 exem-

327 5570 499 5644 pl.iri:
541 5596 560 5629 ι
608 5576 712 5630 Sed
754 5574 973 5639 festina,
1008 5571 1250 5644 etvince
1278 5571 1621 5644 diabolumct
1649 5570 1893 5644 eiusmij

323 5640 557 5703 nistrum
613 5645 920 5717 pratsirlem,
958 5658 1026 5697 ne
1056 5642 1251 5717 dicat_:
1285 5640 1384 5696 Ubi
1419 5650 1502 5696 est
1558 5640 1896 5717 Densi-jus?

325 5728 578 5784 tanquam
609 5711 939 5773 sacriﬁcium
973 5720 1029 5769 el.
1059 5711 1389 5784 oblationem
1429 5725 1577 5784 meas
1622 5714 1896 5784 accipiens

325 5782 594 5860 larrymas
621 5789 674 5841 in
713 5789 879 5841 odore
920 5783 1207 5860 suavitatis
1237 5799 1250 5835 :
1282 5782 1535 5860 quoniam
1575 5793 1629 5835 tn
1665 5796 1722 5837 es
1757 5783 1895 5839 licus

328 5853 496 5929 :clu's,
535 5868 587 5916 ct
626 5869 674 5916 te
706 5860 858 5916 decet
883 5856 1051 5928 gloria
1080 5854 1130 5911 in
1163 5853 1391 5928 sarcula.
1430 5854 1618 5910 Amen.

2004 4615 2403 4673 matrifamilias
2478 4615 2692 4671 cuidam
2783 4617 2964 4681 tradi,
3024 4615 3245 4669 nomine
3314 4615 3587 4684 Aphrodi-

2002 4711 2095 4763 sias
2130 4708 2230 4779 (5),
2270 4723 2390 4778 quae
2415 4708 2852 4764 adulescentulas
2889 4709 3127 4763 habebat
3179 4707 3340 4774 ﬁlias,
3375 4718 3435 4764 ut
3464 4724 3588 4763 ver-

2000 4802 2193 4856 borum
2251 4815 2572 4871 morumque
2624 4801 2912 4856 lenociniis
2946 4801 2998 4854 in
3058 4811 3434 4855 transversum
3459 4816 3585 4857 eam

1999 4893 2363 4964 impellerent,
2390 4909 2452 4949 ac
2482 4902 2715 4948 mentem
2748 4894 2864 4963 ejus
2918 4895 3291 4959 immutarem,
3324 4902 3488 4965 atque
3517 4895 3589 4949 ad

1999 4987 2420 5045 sacriﬁcandum
2485 4987 2648 5044 idolis
2712 4987 3056 5044 inducerent.
3118 4993 3184 5042 Et
3225 4988 3307 5044 inc
3366 4988 3584 5059 quidem

2073 5144 2148 5213 (ὅ)
2182 5143 2410 5212 lnveges
2469 5144 2665 5199 scribit
2705 5145 3055 5209 prmcessisse
3118 5145 3405 5211 Agatham,
3444 5151 3583 5215 qttod

2004 5216 2318 5270 indecorum
2349 5216 2644 5279 videretur,
2674 5217 2722 5270 si
2750 5216 2926 5284 puella
2950 5231 3135 5273 coram
3162 5217 3426 5273 militibus
3459 5233 3581 5272 cor-

2005 5286 2198 5353 rigi-tm
2232 5285 2399 5339 calcei
2433 5285 2782 5354 astringeret.

2078 5356 2155 5426 (ι)
2214 5354 2346 5409 Olea
2398 5354 2756 5426 infructuosa.
2798 5353 3120 5412 Ostenditur
3172 5358 3471 5411 etiamnum
3532 5359 3585 5411 izr

2006 5424 2167 5550 {torto
2214 5427 2372 5481 diem
2400 5424 2688 5492 ecclesia,
2732 5428 2808 5482 uti
2859 5439 3020 5483 antea
3076 5444 3143 5482 ex
3194 5426 3387 5497 lnvcgc
3437 5439 3589 5483 retu—

2030 5512 2192 5550 tmus.
3192 5516 3195 5521 ·

2030 5512 2192 5551 ιιιιιιει.
3192 5516 3195 5521 “

2069 5567 2146 5634 (5i
2179 5567 2432 5633 Quidam,
2462 5576 2525 5619 ιιι
2556 5566 2782 5631 lnveges
2805 5568 3015 5628 scribit,
3056 5568 3321 5621 Venerem
3348 5578 3581 5628 vocant:

2002 5647 2055 5692 et
2091 5638 2246 5694 vilem
2268 5653 2332 5692 ac
2349 5638 2613 5705 plebeiam
2635 5637 2748 5699 alii,
2769 5637 3111 5692 alii'nobilem
3134 5637 3338 5691 iaciunt
3365 5655 3378 5703 ;
3402 5655 3592 5693 omnes

1998 5711 2109 5765 vita
2135 5708 2525 5776 turpissimam.
2549 5707 2946 5762 Existimantur
2967 5707 3084 5775 ejus
3104 5707 3287 5773 palatii
3314 5724 3434 5764 esse
3463 5725 3583 5778 quae

2002 5782 2222 5834 (laruae
2261 5789 2561 5833 cernuntur
2604 5778 2795 5839 ruinae.
2819 5778 3229 5834 armamentarii
3258 5780 3429 5836 muris
3453 5795 3549 5835 con
3571 5813 3584 5821 -

2003 5861 2309 5922 gutcntattc.
2348 5849 2556 5906 incerta
2588 5848 2922 5919 conjectura.
