3820 6534
262 367 398 433 1335

1480 365 1762 427 MENSIS
1791 361 2308 424 FEBRUARIUS.

3377 360 3398 424 1
3413 360 3541 425 326

256 499 399 539 nunc
448 495 673 554 magnos
712 482 947 536 honores
999 479 1048 535 ei
1105 479 1446 551 pollicentes,
1503 479 1829 549 quandoque

1970 476 2154 529 ,εἶσθαι
2180 473 2630 545 ὑπισχνούμεναι,
2657 472 2785 528 ποτὲ
2821 472 2878 526 δὲ
2931 471 3161 537 ἀπειλὰς
3195 472 3542 544 ὑποφέρου-⁵

253 579 588 633 intentantes
612 574 812 638 minas,
836 571 1128 642 sperabant
1154 580 1398 626 sanctam
1427 571 1692 639 virginem
1719 569 1831 624 suis

253 671 524 725 illecebris
555 669 619 723 ad
661 665 1022 722 idololatriam
1068 674 1400 734 pertractum
1448 662 1536 718 iri.
1575 662 1707 716 Cum
1735 676 1830 714 au-

252 772 360 817 tem
390 761 671 816 fallacibus
702 759 852 814 hisce
896 755 1260 812 delinimentis
1321 754 1397 824 (6)
1455 754 1718 809 rationem
1777 753 1826 807 ei

250 865 580 922 sensumque
651 852 866 922 eripere
927 849 1249 911 niterentur,
1305 861 1567 916 generosa
1628 845 1829 902 Christi

251 955 461 1014 martyr
509 944 581 998 ita
611 941 676 997 iis
707 939 988 1012 respondit
1017 955 1033 994 :
1067 937 1220 994 Mens
1270 951 1390 992 mea
1423 952 1585 1004 supra
1615 946 1823 1006 petram

251 1035 474 1090 fundata
526 1040 630 1097 est,
677 1045 852 1102 neque
910 1045 1144 1100 unquam
1173 1031 1373 1099 poterit
1406 1043 1434 1082 a
1463 1028 1667 1084 Christi
1695 1027 1829 1082 cha-

251 1129 414 1182 ritate
469 1125 734 1196 separari.
790 1123 968 1180 Verba
1003 1133 1187 1179 vestra
1244 1121 1425 1177 ventis
1471 1120 1668 1176 similia
1698 1135 1828 1175 eva-

251 1233 417 1274 nuere
450 1235 463 1272 :
496 1217 838 1273 conversatio
885 1225 1089 1282 vestra,
1137 1215 1316 1286 pluvia
1363 1223 1482 1280 est;
1520 1214 1700 1280 minae,
1737 1212 1829 1266 ﬁu-

251 1312 345 1368 vii.
375 1311 525 1366 Allisi
561 1311 780 1383 quidem
816 1308 868 1363 hi
923 1317 1052 1364 sunt
1077 1309 1143 1363 ad
1176 1309 1392 1362 domum
1424 1317 1690 1370 nostram,
1736 1305 1830 1361 sed

251 1418 373 1458 eam
428 1411 721 1458 concutere
770 1414 1115 1470 nequaquam
1177 1406 1492 1467 potuerunt,
1545 1397 1827 1452 fundatam

251 1494 452 1564 quippe
476 1507 636 1562 super
664 1501 892 1562 petram,
922 1492 1012 1560 qui
1059 1489 1306 1545 Christus
1363 1497 1468 1545 est.
1523 1487 1650 1544 limo
1707 1504 1830 1544 cum

252 1588 481 1650 diceret,
521 1601 627 1639 non
658 1583 910 1640 cessabat
947 1584 1060 1654 ipsa
1123 1583 1225 1637 sibi
1286 1582 1645 1654 lacrymarum
1676 1581 1829 1650 copia

253 1678 432 1730 sinum
459 1675 747 1730 inundare.
782 1672 1246 1738 Quemadmodum
1271 1673 1417 1726 enim
1446 1687 1640 1728 cervus
1659 1671 1831 1726 anhe-

254 1768 330 1822 lat
356 1767 422 1820 ad
452 1767 628 1822 fontes
653 1780 945 1836 aquarum,
976 1765 1052 1820 ita
1109 1764 1451 1820 desiderabat
1484 1765 1681 1820 anima
1712 1764 1830 1834 ejus

253 1857 472 1926 prodire
513 1857 564 1912 in
595 1871 842 1924 arenam,
871 1871 1041 1927 genus
1058 1871 1218 1911 omne
1238 1857 1573 1911 cruciatuum
1603 1871 1699 1926 pro
1725 1857 1831 1914 ﬁde

252 1946 479 2014 ChriSti,
511 1961 707 2019 magna
743 1948 1024 2004 alacritate
1053 1945 1297 2018 perferre
1328 1945 1615 2003 festinans.

333 2209 448 2266 VII.
480 2210 808 2281 Aphrodisia
867 2209 1053 2280 igitur,
1079 2224 1308 2267 cernens
1343 2212 1723 2268 inconcussum
1782 2220 1837 2268 et

255 2303 584 2358 immobilem
597 2304 821 2375 Agathre
840 2303 1099 2368 animum,
1123 2303 1188 2359 ad
1207 2302 1556 2369 Quintianum
1577 2305 1838 2360 accedens

256 2397 366 2451 ait:
390 2393 624 2451 Facilius
645 2405 730 2452 est
754 2395 959 2466 lapides
979 2396 1210 2462 mollire,
1241 2397 1324 2452 vel
1355 2396 1558 2452 ferrum
1591 2396 1644 2452 in
1664 2398 1838 2467 plum-

255 2487 384 2541 bum
403 2498 719 2541 convertere
739 2487 840 2557 (7).
873 2487 1004 2542 l‘lam
1025 2497 1078 2544 et
1095 2503 1196 2558 ego
1224 2497 1280 2543 et
1310 2488 1433 2544 ﬁliae
1457 2503 1589 2543 mea:
1615 2490 1835 2546 assidue

257 2578 352 2633 diu
409 2587 680 2648 noctuque
736 2578 868 2633 nihil
917 2578 1841 2651 aliudegimus,modoinculcantes

263 2671 554 2739 promissa,
586 2671 746 2726 modo
778 2672 950 2727 minas
979 2673 1313 2730 intonantes.
1341 2672 1456 2743 Ego
1494 2675 1839 2745 margaritas,

263 2763 494 2832 insignia
517 2772 859 2830 ornamenta,
882 2765 1148 2832 pretiosas
1164 2773 1370 2831 vestes,
1391 2781 1607 2832 aurum,
1628 2767 1837 2832 domos,

264 2852 468 2922 praedia
503 2853 837 2920 suburbana,
871 2855 1164 2923 mancipia,
1205 2856 1254 2911 ei
1286 2856 1386 2912 sub
1435 2857 1624 2912 oculos
1647 2858 1839 2928 posui:

263 2951 321 2996 at
355 2950 553 2996 cuncta
600 2941 718 2997 lucc
763 2956 829 2998 eo
883 2944 1006 2999 loco
1041 2945 1221 3008 habet,
1256 2961 1362 3015 quo
1405 2955 1628 3014 terram,
1679 2964 1842 3018 quam

263 3033 491 3103 pedibus
545 3034 738 3100 calcat,
769 3049 835 3091 ac
887 3036 1042 3090 nihili
1114 3053 1339 3108 prorsus
1396 3041 1649 3096 aestimat.
1692 3040 1845 3096 Tunc

1934 588 2045 638 σαι,
2076 569 2303 642 ἤλπιζον
2355 570 2455 640 τὴν
2487 570 2649 639 ἁγίαν
2690 568 2929 639 Ἀγάθην
2957 569 3247 640 δελεασμῷ
3286 569 3540 623 ἑλκύσαι

1933 664 2011 726 εἰς
2042 659 2502 728 είδωλολατρείαν.
2574 660 2799 724 Τούτοις
2841 660 2901 713 δὲ
2930 663 3044 722 τοῖς
3097 661 3399 730 ἀπατηλοῖς
3425 663 3539 716 δε·-

1932 755 2234 825 λεάσμασιν
2259 751 2600 821 ἀποσυλῆσαι
2621 751 2710 806 τὸν
2728 752 2900 823 αὐτῆς
2923 751 3182 821 λογισμὸν
3207 769 3540 823 μηχανευο-

1935 845 2148 917 μέναις,
2183 845 2543 914 ἀποκριθεῖσα
2576 845 2610 914 ή
2639 845 2865 912 γενναία
2901 843 3112 914 μάρτυς
3142 844 3235 897 τοῦ
3275 843 3532 914 Χριστῡῦ

1943 937 2148 1010 Ἀγάθη
2201 933 2355 992 εἶπεν
2376 954 2390 970 ·
2448 937 2512 991 Ἦ
2563 936 2774 991 διάνοιά
2803 955 2903 1007 μου
2929 939 3021 989 ἐπὶ
3051 937 3258 1008 πέτραν
3285 937 3534 1005 τεθεμε-

1931 1031 2144 1096 λίωται,
2175 1031 2448 1102 μηδέποτε
2479 1029 2590 1086 ἀπὸ
2622 1030 2722 1101 τῆς
2741 1029 2964 1100 ἀγάπης
3001 1027 3098 1081 τοῦ
3127 1027 3366 1097 Χριστοῦ
3399 1045 3528 1098 χω-

1935 1123 2186 1194 ρισθῆναι
2226 1121 2504 1192 δυναμένη
2531 1138 2546 1151 ·
2585 1122 2655 1176 τά
2711 1121 2768 1175 δὲ
2807 1122 3031 1192 ῥήματα
3080 1121 3234 1190 ὑμῶν
3289 1120 3532 1188 ἀνέμοις

1931 1215 2149 1269 ἐοικότα
2187 1213 2556 1279 ἐξέπνευσαν·
2618 1214 2674 1267 αἱ
2719 1212 2927 1282 ὁμιλίαι
2979 1212 3134 1282 ὑμῶν
3187 1213 3402 1283 βροχαὶ,
3452 1214 3528 1268 αἱ

1933 1306 2154 1360 ἀπειλαὶ
2188 1306 2344 1376 ὑμῶν
2378 1305 2618 1374 ποταμοὶ
2654 1305 3022 1374 ὑπάρχουσιν⁸
3073 1304 3168 1357 καὶ
3197 1303 3260 1373 δὴ
3305 1304 3529 1368 τούτοις

1933 1397 2345 1469 προσρήξαντες
2367 1399 2434 1467 τῇ
2456 1397 2700 1468 ὑμετέρᾳ
2726 1397 2875 1466 οἰκία
2905 1393 3158 1465 οὐδαμῶς
3185 1395 3524 1448 ἐσάλευσαν·

1931 1489 2331 1560 τεθεμελίωται
2361 1489 2468 1560 γὰρ
2507 1489 2600 1541 ἐπὶ
2629 1488 2728 1560 τὴν
2757 1487 2987 1558 πέτραν,
3011 1488 3134 1559 ἥτις
3154 1487 3303 1540 ἐστὶν
3325 1489 3352 1540 ὁ
3379 1488 3530 1556 Χρι·

1933 1581 2076 1646 στός.
2095 1583 2183 1636 Ἐν
2206 1581 2263 1634 δὲ
2292 1579 2370 1652 τῷ
2385 1579 2560 1634 ταῦτα
2587 1579 2768 1649 λέγειν
2795 1581 2965 1649 αὐτὴν
2982 1581 3048 1650 τῇ
3075 1579 3182 1649 πλη
3192 1577 3388 1648 μμύρεᾳ⁵
3409 1577 3533 1632 τῶν

1933 1676 2186 1746 δακρύων
2219 1675 2568 1746 καταχέουσα
2620 1674 2682 1727 τὸ
2735 1673 2867 1726 ῐδιον
2908 1673 3106 1744 στῆθος
3133 1673 3193 1724 οὐ
3251 1672 3527 1726 διέλιπεν.

1945 1770 2042 1822 "Ov
2073 1767 2182 1838 γὰρ
2214 1766 2417 1838 τρόπον
2446 1765 2702 1818 ἐπιποθεί
2753 1766 2787 1835 ἡ
2821 1765 3018 1832 ἔλαφος
3055 1763 3149 1816 ἐπὶ
3204 1764 3304 1826 τὰς
3338 1763 3532 1830 πηγάς

1934 1861 2043 1913 τῶν
2079 1859 2290 1914 ὑδάτων
2316 1901 2330 1924 ,
2372 1857 2549 1921 οὕτως
2603 1860 2700 1912 καὶ
2748 1859 2782 1929 ή
2835 1857 3042 1928 ταύτης
3073 1855 3218 1927 ψυχὴ
3261 1855 3531 1908 ὲπεπόθει

1935 1933 2109 2005 ἐλθεῖν
2139 1951 2233 2003 ἐπὶ
2261 1950 2321 2003 τὸ
2351 1949 2566 2004 στάδιον
2591 1951 2689 2019 τῆς
2713 1949 3020 2020 ἀθλήσεως,
3048 1947 3158 2001 πᾶν
3182 1942 3324 2010 εἶδος
3350 1946 3530 2016 βασά-

1935 2063 2042 2099 νων
2075 2042 2213 2114 μετὰ
2236 2042 2436 2114 πολλῆς
2459 2043 2558 2111 τῆς
2591 2040 2888 2113 ἐπιθυμίας
2921 2041 3113 2112 φέρειν
3141 2040 3284 2111 ὑπὲρ
3315 2041 3417 2109 τῆς
3443 2042 3532 2103 εἰς

1936 2135 2170 2209 Χριστὸν
2206 2135 2445 2198 πίστεως
2481 2133 2807 2188 σπεύδουσα.

2007 2227 2081 2282 Ζ’.
2112 2227 2305 2282 Τοίνυν
2329 2229 2364 2298 ἠ
2407 2227 2722 2298 Ἀφροδισία
2754 2225 2939 2297 ὁρῶσα
2970 2225 3082 2296 γάρ
3109 2226 3380 2296 ἀήττητον
3433 2222 3534 2278 καὶ

1939 2321 2236 2376 ἀσάλευτον
2291 2318 2383 2373 τὸν
2438 2322 2537 2388 τῆς
2586 2319 2748 2387 ἁγίας
2787 2319 3026 2388 Ἀγάθης
3056 2318 3339 2386 λογισμὸν,
3387 2318 3532 2385 πρὸς

1939 2417 2240 2469 Κυντιανδν
2272 2413 2694 2484 παραγενομένη
2739 2408 2892 2466 εἶπεν
2913 2428 2927 2442 °
2953 2411 3346 2482 Εὑκοπὼτερόν
3376 2412 3533 2463 ἐστιν

1939 2510 2122 2573 λίθους
2151 2509 2426 2563 άπαλῦναι
2472 2506 2505 2578 ἦ
2565 2507 2784 2576 σίδηρον
2809 2507 2888 2569 εἰς
2921 2505 3184 2576 μόλυὸδον
3220 2504 3530 2574 μεταστρέο

1939 2601 2061 2672 ψαι.
2088 2602 2196 2656 Καὶ
2227 2601 2334 2672 γάρ
2369 2599 2480 2669 ἐγὼ
2512 2600 2609 2652 καὶ
2637 2600 2693 2652 αί
2728 2597 3034 2669 θυγατέρες
3077 2615 3182 2669 μου
3227 2597 3530 2660 ἀπαύστως

1941 2694 2155 2765 ἡμέρας
2189 2693 2285 2746 καὶ
2315 2693 2509 2756 νυκτὸς
2537 2692 2694 2745 οὐδὲν
2718 2691 2848 2745 ἄλλο
2884 2689 3230 2761 ἐπράξαμεν,
3259 2689 3390 2742 ποτὲ
3427 2688 3530 2759 μὲν

1943 2782 2315 2847 νουθετοῦσαι,
2344 2783 2473 2838 ποτὲ
2501 2784 2558 2836 δὲ
2584 2783 2684 2837 καὶ
2706 2782 2936 2846 ἀπειλὰς
2959 2783 3352 2852 προσάγουσαι·
3387 2780 3536 2849 Ἐγὼ

1945 2881 2039 2931 καὶ
2064 2876 2434 2947 μαργαρίτας,
2469 2876 2582 2942 ἐγὼ
2604 2877 2699 2930 καὶ
2729 2875 2933 2947 κόσμια
2956 2875 3225 2946 ἐπίσημα,
3277 2875 3375 2929 καὶ
3403 2876 3533 2943 ἱμα-

1945 2969 2136 3038 τισμὸν
2171 2968 2464 3038 πολυτελῆ,
2500 2969 2594 3020 καὶ
2620 2967 2843 3039 χρυσὸν,
2881 2966 2974 3020 καὶ
3019 2967 3224 3033 οἰκίας,
3270 2966 3367 3019 καὶ
3397 2982 3534 3037 προ-

1947 3061 2163 3128 άστεια,
2192 3061 2285 3114 καὶ
2316 3059 2625 3131 ἀνδράποδα
2651 3063 2730 3121 είς
2758 3059 3051 3130 πρόσωπον
3084 3060 3254 3130 αὐτῆς
3286 3061 3518 3127 ήγαγον,

269 3125 439 3180 iratus
485 3124 812 3191 Quintianus
867 3125 1029 3195 jussit
1058 3129 1112 3183 in
1170 3133 1524 3188 secretarium
1565 3135 1711 3203 duci,
1751 3153 1842 3193 se-

1970 3153 2044 3205 :ai.
2070 3150 2247 3206 ταῦτα
2278 3151 2456 3204 πάντα
2506 3151 2581 3215 ὡς
2607 3151 2777 3216 πηλὸν
2808 3153 2867 3204 ἐν
2901 3154 3015 3214 τοῖς
3039 3152 3198 3205 ποσὶν
3225 3151 3398 3220 αὐτῆς
3419 3151 3533 3219 εχει

268 3217 513 3288 deasque
553 3233 654 3287 pro
678 3218 957 3284 tribunali,
984 3221 1055 3275 ita
1083 3236 1202 3277 eam
1248 3226 1534 3296 compellat
1572 3245 1585 3282 :
1621 3227 1738 3295 Quo
1787 3240 1842 3285 tu

268 3323 468 3378 genere
514 3318 632 3365 orta
692 3311 791 3366 es?
821 3311 878 3366 S.
916 3314 1127 3382 Agatha
1177 3315 1360 3371 dixit:
1413 3317 1528 3374 Non
1558 3323 1731 3376 solum
1780 3336 1847 3378 ex

270 3403 507 3470 ingenuo
538 3412 592 3456 et
627 3401 819 3458 illustri
870 3419 987 3459 sum
1021 3421 1238 3475 genere,
1265 3411 1359 3464 sed
1383 3419 1436 3465 et
1465 3415 1846 3479 cognationem

270 3492 452 3548 habeo
477 3495 672 3564 amplis
697 3493 1004 3553 aﬁluentem
1045 3499 1272 3556 divitiis.
1303 3502 1628 3568 Quintianus
1658 3504 1794 3560 dixit
1831 3524 1845 3562 :

272 3585 329 3640 Si
365 3585 596 3656 ingenua
636 3602 696 3643 es
736 3597 792 3642 et
840 3589 1088 3655 illustris,
1124 3608 1222 3646 cur
1255 3595 1496 3650 moribus
1527 3611 1694 3652 servm
1726 3613 1849 3667 per-

274 3691 464 3731 sonam
498 3677 720 3732 induisti
742 3679 765 3730 ?
789 3679 1000 3749 Agatba
1034 3682 1170 3737 dixit
1202 3700 1215 3736 :
1259 3682 1428 3741 Recte
1480 3695 1536 3742 tu
1586 3689 1803 3759 quidem
1832 3706 1848 3757 ;

275 3782 400 3822 nam
441 3770 635 3825 ancilla
656 3786 775 3826 sum
809 3772 1033 3836 Christi,
1063 3785 1460 3848 proptereaque
1523 3794 1734 3835 servam
1768 3799 1853 3838 me

273 3859 555 3926 proﬁteor.
621 3860 946 3928 Quintianus
988 3864 1125 3919 dixit
1167 3882 1182 3919 :
1217 3866 1273 3922 Si
1294 3882 1418 3922 vere
1481 3870 1712 3939 ingenua
1771 3888 1850 3941 es,

276 3953 550 4018 quomodo
582 3968 811 4014 ,servam
866 3965 919 4010 te
950 3970 1072 4011 esse
1131 3959 1465 4017 conﬁrmas?
1493 3965 1702 4036 Agatba
1765 3982 1855 4022 re-

277 4043 500 4111 spondit
541 4063 556 4100 :
587 4045 901 4116 lugenuitas
938 4057 1124 4105 nostra
1160 4059 1214 4106 et
1257 4052 1424 4123 gloria
1449 4055 1499 4110 ἰι
1530 4071 1595 4112 eo
1620 4059 1725 4113 sita
1749 4069 1854 4127 est,

281 4142 342 4188 ut
388 4135 594 4192 Christi
643 4139 876 4194 servitus
929 4143 1267 4198 ostendatur.
1311 4146 1638 4212 Quintianus
1671 4151 1855 4208 dixit:

283 4227 423 4291 Quid
452 4241 584 4298 ergo
608 4231 632 4281 '.'
665 4227 773 4283 Nos
810 4229 1061 4286 libertate
1091 4247 1368 4304 caremus,
1392 4239 1485 4308 qui
1517 4238 1718 4296 Christi
1747 4257 1862 4298 ser-

1953 3245 2047 3298 καὶ
2070 3244 2144 3308 ὠς
2172 3243 2327 3297 οὐδὲν
2351 3242 2482 3296 ὄντα
2517 3243 2823 3312 ἐλογίσατο.
2860 3244 2996 3296 Τότε
3031 3243 3310 3314 ὀργισθεὶς
3334 3243 3363 3295 ὁ
3391 3243 3534 3295 Κυν-

1951 3336 2130 3400 τιανὺς
2151 3335 2439 3389 ἐκέλευσεν
2469 3334 2636 3404 αὐτὴν
2660 3335 2891 3405 ἀχθῆναι
2923 3335 2982 3386 ἐν
3013 3334 3089 3405 τῷ
3111 3335 3414 3406 σηκρητξῳ,
3433 3334 3526 3388 καὶ

1953 3428 2198 3494 καθήσας
2250 3428 2345 3480 ἐπὶ
2389 3427 2485 3481 τοῦ
2538 3427 2808 3498 βήματος,
2854 3428 3011 3496 λέγει
3062 3430 3238 3498 αὑτῇο
3274 3427 3448 3482 Πόθεν
3478 3426 3536 3480 τὺ

1953 3521 2109 3588 γένος
2139 3519 2446 3590 ύπάρχειςς
2494 3519 2558 3572 Ἦ
2585 3519 2716 3587 ἁγία
2783 3519 2986 3590 Ἀγάθη
3039 3515 3227 3572 εἶπεν·
3261 3519 3338 3571 Οὐ
3375 3517 3534 3588 μόνον

1955 3608 2015 3672 ἐξ
2049 3608 2304 3676 εὐγενοῦς
2338 3609 2434 3661 καὶ
2457 3609 2931 3678 περιφανεστάτω
2971 3609 3166 3678 γένους
3221 3611 3360 3678 εἰμὶ,
3403 3608 3537 3660 ἀλλὰ

1956 3701 2052 3753 καὶ
2093 3699 2542 3770 ὑπερϐάλλουσαν
2594 3700 2703 3772 ἔχω
2761 3701 3083 3769 συγγένειαν
3139 3702 3221 3766 εἰς
3284 3701 3534 3756 πλοῦτον.

1957 3794 2260 3860 Κυντιανδς
2329 3791 2524 3850 εἶπεν·
2569 3796 2632 3851 Et
2685 3799 2913 3870 εὐγενὴς
2965 3799 3057 3853 καὶ
3095 3799 3535 3868 περιφανεστάτη

1957 3890 2272 3960 τυγχάνεις,
2299 3889 2387 3944 διὰ
2409 3890 2460 3943 τί
2494 3892 2608 3954 τοῖς
2634 3891 2795 3962 ἤθεσι
2843 3891 3139 3962 πρόσωπον
3186 3890 3382 3961 δούλης
3417 3891 3535 3942 ἐπί-

1963 3999 2202 4049 σπασαι;
2244 3983 2449 4054 Ἀγάθη
2491 3977 2686 4036 sicea:
2748 3983 2876 4037 Ὅτι
2927 3983 3090 4053 δούλη
3143 3983 3242 4054 μὲν
3275 3983 3394 4052 εἰμὶ
3416 3983 3539 4050 Χρι-

1962 4073 2109 4140 στοῦ,
2158 4075 2340 4139 καλῶς
2395 4071 2591 4140 εἴπαςο
2642 4075 2733 4129 διὰ
2780 4075 2940 4129 τοῦτο
2972 4076 3068 4129 καὶ
3123 4061 3534 4146 ὲαυτὴνδούλην

1960 4164 2229 4236 δείκνυμι.
2265 4167 2564 4232 Κυντιανὸς
2592 4161 2777 4219 εἶπεν·
2837 4165 3080 4236 Ἀληθῶς
3134 4165 3402 4237 ἐλευθέρα
3452 4161 3534 4219 εἷ’

1963 4256 2082 4320 πῶς
2146 4253 2230 4311 ὤν
2284 4256 2476 4329 δούλην
2523 4257 2760 4329 σεαυτὴν
2815 4253 2957 4311 εἶναι
3019 4255 3292 4328 βεϐαιοϊςς
3337 4256 3533 4326 ’Δγάθη

282 4318 510 4374 vitutem
539 4321 910 4376 detestamur?
936 4325 1145 4393 Agatho
1175 4325 1344 4382 dixit:
1373 4330 1451 4384 Ad
1471 4331 1628 4385 talem
1655 4335 1838 4388 redact

1970 4318 2117 4402 εἶπεν
2138 4366 2151 4381 ⁸
2219 4348 2279 4402 Ἥ
2289 4349 2405 4421 μῶν
2500 4318 2751 4419 εὐγένεια
2774 4351 2871 4403 καὶ
2907 4318 3034 4415 δόξα
3082 4351 3139 4401 ὲν
3166 4318 3248 4413 οἷς
3276 4350 3307 4417 ἡ
3335 4318 3538 4401 δουλεία

285 4412 422 4467 estis
455 4413 775 4469 servitutem
803 4422 858 4470 et
876 4417 1269 4487 captivitatem,
1293 4431 1350 4476 ut
1377 4437 1486 4478 non
1507 4424 1682 4481 solum
1715 4441 1838 4481 serv

1970 4441 2202 4509 Χριστοῦ
2240 4412 2701 4512 καταγγέλλεται.
2739 4412 3044 4503 Κυντιανδς
3071 4412 3267 4493 εἶπεν·
3296 4412 3374 4491 ’Ἰί
3409 4434 3534 4504 οὗν;

283 4504 414 4560 facti
444 4507 566 4562 sitis
590 4509 821 4577 peccati,
854 4524 1039 4565 verum
1088 4513 1251 4568 etiam
1278 4517 1515 4573 cultores
1550 4534 1710 4574 sensu
1761 4537 1842 4576 ca-

1970 4534 2125 4602 ἡμεῖς
2156 4504 2470 4604 ἐλευθερίαν
2512 4532 2613 4586 οὐκ
2666 4534 2882 4603 ἔχομεν,
2923 4534 3120 4594 οἵτινες
3160 4531 3538 4601 καταπτύομεν

284 4600 520 4654 rentium
560 4611 615 4656 et
667 4605 1082 4660 essecrabilium
1131 4608 1566 4675 simulacrorum,
1599 4613 1692 4683 qui
1751 4613 1842 4671 Det

2086 4623 2180 4677 τοῦ
2205 4600 2442 4695 Χριστοῦ
2467 4600 2745 4689 δουλείαν-ς
2765 4600 2995 4693 ⁷Ἀγάθη
3019 4618 3174 4676 εἶπεν
3203 4636 3213 4645 '
3245 4623 3336 4683 Εἰς
3354 4600 3539 4673 τοσαύ-

284 4691 530 4758 debetur,
562 4691 828 4762 lapidibus
855 4703 910 4750 et
963 4696 1120 4767 lignis
1170 4701 1431 4756 honorem
1462 4705 1778 4764 tribuentes.

1960 4739 2060 4790 την
2083 4721 2461 4791 κατηντήσατε
2481 4720 2723 4774 δουλείαν
2747 4720 2844 4774 καὶ
2875 4717 3276 4788 αἰχμαλωσίαν,
3299 4717 3442 4770 ὥστε
3472 4718 3538 4786 μὴ

289 4789 456 4887 μόνον,
505 4789 724 4852 δούλους
751 4791 924 4887 μὺνζᾶί
939 4792 1200 4887 γενέσθαι,
1230 4795 1343 4887 fil;
1392 4798 1690 4870 ἁμαρτίας,
1721 4807 1858 4863 ἀλλὰ
1894 4815 1988 4868 καὶ
2017 4789 2320 4886 βδελυκτῶν
2341 4816 2435 4868 καὶ
2457 4816 2801 4887 ἀναισθήτων
2826 4815 3031 4880 ξοάνων
3090 4813 3394 4884 λατρευτὰς
3449 4814 3539 4884 τὴν

285 4883 675 4951 προσήκουσαν
705 4883 784 4953 τῷ
815 4883 934 4974 Θεῷ
987 4883 1152 4953 τιμὴν
1188 4883 1360 4948 λίθοις
1414 4889 1506 4941 καὶ
1541 4889 1721 4957 ξύλοις
1755 4883 2153 4974 ἀπονέμοντες.

359 4971 498 5026 Vlll.
524 4973 848 5040 Quintianus
873 4965 1036 5028 dixit:
1076 4971 1274 5040 Siquid
1300 4975 1488 5030 insane
1521 4977 1864 5050 blaSphema-

290 5069 458 5133 veris,
487 5069 630 5122 sumi
659 5068 724 5121 de
748 5077 801 5121 te
825 5066 1148 5136 supplicium
1175 5068 1394 5134 poterit.
1433 5069 1503 5123 At
1548 5073 1862 5146 priusquam

292 5160 344 5212 in
382 5172 501 5213 mea
528 5158 738 5211 incidas
770 5165 1063 5221 tormenta,
1121 5157 1362 5212 edissere
1415 5173 1518 5227 qua
1554 5178 1716 5218 causa
1738 5167 1866 5221 deo-

291 5265 412 5306 rum
466 5249 755 5318 religiones
786 5251 1072 5304 averseris.
1109 5249 1318 5318 Agatha
1379 5254 1661 5322 respondit
1696 5275 1710 5310 :
1743 5256 1862 5314 Noli

301 5346 524 5401 deorum
557 5345 758 5410 dicere,
788 5344 882 5400 sed
935 5345 1237 5398 dmntonum
1265 5361 1280 5398 :
1311 5360 1538 5414 quorum
1575 5347 1776 5418 elﬁgies
1809 5353 1866 5410 in

367 5459 443 5531 (6)
475 5457 664 5515 Refert
687 5475 749 5514 ex
789 5459 1014 5516 Carrera
1053 5461 1299 5530 Inveges,
1329 5463 1432 5516 dici
1485 5463 1862 5520 incantationi-

292 5529 396 5604 bus
421 5529 635 5604 quoque
655 5546 719 5586 ac
735 5531 1013 5604 diabolicis
1038 5532 1323 5604 praestigiis
1369 5536 1688 5600 appetitam.
1743 5538 1867 5604 qui-

293 5603 397 5657 bus
421 5602 756 5669 superiorem
783 5602 1018 5671 Spiritus
1042 5602 1218 5671 sancti
1249 5618 1448 5656 numen
1505 5602 1821 5671 praestiterit
1848 5625 1861 5662 :

295 5671 424 5742 hinc
447 5680 634 5726 contra
678 5670 941 5727 fascinum
968 5688 1032 5726 ac
1059 5670 1314 5742 veneﬁcia
1342 5670 1603 5740 invocari;
1631 5691 1864 5742 praesen-

299 5741 511 5796 tissimo
543 5743 800 5810 remedio,
844 5753 902 5797 ut
944 5758 1084 5811 saepe
1129 5741 1334 5801 clavos.
1367 5744 1578 5810 glomus
1608 5741 1898 5812 pilmum,‘

299 5813 510 5886 aliaque
539 5812 680 5870 [teda
714 5824 990 5882 eveniunt,
1018 5813 1158 5870 illius
1207 5826 1329 5884 ope,
1360 5815 1449 5883 qui
1504 5816 1863 5873 t'cncﬁt‘oruru

2044 4997 2124 5048 H'.
2161 4993 2460 5058 Κυντιανδς
2508 4989 2698 5048 εἶπενο
2738 4995 2804 5049 Ei
2845 5013 2898 5050 τι
2949 4997 3193 5068 μανικῶς
3219 4995 3537 5066 βλασφημή-

1977 5104 2109 5150 σεις,
2139 5085 2364 5138 δυνατὸν
2398 5085 2749 5150 ὑπεξὲλευσιν
2781 5088 3074 5155 γενέσθαι·
3115 5088 3253 5141 ἀλλὰ
3279 5089 3408 5158 πρὶν
3455 5090 3537 5140 ὲκ-

1974 5181 2164 5231 πεσεῖν
2193 5193 2252 5229 σε
2279 5179 2355 5240 είς
2380 5177 2448 5230 τὰ
2480 5177 2878 5248 βασανιστήριά
2911 5198 3036 5248 μου.
3069 5180 3192 5232 εἰπὲ
3222 5190 3364 5242 τινος
3394 5181 3539 5250 χάριν

1976 5268 2036 5320 τὸ
2066 5265 2316 5337 σέϐασμα
2344 5267 2626 5330 διαπτύεις
2668 5268 2776 5321 τῶν
2807 5267 2982 5335 οεὦν;
3025 5271 3228 5338 Ἀγάθη
3253 5264 3406 5322 εἶπεν
3425 5286 3437 5299 ·
3459 5269 3542 5340 Μὴ

1976 5357 2100 5427 λέγε
2138 5359 2298 5424 θεῶν,
2327 5359 2464 5412 ἀλλὰ
2493 5359 2784 5429 δαιμόνων,
2811 5356 2888 5413 ὧν
2917 5361 3016 5424 τὴν
3067 5361 3192 5430 δψιν
3245 5363 3325 5426 είς
3353 5361 3539 5431 χαλκὸν

1967 5473 2314 5593 captionibus
2353 5474 2620 5545 malisque
2653 5474 2901 5531 artiﬁciis
2930 5477 2983 5530 in
3037 5476 3411 5546 aegritudinem
3462 5477 3542 5530 in-

1967 5559 2033 5593 Cll
2059 5555 2239 5593 murti.

1966 5555 2239 5598 cttteruut.

2040 5613 2118 5687 (Ἰ)
2152 5614 2311 5687 Addit
2369 5613 2587 5670 ilervet.
2655 5633 2674 5667 ι
2720 5631 2881 5684 quam
2912 5627 3150 5670 mentem
3180 5615 3346 5687 hujus
3363 5617 3544 5686 puellae

1966 5684 2240 5808 aleristi
2291 5701 2476 5742 amore
2530 5688 2837 5744 traducere.
2873 5705 2892 5740 ι
2935 5687 3176 5745 Aberant
3228 5684 3422 5744 haec—at
3455 5705 3542 5745 uo-

1969 5770 1995 5808 8
2029 5770 2084 5808 Ιό
2117 5771 2217 5808 Ill-‘5.

1969 5770 2084 5810 8ῑ1¹0
2117 5771 2217 5809 1115.
