3820 6474
222 394 358 459 1337

1282 401 1462 462 VITA
1503 402 1564 463 S.
1602 403 1927 466 AGATHE
1960 406 2336 468 VIRGINIS.

3316 407 3456 475 i338

221 506 648 578 μεταστρέφετε,
692 499 768 562 ὧν
807 506 876 560 τά
944 505 1242 578 μαρμάρεα
1294 510 1393 563 καὶ
1436 511 1791 581 γυψόπλαστα

1899 528 2187 573 aeramenta
2241 519 2647 586 transmutatis;
2698 533 2925 591 quorum
2988 533 3021 576 e
3070 534 3343 576 marmore
3400 525 3459 578 et

219 597 494 668 πρόσωπα
523 597 938 669 περιχρνσοῦτε.
976 600 1277 664 Κυντιανδς
1310 597 1463 656 εἶπε*
1514 603 1791 672 Ἐπίλεξαι

219 691 422 759 σεαυτῇ
444 688 701 760 λογισμὸν
727 690 952 758 ἀγαθὸν,
978 690 1072 744 καὶ
1106 691 1395 746 πεισθεῖσα
1433 693 1621 750 θῦσον·
1657 697 1706 749 εί
1735 695 1792 749 δέ

221 780 323 851 μὴ,
377 779 655 850 διαφόροις
702 779 958 850 βασάνοις
1002 780 1141 851 μετὰ
1186 782 1296 836 τῶν
1323 783 1630 838 καταδίκων
1657 785 1792 838 ὑπο-

220 874 397 945 στήσῃ
422 874 516 926 καὶ
543 873 820 944 ἐνυϐρίσει
846 873 908 927 τὺ
956 873 1178 944 ἀξίωμα
1204 875 1306 945 τῆς
1337 877 1661 945 συγγενείας
1696 895 1790 932 σου

217 962 317 1014 καὶ
341 962 650 1015 τελευταῖον
676 962 964 1015 πεισθεῖσα
993 962 1178 1027 θύσεις
1202 967 1315 1028 τοῖς
1353 966 1791 1036 παντοκράτορσι

217 1053 385 1118 θεοῖς.
425 1054 628 1125 Ἀγάθη
651 1048 804 1107 εἶπεν
822 1070 836 1085 ·
873 1055 1054 1107 Ἔστω
1079 1054 1154 1120 ὡς
1188 1055 1475 1127 Ἀφροδίτη
1503 1059 1535 1127 ἡ
1567 1057 1667 1112 θεά
1694 1075 1789 1111 σου

216 1142 251 1210 ἡ
306 1139 441 1208 γυνή
503 1157 596 1193 σου
635 1141 728 1195 καὶ
773 1141 838 1195 σύ
890 1142 1047 1209 γενοῦ
1090 1144 1217 1206 ὡςό
1256 1146 1392 1209 Ζεὺς
1443 1147 1472 1197 ὀ
1509 1144 1628 1209 θεός
1676 1163 1790 1199 σου.

217 1226 522 1291 Κυντιανδς
543 1228 599 1281 δὲ
635 1228 811 1283 ταῦτα
833 1230 1077 1297 ἀκούσας
1109 1233 1396 1287 ἐκέλευσεν
1437 1234 1607 1304 αὐτὴν
1656 1235 1792 1306 ῥαϐ-

213 1311 483 1381 δίζεσθαι,
540 1306 716 1386 λέγὶον
746 1335 757 1348 υ
808 1319 1007 1390 ’Ύϐριν
1062 1323 1140 1393 τῷ
1191 1323 1414 1395 ἄρχοντι
1456 1326 1791 1397 ὑπερηφάνῳ

220 1406 452 1477 στόματι
477 1408 552 1478 μὴ
575 1410 732 1480 ἐπίφε
744 1427 824 1481 ρε.
870 1411 1074 1481 Ἀγάθη
1109 1410 1264 1468 εἴπεν
1283 1432 1297 1447 ο
1327 1410 1422 1480 Οἷς
1445 1413 1607 1482 εἴπας
1651 1418 1792 1484 θεοῖς

217 1513 314 1550 σου
341 1492 480 1553 εἷναι
498 1538 514 1565 ,
552 1500 845 1572 σύμψηφος
871 1505 964 1557 καὶ
988 1504 1323 1576 συνάριθμος
1345 1509 1407 1562 οὐ
1439 1508 1617 1578 βούλει
1641 1511 1793 1579 γενέ-

218 1589 383 1656 σθαι;
436 1592 737 1658 Κυντιανδς
792 1591 982 1650 εἶπεν·
1029 1598 1200 1667 Δῆλόν
1246 1601 1363 1654 ἐστι
1412 1602 1590 1669 τοῦτο,
1649 1603 1791 1658 ὥστε

216 1678 490 1733 πλείστων
515 1681 766 1752 βασάνων
791 1685 925 1756 ἐρᾷν
951 1689 1399 1759 προτρεπόμενον
1426 1692 1527 1762 ἐμὲ
1564 1693 1651 1749 διὰ
1682 1693 1792 1748 τῶν

218 1769 329 1822 σῶν
359 1769 569 1839 ῦϐρεων
622 1775 702 1838 είς
732 1779 891 1830 τοῦτο
936 1778 1132 1835 ἐλθεῖν.
1200 1781 1402 1853 Ἀγάθη
1428 1779 1582 1837 εἶπεν
1601 1801 1616 1815 ο
1644 1785 1788 1839 Θαυ-

1891 624 2060 678 gypso
2136 608 2449 665 ell'ormatos
2514 610 2693 666 vultus
2773 611 3054 666 inauratis.
3133 609 3463 677 Quintianus

1890 701 2027 756 dixit
2055 717 2072 757 :
2094 699 2300 757 Bonum
2317 701 2514 758 adhibe
2534 702 2628 757 tibi
2653 701 2753 773 ipsi
2773 699 3086 766 consilium,
3114 709 3170 756 et
3191 700 3457 756 sacriﬁca.

1888 788 1954 844 Ni
1985 787 2192 856 ieceris,
2221 790 2403 847 varios
2433 792 2640 849 subibis
2693 806 2819 847 cum
2878 798 3093 846 reorum
3131 791 3288 846 turba
3325 806 3455 848 cru-

1891 878 2064 931 ciatus
2094 895 2108 942 ;
2144 893 2376 948 cumque
2397 879 2749 950 amplissima
2770 888 2877 935 tum
2906 879 3214 948 cogitationi
3256 878 3457 936 fmdam

1892 969 2155 1023 inusseris
2184 980 2389 1037 notam,
2431 970 2649 1026 demum
2677 971 2864 1027 dolore
2887 980 3075 1026 coacta
3122 972 3458 1026 saeriticabis

1890 1058 2352 1129 omnipotentibus
2376 1060 2503 1116 diis.
2521 1060 2729 1130 Agathe
2751 1059 2886 1115 dixit
2911 1075 2927 1114 :
2957 1059 3078 1115 Fiat
3105 1073 3247 1134 uxor
3273 1067 3360 1112 tua
3379 1058 3455 1127 (8)

1891 1157 1948 1202 ut
1974 1148 2148 1204 Venus
2169 1150 2268 1207 des
2309 1158 2420 1217 tua,
2457 1159 2624 1215 tuque
2642 1148 2793 1205 lovis
2820 1150 2905 1204 dei
2929 1150 3003 1204 tui
3029 1150 3221 1206 similis
3236 1150 3454 1205 evadas.

1890 1238 2021 1306 Qua!
2051 1256 2176 1295 cum
2214 1241 2454 1296 audisset
2475 1240 2824 1307 Quintianus,
2856 1243 2983 1296 caedi
3009 1256 3131 1297 eam
3158 1241 3325 1311 virgis
3359 1241 3458 1294 im-

1891 1339 2043 1399 perat
2066 1330 2250 1384 dicens
2277 1348 2293 1385 :
2320 1330 2398 1385 Ne
2419 1332 2632 1401 prtesidi
2653 1330 3034 1399 contumeliam
3062 1346 3157 1385 ore
3181 1330 3457 1400 arroganti

1891 1417 2157 1475 intuleris.
2189 1419 2398 1491 Agathe
2450 1421 2619 1475 dixit:
2654 1420 2799 1488 Quos
2820 1421 2949 1475 deos
2970 1430 3089 1475 tuos
3111 1434 3228 1474 esse
3249 1420 3456 1480 dixisti.

1890 1526 2075 1567 eorum
2127 1520 2181 1566 tu
2240 1520 2292 1567 te
2326 1512 2378 1566 in
2407 1522 2552 1566 sorte
2579 1526 2644 1567 ac
2671 1524 2892 1565 numero
2919 1524 3040 1566 esse
3077 1509 3257 1566 nolis?
3290 1509 3462 1576 Quin-

1893 1605 2071 1658 tianus
2118 1604 2262 1658 dixit
2309 1603 2704 1661 :Manil’estum
2737 1613 2840 1668 est,
2891 1615 2943 1659 te
2995 1606 3148 1672 plura
3205 1611 3460 1671 appetere

1893 1704 2181 1760 tormenta,
2213 1709 2334 1764 quae
2370 1709 2455 1749 me
2485 1704 2563 1749 tot
2615 1696 2832 1767 injuriis
2860 1704 2921 1748 ut
2961 1695 3026 1749 ad
3054 1709 3117 1748 ea
3167 1692 3456 1762 procedam

1894 1787 2106 1844 incites.
2133 1787 2345 1857 Agatho
2374 1787 2508 1842 dixit
2536 1806 2550 1843 ι
2586 1786 2753 1842 Miror
2798 1796 2871 1853 te,
2899 1787 3219 1856 prudentem
3258 1784 3460 1854 alioqui

218 1861 378 1931 μάξω
405 1879 464 1916 σε
494 1863 781 1936 ἄνθρωπον
812 1868 1079 1939 φρόνιμον
1106 1870 1236 1926 ὄντα
1256 1875 1351 1927 καὶ
1380 1876 1460 1939 είς
1498 1875 1787 1932 ἀσυνεσίαν

1899 1879 2186 1943 hominem,
2212 1897 2276 1936 eo
2297 1881 2574 1936 devenisse
2599 1881 2838 1944 insaniat,
2869 1889 2925 1934 ut
2947 1879 3086 1936 nolis
3110 1879 3216 1935 diis
3245 1878 3352 1933 tuis
3380 1878 3460 1932 si—

213 1952 473 2023 τοιαύτην
492 1958 929 2028 καταντήσαντα,
962 1958 1103 2014 ὥστε
1160 1963 1234 2033 μὴ
1287 1963 1463 2018 θέλειν
1510 1983 1571 2019 σε
1603 1966 1787 2036 ὅμοιον

211 2044 469 2113 γενέσθαι
489 2045 600 2101 τῶν
631 2047 769 2103 θεῶν
791 2066 889 2104 σου
915 2054 1010 2105 καὶ
1033 2054 1136 2123 τῆς
1160 2054 1365 2109 τούτων
1386 2057 1531 2126 ζωῆς
1564 2059 1789 2131 μέτοχον

211 2131 375 2190 εἶναι.
400 2138 461 2191 Ei
484 2133 575 2193 οῦν
599 2139 711 2194 θεοί
745 2159 841 2194 σου
881 2142 1188 2214 ὑπάρχουσι
1224 2147 1320 2200 καὶ
1355 2148 1533 2211 σέϐεις
1563 2150 1784 2215 αὐτοὺς,

216 2225 331 2280 ἰδοὺ
355 2228 608 2300 ηὐξάμην
647 2247 707 2285 σε
735 2248 749 2262 ·
781 2232 905 2298 Πῶς
927 2233 1019 2287 οῦν
1044 2233 1229 2304 λέγεις
1272 2234 1431 2306 ῦϐριν
1477 2241 1789 2308 εἰσαγαγεῖν

212 2335 323 2385 σοι,
352 2319 443 2374 ἴνα
478 2319 668 2393 ὥσπερ
692 2324 725 2394 ἡ
752 2324 979 2378 ἐκείνων
1006 2324 1120 2397 ζωὴ
1152 2328 1249 2382 καὶ
1289 2331 1320 2399 ἡ
1356 2329 1602 2400 ὑμετέρα
1626 2332 1790 2403 γένη-

209 2425 304 2463 ται
327 2426 343 2476 ;
378 2411 440 2464 El
478 2412 534 2465 δὲ
556 2412 852 2468 ἀποϐάλλει
876 2415 968 2468 τὸν
990 2416 1190 2487 κλῆρον
1225 2418 1450 2474 ἐκείνων
1476 2421 1571 2474 καὶ
1598 2421 1662 2474 σὺ
1691 2420 1788 2474 σὺν

211 2497 340 2570 ἐμοὶ
374 2503 649 2571 μυσαροὺς
678 2504 972 2570 ἀποκαλεῖς
992 2507 1210 2571 αὐτούς.

284 2590 363 2646 Θ’.
401 2595 699 2659 Κυντιανδς
729 2591 885 2650 εἶπεν
910 2614 925 2631 ο
966 2595 1033 2651 Τί
1083 2600 1305 2668 ῥήματα
1330 2599 1657 2673 ὑπερήφανα
1698 2598 1789 2654 λέ-

209 2689 365 2754 γεις’;
401 2687 434 2758 ἢ
464 2688 624 2743 θῦσον
662 2692 774 2754 τοῖς
798 2692 959 2754 θεοῖς,
1016 2691 1049 2763 ἢ
1092 2693 1362 2758 ποικίλοις
1408 2711 1466 2747 σε
1533 2694 1790 2765 βασάνοις

211 2777 542 2849 παραδώσω.
587 2782 792 2852 Ἀγάθη
845 2778 1033 2837 εἶπεν·
1094 2784 1221 2838 Ἐάν
1259 2803 1348 2855 μοι
1405 2785 1570 2855 θηρία
1610 2804 1787 2857 προσ-

211 2871 452 2945 αγάγῃς,
474 2872 784 2927 ἀκούσαντα
811 2874 871 2927 τδ
894 2875 1068 2946 δνομα
1096 2875 1188 2930 τοῦ
1214 2877 1451 2948 Χριστοῦ
1493 2878 1787 2948 ἡμερωθή-

212 2980 438 3019 σονται-
497 2967 546 3018 εί
596 2966 652 3019 δὲ
702 2967 813 3036 πῦρ
860 2969 1244 3041 προσαγάγῃς,
1304 2969 1526 3038 ἄγγελοι
1575 2972 1640 3024 ἐκ
1680 2970 1789 3024 τῶν

210 3054 483 3125 οὐρανίων
516 3057 840 3126 χορηγοῦσίν
893 3076 983 3128 μοι
1031 3060 1243 3131 δρόσον.
1315 3061 1441 3114 Ἐὰν
1486 3060 1541 3115 δὲ
1575 3061 1790 3133 πληγάς

212 3146 311 3199 καὶ
334 3151 626 3216 μάστιγας,
655 3147 764 3218 ἔχω
787 3149 847 3202 τὸ
877 3150 1105 3222 Πνεῦμα
1132 3154 1232 3223 τῆς
1253 3152 1513 3224 ἀληθείας
1542 3154 1572 3207 ὃ
1604 3172 1670 3224 με
1696 3155 1791 3227 ρύ-
1819 3189 1861 3248 C

215 3256 369 3293 σεται
393 3243 456 3294 ἐκ
499 3243 608 3295 τῶν
638 3244 835 3314 χειρῶν
866 3261 980 3301 σου.
1043 3246 1177 3299 Τότε
1232 3247 1534 3310 Κυντιανδς
1562 3250 1790 3318 κινήσας

211 3327 314 3400 τὴν
353 3331 593 3400 κεφαλὴν
638 3332 926 3387 ἐκέλευσεν
963 3335 1329 3406 ἀπενεχθῆναι
1380 3336 1549 3407 αὐτὴν
1579 3339 1636 3391 ἐν
1663 3356 1791 3392 σκο-

211 3423 368 3490 τεινῇ
416 3422 655 3492 φυλακῇ,
704 3422 918 3492 λέγων*
992 3426 1319 3497 Σκεψαμὲνη
1381 3429 1503 3481 καθ’
1562 3428 1786 3499 ἑαυτὴν,

229 3508 456 3580 Ἀγάθη.
485 3511 818 3583 μετανόησον
846 3512 993 3575 ὅπως
1037 3513 1273 3583 δυνηθῇς
1301 3515 1562 3584 ἐκφυγεῖν
1595 3515 1662 3568 τὰ
1691 3513 1787 3585 βαι

215 3601 545 3671 σανιστήριά
576 3618 701 3675 μου.
743 3601 945 3673 ’Λγάθη
978 3598 1134 3656 εἶπεν
1158 3620 1173 3634 ·
1209 3604 1382 3666 Αὐτὸς
1434 3605 1793 3676 μετανόησον,

217 3692 306 3745 ἵνα
330 3691 565 3764 δυνηθῇς
595 3694 855 3762 ἐκφυγεῖν
913 3695 1012 3766 τὴν
1045 3694 1265 3749 αἰώνιον
1315 3697 1558 3752 κόλασιν.
1607 3699 1795 3769 Ὀργι-

217 3784 369 3848 σθεὶς
416 3785 472 3838 δὲ
507 3789 626 3838 τότε
659 3788 687 3839 ὁ
714 3785 1036 3850 Κυντιανδς,
1091 3788 1379 3842 ἐκέλευσεν
1432 3788 1604 3862 αὐτὴν
1636 3791 1797 3861 σύρε-

220 3872 350 3928 σθαι
380 3877 439 3928 ἐν
461 3876 526 3946 τῇ
550 3877 788 3946 φυλακῇ.
836 3875 902 3929 Ἡ
932 3875 987 3929 δὲ
1017 3876 1148 3944 ἁγία
1212 3875 1420 3947 Ἀγὰθη
1479 3880 1617 3948 μετὰ
1644 3878 1796 3932 πλεί-

219 3984 355 4037 στης
398 3969 572 4039 χαρᾶς
643 3967 893 4037 είσῆλθεν
939 3968 998 4020 ἐν
1032 3969 1100 4039 τῇ
1146 3969 1393 4040 φυλακῇ,
1443 3970 1539 4024 καὶ
1593 3970 1670 4034 ὡς
1715 3970 1797 4033 είς

1890 1970 2036 2027 milis
2060 1971 2219 2039 allici,
2240 1986 2538 2042 eorumque
2559 1973 2682 2027 vitae
2706 1973 2978 2027 consortio
2998 1971 3120 2027 frui.
3150 1968 3285 2024 Nam
3307 1970 3351 2024 si
3385 1968 3457 2024 dii

1891 2063 1967 2117 tui
2000 2073 2148 2130 sunt,
2195 2078 2396 2134 eosque
2443 2065 2745 2132 veneraris,
2795 2079 2916 2119 cum
2943 2072 3160 2135 precata
3210 2064 3337 2129 sim,
3395 2068 3457 2115 ut

1890 2151 2066 2220 qualis
2092 2167 2278 2206 eorum
2304 2159 2410 2216 est,
2450 2162 2505 2208 et
2541 2162 2628 2208 tua
2658 2161 2805 2209 esset
2846 2153 2977 2218 vita,
3002 2168 3106 2223 qua
3140 2153 3348 2207 ratione
3385 2150 3461 2204 in-

1891 2240 2205 2311 terpretaris
2258 2259 2344 2299 me
2368 2244 2464 2299 tibi
2510 2244 2759 2314 iniuriam
2786 2245 3026 2314 irrogare
3054 2242 3337 2298 voluisse?
3361 2241 3459 2296 Sin

1889 2347 2075 2389 eorum
2094 2335 2304 2405 respuis
2327 2335 2712 2405 conditionem,
2737 2346 2796 2393 et
2818 2343 2873 2391 tu
2904 2350 3113 2392 mecum
3136 2333 3457 2392 abominan-

1889 2422 1987 2478 dos
2019 2437 2112 2479 eos
2133 2422 2396 2494 appellas.

1958 2599 2055 2658 IX.
2084 2599 2404 2668 Quintianus
2449 2599 2587 2655 dixit
2616 2617 2631 2654 :
2666 2599 2933 2667 Quorsum
2967 2597 3260 2654 insolentes
3285 2597 3463 2666 iactas

1890 2707 2050 2749 voces
2071 2692 2095 2747 ?
2116 2701 2211 2746 aut
2238 2693 2340 2746 diis
2368 2691 2638 2757 sacriﬁca,
2671 2700 2763 2747 aut
2797 2690 3027 2745 diversis
3075 2698 3128 2742 te
3179 2688 3461 2757 suppliciis

1889 2784 2100 2840 dedam.
2139 2783 2351 2854 Agatha
2396 2783 2568 2838 dixit:
2602 2781 2658 2838 Si
2704 2781 2850 2838 feras
2892 2782 2945 2835 in
3002 2794 3086 2834 me
3145 2778 3458 2842 immiseris,

1890 2875 2074 2930 audito
2100 2872 2302 2928 Christi
2334 2874 2552 2928 nomine
2586 2880 2966 2927 mansuescent
2993 2886 3009 2925 :
3051 2871 3225 2939 ignem
3289 2870 3332 2925 si
3360 2870 3462 2923 ad-

1893 2966 2149 3032 moveris,
2172 2979 2351 3020 rorem
2381 2964 2511 3018 mihi
2537 2979 2566 3020 e
2593 2963 2745 3020 caelis
2776 2963 2953 3032 angeli
3003 2961 3461 3030 suppeditabunt;

1892 3057 1934 3113 si
1968 3057 2134 3128 ﬂagra
2164 3056 2428 3112 indixeris
2460 3071 2525 3111 ac
2566 3055 2771 3126 plagas,
2798 3055 2863 3111 ba
2880 3056 2979 3111 beo
3031 3052 3290 3123 Spiritum
3323 3051 3468 3107 veri-

1895 3150 2038 3213 tatis,
2066 3151 2158 3220 qui
2189 3164 2277 3204 me
2309 3162 2340 3204 e
2373 3149 2480 3204 tuis
2508 3147 2758 3205 manibus
2785 3145 3058 3202 liberabit.
3089 3145 3242 3199 'l‘unc
3301 3151 3464 3214 caput

1896 3244 2146 3312 quatiens
2193 3240 2521 3309 Quintianus
2570 3239 2735 3311 jussit
2783 3255 2902 3294 eam
2943 3239 2995 3294 in
3027 3239 3318 3294 obscurum
3345 3250 3469 3291 car-

1896 3346 2074 3387 cerem
2098 3331 2360 3395 abstrahi,
2389 3330 2608 3384 dicens:
2634 3329 2925 3383 Considera
2943 3328 3105 3383 etiam
3122 3336 3282 3396 atque
3301 3326 3465 3380 etiam

1895 3423 2032 3490 apud
2070 3429 2142 3487 te,
2169 3421 2399 3490 Agathe,
2433 3420 2615 3488 tuique
2656 3430 2708 3474 te
2768 3419 3053 3488 paeniteat,
3112 3427 3173 3471 ut
3219 3431 3335 3470 mea
3375 3417 3471 3471 de-

1894 3513 2098 3568 clinare
2157 3521 2424 3566 tormenta
2480 3510 2687 3564 valeas.
2742 3509 2954 3576 Agatha
3008 3505 3468 3573 dixit:'l‘eipsum

1897 3602 2164 3657 factorum
2201 3609 2416 3657 tuorum
2445 3601 2729 3671 pmuiteat,
2756 3609 2814 3653 ut
2842 3607 3074 3653 aeternos
3109 3594 3308 3651 evadas
3342 3609 3471 3648 cru-

1898 3694 2092 3748 ciatus.
2125 3691 2279 3748 Tunc
2311 3690 2679 3747 inflammatus
2727 3692 2807 3746 ira
2831 3684 3331 3757 Quintianusjnssit
3353 3686 3468 3756 (l0)

1894 3802 2015 3842 eam
2048 3786 2185 3840 trahi
2212 3785 2268 3839 in
2301 3785 2622 3841 custodiam.
2656 3786 2727 3838 At
2767 3781 2827 3838 S.
2856 3781 3065 3852 Agathe
3111 3794 3307 3850 magno
3347 3793 3469 3848 per-

1898 3878 2014 3934 l‘usa
2049 3893 2217 3934 sensu
2246 3878 2555 3949 voluptatis,
2593 3887 2646 3933 et
2667 3875 2830 3929 veluti
2857 3875 3094 3944 gestiens
3123 3887 3232 3943 prae
3255 3871 3468 3936 ltetitia,

1898 3970 2152 4041 precibus
2174 3976 2451 4024 certamen
2480 3985 2640 4024 suum
2666 3967 2899 4026 Domino
2926 3962 3364 4022 commendabat.

217 4056 563 4133 εὐφροσύνην
623 4058 1007 4132 άγαλλιωμένη
1061 4060 1154 4117 τὸν
1205 4061 1395 4131 ἀγῶνα
1449 4063 1621 4134 αὐτῆς
1675 4063 1792 4136 μετ’
1826 4063 2002 4135 εὐχῶν
2034 4063 2358 4138 παρετίθετο
2385 4061 2463 4135 τῷ
2490 4061 2700 4136 Κυρίῳ.

1770 4217 1999 4276 CAPUT
2040 4217 2127 4277 Ill.

705 4335 762 4391 S.
788 4336 1027 4406 Agatlue,
1054 4344 1173 4407 post
1201 4335 1375 4392 uarios
1405 4336 1696 4398 cruciatus.
1728 4335 1963 4391 abscissa
1998 4335 2238 4390 mamilla
2261 4373 2278 4401 ,
2307 4352 2339 4390 ο
2367 4334 2428 4392 S.
2462 4334 2622 4392 Petro
2650 4345 2966 4406 persanata.

295 4445 353 4503 ι’.
408 4447 488 4520 Τῇ
556 4448 613 4502 δὲ
655 4449 886 4522 ἐπιούσῃ
943 4448 1126 4521 ἡμέρᾳ.
1176 4450 1205 4503 ό
1262 4446 1467 4517 ἀσεϐὴς
1499 4445 1798 4510 Κυντιανδς

220 4541 511 4595 ἐκέλευσεν
555 4542 725 4614 αὐτὴν
776 4542 855 4613 τῷ
907 4542 1111 4614 βήματι
1167 4541 1536 4612 παραστῆναι,
1587 4538 1793 4608 λέγων·

233 4633 482 4705 Ἐσκέψω
533 4635 663 4705 περὶ
718 4636 816 4704 τῆς
850 4633 1120 4704 σωτηρίας
1144 4650 1269 4696 σονς
1318 4631 1386 4685 Ἢ
1418 4631 1549 4700 ἁγία
1588 4630 1791 4702 Ἀγάθη

221 4724 412 4783 εἶπεν·
450 4727 514 4781 Ἦ
541 4728 784 4798 σωτηρία
819 4745 919 4798 μου
943 4730 972 4781 ό
995 4728 1228 4800 Χριστός
1258 4729 1430 4781 ἐστιν.
1486 4725 1792 4789 Κυντιανὸς

297 4889 375 4959 (8)
403 4887 612 4957 Negant
638 4889 725 4941 alii
755 4887 1103 4952 Quintianum
1133 4901 1360 4942 uxorem
1385 4884 1637 4941 habuisse
1663 4900 1677 4938 :
1704 4899 1799 4936 cur
1826 4884 1881 4944 D

223 4959 490 5025 alioquin,
526 4962 698 5020 aiunt,
735 4960 999 5019 Agatltnnt
1050 4967 1198 5012 esset
1239 4967 1516 5024 procatuc,
1545 4972 1666 5009 cum
1704 4970 1800 5023 p0-

172 5046 177 5053 '
225 5030 456 5100 lygamia
476 5030 734 5100 Romanis
760 5044 862 5100 non
882 5027 1322 5100 permitteretur?
1348 5027 1542 5100 Atnon
1562 5034 1796 5088 consrat,

223 5096 464 5153 voluisse
492 5100 593 5152 sibi
627 5099 889 5166 Agatham
926 5097 1168 5165 legitimo
1203 5097 1471 5151 connubio
1516 5096 1746 5165 iungere
1779 5110 1794 5147 :

223 5180 282 5225 et
305 5178 458 5223 erant
498 5170 753 5223 Romanis
785 5166 977 5222 usitata
1018 5167 1267 5233 repudia.

302 5240 378 5303 (9)
411 5237 602 5294 Exstat
629 5240 673 5291 is
703 5239 1019 5299 etiamnum,
1053 5232 1109 5288 ut
1154 5252 1216 5290 ex
1240 5236 1466 5290 (Iarrera
1491 5234 1678 5288 scribit
1704 5232 1792 5287 ln-

221 5325 411 5379 veges,
438 5310 530 5362 sed
564 5311 614 5362 in
643 5308 899 5363 sacellum
930 5315 1184 5379 mutatus.
1221 5306 1396 5362 Jauua
1445 5315 1620 5367 vetus,
1663 5318 1784 5379 quae

221 5373 562 5435 occidentem
592 5379 890 5447 spectabat,
926 5376 1244 5447 obstructa;
1286 5391 1419 5447 nova
1477 5384 1665 5441 aperta
1722 5373 1789 5447 ad

227 5448 534 5514 meridiem,
569 5443 673 5517 qua
713 5449 767 5501 in
804 5446 1059 5517 templum
1097 5446 1203 5499 itur
1225 5446 1309 5517 cui
1341 5446 1585 5517 junctum
1616 5443 1791 5499 sacel-

224 5519 359 5574 lum.
404 5517 462 5575 In
518 5514 619 5572 hoc
651 5516 888 5588 quotidie
922 5519 1099 5588 missa:
1127 5514 1456 5588 sacriﬁcium
1508 5514 1786 5588 oliertun:

228 5591 534 5657 prmeipuus
571 5604 638 5642 eo
667 5582 962 5657 concursus
985 5586 1196 5657 piorum
1231 5586 1505 5657 hominum
1557 5583 1693 5637 feria
1726 5582 1784 5646 4,

224 5656 350 5726 otiae
376 5659 495 5729 ejus
529 5658 717 5713 honori
744 5656 1085 5729 peculiariter
1104 5656 1331 5729 Catane;
1352 5656 1566 5729 dicata_:
1588 5662 1781 5729 quarta

224 5723 363 5799 feria
393 5723 654 5799 cujusque
684 5723 889 5799 mensis
918 5727 1104 5799 prima
1137 5726 1428 5797 exponitur
1465 5723 1784 5781 solemnitcr

226 5795 427 5856 ibidem
455 5795 776 5858 venerabilis
801 5795 1160 5853 Eucharistia.

1979 4446 2051 4503 X.
2076 4448 2340 4518 Sequenti
2379 4462 2509 4504 vero
2558 4449 2650 4504 die
2675 4448 2873 4518 impius
2921 4446 3245 4514 Quintianus
3295 4460 3476 4502 coram

1904 4541 2161 4597 tribunali
2189 4557 2287 4596 suo
2313 4552 2496 4595 astare
2520 4540 2733 4609 jussam
2782 4541 2858 4595 ita
2902 4539 3198 4607 alloquitur
3236 4554 3251 4592 :
3287 4539 3358 4592 De
3387 4551 3479 4592 sa-

1902 4635 2012 4689 lute
2073 4643 2166 4688 tua
2221 4631 2637 4701 cOgitastilS.
2671 4632 2874 4702 Agatho
2934 4628 3261 4698 respondit:
3317 4626 3478 4681 Salus

1901 4741 2020 4781 ruea
2048 4724 2301 4780 Christus
2323 4734 2429 4780 est.
2450 4723 2772 4791 Quintianus
2786 4722 2923 4777 dixit
2945 4741 2960 4777 :
2983 4720 3196 4787 infelix,
3221 4735 3384 4791 quem
3412 4718 3479 4773 ad

1984 4884 2098 4955 (10)
2131 4885 2391 4940 Protrusa
2422 4899 2451 4938 a
2505 4882 2827 4957 truculentis
2854 4877 3390 4957 lictorilitts_Agatlta,
3419 4887 3479 4932 nt

1906 4948 2108 5021 impetu
2144 4956 2195 5007 in
2223 4965 2421 5011 terram
2465 4952 2857 5021 prolaberetur,
2894 4951 2945 5003 in
2980 4952 3115 5002 duos
3144 4948 3346 5021 lapides
3376 4950 3478 5000 im-

1907 5018 2071 5094 pegit,
2108 5027 2198 5093 qui
2229 5027 2401 5078 instar
2426 5018 2566 5076 certe
2595 5022 2887 5091 impressus
2919 5022 3082 5088 pedes
3106 5018 3474 5094 admiserunt,

1905 5088 2001 5149 σε’
2029 5088 2233 5164 lapsum
2287 5097 2579 5164 stiterunt;
2620 5088 2685 5164 et
2738 5102 3037 5164 cernuntur
3083 5088 3476 5164 etiatnnurnin

1905 5156 2133 5233 utroque
2160 5179 2414 5232 expressa
2450 5161 2672 5233 vestigia
2704 5162 2857 5233 pedis
2878 5159 3129 5233 calcenti,
3162 5156 3224 5233 lli
3274 5158 3478 5225 lapides

1902 5228 2118 5301 semper
2166 5228 2607 5287 iit-veneratione
2640 5228 2921 5301 haliiti,rat
2954 5230 3079 5301 quia
3131 5228 3199 5281 ad
3231 5238 3474 5301 veterem

1892 5296 2135 5371 jzmuam,
2180 5318 2301 5373 quae
2346 5317 2486 5356 nunc
2514 5301 2815 5363 obstructa,
2843 5296 3262 5373 loco:_obscuro
3301 5296 3472 5373 positi

1900 5365 2080 5429 minus
2117 5365 2243 5442 apt'e
2273 5372 2424 5427 cerui
2454 5380 2724 5438 poterant,
2757 5385 2900 5424 anno
2930 5367 3070 5442 1,650
3100 5376 3230 5442 sunt
3249 5367 3312 5418 ad
3335 5365 3476 5442 l_atu_s

1898 5459 2052 5498 novae
2110 5432 2409 5498 collocati:
2450 5432 2578 5495 sunt
2635 5452 2814 5493 autem
2861 5439 3022 5492 ambo
3074 5436 3211 5502 nigri
3246 5444 3301 5487 et
3326 5432 3471 5487 duri.

1899 5515 1973 5568 ita
2006 5511 2227 5583 luveges
2253 5527 2319 5566 ex
2352 5510 2594 5583 Cat-rera
2626 5519 2681 5564 et
2712 5510 2852 5564 aliis.
2882 5508 3127 5563 Positum
3150 5506 3216 5560 ad
3238 5513 3476 5559 veterem

1889 5583 2111 5655 januatn
2140 5580 2243 5638 l'uit
2275 5583 2381 5637 hoc
2417 5580 2712 5636 distichon.

2000 5717 2103 5773 llic
2125 5717 2480 5788 ﬁxitruiturn
2518 5716 2694 5786 pedes,
2749 5712 2976 5788 impulsa
3007 5710 3194 5774 furore

2064 5786 2340 5858 carniﬁcis
2383 5786 2588 5857 rubido,
2610 5786 2837 5841 carceris
2861 5796 3015 5838 amru
3038 5790 3236 5852 petens.
