3820 6460
419 400 555 468 i339

1603 393 1886 455 MENSIS
1923 387 2437 453 FEBRUARIUS.

3529 377 3662 441 1340

416 516 578 570 ﬁnem
608 519 698 567 tua
725 520 846 566 sese
868 505 1102 563 iniattsta
1122 503 1485 575 distorqnebit
1503 510 1643 560 ratio
1664 493 1982 558 ἳϐἰιτίειιιιιι

2107 493 2241 552 ιῐπεν
2262 513 2276 529 ·
2304 497 2451 562 Ἕως
2474 495 2640 560 τίνος,
2672 493 2853 559 ἀθλία,
2904 493 3245 565 trapeto-Spes;
3290 489 3480 544 ἄθλιον
3518 487 3664 554 λογι-

414 607 623 675 ahjnra,
648 613 702 659 et
726 600 905 658 colere
946 600 1078 655 deos
1132 598 1330 665 incipe,
1359 606 1522 667 atque
1555 595 1680 650 vita:
1726 593 1979 661 aetatique

395 706 525 750 tua:
583 694 826 758 consule,
866 706 936 746 ne
982 689 1416 759 intempestivam
1469 694 1693 757 oppetas
1724 694 1978 739 mortem.

416 786 626 857 Agatha
656 785 832 841 dixit:
862 784 941 838 'l‘u
973 795 1094 839 tuos
1117 782 1251 838 deos
1271 780 1481 848 altiora,
1512 779 1603 849 qui
1629 776 1982 845 suntlapides

416 886 471 928 et
518 875 687 945 ligna,
737 881 794 928 et
825 872 1022 928 accede
1065 872 1131 926 ad
1151 870 1463 925 eti‘ectorem
1510 883 1688 925 rerum
1739 866 1981 923 onminm

419 982 605 1021 verum
641 966 829 1029 Deum,
866 964 956 1034 qui
990 964 1311 1037 te‘creavit;
1351 977 1419 1018 ne
1442 962 1496 1017 in
1532 974 1720 1030 poenas
1753 969 1985 1014 aeternas

418 1057 745 1123 devolvaris,
780 1065 941 1126 atque
974 1057 1355 1113 interniinatos
1377 1055 1673 1111 cruciatus.
1706 1054 1984 1108 Accensns

422 1148 605 1203 furore
628 1147 950 1215 Quintianus
971 1149 1134 1220 jussit
1162 1163 1283 1203 eam
1323 1146 1600 1216 suspendi,
1659 1156 1714 1200 et
1757 1142 1984 1214 spatulis

423 1239 608 1294 incidi.
647 1239 802 1305 Quod
854 1253 974 1294 cum
1026 1238 1197 1304 ileret,
1253 1238 1466 1292 dicebat
1507 1236 1556 1292 ei
1609 1235 1984 1303 Quintianus:

425 1329 564 1386 Muta
591 1338 843 1396 mentem,
874 1327 1104 1399 Agatha,
1136 1339 1189 1381 ttt
1210 1329 1329 1381 vitae
1350 1334 1454 1381 tua
1484 1335 1755 1396 parcatur.
1777 1325 1986 1394 Agatho

376 1456 381 1465 ι
423 1423 589 1478 dixit:
627 1421 904 1490 lugentem
931 1421 1063 1475 tnihi
1092 1428 1362 1475 tormenta
1397 1427 1487 1473 tua
1513 1418 1729 1487 pariunt
1750 1417 1988 1472 delecta-

426 1509 817 1567 tinttethlaud
836 1510 991 1565 aliter
1011 1510 1196 1566 laetitia
1228 1509 1438 1565 exsulto
1476 1524 1636 1577 quam
1665 1509 1756 1579 qui
1777 1508 1987 1563 felicem

334 1650 341 1659 .
425 1603 673 1659 nuntium
704 1604 933 1672 accepit,
965 1604 1168 1672 quique
1222 1615 1379 1670 quem
1417 1600 1764 1655 desiderabat
1793 1599 1988 1665 cernit,

425 1701 519 1747 aut
549 1694 860 1748 thesaurum
917 1693 1137 1763 reperit.
1170 1692 1246 1745 Ita
1298 1689 1644 1758 tetnpnrariis
1702 1689 1851 1744 hisce
1886 1688 1992 1742 tuis

425 1786 705 1854 suppliciis
725 1785 982 1848 delector,
1010 1798 1129 1853 quae
1154 1794 1204 1838 te
1223 1784 1353 1838 mihi
1374 1784 1721 1838 incussurum
1744 1782 1986 1836 minaris.

425 1876 612 1944 Neque
648 1877 791 1932 enim
824 1885 995 1946 potest
1040 1875 1374 1930 frumentum
1426 1890 1618 1930 secure
1649 1874 1701 1929 in
1737 1872 1994 1943 granario
2027 1852 2072 1909 Β

427 1969 759 2034 conservari,
790 1966 893 2022 nisi
935 1967 1084 2038 prius
1141 1967 1291 2035 palea
1328 1966 1584 2019 nudatum
1613 1964 1792 2019 fuerit.
1827 1962 1993 2018 Simi-

426 2059 554 2115 liter
611 2075 712 2115 nec
768 2060 946 2114 anima
994 2074 1108 2113 mea
1133 2067 1309 2128 potest
1341 2059 1392 2111 in
1420 2057 1726 2127 paradisum
1761 2055 1994 2121 admitti,

428 2152 745 2220 priusquam
769 2164 965 2219 corpus
987 2164 1164 2203 meum
1188 2146 1517 2203 omnimodis
1539 2145 1877 2203 cruciatibus
1900 2159 1998 2216 per

432 2251 554 2296 tuos
593 2241 880 2297 carnifices
916 2239 1081 2296 fuerit
1112 2240 1393 2295 laniatum.

499 2419 591 2475 XI.
624 2419 1035 2477 Excandescens
1060 2421 1389 2487 Quintianus
1417 2420 1651 2492 primum
1701 2421 1999 2478 mamillam

427 2513 548 2583 ejus
568 2516 828 2583 torqueri,
853 2515 981 2569 exin
1012 2514 1102 2569 diu
1132 2523 1187 2569 et
1234 2514 1549 2570 immaniter
1581 2523 1775 2570 tortam
1806 2532 2002 2587 ampu-

432 2604 533 2659 tari
563 2604 744 2675 jussit.
781 2604 976 2662 Sancta
1020 2621 1146 2661 vero
1185 2607 1392 2676 Agatha
1427 2608 1568 2664 dixit
1602 2626 1617 2663 :
1646 2605 1837 2677 Impie,
1868 2623 1997 2664 cru-

429 2697 588 2763 delis,
618 2707 671 2751 et
696 2696 962 2768 sacrilege
987 2706 1237 2769 tyranne,
1269 2713 1375 2754 non
1410 2693 1674 2755 erulniistl
1707 2699 1813 2754 ista
1841 2715 2003 2755 exer-

431 2802 555 2842 cere
580 2789 632 2842 in
664 2786 942 2854 feminam,
968 2796 1022 2843 et
1056 2804 1214 2858 quam
1250 2790 1301 2844 in
1345 2801 1523 2845 matre
1554 2790 1751 2845 suxiin
1789 2790 2004 2845 mamil-

432 2880 539 2935 lam
565 2881 903 2952 pra-cidere?
937 2881 1325 2937 Verumtamen
1358 2882 1483 2937 licet
1515 2882 1841 2938 exteriorem
1872 2881 2003 2937 mihi

433 2972 727 3027 mamillant
779 2974 1103 3036 resecueris,
1129 2973 1291 3028 aliam
1351 2974 1524 3030 habeo
1556 2977 1613 3030 in
1673 2975 1852 3029 anima
1886 2989 2005 3029 mea

433 3063 748 3128 mantillam,
825 3080 983 3134 quam
1033 3064 1353 3119 CXSCiIIdefe
1422 3080 1698 3134 nunquam
1745 3066 2002 3127 valebis:

435 3168 511 3211 est
528 3159 669 3211 enim
687 3158 903 3213 Christo
929 3159 1033 3213 Deo
1050 3174 1168 3213 meo
1186 3158 1489 3214 abinlantia
1517 3175 1633 3213 mea
1657 3169 2000 3214 consecrata.

436 3250 613 3304 iratus
671 3251 988 3318 Quintianus
1014 3251 1177 3321 jussit
1237 3266 1358 3307 eam
1387 3252 1441 3307 in
1465 3267 1740 3307 carcerem
1775 3244 2012 3317 retrudi,

439 3343 714 3409 vetuitque
765 3356 832 3395 ne
881 3342 1002 3411 quis
1052 3342 1384 3397 medicorum
1425 3342 1492 3396 ad
1524 3357 1642 3396 eam
1676 3342 2002 3398 intromitte-

437 3446 607 3499 rclnr,
647 3450 747 3489 neu
779 3434 932 3505 panis
955 3445 1050 3490 aut
1088 3451 1225 3506 aqua
1258 3435 1335 3490 illi
1377 3434 1739 3506 prteberctur.

505 3612 619 3669 ΧΗ.
661 3614 795 3672 Cum
853 3616 905 3670 in
948 3630 1165 3670 carcere
1205 3615 1415 3670 reclusa
1460 3623 1623 3681 esset,
1652 3614 1752 3671 sub
1773 3615 2003 3671 mediam

438 3719 673 3772 noctem,
708 3709 861 3763 senili
896 3708 1068 3764 forma
1111 3708 1432 3779 apparuitei
1470 3708 1750 3777 apostolus
1790 3707 2003 3777 Petrus,

437 3798 776 3865 prtucedente
798 3815 968 3869 puero
998 3815 1062 3855 ac
1084 3800 1328 3867 lampada
1349 3808 1614 3870 gestante,
1637 3800 1753 3870 ipse
1774 3798 2004 3870 plurima

441 3885 646 3943 habens
671 3889 724 3942 in
761 3906 922 3944 manu
950 3888 1367 3953 medicamenta,
1398 3902 1563 3959 seque
1598 3889 1865 3943 medicum
1886 3903 2009 3944 esse

437 3978 626 4033 dicens
651 4018 665 4041 ,
697 3979 846 4033 hisce
872 3995 991 4033 eam
1021 3981 1307 4048 compellat
1334 3982 1515 4035 verbis
1541 3998 1555 4035 :
1595 3979 1761 4033 Multa
1790 3980 2006 4049 quidem

439 4083 495 4124 et
535 4069 738 4123 atrocia
765 4070 859 4124 tibi
904 4070 1100 4139 impius
1136 4080 1398 4142 tyrannus
1434 4080 1701 4128 tormenta
1728 4071 2005 4140 admovit;

443 4171 529 4215 nat
568 4173 740 4229 usque
787 4160 921 4215 adeo
964 4161 1098 4216 nihil
1156 4161 1405 4231 profecit,
1439 4172 1496 4216 ut
1543 4162 1721 4231 potius
1754 4171 1859 4217 tute
1877 4177 2009 4218 eon-

444 4252 656 4306 stantite
684 4261 902 4321 aspectu
948 4254 1330 4308 contabuerit:
1372 4265 1765 4325 proptereaque
1793 4254 2008 4308 mamil-

381 4376 387 4383 -
443 4342 550 4398 latn
587 4343 680 4398 tibi
718 4345 954 4412 torqueri
976 4358 1039 4399 ac
1067 4345 1259 4400 deinde
1280 4345 2011 4417 przeciditnandavit.Ipsius

443 4449 574 4492 vero
625 4438 807 4491 anima
861 4448 1122 4494 aeternum
1154 4439 1207 4493 in
1263 4439 1448 4495 dolore
1497 4440 1854 4511 cruciatuque
1893 4455 2011 4509 per-

2089 590 2265 662 σμόν;
2297 593 2567 661 ’Δρνησαι
2613 588 2706 643 τὸν
2750 587 3007 658 Χριστὸν,
3061 585 3156 638 καὶ
3190 581 3356 652 ἄρξαι
3413 577 3664 632 σέϐεσθαι

2085 685 2213 744 τοὺς
2244 685 2421 747 θεοὺς,
2449 681 2524 753 μὴ
2550 679 2652 751 τῆς
2685 680 2837 751 ζωῆς
2889 681 2986 734 καὶ
3022 677 3121 747 τῆς
3167 676 3268 744 σῆς
3300 672 3523 740 ἡλικίας
3551 686 3664 723 et:-

2092 775 2340 848 ρηθεῖσα.
2364 778 2543 848 ἄωρον
2569 774 2881 845 ἀπενέγκῃς
2920 773 3171 827 θάνατον.
3219 765 3430 833 Ἀγάθη
3476 758 3659 815 εἶπεν·

2089 869 2161 924 Σὺ
2189 869 2422 941 ἅρνησαι
2471 870 2600 931 τοὺς
2650 864 2808 931 θεούς
2862 883 2980 927 σου,
3015 862 3213 924 οἵτινες
3243 858 3352 913 eici
3409 856 3553 909 λίθοι
3575 854 3664 906 καὶ

2092 960 2244 1027 ξύλα,
2269 962 2363 1015 καὶ
2382 959 2645 1032 πρόσελθε
2668 960 2744 1031 τῷ
2769 955 3099 1029 Δημιουργῷ
3121 954 3229 1008 τῶν
3258 952 3401 1006 ὅλων
3430 948 3511 1018 τῷ
3539 948 3664 1016 ἀλη-

2092 1052 2224 1123 θινῷ
2267 1052 2409 1123 Θεῷ,
2436 1052 2513 1123 τῷ
2543 1051 2603 1106 σε
2640 1051 2931 1115 πλάσαντι,
2968 1047 3042 1119 μή
3070 1060 3188 1109 πως
3215 1044 3465 1104 αίωνίαις
3500 1055 3666 1107 τιμημ-

2094 1145 2240 1217 ρίαις
2284 1146 2378 1198 καὶ
2417 1144 2786 1207 ἀδιαλείπτοις
2842 1142 3097 1211 βασάνοις
3163 1136 3473 1204 ὑποπέσῃς.
3533 1131 3662 1183 Τὰεε

2092 1238 2371 1312 ὀργισθεὶς
2401 1240 2430 1292 6
2463 1237 2765 1300 Κυντιανδς
2812 1235 3099 1288 ἐκέλευσεν
3150 1228 3320 1298 αὐτὴν
3345 1220 3669 1296 κρεμασθῆο

2093 1351 2180 1388 ναι
2204 1333 2301 1387 καὶ
2319 1328 2701 1395 σπαθίζεσθαι,
2717 1329 2813 1383 καὶ
2834 1326 3056 1396 ἔλεγενὸ
3083 1322 3387 1381 Κυντιανός
3406 1334 3420 1348 °
3439 1315 3666 1384 Ἀγὰθη,

2094 1425 2387 1497 διόρθωσαι
2445 1422 2539 1474 τὶν
2598 1418 2858 1488 λογισμόν
2905 1434 3023 1481 σου,
3076 1417 3226 1477 ὅπως
3274 1411 3670 1481 παραχώρησις

2095 1516 2250 1571 ἔσται
2282 1517 2350 1587 τῇ
2393 1515 2506 1584 ζ’ωῇ
2549 1530 2669 1567 σου.
2709 1511 2916 1580 Ἀγάθη
2974 1504 3168 1562 εἶπενο
3208 1507 3274 1559 Δί
3312 1500 3543 1575 βάσανοί
3580 1516 3667 1551 σου

2095 1611 2272 1681 χαράν
2301 1627 2389 1678 μοι
2417 1604 2862 1677 θησαυρίζουσιν,
2895 1601 2990 1654 καὶ
3008 1597 3315 1668 ἀγάλλομαι
3341 1595 3419 1658 ὡς
3448 1595 3477 1646 6
3510 1594 3669 1659 ἀγγε·

2095 1703 2219 1756 λίαν
2267 1700 2441 1771 καλὴν
2494 1699 2713 1754 ἀκούων
2766 1696 2863 1751 καὶ
2895 1693 3233 1762 θεασάμενος
3258 1690 3446 1742 ὅντινα
3498 1684 3668 1745 ποθεῖ,

2099 1796 2195 1850 καὶ
2226 1795 2301 1858 ὡς
2322 1796 2349 1847 6
2383 1790 2559 1864 εὑρὼν
2589 1788 2923 1859 θησαυροὺς,
2946 1784 3119 1847 οὕτως
3141 1780 3297 1850 κάγὼ
3318 1779 3596 1849 τέρπομαι
3623 1776 3673 1827 ἑν

2098 1888 2220 1950 ταῖς
2248 1883 2603 1956 προσκαίροις
2636 1879 2889 1952 βασάνοις
2922 1893 3036 1929 σου.
3055 1875 3130 1927 Ού
3162 1872 3272 1943 γὰρ
3303 1871 3425 1924 ἐστι
3451 1866 3673 1921 δυνατὸν

2099 1981 2244 2033 σῖτον
2295 1974 2553 2046 ἀσφαλῶς
2606 1975 2665 2025 ὲν
2714 1969 2971 2040 ἁποθήκῃ
3005 1964 3371 2036 φυλαχθῆναι,
3427 1960 3564 2028 πρὶν
3589 1956 3675 2010 τοῦ

2098 2070 2303 2139 ἀχύρου
2335 2063 2595 2137 γυμνωθῇ
2618 2080 2631 2094 ·
2665 2060 2866 2133 ὁμοίως
2906 2060 3001 2112 καὶ
3040 2058 3074 2127 ή
3121 2054 3258 2126 τύχη
3295 2070 3399 2123 μου
3426 2052 3490 2105 οὐ
3523 2050 3675 2102 δᾶναο

2099 2177 2189 2215 ται
2229 2159 2378 2223 ὲντδς
2409 2156 2503 2211 τοῦ
2535 2153 2869 2225 παραδείσω
2909 2147 3188 2220 γενέσθαι.
3230 2145 3362 2215 πρὶν
3399 2142 3675 2201 παντοίαις

2101 2254 2357 2309 κολάσεσι
2420 2250 2482 2304 τὸ
2530 2248 2663 2320 ὲμὺν
2717 2245 2879 2316 σῶμα
2940 2241 3046 2297 ὑπὸ
3099 2239 3210 2294 τῶν
3255 2236 3363 2291 σῶν
3396 2233 3676 2307 ύπηρετῶν

2105 2343 2355 2414 αἱκισθῇ.

2172 2432 2274 2488 lA'.
2313 2428 2601 2503 Θυμωθεὶς
2624 2424 2717 2482 οὖν
2747 2427 2775 2479 6
2814 2423 3118 2486 Κυντιανδς
3168 2420 3428 2474 ἐκέλευσε
3462 2417 3555 2471 τὸν
3583 2433 3677 2485 μα-

2107 2525 2235 2581 σθὸν
2262 2522 2435 2593 αὐτῆς
2459 2518 2799 2590 αἰκισθῆναι,
2826 2518 2920 2570 καὶ
2946 2513 3084 2587 μετά
3108 2514 3169 2568 τὸ
3188 2512 3322 2567 πολὺ
3346 2509 3677 2578 αἰκισθῆναι,

2107 2615 2497 2687 ἀποτμηθῆναι
2528 2611 2836 2666 ἐκέλευσεν.
2871 2607 2937 2662 Ἥ
2967 2605 3024 2661 δὲ
3058 2604 3190 2675 ἀγία
3232 2602 3445 2673 Ἀγάθη
3495 2597 3674 2653 εἶπεν·

2116 2705 2315 2774 Ἀσεὸῆ
2342 2703 2438 2757 καὶ
2463 2701 2714 2772 ὼμότατε
2747 2699 2844 2752 καὶ
2870 2695 3004 2750 Θεοῦ
3034 2696 3288 2768 τύραννε,
3323 2694 3427 2747 οὐκ
3452 2690 3677 2764 ήδέσθης

2106 2798 2188 2863 είς
2218 2794 2438 2866 θήλειαν
2468 2790 2694 2847 τοιαῦτα
2714 2787 3142 2861 διαπράξασθαι,
3186 2789 3280 2841 καὶ
3305 2787 3372 2855 ἢν
3401 2786 3496 2837 καὶ
3528 2784 3677 2844 αὐτὸς

2106 2888 2213 2943 ύπδ
2231 2886 2331 2956 τῆς
2363 2884 2571 2957 μητρὸς
2599 2883 2869 2954 ἐθήλασας
2893 2880 3190 2949 ἀποτεμεῖν
3216 2894 3232 2944 ;
3265 2876 3411 2931 Ἀλλ’
3431 2877 3606 2945 ὅμως,
3636 2878 3677 2926 εξ

2107 2983 2202 3035 καὶ
2232 2980 2323 3033 τὸν
2350 2978 2551 3046 ἔξωθεν
2591 2975 2799 3048 μασθὸν
2827 2972 3131 3042 ἀπέκοψας,
3159 2971 3268 3040 ἔχω
3309 2970 3502 3041 ἕτερον
3534 2971 3588 3020 ἓν
3619 2969 3676 3036 τῇ

2105 3073 2252 3145 ψυχῇ
2274 3089 2373 3142 μου
2401 3069 2627 3142 μαστὸν,
2662 3067 2829 3139 ὂνπερ
2853 3064 3018 3129 αὐτὸς
3040 3064 3141 3117 οὐκ
3172 3063 3378 3134 ἰσχύεις
3414 3062 3677 3129 ἱκτεμεῖϊ

2110 3162 2481 3237 προσήνεκταί
2504 3161 2612 3231 γάρ
2646 3157 2867 3231 Χριστῷ
2895 3155 2974 3228 τῷ
3003 3153 3122 3224 Θεῷ
3151 3154 3215 3206 ἐκ
3241 3151 3443 3222 νηπίας
3473 3150 3680 3216 ﬁlix-Ia;

2111 3275 2237 3329 μου.
2282 3253 2605 3327 Ὀργασθεὶς
2646 3252 2703 3305 δὲ
2757 3252 2786 3303 6
2834 3250 3138 3311 Κυντιανδς
3175 3246 3466 3301 ἐκέλευσεν
3520 3244 3680 3312 αὐτὴν

2105 3345 2476 3416 ἀπενεχθῆναι
2505 3345 2562 3396 ὲν
2593 3342 2672 3415 τῷ
2696 3340 3079 3412 δεσμωτηρίῳ,
3131 3337 3454 3409 προστάξας
3484 3335 3679 3404 μηδένα

2105 3441 2214 3495 τῶν
2240 3438 2443 3510 ἰατρῶν
2470 3435 2894 3508 συγχωρηθῆναι
2917 3432 3177 3487 εἰσελθεῖν
3201 3433 3280 3496 είς
3315 3431 3517 3501 αὐτὴν,
3552 3428 3680 3497 μήτε

2106 3530 2273 3603 ἄρτον
2305 3529 2444 3597 αὐτῇ
2470 3526 2693 3597 δοθῆναι
2726 3528 2861 3595 μήτε
2893 3521 3062 3592 ὕδωρ.

2175 3619 2274 3675 ΙΒ’.
2312 3615 2673 3687 Εἱσελθούσής
2694 3616 2750 3670 δὲ
2770 3615 2943 3684 αὐτῆς
2985 3615 3043 3667 ὲν
3082 3615 3147 3685 τῇ
3181 3612 3426 3683 φυλακῇ.
3468 3612 3599 3681 περὶ
3629 3611 3681 3663 τὸ

2109 3711 2464 3784 μεσονύκτιον
2495 3710 2551 3760 ὲν
2573 3708 2880 3779 ὁμοιώματι
2925 3706 3300 3778 πρεσϐυτέρου
3337 3706 3514 3774 ἐφάνη
3553 3705 3676 3773 αὐτῇ

2104 3804 2134 3856 6
2161 3802 2455 3864 ἀπόστολος
2507 3799 2739 3870 Πέτρος,
2787 3791 2850 3851 οὗ
2886 3800 3205 3869 ιπροηγεῖτο
3252 3800 3386 3860 παῖς
3432 3797 3681 3865 λαμπάδα

2106 3893 2526 3964 ἐπιφερόμενος,
2568 3890 2797 3945 πλεῖστα
2847 3889 3117 3958 φάρμακα
3154 3890 3213 3942 ὲν
3238 3890 3306 3959 τῇ
3351 3888 3498 3958 χειρὶ
3529 3888 3679 3939 aito-3

2107 3984 2247 4056 ἔχων
2298 3984 2395 4039 καὶ
2444 3983 2635 4037 ἑαυτὸν
2673 3982 2858 4053 ἱατρδν
2918 3977 3057 4033 εἶναι
3109 3979 3321 4047 λέγων,
3358 3979 3454 4032 καὶ
3482 3978 3680 4039 τούτοις

2105 4076 2283 4146 λάττης
2315 4074 2668 4148 προσομιλῶν
2700 4075 2837 4145 αὐτῇ
2870 4073 3101 4142 ελεγεν-
3139 4071 3200 4126 ὀ
3234 4073 3335 4143 μιν
3368 4071 3681 4140 mam.

2110 4187 2301 4243 ραννος
2332 4169 2609 4231 τοιαύταις
2631 4166 2898 4237 χαλεπαῖς
2930 4163 3151 4235 μάστιξι
3178 4163 3531 4233 χρησάμενος
3555 4160 3682 4215 κατά

2111 4263 2227 4327 σού,
2263 4263 2462 4333 ῆνυσεν
2509 4260 2661 4313 οὐδέν
2685 4275 2700 4289 ι
2733 4257 2798 4311 σὺ
2830 4257 2886 4311 δὲ
2931 4256 3102 4309 πλείω
3145 4255 3313 4308 αὑτὸν
3341 4252 3599 4324 ὲξὲτηξας
3619 4254 3682 4321 τῇ

2111 4359 2178 4427 σῇ
2200 4353 2467 4425 καρτερίᾳ
2486 4367 2504 4387 ο
2531 4351 2611 4406 διὸ
2642 4352 2737 4406 καὶ
2763 4350 2854 4403 τὸν
2888 4348 3059 4419 μαζόν
3108 4364 3204 4401 σου
3255 4348 3316 4400 ού
3351 4345 3517 4418 μόνον
3549 4347 3684 4398 uiitt-

2114 4444 2311 4515 σθῆναι
2332 4442 2639 4507 ἐκέλευσεν,
2671 4439 2808 4495 ἀλλά
2830 4442 2925 4494 καὶ
2947 4437 3355 4508 ἀποτμηθῆναι.
3383 4435 3528 4489 Ἀλλ’
3552 4433 3685 4487 ἐκείο

445 4539 697 4579 mansura
713 4537 815 4581 est.
857 4525 1121 4592 Quoniam
1154 4538 1355 4593 autem,
1391 4544 1516 4583 cum
1554 4530 1666 4583 haec
1688 4531 2001 4599 patiebaris,

2110 4553 2201 4590 νου
2228 4535 2327 4605 μὲν
2361 4535 2395 4605 ή
2422 4532 2561 4604 τύχη
2589 4533 2648 4586 ὲν
2672 4531 2836 4602 ὀδύνῃ
2867 4530 3020 4601 μένει
3042 4529 3122 4592 είς
3144 4529 3238 4581 τὸν
3272 4527 3448 4581 αἰῶνα
3469 4542 3483 4559 ο
3504 4525 3683 4594 ἐπειδὴ

438 4615 590 4670 adfui
646 4617 992 4683 animumque
1055 4617 1337 4673 intendens
1394 4621 1643 4687 perspexi
1682 4622 1865 4675 sanari
1896 4636 2010 4676 tua-

441 4709 648 4764 tnillam
684 4718 829 4765 tuam
885 4725 1066 4780 posse,
1097 4726 1160 4766 ea
1191 4725 1352 4766 causa
1388 4713 1491 4765 huc
1519 4714 1661 4766 veni.
1698 4712 1759 4767 S.
1799 4714 2009 4783 Agatho

438 4799 492 4853 oi
524 4800 798 4869 respondit
825 4818 838 4854 :
873 4800 1157 4870 Nunquam
1200 4802 1421 4856 omnino
1448 4804 1659 4871 corpori
1690 4819 1810 4859 meo
1845 4806 2014 4858 medi-

439 4891 620 4946 cinam
652 4890 870 4946 adhibui
898 4907 912 4957 ;
938 4902 992 4947 et
1016 4906 1159 4945 nunc
1196 4902 1352 4961 turpe
1382 4893 1781 4954 existimarem.
1807 4910 2011 4949 tnorcm

441 4982 731 5051 Optimum,
765 4998 922 5054 quem
956 4997 984 5036 a
1006 4985 1178 5054 prima
1206 4984 1434 5053 pueritia
1459 4996 1775 5041 constanter
1795 4989 2011 5053 retinui,

444 5073 761 5143 infringere.
822 5073 1120 5144 Respondit
1155 5091 1318 5131 senex
1360 5091 1377 5130 ι
1415 5077 1478 5132 Et
1528 5092 1628 5147 ego
1671 5077 2013 5135 Christianus

441 5180 587 5231 sum,
626 5180 692 5220 ac
739 5167 951 5223 conﬁdo
990 5168 1125 5235 fore,
1165 5178 1275 5223 uta
1307 5185 1393 5224 me
1422 5173 1653 5239 sanet-is,
1688 5172 1914 5241 ideoque
1948 5174 2015 5227 ad

445 5264 500 5312 te
535 5259 676 5316 veni.
725 5258 957 5316 Tantum
1019 5276 1089 5315 ne
1140 5271 1191 5316 te
1237 5261 1455 5330 pudeat,
1505 5278 1608 5318 neu
1652 5280 1738 5319 me
1782 5276 2013 5321 metuas.

445 5342 801 5417 Respondens
848 5348 1047 5404 Sancta
1076 5352 1208 5405 dixit
1236 5369 1251 5405 :
1281 5351 1384 5418 Qui
1412 5369 1541 5407 vero
1572 5354 1688 5408 ﬁeri
1716 5363 1916 5423 potest,
1954 5363 2014 5408 ut

443 5454 568 5493 cum
598 5448 651 5493 tu
685 5440 835 5496 senio
855 5440 1132 5496 confectus
1172 5442 1269 5509 sis,
1302 5458 1403 5513 ego
1451 5442 1736 5514 jnvencnla
1773 5445 2012 5513 quidem,

446 5532 541 5588 sed
600 5548 827 5602 corpore
869 5534 1152 5603 suppliciis
1214 5546 1559 5604 consumpto,
1621 5538 1739 5605 ipsa
1788 5535 2012 5593 vulnera

448 5626 686 5678 animum
708 5625 1213 5700 stimulentHlagis
1237 5638 1415 5682 tamen
1443 5629 1797 5684 verecundari
1824 5627 2013 5695 debeo,

447 5715 634 5785 plagas
668 5715 813 5784 ipsas
869 5717 1121 5775 indecore
1168 5720 1393 5775 nudare.
1447 5719 1622 5788 Quare
1663 5721 1757 5776 tibi
1814 5720 2017 5792 gratias

450 5821 574 5877 ago.
601 5806 907 5867 venerande
930 5805 1112 5880 Pater,
1140 5812 1282 5884 quod
1307 5812 1553 5884 dignatus
1572 5813 1647 5871 sis
1673 5813 1777 5872 huc
1806 5812 2011 5883 venire,

2114 4629 2170 4683 δὲ
2200 4627 2463 4698 παρήμην
2489 4629 2548 4679 ὲν
2580 4627 2644 4693 τῇ
2676 4624 2794 4694 ὥρᾳ
2823 4622 3027 4694 ἐκείνῃ,
3065 4624 3123 4674 ὲν
3222 4619 3503 4683 πέπονθας
3522 4616 3684 4671 ταῦτα

2115 4719 2209 4773 καὶ
2237 4718 2578 4789 κατανοήσας
2609 4712 2750 4770 εἶδον
2773 4716 2857 4769 ὅτι
2881 4713 3108 4769 δυνατόν
3131 4714 3251 4767 ἐστι
3277 4711 3374 4766 τοῦ
3406 4711 3685 4783 ίατρευθῆο

2114 4829 2203 4865 ναι
2237 4810 2328 4864 τὸν
2383 4808 2554 4880 μαζόν
2612 4824 2731 4874 σου,
2777 4806 2969 4860 τούτου
3006 4805 3167 4877 χάριν
3221 4803 3594 4874 παραγέγονα.
3627 4802 3686 4857 Ἦ

2115 4902 2248 4971 ἁγία
2296 4898 2504 4968 ’Λγάθη
2539 4893 2692 4953 εἶπεν
2746 4896 2883 4968 πρὸς
2937 4895 3100 4951 αὐτόν
3125 4912 3142 4928 ο
3178 4894 3446 4964 Οὐδαμῶς
3476 4910 3607 4947 ποτε
3636 4895 3688 4945 ἐν

2112 4991 2193 5061 τῷ
2228 4988 2346 5060 ὲμῷ
2407 4988 2622 5059 σώματι
2669 4987 2970 5057 θεραπείαν
3010 4986 3408 5056 προσήνεγκα·
3451 4986 3547 5038 καὶ
3598 4983 3686 5037 νῦν

2116 5081 2342 5151 αἰσχρὸν
2372 5074 2513 5131 εἶναι
2542 5076 2750 5147 νομίζω
2789 5076 2869 5147 τῷ
2896 5079 2960 5130 ἑκ
2988 5074 3192 5145 νηπίας
3254 5075 3477 5144 ἡλικίας
3518 5073 3689 5143 χρόνῳ

2118 5170 2415 5244 βεϐαιωθὲν
2438 5169 2557 5233 εθος
2593 5169 2827 5241 χρηστὸν
2848 5167 2944 5223 νῦν
2972 5167 3293 5223 ἀπολέσθαι.
3347 5166 3408 5220 '0
3431 5167 3488 5221 δὲ
3524 5183 3690 5238 πρεσ-

2116 5263 2316 5331 ϐεύτης
2365 5261 2685 5332 ἀποκριθεὶς
2739 5256 2929 5314 εἶπεν*
2994 5257 3166 5328 Κάγὼ
3218 5257 3552 5328 Χριστιανός
3579 5259 3690 5327 εἰμι

2117 5357 2209 5410 καὶ
2241 5354 2451 5425 θαρρῶ,
2483 5354 2566 5407 ὅτι
2587 5352 2827 5421 δύναμαί
2857 5369 2918 5405 σε
2947 5350 3293 5421 θεραπεῦσαι
3313 5366 3331 5383 ο
3376 5348 3574 5402 τούτου
3602 5349 3694 5418 χά-

2119 5464 2203 5518 ριν
2225 5442 2387 5517 ἦλθον
2416 5446 2555 5514 πρὸς
2579 5444 2665 5497 σέ.
2701 5443 2865 5497 Ἀλλὰ
2896 5442 2971 5515 μὴ
3000 5442 3255 5513 αἰδεσθῇς
3292 5460 3382 5514 με.
3434 5442 3695 5513 ’Δποκριο

2118 5540 2273 5593 θεῖσα
2301 5537 2358 5592 δὲ
2384 5539 2418 5607 ή
2447 5538 2578 5606 ἁγία
2600 5530 2751 5592 εἶπεν
2777 5536 2925 5606 αὐτῷ
2943 5550 2957 5566 ·
2988 5536 3101 5590 Καὶ
3128 5535 3246 5598 πῶς
3293 5535 3446 5589 ἐστιν
3479 5534 3696 5588 δυνατὸν

2055 5695 2072 5708 ο
2119 5630 2178 5683 ὲν
2206 5628 2284 5700 τῷ
2312 5629 2372 5680 σε
2402 5621 2543 5680 εἶναι
2592 5626 2936 5699 πρεσϐευτὴν
2965 5627 3062 5680 καὶ
3094 5625 3475 5696 πολυχρόνιον,
3512 5627 3620 5696 ἔμε
3644 5624 3694 5676 δὲ

2120 5717 2261 5774 εἶναι
2313 5718 2485 5788 κόρην
2514 5719 2611 5772 καὶ
2641 5717 2700 5770 τδ
2732 5717 2893 5788 σῶμά
2926 5733 3027 5787 μου
3063 5716 3384 5788 διαφθαρὲν,
3441 5716 3533 5768 ῖνα
3564 5715 3694 5769 αὒτά

2120 5811 2184 5868 τὰ
2223 5808 2514 5883 τραύματα
2542 5806 3001 5879 παρασκευάσωσι
3034 5806 3421 5879 κεντρισθῆναι
3450 5807 3547 5862 τὸν
3578 5805 3691 5861 γοῦν
