3820 6470
186 407 324 474 ιδιι

1251 417 1426 475 νΙΤᾹ
1468 417 1526 475 S.
1570 417 1897 479 AGATHE
1937 417 2315 480 VIRGINIS.

3298 420 3445 486 1312

184 548 311 596 μου,
348 522 475 581 ὅθεν
500 523 704 595 μᾶλλον
751 524 960 594 ῶιρελον
1009 524 1175 588 αἰδὼς
1228 526 1511 595 γενέσθαι,
1546 527 1812 592 ἀναιδῶς,

1929 539 2155 586 tcuram
2190 530 2564 602 medelamqne
2597 531 2815 603 corpori
2847 546 2968 588 meo
2998 496 3307 589 adhiberes.
3331 528 3470 585 illud

184 617 637 690 ἁπογυμνὼσασα
680 619 748 672 τὰ
792 617 925 686 ἕλκη
979 634 1122 687 μου’
1180 617 1261 671 διὸ
1311 618 1627 690 εὐχαριστῶ
1671 636 1777 685 σοι,

186 709 376 778 Πάτερ
400 706 572 778 τίμιε,
599 710 682 764 ὃτι
726 710 1080 781 κατηξίωσας
1106 709 1283 764 ἐλθεῖν
1313 708 1517 781 ταύτης
1543 712 1645 780 τῆς
1673 728 1782 766 σω-

190 801 434 871 ματικῆς
468 802 752 873 φροντίδος
781 802 879 858 καὶ
901 805 1203 877 θεραπείας
1225 824 1239 839 ·
1280 806 1372 859 Eoo
1392 805 1448 860 δὲ
1472 804 1781 874 γινώσκων,

185 893 273 945 ὅτι
302 892 556 965 οὐδαμῶς
579 893 657 966 τῷ
687 894 807 966 ἐμῷ
858 892 1071 963 σώματι
1128 896 1398 969 φάρμακα
1431 897 1538 950 ὑπὸ
1568 895 1785 969 ἀνθρώ-ο

187 999 312 1036 πων
336 985 861 1041 κατασκευασθέντα
908 986 1686 1058 προσαχθῶσιν.Ἀποκριθεὶς
1726 986 1783 1040 δέ

189 1072 222 1125 6
245 1072 589 1145 πρεσϐευτὴς
609 1072 763 1129 εἶπεν
785 1077 921 1148 αὐτῇ
943 1093 959 1109 ο
983 1078 1083 1131 Διά
1104 1077 1155 1131 τί
1171 1078 1271 1132 ούκ
1300 1078 1394 1149 ἐᾷς
1417 1095 1485 1149 με
1508 1076 1789 1148 ίατρεῦσαί

193 1179 294 1226 as;
342 1165 408 1218 Ἡ
431 1166 564 1234 ἁγία
610 1166 819 1238 ’Λγάθη
867 1165 1024 1223 εἶπεν
1050 1186 1063 1200 ·
1094 1169 1242 1240 Ἔχω
1275 1168 1368 1224 τὸν
1422 1168 1630 1239 Κύριόν
1657 1187 1784 1241 μου,

204 1253 417 1327 Ἰησοῦν
473 1258 732 1328 Χριστὸν,
789 1258 849 1325 ὃς
896 1260 976 1333 τῷ
1012 1261 1243 1334 νεύματι
1298 1262 1467 1316 αύτοῦ
1520 1263 1667 1317 ἰᾶται
1721 1263 1792 1318 τὰ

193 1346 402 1401 πάντα·
429 1349 526 1403 καὶ
554 1349 637 1419 τῷ
664 1350 807 1422 λόγῳ
843 1352 1011 1409 αὑτοῦ
1042 1354 1236 1425 ἀνιστᾷ
1269 1355 1781 1427 κατερραγμένουςο

197 1439 383 1505 αὐτὸς,
418 1440 513 1495 ἐὰν
538 1439 690 1515 θέλῃ,
724 1444 948 1500 δύναται
974 1445 1148 1500 σῶσαι
1179 1446 1273 1500 καὶ
1299 1447 1399 1517 ἐμὲ
1423 1446 1522 1518 τήν
1560 1446 1788 1513 ἀναξίαν

196 1534 396 1603 δούλην
442 1535 631 1589 αὐτοῦ.
687 1537 822 1592 Τότε
885 1538 1320 1609 προσμειδιάσας
1384 1538 1790 1611 ὀπρεσΰευτὴς

1887 630 2070 678 tamen
2099 623 2245 678 scias
2270 623 2456 690 velim,
2483 622 2628 678 nulla
2668 640 2906 694 unquam
2948 626 3164 680 ratione
3187 638 3470 694 passuram

1889 727 1996 779 tne,
2030 722 2088 768 ut
2126 714 2342 784 corpori
2375 729 2499 771 meo
2548 717 2946 781 admoveantur
2979 714 3258 770 hominum
3288 713 3473 769 studio

1890 812 2081 876 parata
2110 808 2527 863 medicamenta.
2559 806 2670 869 Cur
2695 808 2865 873 enim,
2902 807 2982 861 ait
3015 819 3202 871 senex,
3235 819 3322 861 me
3375 803 3474 859 tibi

1892 897 2095 953 mederi
2148 912 2256 952 nou
2296 898 2544 968 pateris?
2569 898 2631 955 8.
2683 898 2895 976 Agatha
2942 897 3120 953 dixit:
3155 894 3337 952 Habeo
3365 894 3476 949 00-

1887 991 2091 1043 minum
2121 1005 2297 1045 meum
2331 990 2514 1045 Jesum
2539 990 2840 1054 Christum,
2864 991 2958 1060 qui
2996 990 3112 1044 solo
3136 997 3269 1044 nutu
3293 986 3477 1041 omnia

1887 1092 2061 1145 curat,
2098 1092 2152 1137 et
2208 1089 2517 1153 prostratos
2576 1083 2743 1138 verbo
2799 1082 2979 1154 erigit.
3035 1081 3177 1151 ipse,
3228 1080 3274 1134 si
3322 1077 3477 1141 velit,

1888 1173 2100 1241 poterit
2126 1188 2214 1230 me
2238 1187 2457 1244 quoque
2486 1173 2762 1245 indignam
2784 1170 3044 1228 famulam
3077 1185 3230 1226 suam
3255 1181 3475 1224 sanare.

1893 1263 2195 1324 Subridcns
2221 1270 2408 1324 senior
2426 1268 2561 1322 dixit
2586 1287 2601 1324 :
2638 1267 2700 1322 Et
2728 1282 2814 1323 me
2838 1266 2956 1337 ipse
2987 1265 3155 1320 misit.
3193 1262 3304 1334 Ego
3331 1262 3481 1315 enim

1891 1372 2013 1413 sum
2037 1356 2154 1426 eius
2187 1357 2488 1426 apostolus.
2519 1358 2715 1429 Aspice
2744 1365 2823 1421 te,
2855 1356 3311 1427 quemadmodum
3351 1368 3481 1422 per-

1895 1462 2087 1508 sanata
2121 1452 2218 1509 sis.
2253 1451 2466 1519 Quibus
2497 1452 2684 1517 dictis.
2718 1467 2749 1507 e
2780 1461 3082 1523 conspectu
3114 1450 3234 1521 ejus
3261 1455 3485 1520 repente

1904 1544 2203 1602 subductus
2228 1556 2331 1601 est.

200 1626 357 1684 εἶπεν
388 1632 526 1702 αὐτῇ
551 1647 567 1663 ⁸
608 1633 770 1703 Κάμὲ
790 1634 953 1698 αὐτὸς
980 1635 1302 1690 ἀπέστειλεν
1324 1653 1340 1669 ο
1376 1633 1490 1704 ἐγὼ
1538 1634 1645 1707 γὰρ
1713 1635 2014 1704 ἀπόστολος
2036 1641 2204 1696 αὐτοῦ
2239 1643 2356 1716 είμί
2380 1659 2395 1675 ο
2426 1641 2503 1698 ῐδε
2538 1638 2764 1710 ἑαυτὴν,
2795 1641 2873 1707 ὡς
2918 1639 3098 1713 ίάθης.
3135 1638 3247 1695 Καὶ
3309 1634 3486 1693 ταῦτα

200 1727 375 1784 εἰπὼν
410 1728 648 1799 ἄραντος
681 1731 903 1801 ἐγένετο
934 1731 1043 1785 ἀπὸ
1080 1731 1192 1786 τῶν
1223 1730 1520 1803 ὀφθαλμῶν
1557 1730 1753 1802 αὐτῆς.

275 1824 375 1881 ii".
404 1826 540 1880 Τότε
573 1828 845 1899 εὐχομένη
868 1830 902 1900 ἡ
927 1829 1062 1899 ἁγία
1099 1828 1306 1900 Ἀγάθη
1333 1825 1512 1884 εἶπεν
1539 1828 1781 1899 Εύχαρι-

1958 1828 2098 1886 Xlil.
2126 1829 2264 1886 Tum
2285 1845 2415 1887 vero
2441 1838 2715 1901 prostrata
2743 1830 2796 1883 in
2838 1842 3027 1899 preces
3049 1827 3260 1897 Agatha
3298 1842 3315 1881 :
3342 1824 3484 1882 (ἔνθα

205 1918 319 1973 στῶ
373 1936 477 1985 σοι,
525 1921 701 1992 Κύριε
756 1922 936 1993 Ἰησοῦ
985 1923 1213 1995 Χριστέ,
1247 1924 1331 1977 ὅτι
1370 1923 1651 1995 ἐμνήσθης
1688 1939 1791 1992 μου

205 2014 302 2069 καὶ
357 2012 686 2076 ἀπέστειλας
738 2014 877 2084 πρός
910 2031 978 2085 με
1030 2014 1124 2069 τὸν
1156 2013 1457 2070 ἁπόστολόν
1491 2028 1610 2077 σου,
1644 2013 1796 2076 ὅστις

209 2121 278 2175 με
318 2104 601 2176 ἐνίσχυσεν
633 2104 730 2161 καὶ
761 2105 1070 2160 ἀνενέωσεν
1131 2105 1204 2160 τὰ
1265 2106 1401 2177 μέλη
1434 2122 1559 2175 μου.
1614 2105 1705 2159 Ἐν
1737 2104 1796 2159 δὲ

203 2197 286 2269 τῷ
312 2197 605 2270 πληρῶσαι
659 2198 833 2270 αὐτὴν
883 2198 988 2270 τὴν
1027 2198 1218 2269 εύχὴν,
1254 2197 1439 2252 ἰδοῦσα
1473 2198 1534 2252 τὸ
1590 2197 1798 2267 ἑαυτῆς

207 2288 392 2360 σῶμα,
427 2282 552 2362 εὗρε
601 2288 1056 2362 τεθεραπευμένα
1112 2290 1180 2343 τὰ
1211 2288 1507 2361 τραύματα
1562 2288 1661 2343 καὶ
1705 2288 1799 2342 τὸν

210 2381 386 2451 μαζὸν
408 2380 607 2451 ἑαυτῆς
632 2382 1160 2438 ἀποκατασταθέντα
1178 2399 1193 2415 ·
1216 2384 1401 2437 πᾶσαν
1424 2381 1479 2437 δὲ
1509 2381 1608 2453 τὴν
1630 2380 1802 2435 νύκτα

208 2473 327 2542 σῶς
359 2475 638 2545 περιεῖχεν
665 2472 767 2546 τὴν
802 2474 1078 2544 φυλακὴν,
1131 2472 1275 2528 ὥστε
1327 2474 1437 2528 ἀπὸ
1471 2473 1568 2540 τῆς
1593 2471 1804 2543 ἐκλάμ-

1902 1923 2007 1978 tias
2044 1922 2140 1978 tibi
2176 1938 2300 1993 ago,
2325 1919 2768 1993 iuquit,Domiue
2784 1920 2911 1976 Jesu
2933 1918 3174 1984 Christe,
3202 1918 3346 1987 quod
3382 1915 3486 1971 mri

1900 2015 2067 2070 lueris
2088 2016 2425 2082 recordatus,
2467 2017 2793 2085 miserisque
2825 2013 3135 2084 apostolum
3193 2020 3366 2073 tuum,
3392 2008 3488 2079 qui

1901 2121 1989 2161 me
2026 2107 2393 2175 conﬁrmavit,
2441 2117 2496 2163 et
2529 2110 2771 2162 meuthra
2814 2120 2931 2160 mea
2983 2102 3278 2174 reparavit.
3320 2101 3493 2157 Abso-

1903 2200 2017 2253 luta
2089 2200 2428 2270 precatione,
2489 2199 2768 2255 conversis
2830 2199 2897 2252 ad
2947 2209 3144 2266 corpus
3191 2192 3389 2259 oculis,
3429 2199 3486 2247 et

1904 2290 2125 2346 vulnera
2149 2300 2364 2358 sanata,
2384 2299 2438 2347 et
2458 2290 2762 2347 restitutam
2787 2288 3083 2345 mamillam
3106 2283 3488 2357 deprehendit.

1905 2384 2040 2441 Tuta
2081 2399 2213 2441 vero
2272 2394 2436 2441 nocte
2485 2398 2580 2454 per
2614 2396 2894 2441 carcerem
2933 2380 3023 2436 lux
3055 2377 3407 2449 resplenduit,
3435 2383 3496 2431 ut

1904 2473 2116 2546 fulgore
2137 2475 2313 2530 territi
2336 2476 2595 2533 custodes
2637 2474 2981 2543 aufugerent,
3006 2481 3061 2526 et
3094 2471 3335 2527 carceris
3351 2468 3498 2524 fores

205 2565 360 2636 ψεως
418 2567 612 2634 φυγεῖν
669 2566 798 2631 τοὺς
853 2566 1129 2636 φύλακας,
1182 2567 1279 2621 καὶ
1323 2566 1385 2620 τδ
1417 2566 1807 2636 δεσμωτήριον

1929 2575 2127 2637 apertas
2154 2566 2553 2638 relinquerent.
2587 2565 2690 2633 Qui
2714 2578 2846 2620 vero
2877 2564 3038 2619 isthic
3057 2570 3216 2619 erant
3239 2560 3340 2627 rei,
3370 2575 3496 2615 cum

211 2658 558 2729 ἀνεῳγμένον
589 2660 936 2714 καταλιπεῖν.
973 2660 1038 2715 0i
1066 2660 1125 2714 δὲ
1154 2660 1316 2722 ὄντες
1365 2661 1546 2713 ἐκεῖσε
1579 2657 1807 2711 καταδι-

1929 2661 2055 2731 ιιιοιι
2093 2669 2352 2716 evenerat
2383 2660 2671 2724 vidissent,
2694 2656 2884 2713 dicunt
2909 2653 2967 2709 S.
2990 2652 3178 2724 Agatz
3205 2667 3226 2713 ι
3252 2650 3328 2707 Ειι
3355 2652 3502 2707 fores

212 2764 323 2813 κοι,
360 2748 687 2820 θεασάμενοι
709 2750 771 2805 τὸ
802 2752 1048 2820 γεγονὸς,
1074 2750 1294 2821 λέγουσι
1319 2753 1386 2822 τῇ
1418 2749 1550 2821 ἁγία
1572 2748 1801 2819 Ἀγὰθη·

225 2838 361 2894 Ἰδοὺ
386 2842 443 2895 αί
482 2840 642 2912 θύραι
675 2842 1026 2913 ἀνεῳγμέναι
1051 2842 1215 2905 εἰσὶν,
1254 2842 1348 2897 καὶ
1380 2840 1557 2903 οὐδείς
1598 2842 1746 2893 ἐστιν
1777 2840 1806 2893 ὁ

216 2933 524 3002 φυλάττων,
550 2934 731 3001 ἔξελθε
762 2936 857 2989 καὶ
891 2935 1054 3005 φύγε.
1098 2933 1489 3005 Ἀποκριθεῖσα
1519 2932 1576 2987 δὲ
1607 2933 1642 3002 ἡ
1675 2931 1810 2999 ἁγία

229 3027 436 3099 ’Λγάθη
472 3024 627 3081 εἶπεν
661 3028 845 3093 αὐτοῖς
869 3043 881 3057 ⁸
907 3028 1000 3099 Μή
1037 3045 1130 3098 μοι
1152 3027 1389 3096 γένοιτο,
1426 3026 1514 3080 ἵνα
1546 3025 1657 3095 ἐγὼ
1687 3041 1813 3078 στει-

1908 2760 2116 2825 putent,
2145 2768 2321 2822 neque
2352 2767 2451 2808 eas
2478 2750 2768 2822 quisquam
2795 2749 3092 2810 observat;
3116 2745 3203 2800 exi
3234 2754 3290 2799 et
3316 2742 3498 2812 fugam

1912 2846 2115 2914 arripe.
2172 2844 2350 2910 Absit,
2418 2842 2594 2911 inquit
2647 2842 2894 2909 Agatha,
2951 2846 3012 2892 ut
3064 2850 3269 2892 corona
3318 2834 3504 2905 priver

1913 2955 2158 2995 meorum
2189 2937 2573 2999 certaminum,
2604 2945 2660 2990 et
2691 2933 2931 2988 carceris
2960 2930 3219 2987 custodes
3268 2930 3320 2981 in
3358 2926 3505 2994 peri-

1915 3034 2095 3089 eulum
2123 3032 2412 3088 adducam.
2449 3028 2771 3097 Adjutorem
2795 3025 2944 3081 enim
2976 3024 3185 3078 balteus
3214 3020 3498 3073 Dominum

223 3114 371 3185 ρηθῶ
403 3115 498 3169 τοῦ
533 3118 798 3186 στεφάνου
838 3118 948 3173 τῶν
990 3118 1220 3188 ἀγώνων
1273 3134 1397 3187 μου,
1432 3118 1526 3172 καὶ
1565 3117 1690 3180 τοὺς
1719 3116 1810 3171 δε-

1929 3138 2096 3178 nenm
2146 3131 2201 3179 et.
2244 3122 2411 3177 Deum
2461 3118 2649 3175 Jesum
2687 3116 2967 3173 Christum
2994 3109 3189 3168 Filium
3224 3110 3319 3164 Dei
3372 3108 3502 3171 vivi,

221 3183 578 3281 σμοφύλακας
628 3183 710 3275 είς
756 3212 1001 3266 κίνδυνον
1038 3183 1413 3283 ⁷ιτεριδάιλλω*
1466 3212 1668 3280 ἔχουσα
1696 3211 1808 3283 γὰρ

1929 3224 2092 3280 usque
2147 3209 2217 3265 ad
2248 3210 2409 3266 ﬁnem
2438 3207 2695 3279 perstabo
2765 3207 2818 3261 in
2875 3200 3221 3261 confessione
3243 3201 3381 3270 ejus,
3411 3194 3503 3267 qui

222 3300 419 3371 βοηθὸν
455 3302 546 3354 τὸν
585 3301 792 3372 Κύριον
830 3320 934 3373 μου
987 3303 1082 3356 καὶ
1134 3301 1270 3356 Θεὸν
1316 3300 1525 3372 Ἰησοῦν
1546 3301 1810 3371 Χριστὸν,

1925 3316 2010 3356 me
2039 3300 2255 3356 sanavit
2281 3299 2701 3369 consolatusque
2732 3307 2837 3354 est.

220 3394 313 3448 τὸν
334 3396 462 3451 Υίδν
483 3396 575 3451 τοῦ
608 3397 743 3452 Θεοῦ
766 3397 861 3453 τοῦ
886 3398 1109 3466 ζῶντος,
1147 3398 1313 3471 μέχρι
1378 3398 1568 3463 τέλους
1627 3398 1869 3470 διαμενῶ
1914 3399 1973 3453 ἐν
2028 3401 2097 3471 τῇ
2138 3397 2528 3469 ἐξομολογήσει
2590 3393 2758 3449 αὐτοῦ
2821 3391 2917 3448 τοῦ
2954 3390 3251 3463 ἰασαμένου
3315 3403 3384 3460 με
3411 3383 3505 3440 καὶ

222 3489 793 3562 παραμυθησαμένου.

1675 3650 1906 3706 CAPUT
1936 3649 2023 3705 ιγ.

641 3799 905 3857 Ultimum
928 3798 989 3855 S.
1014 3799 1236 3871 Agathe:
1272 3805 1534 3853 certamen
1561 3841 1577 3864 ,
1614 3812 1756 3852 mors
1782 3798 1922 3866 ejus,
1957 3812 2019 3849 ac
2034 3793 2269 3865 tyranni.
2303 3790 2510 3848 Calatia
2544 3797 2750 3844 servata
2778 3784 2929 3840 illius
2955 3798 3069 3853 0pc.

297 3940 396 4000 iA'.
426 3944 585 4001 Μετά
613 3942 669 3997 δὲ
696 3939 967 4012 τετάρτην
1005 3939 1219 4011 ἡμέραν
1260 3935 1478 3994 κελεύει
1509 3940 1536 3991 ὁ
1571 3938 1812 3991 Κυντια-

225 4040 315 4101 Vb;
331 4036 562 4109 ἀχθῆναι
592 4032 761 4104 αὐτὴν
788 4034 847 4087 ἐν
872 4031 950 4101 τῷ
970 4030 1333 4102 δικαστηρίῳ,
1360 4031 1457 4083 καὶ
1481 4029 1629 4099 λέγει
1649 4032 1809 4101 αὐτῇ·

227 4129 409 4199 Μέχρι
437 4126 581 4190 τίνος
604 4126 864 4197 ἐμμένεις
883 4124 1273 4194 ἐναντιουμένη
1291 4126 1401 4187 τοῖς
1425 4123 1820 4194 προστάγμασι

229 4221 339 4276 τῶν
370 4219 826 4297 αὐτοκρατόρωνι
860 4217 894 4289 ἢ
933 4217 1096 4270 θῦσον
1156 4218 1268 4278 τοῖς
1322 4214 1488 4277 θεοῖς,
1520 4216 1550 4284 ἢ
1584 4214 1820 4268 δεινοτέ-

232 4334 355 4390 ραις
413 4315 669 4388 βασάνοις
718 4310 1114 4383 τιμωρήσομαί
1151 4326 1234 4364 σε.
1273 4306 1336 4361 '[l
1366 4309 1423 4362 δὲ
1457 4308 1584 4362 ὁσία
1631 4303 1819 4360 εἶπενο

230 4412 421 4465 Πάντα
439 4411 507 4462 τὰ
534 4408 757 4481 ῥήματά
785 4422 879 4459 σου
920 4405 1149 4476 μάταια,
1181 4402 1251 4455 τὰ
1281 4402 1336 4455 δὲ
1388 4400 1692 4470 πράγματά
1726 4416 1820 4452 σου

230 4501 528 4574 παράνομα
545 4502 641 4554 καὶ
667 4500 776 4553 τῶν
814 4496 1105 4569 βασιλέων,
1148 4495 1310 4549 ἅτινα
1357 4493 1453 4547 καὶ
1489 4493 1653 4546 αύτὶν
1683 4495 1823 4564 ἀέρα

237 4595 581 4670 μολύνουσιν.
628 4592 1158 4662 ”Οθεν,ταλαίπωρε
1186 4590 1280 4642 καὶ
1330 4587 1647 4657 ἀναίσθητε,
1699 4587 1821 4640 εἰπέ

1994 3933 2139 3994 XIV.
2180 3933 2310 3989 Post
2332 3940 2587 4005 quartum
2620 3944 2751 3985 vero
2780 3922 2919 3981 diem
2958 3925 3074 3981 sisti
3107 3924 3250 3978 illum
3292 3937 3388 3994 pro
3415 3928 3515 3977 trt-

1919 4027 2100 4085 bunali
2152 4026 2396 4098 praeripit
2447 4022 2794 4089 Quintianus,
2833 4019 3016 4088 aitque
3077 4016 3177 4070 illi.
3212 4014 3511 4082 Quousque

1925 4122 2141 4178 tandem
2173 4123 2563 4188 imperatorum
2597 4112 2790 4169 edictis
2818 4106 3244 4164 adversaberis?
3283 4103 3365 4158 vel
3412 4103 3517 4158 diis

1929 4213 2202 4276 sacriﬁca,
2235 4211 2318 4266 vel
2363 4218 2415 4265 te
2454 4206 2794 4279 gravioribus
2826 4201 3113 4257 tormentis
3164 4196 3516 4254 excruciabu.

1932 4304 2132 4361 S..ncta
2167 4303 2447 4373 respondit
2477 4319 2491 4355 :
2523 4297 2694 4353 Vel-ha
2723 4306 2808 4350 tua
2838 4291 3020 4349 omnia
3044 4306 3177 4346 vana
3204 4298 3360 4357 Sttltl;
3397 4300 3517 4343 acra

1930 4411 2059 4450 vero
2095 4405 2148 4449 et
2181 4402 2269 4447 tua
2305 4400 2359 4446 et
2394 4392 2782 4458 imperatorum
2809 4386 3017 4452 iniqua,
3048 4396 3169 4451 quae
3206 4382 3288 4433 vel
3334 4394 3518 4433 acrem

1930 4488 2104 4558 ipsum
2142 4485 2446 4555 inquinent.
2470 4480 2859 4549 Quamobrem,
2896 4478 3063 4530 miser
3095 4482 3149 4528 et
3181 4471 3330 4526 nullo
3353 4485 3519 4525 sensu

1933 4580 2180 4651 pranlite,
2224 4576 2311 4631 dic
2361 4572 2520 4639 mihi,
2558 4570 2680 4644 quis
2730 4568 2937 4638 lapides
2989 4576 3043 4622 et
3108 4565 3276 4634 ligna,
3323 4562 3523 4632 quibus

238 4658 353 4761 μοι,
378 4689 461 4751 τίς
488 4688 633 4742 θέλει
660 4686 889 4757 βοηθοὺς
929 4658 1310 4738 ἐπικαλεῖσθαι
1338 4681 1519 4745 λίθους
1549 4683 1642 4734 καὶ
1667 4680 1812 4746 ξύλα¹

1929 4673 2111 4728 nullus
2127 4679 2212 4725 est
2240 4683 2456 4731 sensus,
2483 4679 2641 4735 opem
2677 4658 2865 4732 roget?
2893 4658 3081 4714 Videu'
3106 4671 3206 4728 pro
3236 4671 3323 4722 ea,
3355 4670 3520 4724 quam

234 4778 318 4847 οἷς
348 4784 447 4835 ούκ
470 4781 615 4834 ἐστιν
646 4779 899 4848 αἴσθησις
922 4795 937 4844 ;
962 4778 1144 4830 Βλέπε
1170 4770 1343 4847 οὗπερ
1376 4774 1543 4838 αὐτὸς
1567 4772 1833 4842 ἐξέκοψας

242 4875 439 4950 μαζοῦ,
467 4874 874 4943 ἀνεϐλάστησεν
910 4871 1098 4939 ἐτερος
1132 4870 1246 4924 ἀντ’
1272 4868 1466 4933 αὑτοῦ,
1499 4871 1565 4938 τῇ
1598 4866 1832 4936 δυνάμει

237 4970 335 5027 τοῦ
368 4968 570 5041 Κυρίου
600 4984 703 5039 μου
743 4963 922 5035 Ἰησοῦ
953 4965 998 5017 Χ
1010 4960 1569 5034 ριστοῦ.η⁹Εμμανε“ι;
1592 4959 1650 5013 δὲ
1678 4958 1834 5028 γενύ-

244 5076 404 5134 μενος
427 5060 453 5111 ὁ
476 5058 776 5119 Κυντιανδς
804 5049 959 5108 εἶπεν
980 5070 993 5083 ⁸
1027 5053 1196 5107 Πάλιν
1230 5053 1296 5105 σὺ
1325 5052 1416 5104 τὸν
1446 5050 1683 5123 Χριστὸν
1712 5050 1833 5102 ὀνο-

247 5160 465 5230 μᾲςεις,
494 5156 552 5211 ὃν
584 5153 696 5224 ἐγὼ
713 5150 945 5206 ἀκοῦσαι
977 5148 1037 5202 ού
1063 5146 1242 5213 θέλοις
1293 5145 1504 5214 Ἀγὰθη
1538 5140 1694 5197 εἶπεν
1714 5160 1728 5175 ο
1755 5142 1830 5198 Ού

241 5249 531 5318 παύσομαι
566 5245 676 5317 ἐγὼ
695 5243 1010 5314 καλουμένη
1035 5243 1147 5304 τοῖς
1176 5239 1382 5311 χείλεσι
1406 5237 1502 5291 καὶ
1527 5238 1594 5308 τῇ
1626 5234 1830 5308 καρδία

242 5342 626 5411 δοξολογοῦσα.

318 5434 414 5493 ΙΕ’.
448 5434 749 5496 Κυντιανὸς
804 5426 990 5485 εἷπενο
1048 5430 1210 5498 Ἀρτι
1268 5422 1554 5493 γνώσομαι
1616 5418 1749 5490 ἐγὼ,
1782 5419 1833 5472 εί

249 5529 416 5592 σώζει
438 5545 499 5582 σε
528 5529 556 5582 ὀ
583 5523 836 5598 Χριστός.
853 5521 1172 5576 Ἐκέλευσεν
1211 5518 1457 5587 δστρακα
1483 5515 1636 5582 ὀξεῖα
1658 5530 1836 5584 στρω-

249 5622 435 5691 θῆναι,
461 5620 740 5692 ἄνθρακας
780 5617 838 5671 δὲ
881 5614 1055 5686 πυρὸς
1076 5611 1445 5684 ἐμϐληθῆναι,
1477 5611 1574 5662 καὶ
1611 5607 1837 5678 ῥιφῆναι

253 5715 423 5787 αὐτὴν
462 5715 519 5768 ἐν
539 5714 650 5777 τοῖς
686 5709 937 5784 ἄνθραξι.
973 5707 1192 5761 Τούτων
1230 5705 1289 5760 δὲ
1325 5702 1468 5757 οὕτω
1511 5699 1836 5771 γινομένων,

249 5811 412 5878 ἄφνω
440 5810 470 5863 ὁ
499 5807 663 5871 τόπος
691 5807 899 5869 ἐκεῖνος
923 5800 1167 5872 ἐσείσθη,
1202 5797 1297 5853 καὶ
1334 5798 1501 5867 μέρος
1526 5794 1605 5857 είς
1636 5791 1694 5846 το
1718 5790 1840 5846 ἔδα-

255 5921 356 5972 φος
394 5904 561 5958 πισὸν
591 5899 855 5956 κατέλαδε
879 5898 972 5954 τὶν
1013 5895 1291 5967 σύμπονον
1316 5890 1408 5946 τοῦ
1437 5888 1695 5961 ἄρχοντος
1719 5885 1843 5947 ὀνότ

1941 4767 2069 4821 mihi
2095 4762 2415 4834 prazcidisti,
2448 4758 2712 4821 mamilla,
2744 4755 2903 4808 aliam
2933 4753 3297 4815 succrevisse,
3321 4750 3521 4802 virtute

1941 4856 2153 4911 Domini
2185 4854 2290 4909 mei
2314 4851 2442 4908 Jesu
2474 4850 2678 4905 Christi
2702 4847 2726 4901 ?
2750 4846 2959 4901 insania
2994 4843 3235 4915 percitus
3277 4842 3525 4907 Quintia-

1940 4970 2040 5008 nus
2070 4951 2338 5008 exclamat
2364 4966 2377 5001 :
2417 4949 2550 5014 Quis
2593 4958 2645 5001 te
2674 4943 2930 5000 curavit?
2952 4943 3164 5011 Agatha
3194 4938 3467 5007 respondit
3506 4954 3521 4991 ι

1937 5046 2096 5102 Jesns
2129 5044 2402 5107 Christus,
2440 5040 2610 5097 Filius
2653 5039 2746 5094 Dei
2787 5038 2915 5093 vivi.
2971 5036 3301 5103 Quintianus
3339 5032 3469 5087 dixit
3508 5043 3522 5086 ι

1942 5138 2215 5193 Iterumne
2236 5134 2514 5190 Christum
2548 5131 2790 5201 appellas
2822 5170 2836 5195 ,
2869 5127 3025 5195 cujus
3066 5142 3165 5198 ego
3204 5140 3271 5180 ne
3336 5124 3526 5177 audire

1936 5232 2152 5303 quidem
2207 5242 2406 5283 n0.nen
2456 5221 2855 5290 volo?Agatha
2911 5219 3093 5275 dixit:
3134 5218 3248 5271 Non
3300 5213 3528 5270 cessabo

1936 5338 2061 5379 eum
2103 5331 2152 5376 et
2190 5319 2462 5389 appellare
2488 5316 2644 5369 labiis
2670 5322 2725 5369 et
2754 5312 2917 5367 corde
2948 5311 3247 5366 celebrare.

2011 5413 2128 5470 XV.
2152 5413 2477 5479 Quintianus
2498 5409 2635 5466 dixit
2667 5425 2680 5461 :
2714 5406 3204 5474 Nuncrognosmm
3233 5413 3354 5466 ego,
3388 5411 3454 5449 an
3478 5402 3529 5447 te

1940 5510 2134 5563 liberet
2196 5505 2490 5566 Christus;
2532 5508 2827 5568 acutasqne
2876 5496 3123 5566 pr0tiuus
3179 5502 3347 5545 testas
3379 5486 3528 5541 humi

1942 5601 2110 5658 sterni
2131 5598 2315 5668 jussit,
2348 5605 2403 5652 et
2428 5597 2627 5666 ignitus
2664 5595 2932 5647 carbones
2986 5582 3334 5654 interspcrgi,
3364 5581 3529 5649 inque

1950 5696 2065 5749 haec
2097 5706 2213 5746 eum
2242 5689 2453 5760 projici.
2483 5686 2638 5757 Quod
2685 5686 2815 5741 dum
2871 5684 3044 5745 iieret,
3096 5687 3326 5749 repente
3381 5675 3533 5728 locus

1952 5787 2040 5841 ille
2068 5796 2226 5841 terra:
2255 5793 2406 5840 metu
2456 5793 2755 5836 concussus
2806 5782 2910 5839 est,
2969 5785 3202 5843 parsque
3247 5768 3299 5822 in
3357 5766 3532 5835 solum

1952 5881 2227 5952 prolapsa,
2247 5875 2551 5948 adiutorem
2583 5867 2851 5943 przcsidis,
2876 5864 3093 5940 nomine
3126 5859 3405 5920 Silvanum
3434 5871 3528 5927 op.
