3820 6474
381 404 522 464 1333

1594 417 1882 480 MENSIS
1919 419 2443 488 FEBRUARIUS.

3505 443 3646 510 1344

379 510 598 579 pressit,
627 510 896 584 hujusque
925 517 1156 574 amicum
1194 519 1531 588 Falconium,
1554 540 1781 596 quorum
1825 543 1928 598 pra!

2068 546 2198 596 ματι
2235 533 2521 620 ξιλουανῦν
2555 537 2654 592 καὶ
2689 540 2781 594 τὸν
2803 541 2955 612 φίλον
2985 545 3148 601 αὑτοῦ
3180 549 3407 620 ὀνόματι
3438 556 3644 610 Φαλκόο

378 603 536 665 cipue
566 602 820 673 instigatu
853 606 925 660 ita
945 607 1064 662 dire
1091 612 1364 668 saeviebat.
1395 615 1578 686 Neque
1602 619 1703 674 hoc
1731 620 1902 676 solum
1933 642 1946 677 :

377 695 468 748 sed
494 695 746 751 universa
772 711 911 766 pene
939 697 1258 760 Catanensis
1286 705 1478 763 civitas
1505 719 1664 765 terrae
1696 724 1842 768 motu
1869 730 1956 770 ve-

379 787 658 844 hementer
682 789 881 859 agitata
912 801 1016 858 est,
1059 803 1118 849 ut
1138 796 1286 852 cives
1309 801 1506 867 passim
1535 802 1602 856 ad
1637 806 1950 872 praetorium

377 891 788 948 concurrerent,
825 884 1088 956 valdeque
1107 890 1394 959 praesidem
1429 901 1720 952 terrerent.

447 1057 489 1112 X
503 1059 583 1113 Vl.
601 1059 753 1118 Tune
773 1063 1101 1131 Quintianus
1131 1071 1365 1139 primum
1385 1075 1601 1145 quidem
1625 1086 1783 1134 terra:
1802 1089 1947 1135 motu

373 1153 676 1220 perculsus,
706 1156 830 1212 dein
867 1163 1047 1228 populi
1080 1179 1349 1220 concursu
1394 1171 1762 1238 perturbatus,
1784 1173 1950 1244 jussit.

372 1242 431 1298 S.
472 1248 732 1312 Agatham
759 1253 940 1306 reduci
973 1253 1024 1307 iu
1046 1258 1368 1314 custodiam.
1402 1259 1457 1314 In
1488 1278 1647 1331 quam
1677 1242 1943 1336 ingressa,

372 1338 602 1393 sublatis
623 1341 689 1394 ad
732 1343 930 1398 cmlum
957 1349 1205 1403 manibus
1233 1352 1364 1406 dixit
1397 1371 1413 1408 :
1440 1354 1658 1413 Gratias
1689 1359 1783 1414 tibi
1819 1377 1941 1432 ago,

370 1426 617 1496 Domine,
656 1434 746 1500 qui
782 1451 869 1491 me
901 1437 1115 1507 dignam
1159 1441 1416 1510 habuisti,
1451 1462 1571 1517 quae
1618 1465 1715 1519 pro
1756 1426 1945 1510 sancto

372 1522 592 1578 nomine
626 1533 717 1579 tuo
749 1536 1042 1596 certarem,
1078 1543 1129 1587 et
1154 1533 1334 1591 ablato
1355 1553 1383 1592 a
1405 1555 1490 1593 me
1513 1544 1794 1608 praesentis
1821 1546 1945 1602 vita:

370 1613 664 1681 desiderio,
723 1622 936 1690 corpori
1001 1639 1216 1696 quoque
1256 1645 1377 1685 meo
1404 1633 1744 1690 tolerantiam
1781 1639 1945 1694 suae-

368 1706 510 1761 cisti.
549 1707 755 1799 Evaudi
789 1729 896 1776 me,
933 1715 1178 1784 Domine,
1212 1723 1460 1779 ancillam
1499 1737 1674 1795 tuam,
1699 1731 1944 1799 dignam-

2064 638 2196 684 νιον,
2230 615 2303 676 ὧν
2328 627 2393 697 τῇ
2426 628 2730 702 συμϐουλία
2761 634 2934 688 ἐποίει
2955 636 3025 691 τὰ
3060 642 3257 710 ἄνομα.
3287 645 3362 698 Ού
3401 648 3569 715 μόνον
3592 651 3648 704 δὲ

2061 712 2241 779 τοῦτο,
2270 715 2406 772 ἀλλά
2457 721 2551 773 καὶ
2583 723 2732 776 πᾶσα
2763 726 2796 796 ἡ
2851 727 3007 792 πόλις
3041 731 3266 804 Κατάνη
3302 712 3512 807 σφόδρα
3545 739 3648 793 ύπδ

2060 806 2160 877 τῆς
2184 807 2307 877 βίας
2329 811 2422 864 τοῦ
2454 816 2679 884 σεισμοῦ
2711 817 2956 892 ὲδονήθη,
2984 821 3125 877 ὥστε
3153 827 3363 891 πάντας
3386 833 3516 893 τοὺς
3547 849 3647 886 πο-

2060 897 2213 962 λίτας
2238 902 2561 974 συνδραμεῖν
2583 907 2662 971 είς
2691 909 2751 963 τὸ
2780 914 3136 987 πραιτώριον,
3168 920 3263 973 καὶ
3293 922 3439 976 πάνυ
3473 927 3644 995 ταρά·

2062 988 2148 1054 ξαι
2174 991 2264 1045 τὸν
2286 993 2544 1065 ἄρχοντα.

2132 1088 2247 1154 ις’.
2282 1089 2417 1143 Τότε
2449 1094 2479 1146 6
2506 1093 2802 1162 Κυντιανδς
2839 1099 3058 1170 πρῶτον
3108 1103 3207 1171 μὲν
3253 1106 3344 1160 τὸν
3407 1114 3638 1180 σεισμὸν

2059 1177 2290 1241 δειλιῶν.
2329 1181 2583 1255 δεύτερον
2605 1186 2660 1239 δὲ
2693 1191 2758 1260 τῇ
2793 1191 3165 1249 ἐπαναστάσει
3204 1197 3299 1251 τοῦ
3330 1199 3508 1271 δήμου
3537 1222 3639 1258 τα-

2065 1269 2304 1341 ραχθεὶς,
2335 1274 2621 1331 ἐκέλευσεν
2649 1281 2748 1351 τὴν
2775 1281 2938 1350 ἀγίαν
2983 1285 3222 1358 Ἀγάθην
3255 1269 3634 1364 ἀπενεχθῆναι

2057 1361 2116 1416 ὲν
2135 1363 2210 1432 τῷ
2241 1364 2620 1442 δεσμωτηρίῳ.
2659 1373 3023 1447 Εἰσελθούσης
3056 1379 3113 1431 δὲ
3146 1381 3316 1450 αὐτῆς
3343 1384 3400 1437 ὲν
3526 1361 3634 1454 τρι)⁶

2054 1454 2215 1526 λακῇ,
2247 1459 2345 1523 τὰς
2383 1464 2569 1532 χεῖρας
2610 1465 2691 1528 εἰς
2721 1467 2812 1522 τὸν
2855 1470 3084 1538 οὐρανὸν
3122 1473 3414 1528 ὲκτείνασα
3443 1454 3632 1531 εἶπενο

2055 1548 2374 1620 Εὐχάριστῶ
2410 1569 2510 1615 σοι,
2538 1549 2582 1607 ὦ
2614 1556 2806 1628 Κύριε,
2843 1560 2925 1614 ὅτι
2952 1549 3302 1630 καταξίωσάς
3330 1585 3397 1636 με
3431 1570 3632 1637 ἀγωνία

2054 1641 2250 1695 σασθαι
2282 1643 2421 1715 ὑπὲρ
2442 1645 2536 1699 τοῦ
2576 1647 2844 1718 ὀνόματός
2871 1669 2990 1717 σου,
3019 1654 3367 1725 ἀφελομένου
3401 1675 3499 1712 σου
3538 1661 3633 1714 ἀπ’

2052 1733 2185 1804 ἐμοῦ
2205 1734 2266 1787 τὸ
2290 1736 2512 1807 φίλτρον
2526 1739 2626 1808 τῆς
2653 1743 2935 1815 παρούσης
2963 1745 3131 1815 ζωῆς,
3160 1747 3430 1813 ὡσαύτως
3459 1751 3513 1804 δὲ
3540 1755 3630 1806 καὶ

368 1811 472 1862 que
486 1797 668 1863 redde,
693 1818 812 1871 quae
831 1807 1028 1860 mundu
1040 1824 1086 1860 m
1109 1809 1251 1865 hunc
1270 1813 1538 1880 deseram,
1557 1797 1928 1891 capiosamqut

2050 1797 2128 1896 τῷ
2157 1797 2372 1900 σώματί
2395 1797 2496 1900 μου
2534 1797 2812 1906 ὑπομονὴν
2854 1797 3244 1909 χαρίσάεϊενος.
3281 1797 3478 1908 Atia-6;,
3531 1845 3629 1896 Δέ-

367 1893 513 1940 tuam
543 1905 802 1963 assequar
827 1897 1282 1958 misericordiam.
1306 1900 1397 1960 Sic
1426 1920 1673 1978 precata,
1692 1889 1928 1981 protinut

2099 1889 2110 1896 .
2239 1889 2251 1900 .
2395 1889 2406 1900 .
2645 1889 2656 1905 .
2768 1889 2778 1906 .
2857 1889 2942 1908 κ,
3281 1889 3478 1908 -_---,,
3531 1889 3599 1896 ..τ

2048 1935 2224 1970 σποτα
2248 1919 2444 1990 Κύριε,
2475 1922 2796 1978 εἰσάκουσόν
2830 1943 2899 1996 με
2922 1932 3014 1980 καὶ
3041 1929 3382 1996 καταξίωσον
3403 1933 3502 2003 τὴν
3532 1934 3631 2003 σὴν

365 1979 615 2050 spiritum
647 1987 899 2042 reddidit.

363 2361 431 2414 ad
470 2378 744 2421 carcerem
786 2375 1046 2442 accurrit,
1079 2384 1134 2431 et
1168 2384 1526 2449 magnanima:
1573 2389 1826 2461 martyris
1855 2407 1940 2448 re-

363 2453 562 2523 liquias
593 2468 706 2514 tuto
738 2461 790 2516 in
823 2463 943 2521 loco
965 2469 1270 2526 collocavit.
1302 2475 1630 2534 Adolescens
1657 2497 1784 2537 vero
1811 2486 1934 2554 qui-

361 2551 508 2618 dam,
539 2570 720 2612 secum
753 2570 969 2618 centum
1013 2565 1219 2623 ducens
1251 2586 1448 2640 pueros
1501 2574 1936 2643 splendidissime

359 2655 605 2714 ornatos,
677 2651 954 2711 universis
979 2659 1196 2728 ignotus
1252 2663 1665 2735 Catanensibus,
1709 2672 1934 2729 veniens

359 2737 426 2790 ad
451 2737 628 2794 locum
669 2745 722 2796 in
754 2758 861 2814 quo
883 2761 1085 2806 sancta:
1111 2765 1267 2808 erant
1310 2759 1500 2826 posita:
1548 2761 1808 2831 reliquiae,
1859 2775 1936 2819 ta-

358 2828 539 2885 bulam
578 2849 960 2904 marmoreant,
1003 2858 1164 2910 quam
1193 2848 1477 2916 attulerat,
1521 2855 1794 2922 apposuit,
1825 2856 1927 2910 ista

360 2921 663 2980 inscribens
687 2945 699 2980 :
731 2947 750 2979 ι
778 2927 925 2985 Mens
955 2944 1162 3000 sancta,
1191 2941 1708 3006 spontancushonor
1729 2944 1843 3011 Dei,
1876 2955 1932 3002 et

358 3017 546 3082 patrirc
571 3017 869 3074 liberatio.»
903 3022 1052 3080 lianc
1072 3027 1304 3082 tabulam
1329 3045 1448 3085 cum
1468 3034 1612 3090 intus
1629 3039 1692 3090 ad
1717 3035 1931 3095 Sancta:

356 3117 518 3177 caput
539 3110 902 3180 deposuisset,
919 3131 1248 3190 capsamquc
1276 3124 1638 3194 obsignasset,
1671 3131 1928 3199 abcessit,

2047 2008 2240 2078 δούλην
2265 2013 2586 2067 καταλιπεῖν
2614 2013 2707 2069 τὸν
2741 2015 2948 2088 κόσμον
2978 2019 3173 2072 τοῦτον
3205 2023 3300 2075 καὶ
3327 2023 3408 2085 είς
3440 2025 3500 2076 τὸ
3536 2026 3627 2077 σὺν

2045 2103 2299 2158 πλούσιον
2328 2104 2477 2169 ἔλεος
2509 2105 2752 2175 ςφθάσαι.
2808 2110 3250 2183 Ἀποτελεσάσης
3299 2115 3474 2184 αὐτῆς
3527 2120 3625 2187 τὴν

2043 2196 2208 2267 εὐχὴν
2231 2201 2572 2271 παραχρῆμα
2599 2201 2661 2254 τὸ
2701 2203 2922 2272 πνεῦμα
2955 2205 3261 2260 ἀπέδωκεν.

2114 2295 2212 2348 lZ'.
2249 2295 2410 2348 Ὥστε
2432 2294 2742 2350 ἀκούσαντα
2762 2299 2853 2351 τὸν
2877 2299 3046 2370 δῆμον
3073 2302 3213 2371 μετά
3240 2305 3425 2374 πάσης
3455 2324 3620 2361 σπου-

2037 2385 2138 2457 δῆς
2161 2385 2422 2441 εἰσελθεῖν
2453 2388 2626 2442 καὶτὸ
2643 2389 2894 2460 λείψανον
2918 2392 3015 2461 τῆς
3042 2395 3301 2461 γενναίας
3344 2398 3621 2470 μάρτυρος

2039 2478 2098 2532 ἐν
2125 2479 2396 2552 ἀσφαλείᾳ
2426 2481 2775 2537 καταθέσθαι.
2806 2482 3107 2550 Νεανίσκος
3138 2486 3196 2540 δέ
3242 2505 3326 2553 τις
3353 2490 3494 2560 ἔχων
3522 2495 3620 2562 μὲν

2038 2566 2233 2621 ἑαυτοῦ
2287 2571 2485 2634 παῖδας
2512 2571 2604 2624 τὸν
2648 2572 2885 2642 ἀριθμὸν
2915 2575 3134 2641 ἑκατὸν,
3181 2580 3447 2634 κάλλιστα
3474 2585 3616 2637 πάνυ

2036 2661 2466 2731 ἠμφιεσμένους,
2491 2663 2750 2728 ὡσαύτως
2768 2665 2824 2718 δὲ
2846 2667 2938 2720 καὶ
2953 2668 3232 2736 ἄγνωστος
3259 2675 3426 2727 πᾶσιν
3453 2676 3617 2747 ὑπάρ-

2036 2769 2146 2821 χων
2173 2755 2288 2815 τοῖς
2341 2752 2441 2826 τὴν
2468 2756 2765 2810 Κατανὲων
2788 2759 2998 2813 οἰκοῦσι
3027 2762 3208 2828 πόλιν,
3243 2765 3414 2820 ἐλθὼν
3448 2769 3506 2820 ἐν
3541 2770 3617 2838 τῷ

2034 2842 2182 2912 τόπῳ
2211 2841 2339 2896 ἔνθα
2367 2844 2429 2897 τὸ
2469 2843 2626 2914 ἅγιον
2654 2847 2830 2918 αὐτῆς
2859 2849 3038 2905 ἔκειτο
3079 2852 3356 2924 λείψανον,
3386 2858 3618 2925 ἐνέγκας

2035 2933 2218 2988 πλάκα
2294 2937 2650 3009 μαρμαρίνην
2707 2940 2981 3014 ἐπέθηκεν
3048 2947 3362 3019 ἐπιγράψας
3407 2950 3616 3016 οὕτως·

2039 3045 2058 3078 ι
2087 3027 2230 3093 Νοῦς
2258 3029 2424 3097 ὅσιος,
2449 3031 2910 3105 αὐτοπροαίρετος
2935 3039 3068 3110 τιμὴ
3092 3041 3170 3100 είς
3200 3039 3354 3106 Θεὸν,
3388 3044 3481 3095 καὶ
3512 3062 3616 3097 πα-

2031 3121 2210 3193 τρίδος
2230 3123 2521 3196 λύτρωσις.
2556 3145 2575 3179 ι
2615 3129 2980 3202 Ἀποθέμενος
3011 3133 3068 3186 δὲ
3098 3134 3267 3203 αὐτὴν
3297 3135 3446 3188 ἔνδον
3479 3139 3615 3207 πρὸς

349 3210 534 3267 {neque
567 3201 775 3267 uspiam
808 3203 1040 3260 ulterius
1071 3208 1122 3261 in
1176 3209 1396 3266 civitate
1446 3213 1597 3269 visus
1625 3224 1710 3272 est.
1747 3233 1761 3272 :
1789 3220 1928 3275 unde

2042 3219 2098 3287 τῇ
2122 3219 2334 3288 κεφαλῇ
2385 3219 2484 3290 τῆς
2513 3219 2690 3286 ὁσίας,
2737 3201 2830 3276 καί
2876 3225 3190 3292 ἀσφαλίσας
3219 3201 3317 3300 τὴν
3343 3201 3609 3300 λάρνακα,

356 3290 596 3360 suspicio
623 3293 744 3359 fuit,
771 3297 1019 3367 angelum
1052 3317 1176 3356 eum
1203 3305 1460 3376 martyris
1489 3307 1678 3366 fuisse.

427 3566 617 3626 XVIII.
654 3570 976 3640 Quintianus
995 3593 1124 3634 vero
1159 3596 1280 3637 cum
1324 3583 1430 3639 vita
1457 3593 1761 3649 excessisse
1787 3609 1932 3652 mar-

357 3670 529 3731 Iyrem
584 3668 902 3736 accepisset,
932 3673 997 3726 ad
1048 3674 1216 3743 ipsius
1240 3677 1524 3736 facultates
1581 3690 1928 3756 occupandas

353 3768 412 3805 se
434 3756 701 3812 contulit:
737 3771 958 3830 accepta
1010 3764 1171 3831 igitur
1197 3774 1304 3820 tota
1336 3784 1432 3825 sua
1472 3772 1695 3831 cohorte
1723 3777 1929 3835 Panor-

355 3860 500 3898 mum
525 3851 851 3917 properabat
883 3853 1018 3923 (il).
1046 3858 1114 3908 At
1155 3859 1239 3912 vix
1279 3859 1384 3914 iter
1439 3862 1740 3935 ingressus,
1773 3869 1924 3936 justo

355 3937 446 3991 Dei
475 3937 701 4007 judicio,
732 3943 782 3996 iu
810 3943 975 4000 ﬂuvio
1005 3949 1264 4017 quodam,
1298 3954 1444 4009 haud
1477 3959 1663 4026 procul
1688 3961 1924 4021 distante

349 4031 577 4099 Cutuna,
604 4036 820 4090 nomine
850 4036 1149 4108 Psemitho,
1183 4043 1416 4100 interiit.
1456 4047 1588 4103 Nam
1623 4067 1745 4108 cum
1797 4070 1921 4113 eum

350 4126 514 4178 vellet
547 4128 820 4196 trajicere,
862 4145 925 4185 ac
951 4144 1239 4200 pontouem
1276 4153 1400 4193 cum
1429 4145 1587 4210 equis
1634 4147 1749 4202 suis
1777 4159 1924 4207 esset

349 4219 647 4288 ingres~us,
681 4224 784 4278 duo
819 4223 974 4281 exiis
1026 4227 1218 4284 saevire
1276 4231 1644 4306 impetumque
1699 4239 1750 4294 in
1795 4255 1918 4298 eum

348 4308 527 4368 facere
557 4326 835 4383 cmpcrunt
867 4333 882 4369 :
913 4326 968 4371 et
999 4333 1138 4375 unus
1166 4322 1379 4389 quidem
1408 4341 1501 4381 ore
1524 4327 1578 4382 in
1637 4329 1782 4386 illum
1836 4333 1919 4388 ἰη-

346 4412 532 4456 vectus
588 4419 708 4458 eum
763 4403 1085 4472 suifocabat,
1116 4411 1255 4464 alter
1305 4412 1548 4472 incutere
1588 4419 1767 4477 calces
1808 4439 1914 4479 non

344 4495 614 4561 cessabat,
649 4497 818 4552 donec
858 4497 914 4552 in
952 4499 1282 4557 Pscmithum
1329 4521 1544 4564 amnem
1576 4511 1912 4572 deturbaret.

2035 3308 2405 3380 ἀνεχώρησεν,
2459 3310 2601 3365 ὥστε
2641 3315 2841 3384 μηκέτι
2901 3317 3198 3386 φαίνεσθαι
3228 3321 3285 3371 ὲν
3335 3325 3400 3392 τῇ
3436 3324 3608 3388 ulla,

2032 3399 2155 3454 ὅθεν
2192 3401 2316 3453 τινά
2343 3400 2600 3456 ὑπόνοιαν
2633 3403 2800 3473 ἔχειν,
2853 3407 3082 3476 ἄγγελον
3131 3405 3272 3462 εἶναι
3302 3411 3468 3464 αὑτὸν
3513 3415 3610 3484 τῆς

2035 3492 2335 3564 μάρτυρος.

2102 3585 2209 3639 1Η’.
2255 3585 2520 3650 Ἀκούσας
2563 3585 2621 3640 δὲ
2677 3589 2704 3640 6
2758 3588 3078 3653 Κυντιανδς,
3135 3590 3216 3643 ὅτι
3255 3590 3470 3660 ἀπέστη
3500 3594 3607 3646 τῶν

2029 3674 2218 3729 ἐνθάδε
2251 3679 2282 3748 ἠ
2315 3677 2438 3730 όσία
2486 3679 2718 3749 μάρτυς,
2755 3679 2898 3732 κατὰ
2922 3679 3027 3732 τῶν
3059 3681 3226 3751 αὐτῆς
3258 3684 3606 3751 πραγμάτων

2028 3771 2227 3842 ὲχώρει
2257 3772 2354 3826 καὶ
2403 3771 2582 3826 λαϐὼν
2621 3775 2806 3829 πᾶσαν
2855 3775 2955 3845 τὴν
2983 3775 3136 3840 τάξιν
3168 3775 3334 3828 αὐτοῦ
3369 3778 3604 3846 ἐπήγετο

2027 3865 2433 3934 παραγενέσθαι
2463 3867 2522 3918 ἐν
2562 3866 2836 3938 Πανόρμῳ
2861 3882 2874 3898 ⁸
2917 3870 3013 3921 καὶ
3045 3868 3111 3937 δὴ
3155 3866 3325 3921 αὐτοῦ
3365 3869 3605 3940 ἀπερχο-

2029 3958 2193 4027 μένου
2217 3957 2358 4012 κατὰ
2388 3957 2486 4030 τὴν
2513 3959 2651 4025 ὁδὸν,
2702 3960 2882 4030 κρίσει
2914 3959 3052 4014 Θεοῦ
3081 3961 3266 4034 δικαίᾳ
3297 3963 3601 4016 ἀπολέσθαι

2025 4049 2188 4102 αὐτὸν
2217 4049 2417 4118 συνέϐη
2444 4049 2501 4103 ἐν
2523 4068 2630 4104 τινι
2659 4053 3052 4125 παρακειμένῳ
3076 4055 3306 4126 ποταμῷ
3351 4057 3418 4125 τῇ
3450 4055 3599 4107 πόλει

2024 4140 2268 4213 Κατάνῃ,
2296 4141 2520 4212 ὀνόματι
2547 4143 2808 4214 Ψημίθῳ.
2875 4145 3214 4215 Βουλομένου
3263 4146 3372 4218 γάρ
3437 4146 3602 4201 αὐτοῦ

2022 4232 2209 4288 τοῦτον
2235 4233 2588 4306 διαπερᾶσαι,
2622 4235 2872 4295 εἰσῆλθεν
2903 4238 2960 4289 ὲν
2988 4237 3276 4309 πορθμείῳ
3330 4238 3470 4308 μετά
3496 4239 3602 4291 τῶν

2023 4327 2206 4381 ἵππων
2239 4328 2423 4392 αὐτοῦ,
2447 4328 2543 4382 καὶ
2575 4327 2640 4399 δὴ
2665 4327 2758 4382 δύο
2785 4327 2944 4382 ἵπποι
2966 4329 3236 4401 ὥρμησαν
3264 4333 3386 4385 κατ’
3409 4331 3598 4385 αὐτοῦ*

2021 4419 2114 4474 καὶ
2159 4421 2187 4472 6
2247 4419 2348 4490 μὲν
2380 4415 2462 4484 εἷς
2515 4418 2828 4490 είσδραμὼν
2888 4421 3030 4476 κατά
3087 4423 3386 4494 πρόςωπον
3439 4423 3598 4476 αὐτὸν

2021 4513 2284 4584 ἠφάνισεν
2305 4529 2318 4544 ·
2360 4515 2388 4567 6
2425 4513 2482 4568 δὲ
2519 4512 2705 4584 ἕτερος
2740 4513 3108 4584 λακτίσμασιν
3140 4516 3399 4585 πλήσσων
3432 4517 3492 4568 ού
3523 4517 3600 4568 δι-

343 4587 552 4657 Corpus
582 4600 759 4644 autctn
787 4590 906 4658 ejus
927 4607 956 4647 a
982 4594 1164 4652 multis
1194 4600 1578 4672 perquisitum,
1629 4621 1908 4677 nunquam

2042 4606 2228 4668 ἱλιπεν,
2273 4606 2467 4676 μέχρις
2519 4605 2586 4660 ἂν
2643 4606 2806 4658 αὑτὸν
2853 4606 3104 4660 ἐνέϐαλεν
3163 4610 3220 4660 ὲν
3257 4607 3334 4678 τῷ
3370 4608 3606 4676 ποταμῷ

344 4680 574 4761 inveniri
608 4685 802 4750 potuit.

411 4861 551 4917 XIX.
587 4862 682 4920 llis
713 4867 781 4920 ita
830 4867 1019 4936 gestis,
1051 4869 1222 4924 crevit
1282 4871 1453 4928 honor
1511 4889 1575 4931 ac
1636 4882 1915 4935 veneratio

339 4967 541 5013 sancta:
570 4962 846 5029 martyris,
882 4977 1053 5030 neque
1095 4964 1382 5034 quisquam
1442 4967 1532 5021 ulli
1583 4984 1648 5023 cx
1682 4970 1796 5036 ejus
1821 4986 1912 5026 co-

339 5055 593 5120 gnatione
647 5057 919 5124 negotium
974 5057 1245 5114 facessere
1277 5077 1442 5118 ausus
1492 5073 1597 5119 est.
1632 5065 1699 5121 Ut
1729 5077 1908 5122 autem

341 5157 494 5200 certa
525 5157 580 5201 et
610 5149 931 5204 inconcussa
973 5152 1310 5219 redderetur,
1345 5156 1596 5225 quaajam
1629 5159 1914 5214 increbue-

341 5248 424 5294 rat
451 5240 616 5308 fama,
640 5242 886 5311 angelum
921 5243 1088 5299 fuisse
1109 5245 1198 5314 qui
1222 5248 1460 5303 tabulam
1487 5251 1540 5304 iu
1567 5250 1684 5318 ejus
1705 5253 1911 5310 tumulo

340 5334 669 5403 deposuerat
700 5335 834 5404 (12),
874 5352 1017 5392 anno
1046 5349 1310 5406 vertente,
1335 5343 1481 5398 circa
1515 5345 1760 5415 martyrii
1795 5345 1910 5415 ejus

415 5519 786 5595 (ll)_l_nveges
832 5521 1046 5595 scribit,
1077 5523 1181 5578 hoc
1223 5525 1396 5595 ipsum
1424 5529 1560 5583 tradi
1587 5545 1615 5582 a
1652 5531 1913 5587 Bellova—

338 5593 507 5646 censi.
545 5591 712 5660 Hujus
733 5593 896 5667 verba
925 5594 1015 5667 lib.
1035 5610 1096 5660 ιι,
1127 5591 1334 5664 cap.“
1355 5608 1480 5652 sunt
1505 5618 1519 5655 :
1540 5617 1560 5652 ι
1591 5600 1920 5667 Quintianus

339 5674 785 5738 auteut_pe_t'gens
823 5663 1155 5738 investigare
1186 5663 1403 5724 divitias
1431 5669 1569 5738 ejus,
1602 5663 1736 5726 cum
1771 5681 1920 5728 esset

341 5731 394 5810 in
426 5732 568 5796 navi,
600 5733 813 5787 duobus
845 5736 999 5802 equis
1016 5731 1528 5810 calcitrantibusfin
1556 5731 1761 5796 iluntcn
1789 5758 1922 5810 pro-

333 5802 511 5883 jectus
541 5814 646 5866 est,
673 5815 727 5882 et
764 5819 961 5883 corpus
982 5807 1096 5883 ejus
1123 5824 1385 5880 nusquam
1423 5802 1595 5883 potuit
1619 5802 1867 5870 inveniri.
1899 5831 1917 5866 ›

341 5870 495 5929 Nulla
528 5875 731 5931 mentio
769 5870 1042 5936 Panormi.

2022 4699 2284 4770 Ψημίθῳ,
2327 4698 2424 4752 καὶ
2481 4697 2693 4752 πολλῶν
2737 4699 3094 4768 ζητησάντων
3131 4697 3192 4752 τὸ
3220 4698 3380 4771 σῶμα
3409 4699 3599 4763 αὑτοῦ,

2021 4789 2120 4860 ούχ
2151 4787 2350 4861 εὑρέθη
2387 4789 2552 4860 μέχρι
2590 4787 2692 4859 τῆς
2719 4789 2984 4858 σήμερον.

2094 4883 2196 4936 ΙΘ⁸.
2223 4880 2441 4934 Τούτων
2477 4880 2535 4933 δὲ
2559 4879 2703 4934 οὕτω
2732 4879 3064 4950 γενομένων,
3125 4881 3188 4935 τὸ
3221 4881 3386 4946 σέϐας
3442 4883 3530 4936 καὶ
3572 4901 3603 4952 q

2017 4975 2151 5045 τιμὴ
2184 4973 2382 5045 ηὔξανε
2405 4975 2502 5043 τῆς
2525 4972 2686 5041 ἁγίας
2717 4975 2992 5044 μάρτυρος
3027 4973 3287 5043 Ἀγάθης,
3313 4977 3406 5028 καὶ
3427 4975 3599 5036 οὐδεις

2019 5067 2222 5137 ἐτόλμα
2273 5064 2540 5119 διασεῖσαί
2599 5081 2723 5118 τινα
2777 5065 2870 5118 τοῦ
2925 5066 3117 5134 γένους
3172 5067 3364 5135 αὐτῆς.
3398 5067 3513 5118 Ἵνα
3544 5067 3598 5119 δὲ

2018 5159 2372 5231 ἀπαράϐατος
2399 5159 2427 5211 6
2453 5156 2612 5226 λόγος
2634 5157 2741 5228 εἴη,
2761 5158 2844 5210 ὅτι
2874 5157 3106 5225 ἄγγελος
3134 5153 3203 5229 ἦν
3229 5159 3258 5211 6
3283 5160 3382 5228 τὴν
3413 5159 3598 5214 πλάκα

2016 5251 2352 5320 ἀποθέμενος
2411 5251 2470 5302 ἐν
2522 5251 2588 5320 τῇ
2637 5247 2876 5320 λάρνακι
2927 5249 3028 5319 τῆς
3083 5251 3383 5324 μάρτυρος,
3443 5250 3600 5323 ὤφθη

2013 5342 2401 5416 πληρωθέντος
2424 5340 2518 5395 τοῦ
2551 5340 2802 5396 ἐνιαυτοῦ
2829 5343 2970 5395 κατὰ
2992 5341 3091 5415 τὴν
3121 5342 3338 5414 ἡμέραν
3380 5344 3480 5412 τῆς
3514 5361 3601 5397 τεο

2097 5532 2210 5601 (12)
2245 5529 2462 5600 Sepulta
2496 5530 2614 5596 fuit,
2651 5529 2740 5584 ubi
2765 5545 2907 5585 nunc
2926 5540 3012 5587 est
3049 5531 3311 5600 templum
3355 5536 3501 5601 quod
3533 5532 3595 5586 S.

2023 5604 2250 5673 Agathe.
2304 5601 2527 5673 veteris
2571 5602 2917 5671 appellatur,
2975 5602 3062 5656 ubi
3102 5603 3406 5656 etiaumum
3477 5606 3598 5672 ejus

2025 5672 2337 5738 sepulcrum
2383 5672 2635 5740 religiose
2684 5673 2984 5742 honoratur
3023 5689 3036 5722 :
3074 5673 3298 5742 ipsoque
3336 5673 3475 5737 loco,
3503 5682 3597 5726 aut

2022 5743 2175 5812 juxta
2219 5757 2343 5823 eum
2377 5742 2907 5823 apparuitAugelus.
2936 5741 3122 5809 Neque
3147 5744 3359 5823 concipi
3397 5754 3598 5823 pmest,

2029 5809 2301 5894 quomodo
2332 5809 2494 5895 isthic
2524 5809 2766 5895 ﬂammas
2795 5812 2958 5895 ᾼΞιιια
2998 5809 3321 5892 evomuerit,
3343 5809 3597 5895 αᾳωος..

2034 5885 2193 5945 minis
2238 5883 2411 5962 iuslut'
2464 5881 2749 5951 ἀειοιυιιο,
2785 5883 2862 5962 ab
2904 5899 3120 5961 summo
3157 5881 3590 5957 veniet-[lepidus
