3820 6472
202 297 346 362 1345

1441 298 1618 361 νιΤΑ
1651 297 1714 357 S.
1763 294 2214 358 PARTHENII.

3324 297 3466 364 13i6

198 415 474 475 λειώσεως
507 410 699 482 αὐτῆς,
733 411 793 465 τὸ
819 412 876 466 δὲ
897 411 1022 483 ὅρος
1048 412 1081 482 ἡ
1105 409 1273 479 Αἴτνη
1297 409 1408 482 πῦρ
1437 410 1732 481 ὲξηρεύξατ

1894 409 2032 464 diem
2062 409 2330 479 apparuit.
2374 407 2586 464 Etenim
2618 407 2786 462 IEma
2816 423 2973 464 mons
3006 408 3182 480 ignem
3207 415 3472 477 evomuit,

201 509 300 559 καὶ
357 503 609 572 καθάπερ
671 503 916 573 ποταμδς
974 501 1294 572 μυκώμενος
1352 502 1558 572 σφόδρα
1615 500 1787 565 οὕτως

201 597 515 666 κατήρχετο
543 593 778 647 διαλύων
800 595 928 654 τοὺς
959 594 1138 656 λίθους
1169 594 1357 665 ὥσπερ
1392 595 1562 664 κηρὸν
1593 595 1657 647 ὲκ
1688 594 1788 662 τῆς

202 691 454 762 κορυφῆς
485 689 578 742 τοῦ
603 687 786 758 ὅρους,
817 688 1010 756 φλέξαι
1039 690 1132 741 καὶ
1168 688 1431 741 ἀπολέσαι
1478 689 1661 740 πᾶσαν
1688 687 1789 756 τὴν

200 784 313 838 τῶν
345 783 644 836 Κατανέιυν
674 784 830 834 πόλιν
857 796 870 809 ⁸
909 783 968 834 Oi
1006 780 1098 834 οὖν
1133 780 1296 851 πέριξ
1321 783 1417 833 καὶ
1449 779 1678 850 πλησίον
1698 779 1788 832 6v-

201 892 296 936 τες
341 873 435 927 τοῦ
489 873 653 943 ὅρους
715 857 918 942 καίτέερ
971 872 1230 943 ’Έλληνες
1261 873 1620 943 ὑπάρχοντες,
1651 870 1789 937 πρὸς

198 965 294 1017 τδν
323 963 452 1017 ναὸν
483 965 580 1032 τῆς
634 962 910 1033 μάρτυρος
941 960 1185 1033 ὥρμουν,
1220 964 1314 1016 καὶ
1363 963 1689 1033 ἀφελόμενοι
1729 961 1790 1014 τὸ

201 1054 592 1127 περικείμενον
645 1055 992 1124 περιϐόλαιον
1023 1058 1089 1126 τῇ
1123 1056 1356 1127 λάρνακι
1387 1056 1626 1127 ἔστησαν
1658 1072 1791 1110 κατ·

202 1149 390 1201 έναντι
425 1148 519 1200 τοῦ
545 1149 716 1217 πυρὸς
748 1147 841 1199 καὶ
864 1147 928 1218 δὴ
951 1151 1018 1218 τῇ
1047 1148 1275 1219 προνοίᾳ
1296 1148 1390 1201 τοῦ
1416 1148 1553 1201 Θεοῦ
1585 1147 1791 1211 εὐθέως

203 1238 300 1290 καὶ
329 1236 672 1308 παραχρῆμα
709 1237 840 1306 ἔστη
901 1237 962 1290 τὸ
998 1238 1140 1291 θετον
1191 1238 1336 1310 πῦρο
1373 1240 1591 1308 ἐγένετο
1640 1239 1696 1292 δὲ
1729 1238 1791 1291 τὸ

204 1327 392 1398 θαῦμα
421 1332 552 1397 μηνὶ
580 1326 932 1398 Φεϐρουαρίῳ
955 1327 1206 1402 πέμπτῃ,
1258 1331 1316 1381 ἐν
1399 1329 1580 1401 ἡμέρᾳ
1619 1329 1791 1400 ἠθλη-

206 1436 322 1484 σεν,
361 1421 418 1472 ὲν
545 1421 640 1472 καὶ
684 1420 1041 1490 ἑορτάζοντες
1087 1420 1382 1492 δοξάζομεν
1438 1421 1530 1474 τὸν
1585 1421 1792 1490 Κύριον

203 1511 365 1580 ἡμῶν
403 1509 608 1579 Ἰησοῦν
634 1511 873 1582 Χριστὸν
894 1511 984 1564 τὸν
1023 1512 1155 1564 Θεὸν
1181 1552 1196 1577 ,
1255 1513 1403 1575 ὅπως
1457 1513 1578 1574 ταῖς
1623 1527 1794 1582 πρεσ-

206 1602 381 1666 ϐείαις
403 1602 572 1672 αὐτῆς
600 1601 794 1672 ἄφεσιν
823 1602 1082 1674 λὰὁωμεν
1110 1601 1396 1674 ἁμαρτιῶν
1429 1605 1524 1657 καὶ
1552 1601 1614 1655 τὸ
1651 1602 1794 1672 μέγα

207 1695 378 1757 ἔλεος,
411 1695 506 1748 νῦν
537 1695 633 1748 καὶ
664 1695 775 1761 ἀεὶ,
811 1697 906 1752 καὶ
930 1696 1008 1756 εἰς
1032 1697 1158 1761 τοὺς
1190 1696 1393 1760 αἰῶνας
1420 1697 1528 1750 τῶν
1555 1693 1790 1750 αἰώνων.

1891 503 1982 572 qui
2012 501 2250 558 ﬂuminis
2275 503 2444 556 instar
2499 502 2704 572 ingenti
2735 502 2937 572 mugitu
2973 503 3378 571 devolvebatur,
3404 508 3472 560 ab

1893 611 2106 652 summo
2176 595 2378 650 vertice
2449 595 2650 663 lapides
2703 595 2850 649 velut
2907 611 3090 651 ceram
3141 597 3467 663 dissolvens,

1895 687 2175 757 ipSamque
2213 688 2400 742 urbem
2456 685 2846 743 Catanensium
2902 697 3254 756 correpturus
3281 705 3344 744 ac
3369 704 3465 758 pe-

1895 780 2043 834 nitus
2063 788 2493 847 consumpturus
2516 779 2654 848 ignis
2671 779 2973 834 videbatur.
3003 779 3108 845 Qui
3133 780 3299 849 igitur
3320 781 3468 835 circa

1893 880 2134 923 montem
2194 869 2535 936 habitabant,
2588 869 2691 923 etsi
2733 881 2917 924 essent
2952 871 3199 940 gentiles,
3240 873 3304 925 al
3337 880 3473 924 tem-

1899 960 2046 1032 plum
2076 961 2330 1031 martyris
2356 970 2710 1025 concurrunt,
2731 962 3112 1031 sublatumque
3138 962 3337 1026 velum,
3362 976 3472 1031 quo

1893 1049 2283 1105 circutncincta
2328 1058 2449 1103 erat
2497 1064 2654 1115 urna,
2703 1065 2768 1104 ex
2826 1051 3055 1105 adverso
3094 1051 3231 1121 ignis
3275 1052 3476 1106 consti-

1895 1150 2074 1195 tuunt.
2107 1141 2241 1196 Cum
2274 1157 2402 1198 ecce
2451 1142 2632 1196 divina
2661 1143 3018 1212 providentia,
3053 1145 3230 1198 subito
3262 1160 3477 1213 repres-

1894 1249 1986 1288 sus
2009 1246 2088 1288 est
2109 1233 2269 1304 ignis.
2302 1233 2545 1305 Contigit
2579 1248 2703 1289 vero
2731 1234 2860 1288 illud
2922 1235 3242 1289 miraculum
3281 1238 3474 1305 quinto

1896 1326 2205 1392 Februarii,
2243 1341 2353 1396 quo
2385 1328 2504 1397 ipso
2558 1328 2646 1382 die
2699 1337 2979 1384 certamen
3028 1326 3200 1380 ﬁnivit
3238 1327 3470 1396 Agatha,

1894 1433 2002 1488 quo
2029 1428 2080 1472 et
2114 1434 2211 1474 nos
2250 1417 2387 1473 festa
2414 1419 2733 1474 celebritate
2767 1419 3130 1488 praedicamus
3183 1419 3470 1474 Dominum

1897 1519 2141 1564 uestrum
2167 1509 2349 1566 Jesum
2377 1509 2675 1576 Christum,
2707 1518 2766 1564 ut
2803 1511 2974 1578 ipsius
2994 1521 3197 1565 sancta:
3219 1525 3323 1564 mat
3341 1511 3476 1581 tyris

1895 1603 2150 1670 precibus
2185 1605 2395 1656 veniam
2423 1603 2776 1672 impetremus
2797 1613 3168 1669 peccatorum,
3199 1617 3478 1672 magnam-

1896 1707 2000 1760 que
2034 1695 2483 1758 misericordiaut,
2515 1708 2658 1747 nunc
2713 1703 2767 1748 et
2823 1707 3039 1764 semper
3077 1704 3134 1748 et
3193 1694 3246 1748 in
3275 1693 3472 1749 saecula

219 1786 414 1857 Ἀμήν.

1899 1789 2241 1843 saeculorum.
2259 1788 2455 1846 Amen.

208 1944 564 2016 resolverent,
604 1962 622 1996 ι
654 1946 1009 2014 venirentque
1038 1959 1224 2016 versus
1254 1945 1526 2000 civitatem
1557 1943 1984 2014 Catanensium;
2021 1963 2040 1998 ι
2082 1944 2128 2001 si
2161 1945 2212 2000 in
2245 1945 2358 2016 ipsa
2427 1945 2561 2002 urbe
2605 1948 2706 2003 sita
2737 1947 2803 2001 ad
2840 1945 2976 2000 imas
3009 1942 3193 1998 IEtna:
3235 1943 3470 2010 radices,

210 2015 394 2072 hiatus
425 2017 726 2086 patefactus
757 2017 908 2087 ignes
935 2015 1244 2070 eructabat.

3260 2203 3454 2240 __‘-"‘.._.q

283 2207 3336 2246 ηψπ-*Μ

680 2398 878 2522 DE
985 2393 1120 2522 S.
1233 2391 2158 2520 PARTHENIO
2258 2391 3019 2520 EPISCOPO

1277 2635 1655 2698 LAMPSACI
1695 2635 1778 2696 IN
1819 2627 2394 2696 HELLESPONTO.

833 2795 1049 2861 (“recolo
1082 2810 1145 2857 tv,
1173 2792 1427 2846 Februarii
1458 2794 1539 2843 die
1560 2792 1607 2840 ‘i.
1633 2819 1693 2830 —
1721 2797 1838 2845 Acta
1864 2795 2158 2846 Sanctorum
2190 2793 2421 2846 Bolland.
2447 2795 2505 2844 ad
2525 2794 2650 2843 hanc
2671 2789 2848 2855 diem.)

289 3127 343 3184 l.
379 3145 398 3179 ι
426 3123 828 3196 Hellespontus,
868 3139 887 3174 ι
916 3129 976 3176 ιιι
995 3119 1204 3175 Plinius
1235 3119 1272 3173 ι.
1302 3134 1376 3186 tv,
1409 3132 1529 3188 cap.
1560 3117 1649 3183 ll,
1676 3117 1889 3182 scribit,
1917 3135 1936 3169 ι
1969 3126 2175 3186 septem
2205 3115 2396 3172 stadiis
2424 3116 2690 3188 Europam
2721 3118 2789 3173 ab
2815 3119 2945 3176 Asia
2959 3117 3224 3184 dividens,
3245 3130 3481 3190 quatuor

213 3221 358 3276 inter
397 3231 456 3272 se
484 3213 790 3270 contrarias
809 3213 973 3267 urbes
997 3211 1180 3278 habet,
1211 3209 1263 3263 in
1307 3208 1519 3278 Europa
1553 3207 1840 3277 Callipolin
1877 3218 1933 3261 et
1974 3207 2200 3272 Seston,
2237 3217 2292 3262 et
2336 3209 2389 3262 itt
2437 3208 2566 3262 Asia
2595 3207 2948 3280 Lampsacum
2986 3221 3042 3266 et
3071 3211 3320 3282 Abydon.
3361 3232 3380 3266 ι
3418 3215 3482 3267 Et

217 3314 551 3381 Lampsacus
578 3307 798 3379 quidem
826 3307 924 3376 (ita
953 3307 1121 3371 enim,
1145 3320 1266 3374 qua:
1295 3302 1470 3358 Plinio
1508 3301 1547 3357 l.
1579 3318 1636 3369 γ,
1666 3318 1714 3358 e.
1749 3301 1842 3369 39.,
1873 3300 2226 3370 Lampsacum
2261 3311 2371 3369 est,
2409 3306 2685 3374 appellant
2705 3305 2900 3372 Graeci,
2942 3307 3268 3365 Ptolemaeus
3307 3309 3405 3364 lib.
3427 3323 3482 3372 ν.

215 3423 273 3466 c.
299 3408 354 3470 Ξ,
382 3405 636 3459 Socrates
671 3400 708 3454 l.
731 3414 802 3464 tv,
825 3414 874 3452 c.
906 3398 979 3452 4:
1036 3398 1366 3466 Stephanus,
1398 3395 1594 3450 Strabo
1653 3395 1749 3449 lib.
1806 3395 1925 3464 xm)
1957 3413 1976 3446 ι
2001 3394 2330 3464 Lampsacus
2365 3395 2548 3464 igitur,
2583 3406 2639 3449 ut
2680 3397 2755 3450 ait
2794 3397 3012 3462 Strabo,
3053 3401 3480 3466 mariimminet,

221 3505 354 3557 urbs
383 3497 624 3554 bonitate
644 3504 834 3564 portus
848 3491 1078 3560 aliisque
1103 3492 1266 3545 rebus
1302 3488 1670 3545 memorabilis
1701 3506 1714 3544 :

1894 3506 1962 3544 isa
2001 3489 2156 3559 prius
2185 3488 2331 3543 dicta
2361 3487 2452 3541 διὰ
2481 3487 2542 3541 τὸ
2603 3491 2810 3543 πιτύων
2843 3491 2986 3560 ἔχειν
3014 3491 3234 3562 πλῆθος,
3309 3495 3436 3563 inqu
3462 3503 3484 3550 ι

218 3596 551 3666 Stephanus,
593 3607 613 3643 ι
650 3589 794 3659 quod
827 3587 1056 3657 plurima
1086 3586 1195 3642 illic
1217 3586 1395 3656 pinus.
1434 3605 1453 3639 ι
1491 3585 1585 3642 Εει
1638 3595 1819 3641 autem
1884 3587 1938 3642 itt
1977 3597 2208 3655 augusto
2237 3583 2570 3655 Hellesponti
2610 3588 2803 3654 posita,
2849 3606 2868 3639 ι
2911 3599 2965 3641 ιιι
2997 3589 3159 3643 habet
3205 3587 3482 3645 Socrates.

291 3712 346 3765 9..
384 3711 542 3773 Eam,
572 3707 933 3763 Constantino
987 3703 1178 3775 Magno
1243 3703 1567 3773 imperante,
1608 3703 1896 3758 sanctitate
1933 3711 1986 3758 ct
2039 3701 2316 3756 miraculis
2350 3701 2637 3758 illustravit
2670 3703 2727 3758 S.
2772 3703 3102 3760 Parthenius
3135 3706 3423 3777 episcopus
3459 3723 3475 3762 :

219 3807 377 3876 cujus
398 3804 536 3858 die?
595 3799 879 3856 Februarii
915 3797 1113 3853 festum
1146 3796 1230 3869 agi
1277 3807 1608 3852 annotarunt
1642 3797 1886 3852 Molanus
1912 3797 1966 3852 in
2001 3797 2170 3854 addit.
2201 3799 2269 3854 ad
2328 3799 2653 3864 Usuardunt,
2703 3809 2756 3854 et
2816 3800 3100 3855 Ferrarius
3152 3801 3204 3854 in
3243 3801 3483 3869 generali

220 3900 466 3966 catalogo
483 3893 585 3950 SS.
607 3893 852 3949 Breviter
879 3890 948 3945 de
985 3905 1049 3946 eo
1083 3889 1442 3961 Menologiutn
1469 3891 1537 3944 ab
1573 3888 1812 3944 Henrico
1842 3889 2064 3944 Canisio
2089 3890 2364 3960 vulgatum
2399 3909 2413 3946 :
2445 3909 2463 3944 ι
2496 3891 2954 3966 Couttttetttoratio
2985 3891 3044 3948 S.
3070 3891 3349 3948 Parthenii
3368 3893 3486 3964 epi-

221 3992 373 4062 scopi
409 3987 714 4060 Lampsaci.
753 4004 772 4038 ι
808 3984 1082 4040 Prolixius
1112 3985 1229 4053 ejus
1253 3984 1560 4039 encomiutn
1593 3993 1774 4038 exstat
1799 3984 1854 4037 in
1872 3983 2200 4049 Anthologio
2227 3993 2282 4038 et
2309 3983 2564 4040 Menaeis:
2600 3975 2762 4053 atque
2793 3985 2844 4038 iit
2879 3986 2963 4040 his
2996 3986 3212 4055 quidem
3243 3987 3317 4040 ita
3354 3985 3486 4040 οιιι-

219 4091 364 4144 t-ium
433 4085 594 4152 hujus
647 4083 754 4137 diei
784 4082 1074 4135 inchoatur
1107 4095 1122 4133 :
1164 4097 1182 4131 ι
1223 4077 1559 4147 Hellesponti
1588 4077 1784 4148 gloria,
1817 4078 2100 4149 Lampsaci
2124 4079 2412 4141 luminare,
2449 4078 2894 4134 admirandorutn
2914 4095 3138 4150 operum
3169 4079 3484 4148 splendidus

221 4183 436 4244 lucifer,
474 4192 703 4246 magnus
737 4173 1086 4239 Parthenius,
1128 4187 1228 4227 nos
1252 4186 1440 4226 omnes
1472 4170 1556 4225 sui
1609 4171 1873 4224 memoria
1932 4181 2196 4226 convocat
2249 4171 2316 4226 ad
2373 4172 2710 4242 spiritualem
2767 4173 3170 4228 solemnitatem
3227 4188 3476 4245 peragen-

220 4282 370 4343 dam,
419 4275 486 4330 ad
527 4273 805 4330 Christum
834 4269 1173 4324 Salvatorem
1203 4266 1613 4322 celebrandum.
1654 4285 1674 4318 ι

295 4394 350 4447 5.
391 4389 564 4444 Vitam
590 4399 772 4443 autem
799 4385 1088 4455 descripsit
1123 4382 1354 4452 simplici
1390 4391 1443 4436 et
1481 4383 1714 4437 candido
1749 4383 1887 4454 stylo
1935 4383 2243 4452 Crispinus,
2296 4384 2412 4450 ejus
2463 4383 2541 4456 (ut
2581 4384 2843 4454 creditur)
2873 4385 3191 4454 discipulus,
3223 4384 3484 4455 Lampsa-

223 4501 398 4544 cenus
428 4492 576 4536 certe
601 4490 654 4536 et
676 4487 1006 4543 cowtaneus,
1043 4484 1102 4529 ut
1137 4475 1253 4544 ipse
1302 4473 1506 4528 indicat
1539 4490 1589 4529 c.
1625 4473 1680 4540 2,
1711 4491 1768 4530 n.
1807 4475 1892 4542 l6,
1921 4475 2004 4530 his
2027 4474 2244 4530 verbis:
2285 4493 2304 4526 ι
2343 4473 2668 4531 Maximinus
2698 4476 2912 4546 quidam
2949 4479 3190 4544 nomine,
3219 4493 3281 4533 ex
3336 4477 3479 4549 Byza

220 4577 444 4632 civitate
465 4574 733 4639 Thraciae,
765 4573 856 4642 qui
888 4581 1005 4624 erat
1031 4566 1325 4636 discipulus
1361 4568 1518 4621 unius
1557 4581 1622 4620 ex
1653 4568 1716 4622 iis
1741 4569 1834 4638 qui
1869 4576 1997 4622 sunt
2047 4566 2190 4632 apud
2223 4582 2321 4622 nos
2371 4568 2609 4634 diaconi,
2656 4569 2872 4624 nomine
2927 4567 3150 4624 Psertaz.
3188 4588 3207 4622 ι
3243 4569 3476 4641 Crispini

221 4671 590 4727 narrationem
617 4667 863 4738 pluribus
901 4665 952 4718 in
977 4661 1114 4717 locis
1145 4659 1494 4728 interpolavit
1525 4659 1935 4730 Metaphrastes.
1980 4659 2134 4714 Hane
2165 4657 2345 4715 Vitam
2377 4675 2409 4718 e
2437 4660 2626 4718 ϐιωεο
2673 4660 2833 4716 vertit
2860 4660 3158 4716 Centianus
3188 4659 3476 4728 Hervetus,

221 4764 396 4824 edidit
427 4763 679 4834 Aloysius
709 4760 1070 4829 Lipomanus,
1109 4765 1272 4823 atque
1301 4770 1368 4808 ex
1395 4769 1461 4810 eo
1488 4753 1816 4810 Laurentius
1849 4755 2068 4810 Surius.

295 4887 353 4941 4.
382 4883 618 4940 Ᾰιὶιειιθιιι
657 4879 716 4937 S.
751 4874 1029 4934 Parthenii
1054 4873 1258 4929 indicat
1312 4873 1619 4944 Crispinus,
1669 4875 1794 4928 dum
1856 4884 2123 4931 memorat
2173 4874 2490 4947 Byzantium
2537 4876 2606 4932 ad
2637 4876 3048 4932 Constantinum
3082 4877 3329 4950 Hagnum
3357 4895 3479 4936 esse

223 4977 552 5052 profectum.
588 4975 647 5029 Et
677 4973 1012 5043 Nicephorus
1047 4968 1301 5025 Callistus
1330 4965 1366 5020 Ι.
1399 4982 1519 5032 vttt,
1547 4982 1597 5022 c.
1625 4968 1695 5023 42
1724 4987 1737 5022 :
1781 4985 1800 5020 ι
1846 4969 1950 5024 Par
1989 4971 2128 5036 istis,
2167 4971 2342 5040 inquit
2371 4971 2446 5042 (id
2479 4981 2584 5036 est,
2614 4969 2915 5040 Spiridioni
2949 4981 3000 5026 et
3022 4968 3288 5043 Nicolao),
3312 4974 3474 5028 etiam

225 5073 556 5131 Parthenius
585 5069 709 5132 fuit,
742 5066 894 5121 urbis
924 5064 1083 5118 unius
1111 5062 1163 5115 iu
1189 5059 1541 5130 Hellesponto
1566 5062 1877 5134 episcopus,
1912 5065 2036 5118 vitae
2066 5065 2370 5134 splendore,
2404 5065 2740 5129 humanitate
2780 5072 2835 5119 et
2865 5066 3124 5138 prodigiis
3173 5067 3478 5138 ingentibus

224 5167 428 5229 clarus,
458 5167 594 5220 adeo
616 5171 674 5215 ιιι
699 5167 922 5229 accepta
963 5171 993 5209 a
1023 5153 1132 5207 Deo
1183 5160 1471 5222 potestate,
1542 5164 1786 5210 mortuos
1844 5157 2118 5222 excitarit,
2168 5157 2503 5213 dmuonibos
2554 5158 2848 5227 imperarit,
2883 5168 3045 5228 atque
3095 5159 3475 5230 tegritudinutn

226 5260 408 5314 omnis
434 5256 648 5328 generis
680 5261 966 5325 promptus
990 5253 1211 5302 curator
1234 5244 1510 5302 exstiterit
1533 5257 1584 5302 et
1614 5248 1905 5316 gratuitos.
1954 5269 1973 5304 ι
2002 5251 2127 5321 Agit
2155 5249 2222 5304 de
2245 5265 2310 5304 eo
2342 5251 2607 5307 Baronitts
2643 5260 2773 5309 tom.
2809 5251 2901 5322 lll,
2941 5252 3010 5309 ad
3041 5269 3130 5309 an.
3164 5255 3290 5322 557,
3320 5269 3476 5314 num.

224 5351 295 5406 58
333 5361 386 5404 ct
436 5346 806 5420 sequentibus,
839 5354 894 5401 et
926 5352 1111 5400 censet
1136 5357 1257 5400 eum
1288 5356 1506 5416 quoque
1534 5338 1754 5397 Nicaeae
1784 5341 2017 5398 concilio
2053 5341 2385 5400 interfuisse.

1811 5605 1884 5622 »κ
