3820 6532
242 367 382 429 1³59

1466 363 1643 422 VITA
1685 363 1748 422 S.
1790 360 2238 424 PARTHENU.

3342 358 3481 426 i-‘li'll

235 480 295 533 δὲ
331 480 425 530 ἐπὶ
456 478 535 546 τῲ
571 476 809 547 μετώπῳ
841 475 1008 546 αὐτῆς
1044 475 1277 545 ποιήσας
1316 473 1414 545 τὴν
1441 475 1533 528 τοῦ
1571 473 1808 544 Χριστοῦ

1916 484 2031 529 ctus
2058 490 2183 529 vero
2215 476 2266 529 in
2299 474 2415 545 ejus
2446 475 2620 531 fronte
2652 475 2790 532 facto
2819 476 2973 549 signo
3005 475 3202 542 crucis,
3236 491 3352 532 eam
3386 497 3481 532 cn-

238 569 535 643 σφραγῖδα,
569 569 757 624 ἰάσατο
801 569 970 637 αὐτὴν
1004 566 1368 638 παραχρῆμα,
1414 566 1508 619 καὶ
1548 566 1808 633 ἐξέπεσεν

233 661 298 727 ἐξ
324 661 496 731 αὐτῆς
545 660 604 714 τὸ
659 660 829 723 πάθος
859 661 933 722 ὡς
960 653 1096 721 εἶδος
1126 660 1411 728 καρκίνον,
1440 657 1534 711 καὶ
1575 659 1808 729 ἤρκεσεν

234 753 332 807 ἐπὶ
358 752 461 819 τὴν
488 751 610 820 γῆν.
640 751 847 812 Πάντες
883 750 938 801 δὲ
967 750 1022 801 oi
1073 750 1339 817 παρόντες
1395 746 1717 817 θεασάμενοι
1748 746 1808 799 τὸ

235 842 521 913 τεράστιον
552 840 757 908 θαῦμα,
799 839 1006 892 ἔδωκαν
1072 833 1220 889 αἶνον
1257 834 1333 905 τῷ
1384 833 1809 904 θαυμαστοποιῷ

236 935 378 1002 Θεῷ.
445 932 848 1002 Ἀπερχομένου
908 928 1003 983 τοῦ
1065 929 1337 997 μακαρίου
1394 928 1474 989 εἰς
1521 925 1808 996 ἐπίσκεψίν

234 1043 383 1089 τινος
429 1024 711 1095 ἀρρώστου
766 1026 822 1076 ἐν
852 1021 927 1092 τῷ
963 1021 1196 1092 βαδίζειν
1229 1018 1391 1072 αὐτὸν
1428 1018 1620 1089 ἀθρύον
1664 1019 1809 1072 κύων

236 1115 603 1184 παμμεγέθης
629 1113 722 1167 καὶ
754 1114 934 1182 φόνιος
962 1111 1259 1184 διαρρήξας
1289 1109 1389 1178 τὴν
1418 1109 1807 1179 περικειμένην

234 1207 387 1275 αύτῷ
424 1206 611 1259 ἆλυσιν
658 1202 986 1273 ἐξεπήδησεν
1019 1201 1127 1255 ἀπὸ
1179 1201 1356 1262 οΞκῖας
1384 1200 1528 1260 τινῦς
1564 1198 1670 1250 τῶν
1708 1215 1809 1269 με-

233 1295 509 1364 γιστάνων
552 1295 643 1345 καὶ
673 1293 911 1361 ἀπῆλθεν
935 1290 1102 1361 αὐτῷ,
1131 1291 1223 1343 καὶ
1251 1289 1431 1360 ὄρθιος
1462 1290 1551 1342 ἐπὶ
1575 1287 1669 1342 τοῦ
1702 1289 1808 1342 σώ-

240 1404 410 1457 ματος
438 1386 601 1440 αὐτοῦ
640 1384 791 1454 ἔστη.
835 1384 891 1436 Ὁ
917 1384 972 1436 δὲ
1002 1385 1146 1447 ὅσιος
1178 1384 1501 1453 ἐμφυσὴσας
1537 1382 1686 1453 αὑτῷ
1715 1384 1808 1437 καὶ

236 1480 328 1530 τὸν
366 1477 599 1550 σταυρὸν
626 1475 720 1530 τοῦ
750 1475 986 1548 Χριστοῦ
1029 1474 1422 1543 ποιησάμενος,
1464 1474 1808 1546 παραχρῆμα

235 1568 500 1640 ἐξήρανεν
545 1571 638 1622 καὶ
670 1569 864 1640 νεκρὸν
894 1568 1000 1621 ἀπὸ
1029 1568 1137 1621 τῶν
1168 1565 1333 1637 ῶμων
1371 1565 1538 1619 αὐτοῦ
1588 1567 1683 1623 ἐπὶ
1711 1570 1810 1639 τὴν

235 1664 346 1734 γῆν
370 1662 611 1733 teat-sv.

311 1753 385 1807 l".
421 1752 604 1806 Ταῦτα
635 1751 823 1806 καὶτὰ
855 1750 1063 1814 τούτοις
1097 1747 1460 1823 παραπλήσια
1495 1750 1749 1820 ἀκηκοὼς
1784 1745 1811 1798 ὁ

1914 567 2051 620 rtvit
2092 567 2334 634 protinus
2363 584 2377 623 :
2412 579 2466 621 et
2500 568 2700 622 excidit
2749 569 2814 622 ah
2846 584 2906 622 ea
2964 569 3204 635 morbus,
3233 569 3367 622 adeo
3422 579 3484 623 ut

1911 658 2119 725 species
2172 662 2352 714 cancri
2405 661 2485 714 vel
2546 661 2715 729 ipsam
2785 669 2986 714 terram
3022 661 3477 718 'exnlreraverit.

1910 750 2061 804 Tnuc
2085 767 2274 805 omnes
2312 752 2402 821 qui
2439 754 2681 815 aderant,
2720 768 2840 804 cum
2875 755 2973 806 hoc
3023 752 3287 806 vidissent
3318 755 3482 806 mira-

1910 850 2114 907 culum,
2146 846 2409 899 dederunt
2433 846 2641 899 laudem
2674 856 2726 898 ct
2756 845 2981 914 gloriam
3010 844 3120 899 Deo
3155 856 3360 912 nostro,
3388 847 3478 913 qui

1911 934 2340 991 facitmiracula.
2396 935 2531 989 Cum
2596 937 2775 1005 itaque
2830 938 2929 990 iret
2972 936 3265 1005 aliquando
3292 938 3480 991 beatus

1908 1025 2311 1099 Pattlteniusad
2344 1025 2618 1078 visendam
2670 1026 2956 1093 quemdam
3009 1035 3292 1095 tegi-ritum,
3338 1025 3483 1078 inter

1908 1117 2139 1172 eundum
2176 1126 2396 1186 repente
2422 1115 2571 1168 canis
2606 1115 2841 1185 ingentis
2884 1114 3273 1179 magnitudinis
3298 1126 3351 1169 et
3380 1129 3482 1168 (εαξη

1910 1209 2028 1264 dem
2074 1208 2307 1278 spirans,
2343 1216 2497 1274 rupta
2542 1214 2750 1269 catena,
2780 1220 2900 1274 qua!
2923 1206 2968 1259 ei
2998 1205 3172 1259 fuerat
3203 1207 3478 1273 imposita,

1909 1299 2111 1355 exsiliit
2134 1314 2161 1351 a
2193 1299 2424 1367 quadam
2457 1297 2617 1350 domu
2649 1297 2927 1365 cujusdam
2962 1311 3026 1350 ex
3064 1297 3397 1365 proceribus,
3428 1303 3485 1351 et

1910 1403 2032 1441 eum
2092 1389 2306 1453 invasit,
2357 1396 2409 1441 et
2448 1396 2627 1441 rectus
2681 1387 2831 1440 Stetit
2866 1400 3028 1454 supra
3087 1400 3287 1454 corpus
3335 1387 3478 1454 ejus.

1912 1478 2143 1532 Sanctus
2186 1489 2362 1531 autent
2411 1491 2531 1530 cum
2589 1476 2641 1529 in
2673 1491 2794 1529 eum
2828 1475 3109 1544 spirasset,
3145 1484 3198 1528 et
3264 1490 3479 1528 crucem

1910 1569 2111 1626 Christi
2140 1567 2380 1634 iecisset,
2425 1578 2645 1636 repente
2689 1566 3006 1631 exsiccavit,
3059 1575 3113 1621 et
3142 1565 3210 1620 ab
3242 1566 3483 1620 humeris

1912 1662 2023 1717 Suis
2064 1660 2116 1714 in
2149 1672 2348 1715 terram
2383 1658 2611 1728 projecit
2643 1669 2934 1714 mortuum.

1984 1751 2072 1808 lll.
2090 1751 2212 1807 Haec
2243 1752 2397 1806 ethis
2424 1751 2618 1805 similia
2645 1765 2765 1805 cum
2794 1750 3105 1816 audivisset,
3131 1750 3360 1820 quierat
3388 1750 3482 1805 illo

237 1844 357 1896 κατ’
406 1846 614 1896 ἐκεῖνον
661 1844 753 1896 τὸν
783 1844 975 1914 καιρὸν
1023 1842 1322 1905 ὁσιώτατος
1369 1843 1666 1905 ἐπίσκοπος
1707 1840 1806 1910 τῆς

1916 1853 2157 1912 tempore
2177 1840 2552 1897 sanctissimus
2600 1840 2989 1911 Cyziceuorum
3033 1840 3347 1911 metropolis
3371 1842 3484 1910 epi-

238 1931 550 1995 Κυζικινῶν
583 1932 989 2003 μητροπόλεως,
1020 1930 1260 2001 τούνομα
1298 1931 1601 2002 Ἀσχὸλιος,
1637 1948 1805 2001 μετα·

236 2025 592 2095 στειλάμενος
617 2025 709 2078 τὸν
743 2026 890 2080 ὅσιον
940 2024 1128 2082 τοῦτον
1163 2024 1480 2097 Παρθένιον,
1510 2026 1590 2090 είς
1618 2026 1677 2079 τὸ
1710 2025 1807 2094 τῆς

236 2119 544 2187 ἐπισκοπῆς
570 2119 789 2191 ἀξίωμα
820 2120 1258 2191 προεχειρίσατο,
1294 2121 1391 2175 καὶ
1425 2120 1681 2199 μέγιστον
1705 2119 1809 2172 δῶ-

239 2227 333 2281 ρον
356 2215 423 2282 τῇ
453 2212 824 2283 Λαμψακινῶν
853 2213 1005 2266 πόλει
1034 2214 1359 2283 ἐχαρίσατο’
1391 2216 1420 2267 ὁ
1447 2214 1500 2267 δὲ
1522 2213 1808 2282 ἄνθρωπος

235 2307 333 2359 τοῦ
376 2306 511 2361 Θεοῦ
544 2308 836 2378 Παρθένιος
866 2311 1091 2372 ἐπιστάς
1126 2312 1194 2381 τῇ
1241 2308 1610 2381 ἀφιερωθείση
1659 2306 1807 2377 αὐτῷ

236 2396 393 2449 πόλει
457 2396 765 2467 Λαμψάκῳ,
830 2400 927 2450 καὶ
987 2396 1164 2468 εὑρὼν
1231 2399 1394 2452 αὐτὸν
1462 2397 1804 2460 κατείδωλον,

235 2489 425 2559 ἠνιᾶτο
450 2489 637 2553 δεινῶς
655 2507 671 2522 ·
706 2489 845 2561 πλὴν
867 2491 928 2543 οὐ
954 2491 1221 2546 διέλειπεν
1252 2491 1392 2545 κατά
1415 2491 1506 2544 τὸν
1548 2490 1807 2545 Ἀπόσιτο-

235 2580 331 2635 λον
359 2581 643 2647 νουθετῶν,
679 2582 1032 2653 παρακαλῶν,
1088 2583 1380 2652 ἐπιτιμῶν,
1437 2583 1806 2637 ὑποδεικνύων

236 2673 427 2735 αὐτοῖς
462 2672 561 2743 τὴν
590 2673 704 2726 ὁδὸν
752 2675 850 2744 τῆς
895 2673 1152 2745 ἀληθείας
1188 2674 1281 2728 καὶ
1312 2675 1412 2743 τὴν
1469 2674 1809 2744 ματαιότητα

234 2764 349 2819 τῶν
386 2764 616 2818 εἰδώλων
651 2765 744 2819 καὶ
782 2766 1213 2836 θαυματουργῶν
1245 2767 1304 2819 ἐν
1341 2764 1419 2835 τῷ
1446 2766 1671 2835 ὀνόματι
1710 2764 1806 2819 τοῦ

238 2857 446 2925 Κυρίου
470 2857 627 2928 ἡμῶν
658 2856 830 2927 Ἰησοῦ
859 2857 1116 2927 Χριστοῦ,
1154 2858 1248 2911 καὶ
1274 2856 1502 2927 ίώμενος
1531 2857 1656 2920 τοὺς
1705 2859 1808 2929 dp-

240 2947 484 3021 ῥὼστους
505 2947 704 3014 αὐτῶν,
741 2948 839 3003 καὶ
862 2946 1036 3012 οὕτως
1067 2947 1191 3001 κατ’
1219 2949 1396 3015 ὀλίγον
1427 2947 1680 3003 εἵλκυσεν
1707 2948 1807 3000 αύ-

237 3040 367 3102 τοὺς
398 3042 477 3103 είς
507 3040 604 3111 τὴν
626 3041 914 3109 ἐπίγνωσιν
942 3039 1036 3093 τοῦ
1066 3041 1325 3112 Χριστοῦ.
1360 3039 1503 3095 Ἰδὼν
1532 3040 1589 3093 δὲ
1613 3041 1810 3103 αὐτοὺς

1908 1948 2123 2002 scapus,
2151 1935 2370 1987 t:0mittc
2393 1931 2702 1997 Aschulius,
2750 1948 2870 1987 cum
2907 1935 3281 1990 accersivisset
3316 1951 3482 1991 vene-

1911 2026 2135 2079 randum
2179 2034 2234 2078 et
2270 2035 2517 2079 sanctum
2560 2025 2703 2078 hunc
2742 2024 2914 2078 virum
2950 2023 3325 2092 Parthenium,
3357 2042 3480 2081 eum

1909 2115 2149 2185 praefecit
2206 2116 2467 2182 dignitate
2519 2110 2888 2183 epiScopatus,
2926 2124 2980 2171 et
3008 2119 3300 2171 maximum
3348 2132 3480 2172 con-

1909 2207 2073 2262 cessit
2096 2207 2292 2259 donum
2330 2207 2534 2260 civitati
2564 2204 3074 2277 Lampsacenorum.
3101 2207 3273 2264 llomo
3301 2218 3479 2265 autem

1912 2299 2003 2355 Dci
2031 2298 2371 2363 Parthenius,
2400 2312 2523 2353 cum
2554 2301 2790 2355 venisset
2835 2301 2899 2355 ad
2940 2299 2988 2356 ei
3010 2301 3309 2357 dedicatam
3342 2304 3482 2357 civi-

1911 2401 2075 2445 tatctn
2100 2393 2476 2460 Lampsacum,
2513 2400 2566 2447 et
2582 2408 2699 2447 eam
2725 2393 3019 2449 invenisset
3041 2395 3272 2449 deditam
3313 2395 3482 2451 cultui

1910 2487 2342 2551 simulacrorum,
2374 2484 2613 2553 graviter
2658 2488 2977 2555 angebatur.
3013 2485 3118 2541 Sed
3149 2503 3252 2542 non
3295 2502 3484 2542 cessa-

1910 2576 2022 2640 bat,
2050 2575 2184 2629 sicut
2236 2574 2525 2644 Apostolus
2568 2575 2821 2630 admouet
2852 2577 2893 2640 ⁸,
2928 2591 3138 2646 rogare,
3172 2577 3480 2645 increpare,

1911 2669 2156 2723 veritatis
2200 2667 2337 2722 viam
2367 2667 2445 2721 eis
2477 2666 2800 2731 ostendere,
2854 2666 3388 2739 imbecillitatetnque
3428 2680 3482 2726 et

1910 2763 2200 2817 vanitatem
2261 2761 2722 2817 simulacrorum:
2775 2772 2828 2818 et
2869 2761 3072 2818 faciens
3115 2764 3370 2819 miracula
3425 2768 3480 2825 in

1913 2858 2128 2912 nomine
2160 2858 2366 2915 Domini
2393 2858 2560 2913 nostri
2592 2856 2716 2912 Jesu
2740 2855 2961 2921 Christi,
2985 2867 3041 2912 et
3072 2872 3264 2912 curans
3293 2872 3480 2914 eorum

1912 2946 2177 3015 inlirmos,
2235 2948 2490 3019 paulatim
2543 2952 2707 3003 traxit
2756 2963 2848 3003 eos
2896 2949 2962 3002 ad
2999 2946 3090 3002 Dei
3127 2949 3478 3019 agnitionem.

1910 3040 2042 3094 Cum
2076 3056 2203 3096 vero
2227 3042 2450 3096 vidisset
2471 3056 2564 3097 eos
2594 3040 2854 3108 prolicere
2880 3040 2933 3093 in
2972 3040 3094 3104 llde,
3113 3049 3167 3096 et
3191 3042 3479 3097 simulacra

238 3132 682 3201 προσκόπτοντας
710 3135 769 3185 ἐν
795 3135 859 3202 τῇ
889 3132 1069 3185 πίστει
1094 3134 1189 3186 καὶ
1216 3131 1681 3204 περιφρονοῦντας
1702 3134 1808 3186 τῶν

1916 3132 2215 3203 despicere,
2241 3134 2613 3189 voluiteorum
2660 3132 2858 3204 templa
2880 3132 3095 3187 diruere
3127 3142 3181 3188 et
3213 3134 3484 3189 aediﬁcare

237 3223 497 3291 εξδώλων,
514 3225 788 3296 ἠϐουλήθη
814 3225 1062 3279 καθελεῖν
1081 3226 1205 3289 τοῦς
1228 3227 1388 3289 ναοὺς
1408 3226 1515 3280 τῶν
1541 3225 1804 3295 ματαίων,

239 3318 338 3370 καὶ
361 3316 711 3388 οἰκοδομῆσαι
741 3317 1034 3387 ἐκκλησίαν
1064 3318 1158 3370 ἐπὶ
1201 3317 1279 3388 τῷ
1323 3317 1548 3388 ὀνόματι
1578 3318 1672 3370 τοῦ
1704 3318 1813 3371 Κυ-

242 3409 360 3481 ρίου
409 3408 563 3479 ἡμῶν
600 3408 774 3479 Ἰησοῦ
806 3407 1065 3478 Χριστοῦ.
1107 3408 1380 3478 Ἐπισχὼν
1412 3409 1468 3461 δὲ
1494 3408 1655 3462 αὑτὸν
1686 3412 1810 3465 ἐπε·

238 3501 509 3569 λογήσατο
558 3502 641 3554 ὅτι
692 3502 721 3552 ὁ
773 3499 1022 3571 βασιλεὺς
1060 3502 1386 3572 Χριστιανὸς
1442 3503 1535 3554 καὶ
1579 3501 1811 3573 εὐσεϐής

240 3593 409 3644 ἐστιν.
434 3593 651 3646 Δίκαιον
682 3589 774 3645 οὖν
809 3595 1041 3664 ὑπάρχει
1082 3593 1222 3663 μετά
1253 3593 1477 3663 γνώμης
1509 3593 1674 3647 αὐτοῦ
1701 3595 1810 3647 τῶν

240 3684 536 3738 είδωλικὼν
560 3684 701 3738 ναῶν
730 3686 828 3756 τὴν
873 3685 1190 3757 καθαίρεσιν
1239 3686 1587 3758 ποιήσασθαι.
1621 3685 1808 3740 Ταῦτα

242 3776 668 3848 βουλευσάμενος
699 3781 728 3832 ὁ
759 3778 1011 3847 θεράπων
1050 3779 1143 3831 τοῦ
1174 3779 1438 3847 Χριστοῦ,
1494 3777 1713 3849 ἀπάρας
1745 3782 1810 3831 ἐκ

238 3870 341 3938 τῆς
372 3869 575 3933 πόλεως
602 3869 929 3940 Λαμψάκου,
963 3869 1373 3941 καταλαμϐάνει
1421 3869 1521 3940 τὴν
1558 3869 1811 3939 βασιλίδα

240 3962 417 4014 πόλιν.
446 3962 602 4014 Κατᾶ
645 3962 946 4033 συγκυρίαν
974 3962 1029 4015 δὲ
1070 3961 1269 4032 συνέϐη
1312 3960 1415 4032 τῆς
1448 3960 1576 4031 ἐξῆς
1600 3962 1691 4014 τὸν
1716 3963 1808 4016 εὐ-

241 4054 376 4124 σεΰῆ
430 4055 651 4123 βασιλέα
711 4057 1116 4108 Κωνσταντῖνον
1164 4056 1411 4109 κατιέναι
1463 4054 1699 4125 ὀχήματι
1730 4055 1809 4119 είς

240 4146 532 4215 ἐπίσκεψιν
562 4146 670 4198 τῶν
704 4146 914 4215 ὼρείων
942 4145 1034 4199 τοῦ
1080 4146 1229 4199 σίτου
1257 4162 1271 4176 ·
1302 4147 1397 4198 καὶ
1429 4144 1744 4214 προσελθὼν
1781 4147 1810 4198 ὁ

239 4234 388 4297 ὅσος
418 4235 559 4305 ἀνὴρ
596 4235 760 4300 ἔδειξε
791 4237 858 4287 τά
898 4238 993 4305 τῆς
1018 4237 1306 4304 αἰτήσεως.
1346 4236 1405 4287 '0
1435 4234 1493 4287 δὲ.
1523 4234 1694 4300 ὅντως
1723 4252 1811 4305 φι-

238 4325 522 4396 λόχριστος
569 4327 820 4398 βασιλεὺς
852 4328 1069 4394 ἐδέξατο
1096 4328 1196 4397 τὴν
1234 4328 1469 4396 αἴτησιν,
1521 4328 1616 4380 καὶ
1645 4344 1811 4398 προσ.

238 4419 434 4483 ἑταξεν
482 4420 645 4471 αὐτὸν
694 4421 954 4489 προάγειν
1009 4419 1088 4481 εἰς
1142 4419 1208 4470 τά
1260 4417 1527 4489 βασίλεια,
1555 4417 1684 4488 ἄχρι
1710 4417 1804 4472 τοῦ

1917 3225 2200 3281 ecclesiam
2256 3226 2309 3278 in
2361 3225 2580 3279 nomine
2617 3223 2830 3279 Domini
2892 3223 3061 3279 nostri
3091 3221 3217 3279 Jcsu
3250 3223 3480 3282 Christi.

1916 3317 2049 3372 Cum
2079 3333 2136 3372 sc
2166 3328 2344 3372 autem
2373 3316 2739 3383 sustinuisset,
2788 3316 2868 3372 sic
2903 3317 3112 3383 statuit,
3164 3317 3307 3386 quod
3360 3333 3481 3374 cum

1918 3408 2211 3476 imperator
2245 3411 2314 3463 sit
2349 3407 2697 3464 Christianus
2740 3418 2794 3463 et
2850 3409 2995 3480 pius,
3027 3410 3232 3479 justum
3267 3411 3340 3465 sit
3367 3409 3485 3480 ejus

1917 3503 2182 3557 sententia
2218 3503 2537 3571 templorum
2570 3500 2833 3556 idolorum
2889 3501 3007 3555 ﬁeri
3057 3502 3479 3557 demolitionem.

1918 3595 2042 3650 llaec
2072 3610 2194 3649 cum
2236 3594 2377 3665 apud
2400 3608 2459 3648 se
2481 3595 2757 3649 statuisset
2803 3593 3001 3649 Christi
3029 3608 3218 3649 servus
3259 3593 3484 3650 Parthe-

1914 3688 2062 3753 nius,
2118 3697 2172 3741 et
2223 3686 2470 3740 solvisset
2514 3700 2578 3740 ex
2624 3686 2842 3741 civitate
2876 3684 3193 3756 Lampsaco,
3234 3687 3380 3740 venit
3428 3686 3483 3742 in

1915 3781 2102 3833 urhem
2138 3779 2357 3851 regiam.
2384 3777 2545 3833 Forte
2576 3786 2752 3832 autem
2783 3776 2996 3844 accidit,
3032 3785 3090 3831 ut
3116 3778 3203 3832 die
3236 3777 3483 3847 sequenti

1916 3872 2036 3941 pius
2063 3871 2351 3940 imperator
2375 3868 2761 3925 Constantinus
2787 3869 3131 3924 descenderet
3152 3868 3204 3923 in
3237 3869 3484 3925 vehiculo

1916 3962 1983 4018 ad
2008 3964 2263 4018 videndos
2295 3976 2472 4032 agros.
2501 3961 2580 4015 Ad
2609 3978 2730 4016 eum
2764 3961 2942 4032 itaque
2966 3961 3229 4017 accedens
3261 3962 3342 4017 vir
3368 3977 3486 4016 san-

1916 4066 2055 4121 ctus,
2085 4057 2331 4125 exposuit
2356 4055 2402 4107 ei
2429 4069 2577 4108 suam
2618 4055 2952 4124 petitionem.
2981 4054 3326 4109 Venerandus
3357 4067 3485 4109 vero

1915 4157 1967 4200 et
2001 4147 2157 4217 plane
2178 4145 2375 4200 Christi
2412 4160 2599 4199 amans
2633 4146 2925 4213 imperator
2952 4144 3359 4208 Constantinus,
3390 4144 3486 4200 be-

1917 4239 2077 4306 nigne
2107 4236 2313 4306 accepit
2345 4235 2460 4305 ejus
2490 4237 2829 4306 petitionem,
2857 4248 2910 4290 et
2940 4238 3091 4291 valde
3116 4246 3197 4290 est
3237 4238 3442 4292 latinus
3465 4256 3481 4271 ο

1911 4331 2183 4400 jUSsilqtte
2225 4345 2345 4384 eum
2393 4331 2471 4384 ire
2502 4331 2553 4383 in
2591 4331 2812 4398 regiam,
2856 4337 2911 4383 et
2949 4342 3264 4398 exspectare
3311 4330 3486 4385 donec

1918 4423 2033 4492 ipse
2059 4423 2254 4477 rediret
2277 4421 2343 4476 ab
2377 4420 2542 4490 agris.
2577 4418 2844 4475 Reversus
2884 4421 3062 4489 itaque
3111 4422 3404 4489 imperator
3430 4422 3482 4475 in

240 4510 605 4579 ὑποστρέφειν
638 4510 798 4562 αὑτὸν
828 4510 934 4562 ἀπὸ
966 4510 1073 4561 τῶν
1118 4508 1327 4580 ὡρείων
1356 4507 1450 4561 τοῦ
1497 4507 1672 4563 σίτου.
1701 4510 1808 4565 Καὶ

1918 4516 2191 4586 palatium,
2225 4513 2471 4568 lubenter
2504 4515 2709 4583 accepit
2734 4515 2905 4567 virum
2943 4525 3212 4581 sanctttm,
3242 4523 3297 4569 et
3330 4530 3483 4570 com-

240 4603 686 4675 παραγενόμενος
716 4605 966 4674 ἀσμένως
995 4602 1296 4667 ἀπεδέξατο
1332 4601 1424 4655 τὸν
1466 4602 1610 4655 ὅσιον
1642 4602 1810 4673 ἄνδρα

238 4698 336 4750 καὶ
354 4696 753 4767 περιεπτύξατο
778 4701 869 4750 καὶ
896 4696 1151 4766 εῦχεσθαι
1183 4696 1321 4767 ὑπὲρ
1354 4693 1519 4749 αὐτοῦ
1544 4692 1807 4766 ἠξίωσεν

239 4791 331 4845 διά
351 4792 553 4871 τάχους
565 4790 620 4843 δὲ
645 4790 978 4860 προσέταξεν
1006 4789 1258 4857 γενέσθαι
1289 4788 1618 4861 πρόσταγμα
1646 4789 1810 4843 ἕνεκα

237 4883 342 4951 τῆς
390 4881 762 4951 καθαιρέσεως
806 4881 914 4936 τῶν
946 4881 1239 4935 είδωλικῶν
1286 4881 1451 4948 ναῶν,
1504 4882 1602 4935 καὶ
1649 4878 1809 4933 τοῦτο

242 4970 497 5041 κυρώσες
553 4975 673 5036 ταῖς
710 4972 882 5035 θείαις
937 4970 1102 5025 αὐτοῦ
1154 4972 1464 5038 συλλαϐαῖς,
1497 4971 1680 5026 δίδωσι
1729 4969 1809 5043 τῷ

247 5060 506 5129 μακαρίῳ
553 5060 647 5113 καὶ
699 5061 922 5129 χρυσίον
959 5059 1016 5112 δέ
1048 5060 1230 5113 ἱκανὸν
1263 5060 1497 5113 δέδωκεν
1536 5058 1684 5131 αὐτῷ
1727 5062 1805 5123 εἰς

240 5151 593 5221 ἀπαρτισμὸν
634 5150 734 5221 τῆς
767 5154 928 5220 ἁγίας
982 5151 1075 5204 τοῦ
1132 5151 1269 5206 Θεοῦ
1325 5151 1672 5223 Ἐκκλησίας,
1724 5153 1817 5206 καὶ

240 5243 630 5312 ἀσπασάμενος
660 5244 820 5297 αὑτὸν
844 5242 1111 5297 ἀπέλυσεν
1139 5246 1197 5296 ἐν
1241 5243 1452 5315 εἰρήνῃ.

312 5333 387 5387 Δ’.
434 5333 774 5389 Ἐπανελθὼν
802 5336 858 5388 δέ
907 5336 935 5389 ὁ
986 5336 1255 5410 μακάριος
1285 5336 1341 5388 ἐν
1390 5335 1455 5405 τῇ
1506 5333 1617 5406 ίδίᾳ
1656 5331 1808 5386 πόλει

240 5427 551 5499 Λαμψάκῳ,
605 5428 713 5482 τῶν
748 5427 891 5480 ναῶν
932 5427 1029 5498 τὴν
1074 5426 1390 5498 καθαίρεσιν
1421 5426 1673 5489 ἐποιεῖτο,
1714 5425 1810 5478 καὶ

240 5521 551 5592 διαγράψας
582 5522 674 5574 τὸν
718 5514 1255 5593 καλλιπρεπέστατον
1306 5518 1400 5572 τοῦ
1455 5517 1591 5571 Θευῦ
1638 5512 1806 5582 οἷκον,

243 5614 404 5678 αὐτὸς
420 5614 485 5667 δι’
503 5613 696 5668 ἐαυτοῦ
720 5614 959 5682 ἐφεστὼς
990 5613 1118 5684 πρὸς
1134 5612 1193 5667 τὸ
1209 5608 1589 5686 ἔργονρπουδῇ
1617 5608 1808 5681 πολλῇ,

321 5802 338 5837 ⁸
370 5802 392 5860 Ι
422 5801 561 5858 Τιιιι.
594 5817 668 5870 tv,
700 5801 757 5858 2.

1918 4606 2103 4675 plexns
2138 4605 2348 4676 rogavit
2392 4614 2450 4658 ut
2478 4618 2575 4671 pro
2618 4605 2732 4671 ipso
2764 4613 3079 4674 precaretur
3107 4621 3122 4671 ;
3149 4615 3203 4660 et
3237 4609 3483 4676 protinus

1912 4697 2074 4764 jussit
2104 4696 2219 4751 fieri
2260 4711 2473 4749 sacrum
2512 4708 2611 4763 pro
2646 4695 2910 4750 idolorum
2948 4706 3001 4749 et
3031 4710 3218 4750 eorum
3252 4698 3481 4766 templo-

1915 4804 2034 4843 rum
2081 4785 2448 4850 demolitione,
2500 4793 2554 4838 et
2604 4800 2725 4839 cum
2767 4786 2867 4840 hoc
2911 4785 3021 4841 suis
3052 4786 3251 4842 divinis
3288 4791 3483 4842 conlir-

1919 4888 2121 4935 tnassct
2151 4880 2396 4951 syllabis,
2445 4879 2535 4932 dat
2576 4875 2866 4933 Parthenio
2894 4893 3016 4932 cum
3049 4879 3219 4936 multo
3251 4896 3380 4936 auro
3414 4882 3482 4937 ad

1915 4976 2338 5030 exstructionem
2366 4982 2564 5025 sanctae
2607 4971 2697 5026 Dei
2744 4970 3017 5028 ecclesia:
3051 4981 3247 5029 etcum
3276 4977 3482 5044 amptc-

1917 5082 2037 5132 xus,
2066 5066 2266 5120 dimisit
2300 5065 2352 5119 in
2382 5079 2531 5134 pace.

1986 5329 2073 5386 IV.
2112 5329 2382 5387 Iterat-sus
2438 5341 2618 5386 autem
2655 5332 2844 5387 beatus
2874 5327 3201 5388 Parthenius
3235 5331 3286 5387 in
3327 5345 3479 5388 suam

1917 5429 2189 5485 civitatem
2229 5427 2606 5503 [.atttpsacum.
2659 5428 2855 5497 templa
2881 5428 3066 5494 diruit,
3101 5436 3153 5484 et
3208 5442 3327 5482 cum
3359 5423 3479 5495 pul-

1917 5519 2236 5574 cherrimam
2264 5528 2317 5574 et
2341 5520 2745 5575 ornatissimam
2768 5520 3146 5590 descripsisset
3170 5517 3257 5573 Dei
3280 5521 3476 5580 edem,

1919 5611 2032 5683 ipse
2062 5625 2157 5681 per
2204 5625 2261 5666 se
2291 5612 2551 5666 assistens
2584 5611 2761 5683 operi,
2794 5625 2988 5682 magno
3036 5612 3215 5667 studio
3240 5623 3360 5666 eam
3384 5624 3482 5663 cu~
