3820 6530
360 333 494 400 1351

1548 327 1829 389 MENSIS
1881 321 2400 385 FEBRUABIUS.

3481 308 3638 371 1253

344 446 499 500 rabat
517 438 878 496 excitandam.
901 435 1110 492 Etenim
1125 448 1247 490 cum
1273 432 1430 489 multi
1465 435 1852 502 adnavigarent
1872 441 1925 485 et

2065 433 2126 503 ὴν
2147 430 2339 484 τούτου
2367 428 2654 501 ἀνέγερσιν
2683 427 2942 482 ἐποιεῖτο.
2976 424 3194 480 Πολλῶν
3222 441 3282 479 τε
3309 422 3424 494 γὰρ
3459 424 3645 488 ξένων

345 534 696 600 enavigarent
723 528 988 598 hospites,
1027 541 1130 580 non
1163 525 1510 595 contingebat
1539 524 1620 579 eis
1670 523 1924 586 transire,

348 627 451 684 nisi
476 626 625 694 prius
653 637 773 675 eum
800 620 1063 673 vidissent
1099 635 1113 671 :
1145 629 1200 670 et
1225 615 1597 670 benedictione
1637 614 1704 668 ab
1741 630 1804 666 eo
1839 613 1926 666 di-

346 717 517 788 gnati,
559 732 701 780 eam,
735 723 991 780 tanquam
1024 709 1314 763 multorum
1347 708 1610 761 benorum
1643 707 1923 769 viaticum,

348 809 658 865 auferentes
685 805 1033 861 recedebant.
1065 801 1307 868 Quodam
1355 810 1534 854 autem
1589 799 1674 852 die
1703 798 1930 850 accessit

348 903 563 972 quidam
593 901 660 954 ad
688 913 834 962 eum,
866 897 954 963 qui
983 897 1209 948 latenter
1237 894 1288 946 in
1320 908 1378 946 se
1418 892 1648 945 habebat
1679 889 1926 958 spiritum

348 991 609 1050 immundi
678 990 956 1045 dmtnonii.
983 987 1153 1052 Quem
1195 1000 1316 1038 cum
1360 984 1518 1052 longo
1557 993 1799 1049 tempore
1833 981 1931 1032 ha-

351 1087 577 1148 buisset,
621 1083 723 1137 hoc
757 1082 1062 1151 ignorabat.
1099 1076 1196 1132 Hic
1243 1092 1370 1143 ergo
1407 1075 1569 1128 homo
1604 1087 1725 1126 cum
1765 1071 1928 1124 vidis-

349 1188 432 1232 set
463 1187 734 1239 sanctum,
765 1188 886 1227 eum
913 1171 1189 1226 salutavit.
1223 1167 1397 1221 llomo
1419 1181 1548 1220 vero
1568 1163 1662 1218 Dei
1697 1162 1929 1216 Parthe-

351 1269 474 1324 nius
499 1284 620 1326 cum
649 1267 990 1335 cognovisset
1020 1261 1320 1316 damonem
1343 1259 1433 1328 qui
1463 1260 1515 1310 in
1542 1273 1606 1310 co
1629 1253 1930 1318 habitabat,

353 1374 478 1415 eum
543 1373 654 1412 non
688 1354 1039 1421 rt'SaltllaVil;
1071 1353 1282 1407 daemon
1329 1359 1509 1404 autem
1563 1349 1928 1416 perturbatus,

353 1451 489 1504 dixit
513 1457 704 1503 sancto
742 1463 756 1500 :
794 1445 1060 1512 Quoniam
1089 1443 1386 1498 desideravi
1423 1451 1473 1494 te
1495 1439 1700 1502 videre,
1731 1437 1851 1493 ideo
1881 1446 1934 1492 te

351 1541 581 1597 salutavi
610 1557 622 1592 :
653 1553 755 1592 cur
790 1548 843 1590 tu
881 1551 986 1590 non
1017 1534 1263 1589 salutasti
1286 1531 1310 1586 Τ
1333 1532 1568 1586 Sanctus
1592 1539 1768 1584 autem
1799 1528 1935 1584 Par-

355 1633 569 1687 thenius
593 1630 724 1683 dicit
749 1628 796 1682 ei
831 1644 845 1681 :
886 1627 1024 1680 Ecce
1051 1624 1232 1679 vidisti
1268 1639 1378 1691 me,
1419 1621 1550 1692 quid
1597 1632 1708 1676 tum
1739 1622 1762 1674 ’ί
1795 1621 1932 1674 Dicit

353 1726 562 1780 daemon
596 1739 610 1777 :
646 1721 713 1777 EI.
742 1729 794 1776 te
851 1720 983 1784 vidi,
1019 1728 1077 1772 et
1131 1717 1346 1788 agnovi.
1388 1715 1531 1770 Dicit
1576 1725 1839 1770 sanctus:
1873 1713 1929 1766 Si

354 1831 545 1872 revera
617 1830 700 1868 me
736 1813 916 1868 vidisti
973 1821 1026 1867 et
1058 1811 1349 1881 agnoviSIi,
1381 1809 1639 1878 egredere
1672 1809 1780 1860 citn
1811 1820 1839 1857 a
1865 1804 1928 1859 ιι-
1958 1778 2006 1838 Β

355 1921 576 1979 gmento
630 1907 745 1962 Dei.
808 1905 954 1960 Dixit
986 1906 1195 1958 dzrmun
1228 1922 1241 1957 :
1276 1901 1389 1956 Hoc
1417 1910 1586 1956 totum
1619 1908 1724 1963 est,
1757 1909 1815 1954 ιιι
1848 1914 1932 1952 me

353 2000 595 2068 expellas
626 2014 654 2052 a
699 2011 815 2052 mea
865 1994 1248 2051 habitatione?
1273 1993 1450 2055 Nunc,
1496 2006 1623 2061 rogo
1648 2000 1719 2057 te,
1747 2004 1814 2044 ne
1849 2005 1935 2042 me

355 2091 596 2161 expellas
622 2100 744 2160 post
775 2099 984 2142 tantum
1024 2096 1260 2156 tempus.
1304 2085 1443 2140 Dicit
1480 2083 1530 2139 ei
1561 2086 1755 2138 beatus
1802 2082 1934 2137 Par-

359 2185 614 2238 thenius:
650 2183 811 2236 Estne
852 2180 1069 2250 longum
1108 2189 1343 2247 tempus,
1375 2192 1440 2231 ex
1477 2191 1584 2246 quo
1645 2176 1699 2229 in
1737 2189 1802 2228 eo
1833 2174 1934 2227 ba-

357 2277 542 2331 bitas?
569 2277 712 2330 Dixit
767 2277 979 2330 daemon
1015 2290 1029 2328 :
1071 2274 1116 2326 Α
1145 2273 1398 2343 pueritia,
1438 2285 1540 2324 nec
1599 2269 1674 2322 iui
1709 2267 1799 2321 ulli
1838 2283 1938 2320 un-

358 2381 520 2438 quam
558 2367 833 2437 cognitus,
865 2365 968 2420 nisi
1007 2379 1152 2418 nunc
1179 2379 1209 2418 a
1263 2373 1354 2418 te:
1393 2373 1446 2416 tu
1479 2369 1656 2414 autem
1717 2374 1802 2414 me
1841 2373 1938 2414 ex-

362 2460 540 2529 pellis,
569 2467 626 2512 ut
652 2459 830 2523 video,
857 2466 911 2512 et
943 2471 1050 2526 quo
1073 2456 1232 2526 jubes
1271 2469 1356 2509 me
1397 2452 1595 2507 abire?
1626 2450 1769 2505 Dixit
1803 2467 1935 2504 san-

359 2562 478 2608 ctus
505 2571 519 2606 :
548 2551 629 2605 Do
673 2552 768 2606 tibi
816 2550 1014 2614 locum,
1045 2562 1152 2619 quo
1192 2547 1578 2618 proﬁciscaris.
1633 2544 1776 2598 Dicit
1830 2546 1938 2596 daa-

359 2659 486 2698 mon
517 2659 532 2695 :
566 2641 802 2697 Omnino
835 2641 984 2695 dices
1019 2637 1173 2704 mihi,
1215 2637 1314 2691 Abi
1350 2637 1403 2690 in
1459 2650 1675 2706 porcos.
1717 2633 1855 2687 Dicit
1884 2633 1933 2687 ei

359 2744 584 2791 sanctus
613 2751 627 2788 :
661 2733 901 2798 Minime,
933 2732 1026 2788 sed
1060 2731 1129 2786 do
1172 2731 1266 2785 tibi
1305 2732 1578 2786 hominem
1637 2728 1938 2793 humilem,-

360 2837 419 2880 et
447 2829 726 2897 ingressus
761 2826 814 2879 in
841 2840 988 2886 eum,
1021 2824 1133 2879 illic
1171 2822 1379 2878 habita.
1413 2820 1571 2876 Nunc
1607 2835 1734 2874 vero
1781 2836 1845 2874 ex
1875 2835 1940 2874 eo

360 2918 646 2987 egredere.
709 2915 858 2969 Dixit
905 2915 1114 2970 daemon
1151 2929 1166 2967 :
1199 2911 1254 2966 ln
1293 2917 1522 2966 veritate
1553 2911 1656 2966 hoc
1687 2911 1841 2977 facis,
1873 2926 1940 2964 an

361 3009 538 3064 solum
574 3009 673 3062 hoc
697 3007 856 3074 dicis,
885 3007 1014 3060 dum
1065 3020 1151 3060 me
1185 3004 1454 3074 ejeceris?
1482 3003 1628 3058 Dixit
1681 3013 1940 3058 sanctus:

2029 521 2446 575 καταπλεόντων
2472 522 2568 574 καὶ
2606 518 3008 584 ἀναπλεόντων,
3056 518 3158 570 οὐκ
3189 517 3483 585 ἐνεδέχετο
3539 517 3646 568 a6-

2027 618 2137 676 τοῖς
2165 611 2418 676 διελθεῖν,
2443 613 2490 664 εί
2525 611 2598 682 μὴ
2625 610 2892 681 πρότερον
2923 609 3084 662 αὑτὸν
3111 608 3463 677 ἐωράκεισαν
3490 621 3505 632 ⁸
3539 608 3641 659 καὶ

2029 706 2127 776 τῆς
2151 703 2282 774 παρ’
2317 702 2484 756 αὑτοῦ
2506 701 2756 769 εὐλογίας
2788 699 3124 770 ἀξιούμενοι,
3149 698 3224 761 ὡς
3247 695 3473 766 ἐφόδιον
3500 698 3641 748 ταύ-

2028 816 2130 868 την
2155 796 2380 864 ἀγαθῶν
2428 795 2821 866 ἐπιφερόμενοι
2869 795 3110 847 ἄπεισιν.
3161 791 3526 860 Παρεγένετο
3583 786 3641 840 δὲ

2031 891 2318 962 ἄνθρωπός
2343 907 2427 951 τις
2451 890 2586 958 πρὸς
2610 889 2773 940 αὑτὸν
2805 886 2999 958 ἔχοντα
3027 883 3306 952 πνεύμονα
3335 882 3640 950 δαιμονίου

2034 983 2352 1054 ἀκαθάρτου
2381 982 2439 1032 ἐν
2469 981 2544 1050 τῷ
2569 979 2840 1048 λεληθότι,
2872 979 2931 1029 ὂν
2960 977 3098 1046 ἔχων
3131 968 3307 1038 0610;,
3341 974 3640 1043 θεασάμε-

2032 1091 2120 1137 νος
2145 1075 2235 1126 τὸν
2271 1075 2426 1139 ἅγιον
2461 1073 2750 1142 ἠσπάσατο
2773 1070 2957 1122 αὐτόν.
2996 1067 3053 1120 '0
3080 1069 3136 1120 δὲ
3176 1066 3476 1137 ἄνθρωπος
3535 1065 3638 1118 τοῦ

2031 1165 2167 1220 Θεοῦ
2201 1167 2496 1236 Παρθένιος
2527 1165 2686 1232 γνοὺς
2719 1165 2810 1216 τὸν
2827 1163 2884 1214 ἐν
2915 1161 3062 1232 αὐτῷ
3089 1160 3343 1213 οἰκοῦντα
3367 1158 3635 1226 δαίμονα,

2033 1260 2132 1312 οὒκ
2178 1259 2567 1329 ἀντησπάσατο
2621 1256 2806 1308 αὐτόν.
2850 1255 2911 1306 Ὀ
2963 1254 3020 1306 δέ
3073 1252 3285 1322 δαίμων
3324 1250 3638 1319 ταραχθεὶς

2035 1348 2153 1405 εἷπε
2179 1351 2257 1421 τῷ
2293 1351 2429 1420 ὁσίῳ
2454 1366 2469 1381 ο
2507 1349 2728 1419 Ἐπειδὴ
2769 1348 3066 1417 ἐπιθυμίαν
3095 1347 3254 1415 ἔσχον
3281 1343 3377 1396 τοῦ
3415 1344 3638 1396 θεάσα-

2036 1445 2158 1498 σθαί
2194 1462 2276 1510 σε,
2302 1446 2396 1498 καὶ
2427 1445 2767 1515 ἡσπασάμην
2800 1459 2861 1495 σε
2881 1458 2896 1472 ·
2930 1442 2994 1494 σὺ
3023 1440 3080 1494 δέ
3107 1456 3175 1510 με
3210 1440 3310 1492 οὐκ
3335 1437 3636 1508 ἀντησπάο

2037 1553 2149 1602 σω;
2198 1537 2257 1590 '0
2283 1537 2338 1590 δὲ
2366 1537 2515 1600 ὅσιος
2547 1537 2683 1606 πρὸς
2713 1533 2878 1588 αὐτὸν
2915 1533 3042 1602 ἐφη.
3071 1532 3137 1585 Τί
3171 1527 3266 1584 οὖν
3289 1531 3440 1582 ἐστιν
3466 1545 3484 1594 ;
3521 1528 3635 1582 ίόοῦ

2037 1628 2143 1690 ῐδες
2185 1645 2274 1698 με.
2320 1627 2380 1681 '0
2404 1628 2612 1697 δαίμων
2664 1626 2839 1694 λέγει.
2897 1625 3025 1690 Ναὶ,
3082 1624 3176 1677 καὶ
3210 1620 3353 1675 εἲδόν
3413 1637 3478 1673 σε
3537 1619 3636 1672 καὶ

2036 1721 2281 1789 ἐπέγνων
2312 1737 2404 1775 σε·
2443 1721 2503 1774 '0
2526 1721 2673 1783 ὅσιος
2702 1719 2852 1787 λέγει
2880 1734 2895 1750 ·
2929 1719 2991 1772 El
3033 1719 3120 1770 ἐπ’
3157 1715 3418 1786 ἀληθείας
3450 1715 3636 1785 ἐωρα·

2035 1814 2148 1878 κὼς
2197 1814 2444 1882 ἐπέγνως
2479 1831 2567 1883 με,
2625 1813 2809 1880 ἔξελθε
2859 1811 2967 1865 ἀπὸ
3009 1809 3105 1864 τοῦ
3150 1810 3478 1879 πλάσματος
3538 1805 3631 1858 τοῦ

2036 1909 2194 1967 Θεοῦ.
2239 1910 2298 1963 Ὀ
2329 1911 2538 1979 δαίμων
2573 1906 2758 1964 εἶπεν·
2803 1911 2967 1962 Ὀλον
3001 1907 3132 1960 αὑτό
3160 1909 3330 1970 ἐστιν,
3365 1906 3456 1958 ἵνα
3501 1902 3633 1957 διώ-

2036 2002 2134 2072 ξῃς
2170 2019 2276 2073 PE;
2315 2003 2443 2073 Μὴ.
2477 2002 2673 2073 δέομαί
2706 2020 2823 2068 σου,
2881 2001 3022 2072 μετά
3053 1997 3310 2052 τοσοῦτον
3331 1996 3536 2067 χρόνον
3559 1994 3633 2065 μὴ

2037 2096 2273 2168 ἐκϐάλῃς
2331 2113 2422 2166 με.
2456 2096 2620 2164 Λέγει
2667 2094 2817 2166 αὐτῷ
2847 2097 2874 2146 ὁ
2927 2094 3197 2164 μακάριος
3221 2107 3236 2122 ⁸
3273 2092 3492 2162 Χρόνον
3520 2088 3630 2158 γὰρ

2037 2189 2200 2260 ἔχεις,
2251 2189 2344 2258 ἀφ’
2373 2183 2433 2243 06
2467 2189 2692 2260 ᾤκησας
2729 2190 2788 2242 ἐν
2822 2187 2992 2258 αὐτῷ.
3063 2185 3123 2239 '0
3173 2185 3389 2254 δαίμων
3433 2178 3627 2235 εἶπεν·

2049 2282 2144 2334 Ἐκ
2169 2282 2441 2346 παιδόθεν,
2467 2282 2562 2336 καὶ
2594 2281 2694 2334 οὐκ
2713 2279 3015 2350 ἐγνώσθην,
3045 2279 3094 2331 εί
3121 2277 3196 2348 μὴ
3224 2276 3320 2330 νῦν
3352 2276 3458 2330 ὑπὸ
3495 2275 3592 2328 σοῦ
3613 2288 3629 2302 ·

2040 2374 2104 2428 σὺ
2141 2374 2197 2426 δέ
2249 2373 2531 2437 ἐκϐάλλεις
2568 2389 2637 2442 με
2666 2388 2680 2403 ο
2715 2372 2819 2426 ποῦ
2866 2372 3184 2442 ἐπιτρέπεις
3232 2367 3495 2423 ἀπελθεῖν
3526 2383 3630 2438 ps;

2052 2465 2110 2518 Ὁ
2139 2466 2284 2530 ὅσιος
2328 2461 2479 2517 εἶπεν
2505 2480 2518 2491 °
2556 2462 2761 2533 Δίδωμί
2804 2479 2889 2516 σοι
2937 2464 3103 2515 τόπον
3171 2459 3274 2512 ποῦ
3317 2459 3628 2530 πορευθῇς·

2049 2556 2110 2610 '0
2131 2557 2346 2626 δαίμων
2375 2551 2548 2608 εἶπενο
2578 2554 2801 2616 Πάντως
2831 2555 2977 2624 ἐρεῖς
2999 2570 3087 2621 μοι
3115 2550 3374 2605 ἀπελθεῖν
3397 2551 3478 2613 εἰς
3508 2551 3632 2612 τοὺς

2041 2648 2291 2719 χοίρους;
2326 2643 2491 2700 Εἶπεν
2522 2645 2676 2715 αὐτῷ
2716 2648 2744 2699 ὁ
2769 2647 2915 2708 ὅσιος
2934 2661 2948 2676 ⁶
2983 2644 3137 2714 Οὐχὶ,
3163 2643 3302 2698 ἀλλὰ
3330 2641 3528 2712 δίδωμί
3555 2658 3633 2694 σοι

2042 2741 2365 2810 ἀνθρωπονο
2399 2741 2464 2794 σὺ
2489 2740 2545 2794 δὲ
2576 2737 2835 2793 εἰσελθὼν
2875 2739 3146 2808 κατῴκεις
3177 2737 3326 2788 ἐκεῖ·
3365 2735 3466 2788 νῦν
3495 2736 3551 2788 δέ
3574 2735 3632 2788 ἐκ

2043 2831 2235 2885 τούτου
2269 2831 2474 2895 ἔξελθε.
2517 2834 2577 2884 Ὀ
2607 2830 2820 2900 δαίμων
2859 2826 3012 2884 εἶπεν
3035 2848 3050 2862 ο
3095 2830 3184 2883 Ἐν
3212 2829 3448 2900 ἀληθεία
3476 2828 3634 2883 τοῦτο

2044 2927 2239 2986 ποιοῖς,
2267 2925 2298 2995 ἢ
2336 2925 2439 2987 ἕως
2466 2924 2561 2978 τοῦ
2591 2925 2845 2976 ἐκϐαλεῖν
2871 2942 2936 2994 με
2962 2924 3120 2994 μόνον
3141 2940 3155 2953 ο
3193 2923 3250 2976 '0
3281 2924 3428 2986 ὅσιος
3447 2918 3632 2974 εἶπεν

2056 3015 2215 3084 Ἐμοὶ
2247 3016 2348 3084 μέν
2395 3014 2545 3067 ἐστιν
2578 3015 2606 3068 ὁ
2634 3013 2922 3083 ἄνθρωπος
2966 3014 3181 3084 ἕτοιμος
3211 3015 3267 3066 ἐν
3313 3005 3357 3080 ᾧ
3401 3012 3633 3081 ὀφείλεις

366 3101 498 3156 Dico
531 3099 625 3153 tibi
667 3101 718 3152 in
760 3097 1015 3164 veritate,
1052 3096 1427 3165 mihiquidem
1472 3106 1558 3151 est
1598 3097 1757 3149 homo
1778 3109 1942 3164 para-

2065 3108 2370 3176 ιατοικῆσαι
2397 3123 2410 3136 ·
2449 3112 2513 3160 σὺ
2568 3105 2626 3160 δὲ
2680 3106 2865 3172 ἔξελθε
2918 3106 3009 3161 διά
3055 3108 3278 3176 τάχους.
3322 3105 3384 3161 '0
3429 3106 3632 3176 δαίμων

367 3202 477 3255 tus,
509 3191 564 3246 in
595 3205 705 3261 quo
735 3189 898 3244 debes
953 3188 1202 3244 habitare
1230 3205 1244 3241 :
1287 3187 1462 3242 solum
1511 3191 1621 3242 cito
1659 3189 1938 3254 egredere.

368 3287 585 3341 Daemon
647 3295 832 3340 autem
869 3284 1040 3340 sancti
1091 3284 1264 3353 pactis
1312 3284 1595 3338 conventis
1627 3295 1941 3351 persuasus.

364 3377 584 3448 petebat
613 3386 671 3432 ut
698 3376 988 3448 promissio
1033 3377 1389 3432 deduceretur
1409 3376 1475 3428 ad
1498 3372 1770 3427 eli‘ectum.
1793 3372 1946 3428 Tunc

364 3477 586 3524 sanctus
619 3485 681 3524 os
713 3469 987 3540 aperiens,
1038 3470 1177 3522 dixit
1213 3467 1448 3522 daanioni
1483 3483 1496 3520 :
1529 3464 1669 3520 Ecce
1693 3479 1793 3535 ego
1826 3479 1943 3517 sum

367 3561 528 3615 homo
556 3578 571 3615 :
602 3562 905 3631 ingredere,
944 3569 998 3614 et
1025 3559 1076 3613 in
1110 3574 1195 3614 me
1225 3559 1502 3622 inbabita;
1533 3559 1742 3611 daetuon
1769 3567 1944 3609 autem

369 3665 623 3724 tauquam
651 3653 720 3707 ab
749 3653 870 3721 igne
910 3661 1062 3706 ustus
1095 3652 1166 3705 ob
1215 3651 1289 3716 id,
1316 3650 1459 3719 quod
1479 3659 1698 3704 sanctus
1720 3648 1947 3713 dixerat,

366 3745 697 3802 exclamavit
741 3745 972 3798 dicens:
1013 3742 1108 3798 Hei
1165 3742 1318 3807 mihi,
1363 3756 1471 3808 me,
1501 3742 1592 3811 qui
1649 3757 1715 3796 ex
1771 3741 1950 3796 alieno

369 3851 502 3889 vase
535 3835 666 3898 abii,
695 3842 817 3904 post
849 3844 1056 3888 tantum
1083 3843 1292 3901 tempus
1337 3831 1678 3901 persequeris
1706 3847 1720 3884 :
1745 3841 1795 3885 et
1823 3831 1951 3900 quid

371 3942 477 3982 non
514 3928 636 3980 mali
669 3943 699 3980 a
734 3938 782 3980 te
814 3942 1008 3997 passus
1038 3925 1234 3980 fuero?
1262 3924 1545 3990 Quomodo
1599 3938 1726 3978 vero
1773 3924 1824 3976 in
1853 3925 1950 3976 do-

376 4036 522 4077 mum
562 4022 653 4077 Dei
684 4019 1004 4092 ingrediar?
1038 4019 1155 4074 Non
1196 4021 1322 4073 licet
1374 4021 1662 4072 veritatem
1710 4018 1898 4070 audire
1922 4032 1952 4069 a

374 4116 526 4168 vobis
545 4114 894 4168 Christianis.
918 4111 960 4165 Τ
967 4127 1071 4165 unc
1095 4113 1303 4164 daemon
1332 4125 1583 4180 egressus
1623 4109 1690 4163 ab
1716 4109 1950 4172 homine,

381 4204 518 4258 abiit
542 4207 594 4256 in
623 4203 736 4256 loca
762 4203 976 4256 deserta
1001 4208 1053 4253 et
1087 4202 1383 4262 inaccessa,
1410 4200 1572 4253 homo
1590 4210 1764 4252 autem
1783 4201 1959 4252 evasit

376 4310 542 4349 sanus
575 4296 778 4348 virtute
807 4302 860 4348 et
892 4292 1068 4363 gratia
1109 4288 1323 4344 Domini
1387 4289 1558 4345 nostri
1607 4286 1736 4345 Jesu
1797 4289 1957 4344 Chri-

377 4391 467 4455 sti,
511 4387 614 4462 [(2)
647 4386 928 4454 Deumque
957 4384 1490 4455 perpetuolaudabat
1512 4394 1566 4438 et
1597 4381 1957 4456 gloriﬁcabat,

377 4495 432 4541 et
462 4494 710 4539 sanctum
743 4480 860 4549 ejus
885 4479 1143 4534 famulum
1168 4477 1572 4550 Parthenium.]

457 4577 518 4630 ν.
553 4574 805 4630 Perfecto
836 4587 964 4628 vero
992 4587 1153 4642 opere
1178 4571 1555 4627 aedilicationis
1605 4579 1810 4625 sancta:
1862 4567 1956 4623 Dei

380 4669 647 4735 ecclesiae,
679 4667 918 4721 studium
952 4667 1190 4737 ponebat
1213 4665 1373 4717 homo
1409 4661 1502 4716 Dei
1523 4670 1580 4715 ut
1607 4670 1960 4731 reponeretur

384 4774 594 4824 mensa,
624 4763 675 4812 in
709 4772 816 4828 qua
851 4756 1138 4824 oportebat
1165 4751 1395 4808 Domino
1425 4751 1614 4806 oderri
1643 4751 1885 4822 spiritale
1906 4758 1961 4806 et

385 4850 730 4907 incruentum
779 4847 1134 4904 sacriﬁcium.
1177 4843 1310 4898 Cum
1363 4855 1542 4897 autem
1575 4842 1866 4898 invenisset
1905 4845 1957 4897 in

386 4944 620 5012 quodam
653 4941 790 5004 loco,
815 4940 1066 4994 dedicato
1097 4934 1278 5000 idolis,
1310 4933 1546 5004 lapidem
1582 4936 1876 5003 pretiosum
1908 4945 1963 4990 et

387 5042 572 5100 aptum
604 5031 670 5083 ad
701 5041 905 5082 sanctae
939 5039 1138 5082 mensa:
1160 5022 1595 5077 concinnandum
1627 5037 1786 5092 opus,
1817 5026 1962 5093 quod

387 5125 759 5196 quaerebatur,
789 5119 974 5175 effecit
994 5120 1045 5172 id
1077 5115 1308 5187 pulchre
1332 5115 1599 5171 elaborari
1631 5128 1686 5172 et
1715 5118 1962 5187 adaptari

387 5221 457 5272 ab
488 5215 813 5272 artificibus.
846 5211 1097 5266 Perfecto
1128 5223 1258 5264 vero
1283 5223 1466 5278 opere,
1497 5208 1661 5277 jussit
1703 5210 1755 5266 id
1781 5209 1966 5266 aﬂ‘erri

387 5311 447 5364 in
483 5308 794 5366 ecclesiam.
836 5304 974 5357 Cum
1023 5317 1155 5371 ergo
1207 5303 1448 5357 artiﬁces
1494 5303 1726 5374 lapidem
1781 5304 1964 5358 currui

391 5405 800 5474 imposuissent,
829 5410 886 5453 et
914 5401 1080 5453 boves
1135 5397 1467 5470 iunxissent,
1501 5398 1769 5455 ducebant
1797 5399 1863 5451 ad
1893 5397 1969 5450 ci-

391 5502 638 5555 vitatem.
675 5493 932 5549 lnvidens
957 5501 1138 5544 autem
1163 5500 1217 5544 et
1242 5493 1505 5548 bonorum
1541 5479 1768 5560 operum
1797 5505 1964 5543 remn-

389 5598 476 5648 lus
513 5589 783 5653 diabolus,
807 5599 915 5639 non
953 5584 1133 5637 terens
1181 5583 1358 5654 ignem
1401 5584 1567 5640 divini
1627 5583 1729 5643 zeli
1788 5586 1961 5643 sancti

472 5776 547 5846 β)
581 5773 744 5829 lineis
774 5771 980 5828 inclusa
1017 5773 1236 5827 Gmrcus
1276 5777 1462 5825 textus
1493 5786 1597 5827 non
1632 5773 1819 5829 habet.

2051 3193 2292 3257 πεισθεὶς
2321 3197 2440 3256 ταῖς
2479 3193 2762 3259 συντάξεσι
2785 3194 2876 3248 τοῦ
2904 3196 3081 3264 ἀγίου,
3117 3199 3197 3256 εἰς
3219 3194 3380 3265 ἔργον
3406 3195 3630 3266 ἀχθῆναι

2049 3287 2149 3356 τὴν
2171 3286 2464 3357 ὑπόσχεσιν
2492 3286 2715 3358 ἀπῄτει.
2748 3286 2806 3338 Ὀ
2837 3286 2892 3338 δὲ
2923 3287 3069 3350 ὅσιος
3096 3286 3315 3352 ἀνοίξας
3348 3287 3411 3339 τὸ
3442 3286 3629 3338 ἑαυτοῦ

2054 3376 2248 3446 στόμα.
2275 3377 2380 3446 ἔφη
2407 3377 2484 3448 τῷ
2514 3379 2761 3448 δαίμονι·
2807 3379 2940 3433 Ἰδοὺ
2972 3380 3081 3448 ἐγώ
3105 3383 3220 3450 εἰμι
3252 3381 3280 3433 ό
3303 3380 3591 3450 ἄνθρωπος
3615 3396 3628 3408 ·

2052 3469 2312 3523 εἰσελθὼν
2361 3470 2607 3524 κατοίκει
2660 3475 2717 3524 ἐν
2757 3473 2902 3543 ἐμοί.
2956 3473 3014 3526 '0
3070 3473 3126 3526 δέ
3156 3473 3368 3544 δαίμων
3400 3473 3630 3543 ὠςῦπὲρ

2054 3561 2225 3633 πυρὸς
2253 3561 2506 3631 φλεχθεὶς
2538 3563 2628 3615 ἐπὶ¹
2655 3561 2733 3631 τῷ
2755 3563 2919 3634 λόγῳ,
2950 3564 3246 3635 ἀνεϐόησεν
3262 3565 3439 3632 λέγων
3460 3582 3472 3593 ο
3505 3565 3629 3617 Οὐαί

2059 3671 2191 3726 μοι’
2225 3657 2282 3707 ἐν
2334 3656 2599 3728 ἀλλοτρίῳ
2650 3657 2780 3710 ὄντα
2832 3675 2899 3722 με
2950 3657 3134 3712 σκεύει
3199 3660 3339 3728 μετά
3386 3657 3631 3711 τοσοῦτον

2057 3748 2248 3818 χρόνον
2267 3744 2508 3811 διώκεις,
2541 3746 2631 3800 καὶ
2663 3747 2715 3799 τί
2741 3747 2842 3800 οὐκ
2865 3748 2931 3801 ἂν
2967 3748 3196 3816 πάθοιμι
3223 3749 3373 3816 παρά
3413 3748 3506 3801 σοῦ
3537 3764 3626 3800 x1-

2058 3843 2189 3907 κόνς
2246 3838 2368 3901 Πῶς
2404 3840 2498 3892 καὶ
2547 3841 2627 3902 εἰς
2677 3835 2828 3893 οἷκον
2876 3839 3011 3892 Θεοῦ
3064 3840 3486 3909 εἰσελεύσομαις
3527 3843 3626 3892 υῦκ

2059 3934 2206 3986 ἐστιν
2229 3931 2491 4002 ἀλήθειαν
2525 3930 2754 3985 ἀκοῦσαι
2795 3935 2926 4003 παρ’
2961 3932 3114 4002 ὑμῶν
3143 3932 3250 3985 τῶν
3275 3933 3624 4004 Χριστιανῶν.

2060 4025 2194 4077 Τότε
2231 4020 2466 4087 ἐξελθὼν
2492 4024 2520 4075 ό
2549 4023 2759 4094 δαίμων
2791 4024 2899 4076 ἀπὸ
2950 4025 3043 4078 τοῦ
3077 4024 3367 4095 ἀνθρώπου
3403 4027 3481 4087 εἰς
3513 4026 3626 4094 ἐρή-

2065 4134 2197 4187 μους
2227 4120 2321 4169 καὶ
2338 4115 2574 4177 ἀϐάτους
2603 4117 2804 4180 τόπους
2833 4116 3104 4188 ἐπορεύθη
3133 4131 3148 4146 °
3195 4117 3251 4170 '0
3281 4117 3338 4169 δέ
3361 4115 3624 4186 ἄνθρωπος

2063 4210 2282 4278 ἐγένετο
2311 4207 2470 4277 ὑγιὴς
2505 4210 2574 4279 τῇ
2621 4207 2852 4278 δυνάμει
2900 4208 2994 4263 τοῦ
3030 4209 3241 4281 Κυρίου
3298 4208 3475 4280 Ἰησοῦ
3508 4209 3624 4280 Χρι-

2067 4321 2216 4362 στου.

2151 4569 2606 4640 ’Λπαρτισθέντος
2641 4569 2695 4624 δέ
2725 4569 2820 4626 τοῦ
2873 4569 3036 4642 ἔργου
3075 4569 3174 4639 τῆς
3207 4570 3496 4641 οἰκοδομῆς
3542 4569 3627 4640 τῆς

2068 4660 2230 4728 ἁγίας
2285 4660 2382 4714 τοῦ
2427 4661 2666 4732 Χριστοῦ
2725 4662 3039 4731 ἐκκλησίας,
3099 4661 3339 4732 σπουδὴν
3387 4661 3629 4714 ἐτίθετοό

2068 4753 2204 4808 Θεοῦ
2230 4754 2515 4823 ἄνθρωπος
2562 4755 2656 4809 τοῦ
2685 4755 2986 4810 ἀποθέσθαι
3016 4756 3116 4824 τὴν
3156 4757 3459 4824 τράπεζαν,
3510 4758 3563 4807 ἐν

2069 4847 2174 4900 ἔδει
2201 4849 2298 4920 τὴν
2327 4850 2702 4919 πνευματικὴν
2732 4849 2822 4901 καί
2854 4848 3193 4918 ἀναίμικτον
3225 4849 3417 4901 θυσίαν
3451 4849 3630 4915 ἀναφέ-

2075 4940 2264 5011 ρεσθαι
2297 4941 2374 5012 τῷ
2400 4941 2611 5012 Κυρίῳ.
2647 4939 2837 5010 Εὑρὼν
2857 4939 2913 4994 δέ
2943 4941 3001 4992 ἐν
3039 4957 3143 4992 τινι
3169 4941 3322 5010 τόπῳ
3344 4941 3632 5011 κατειδώλῳ

2071 5032 2220 5085 λίθον
2249 5034 2566 5102 ἐπιτήδειον
2605 5033 2700 5086 καὶ⁵
2728 5035 2908 5102 τίμιον
2965 5033 3253 5102 ὀφείλοντα
3287 5033 3520 5104 ἁρμόσαι
3566 5035 3632 5095 είς

2070 5123 2132 5178 τὸ
2161 5123 2593 5194 ἐπιζητούμενον
2637 5122 2799 5195 ἔργον
2851 5125 2948 5193 τῆς
3001 5126 3285 5195 τραπέζης
3330 5126 3632 5195 καλλιεργη-

2075 5214 2234 5285 θῆναι
2291 5218 2395 5270 ὑπὸ
2429 5218 2536 5272 τῶν
2567 5219 2826 5288 τεχνιτῶν
2879 5218 3217 5288 πεποίηκεν·
3279 5220 3418 5289 μετά
3468 5220 3521 5271 δὲ
3548 5220 3633 5288 τὴν

2075 5309 2396 5380 ἀπαλλαγὴν
2452 5312 2700 5381 κομίζειν
2736 5313 2816 5372 είς
2853 5313 2953 5379 τὴν
2987 5310 3287 5378 ἐκκλησίαν
3335 5313 3630 5382 ἐπέτρεψεν.

2087 5403 2399 5465 Ἐπιίιέντες
2423 5402 2712 5474 τοιγαροῦν
2741 5403 2791 5454 οἱ
2829 5405 3071 5472 τεχνῖται
3119 5406 3209 5455 τὸν
3241 5404 3387 5458 λίθον
3416 5407 3503 5458 ἐπὶ
3547 5409 3633 5475 τὴν

2071 5497 2312 5566 ἄμαξαν,
2343 5496 2633 5562 ζεύξαντες
2683 5503 2811 5564 τοὺς
2843 5498 2972 5570 βόας
3020 5495 3156 5570 ἦγον
3193 5501 3248 5552 ἐν
3276 5503 3342 5571 τῇ
3381 5501 3544 5553 πόλει.
3585 5501 3633 5552 'U

2069 5593 2124 5654 δὲ
2158 5594 2428 5665 βάσκανος
2458 5593 2555 5649 καὶ
2583 5595 2867 5669 ἀντίςηλος
2898 5594 3007 5654 τῶν
3026 5593 3371 5666 Χριστιανῶν
3393 5592 3631 5657 διάϐολος,
