3820 6466
215 347 365 419 1353
1448 348 1630 412 VITA
1669 347 1728 408 s.
1755 325 2208 408 PARTHENII.
3329 338 3476 408 tau

211 468 320 522 οὑκ
347 465 577 535 ἐνέγκας
609 463 670 518 τὸ
697 463 806 537 πῦρ
845 463 940 518 τοῦ
975 464 1118 519 κατά
1157 461 1290 516 Θεὸν
1321 460 1486 533 ζήλου
1517 461 1612 516 τοῦ
1646 461 1800 531 ἁγίου
1828 476 1846 523 λ

1948 461 2030 527 iri,
2059 457 2399 515 conturbatis
2441 457 2635 524 bobus,
2687 457 2886 524 eﬂ'ecit,
2923 465 2983 512 ut
3036 456 3072 513 ii
3114 465 3336 530 repente
3371 457 3478 514 itu-

217 557 436 630 ἁνδρὸς,
473 556 804 629 διαταράξας
846 557 975 620 τοὺς
1009 556 1139 626 βόας
1166 553 1452 626 αἰφνιδίως
1493 553 1637 626 ὁρμῇ
1669 555 1805 608 ἀκα-

1948 561 2058 618 etn,
2084 551 2177 623 qui
2208 551 2453 608 cohiberi
2481 567 2586 608 non
2620 558 2852 624 poterat,
2881 549 3116 618 incitati,
3139 551 3390 622 supinum
3426 552 3481 607 ln

215 651 493 722 τασχέτιρ,
527 649 720 702 ῦπτιον
757 647 981 720 ἔρριψεν
1019 649 1099 712 είς
1143 646 1241 719 τὴν
1287 647 1394 717 γῆν
1439 644 1534 700 τὸν
1576 644 1806 700 ⁸(ἕλκοντα

1948 658 2109 698 trram
2142 643 2471 714 projecerint
2491 658 2636 708 eum,
2659 643 2750 714 qui
2777 644 3028 700 trahebat
3055 645 3242 710 boves,
3265 645 3486 700 nomine

216 744 348 808 τοὺς
401 742 553 813 βόας,
587 741 814 813 ὀνόματι
857 739 1216 811 Εὐτυχιανὸν,
1246 736 1305 793 ὃν
1358 736 1805 810 ύπολασομένηὴ

1948 734 2347 804 Lutychianum;
2385 749 2548 806 quem
2589 734 2870 804 excipiens
2922 751 3139 802 currus,
3173 749 3272 805 per
3313 743 3483 790 totam

219 806 431 909 ἅμαξα,
462 806 644 888 πᾶσαν
684 806 788 904 τὴν
845 833 952 887 τῶν
1000 806 1327 903 σπλάγχνων
1359 830 1523 886 αὐτοῦ
1557 806 1808 903 διερρηξέ

1949 826 2168 896 erfregit
2193 842 2407 882 omnem
2440 829 2709 883 viscerum
2733 826 2851 895 ejus
2909 842 3252 899 compagem,
3291 828 3487 897 sicque
3531 806 3554 877 ἶ

221 929 318 984 διὰ
343 927 437 981 τοῦ
463 926 660 999 τροχοῦ
697 925 1038 994 οἰκονομίαν.
1069 924 1274 979 Μαθὼν
1321 919 1413 977 οῦν
1441 925 1502 976 τὸ
1526 921 1754 992 γεγονὸς
1781 925 1810 976 ὁ

1948 919 2299 988 texspiravit.
2319 919 2457 975 Cum
2481 931 2661 976 autem
2691 920 2990 990 accepisset
3016 920 3158 989 quod
3189 919 3487 980 acciderat.
3564 919 3603 942 ν

223 1021 410 1085 δοῦλος
449 1019 550 1075 ,τοῦ
605 1017 845 1088 Χριστοῦ
880 1013 1068 1070 εἶπεν·
1117 1017 1290 1070 Τοῦτο
1334 1017 1606 1084 Σατανικὴ
1642 1014 1813 1069 κακία

1948 1024 2111 1066 ervus
2141 1011 2235 1065 Dei
2262 1009 2610 1078 Parthenius,
2652 1011 2828 1066 dixit:
2868 1011 2981 1066 lloc
3025 1011 3282 1067 Satanica
3333 1011 3493 1079 plane

226 1112 552 1180 πεποίηκεν.
612 1109 728 1163 Οὐκ
783 1102 1099 1179 ἐμποδίσεις
1143 1108 1202 1161 ἐν
1244 1106 1443 1178 τούτῳ,
1472 1105 1720 1168 διάϐολε,
1749 1103 1812 1158 τὸ

1948 1107 2049 1162 ecit
2079 1104 2314 1168 malitia.
2358 1101 2478 1158 Non
2511 1102 2776 1173 impedies
2826 1103 2879 1157 in
2927 1103 3051 1167 hoc,
3079 1102 3320 1168 diabole,
3348 1117 3492 1174 opus

227 1201 391 1274 ἔργον
416 1201 508 1254 τοῦ
545 1199 703 1264 Θεοῦ,
720 1201 820 1253 καὶ
837 1197 1171 1271 παραλαϐὼν
1196 1199 1322 1263 τοὺς
1356 1198 1518 1262 όντας
1548 1198 1644 1252 σὺν
1667 1197 1815 1268 αύτῷ

1948 1200 2036 1264 tei,
2061 1209 2116 1252 ct
2140 1197 2324 1252 statim
2352 1211 2638 1252 assumens
2669 1211 2850 1252 secum
2885 1197 3002 1266 pios
3042 1196 3212 1260 viros,
3240 1196 3334 1267 qui
3364 1212 3490 1254 cum

231 1295 437 1364 ἀνδρας
497 1293 795 1358 θεοσεϐεῖς,
847 1291 1191 1362 κατέδραμεν
1225 1293 1318 1345 ἐπὶ
1360 1292 1452 1346 τὸν
1496 1293 1684 1358 τόπον,
1719 1292 1815 1346 καὶ

1948 1307 2038 1366 pso
2093 1301 2270 1355 erant,
2295 1289 2539 1346 cucurrit
2591 1289 2658 1344 ad
2690 1287 2866 1344 locum
2900 1304 2914 1340 :
2951 1298 3004 1344 et
3029 1298 3179 1344 stans
3202 1303 3371 1360 prope
3398 1304 3494 1345 ca-

1921 1385 2106 1450 daver,
2140 1391 2401 1438 etsancta
2431 1398 2529 1438 sua
2558 1381 2832 1437 inclinans
2863 1396 3062 1453 genua,
3091 1396 3214 1436 cum
3239 1380 3497 1450 lacrymis

1923 1480 2136 1535 intense
2191 1478 2369 1533 oravit
2438 1477 2505 1530 ad
2559 1473 2753 1541 Deum,
2808 1471 3179 1537 dicenszTu,
3244 1471 3496 1530 Domine.

230 1387 462 1456 πλησίον
491 1383 584 1438 τοῦ
619 1384 912 1456 πτώματος
962 1384 1152 1448 κλίνας
1189 1383 1257 1438 τὰ
1300 1384 1504 1453 γόνατα
1549 1384 1689 1455 μετὰ
1716 1385 1815 1438 δαο

230 1475 417 1548 κρύων
468 1477 819 1548 προσηύξατο
865 1477 1102 1540 ἐκτενῶς
1137 1476 1273 1547 πρὸς
1303 1477 1396 1530 τὸν
1438 1476 1572 1529 Θεὸν
1605 1476 1777 1545 λέγων
1800 1480 1815 1507 ‘

232 1572 306 1624 Σὺ
338 1568 589 1624 Δέσποτα
619 1568 816 1634 όΘεὸς,
851 1570 880 1622 ὁ
916 1568 1057 1641 ζωῆς
1079 1569 1176 1624 καὶ
1207 1569 1438 1624 θανάτου
1469 1569 1692 1641 Κύριος,
1722 1568 1822 1624 οὑκ

1948 1572 2272 1641 ιωιιίροιεηε
2299 1568 2675 1638 suppeditator
2714 1566 2842 1621 vitae
2874 1577 2931 1622 et
2959 1568 3171 1632 mortis,
3210 1581 3317 1622 non
3350 1565 3498 1639 igno-

235 1665 476 1732 ἀγνοεῖς,
507 1663 574 1716 δι’
624 1662 692 1734 ἢν
731 1661 912 1715 αίτίαν
949 1661 978 1713 ό
1027 1661 1337 1734 ἀρχέκακος
1370 1661 1564 1732 ἐχθρὸς
1596 1661 1824 1716 θάνατον

1948 1681 2013 1718 'as
2067 1672 2286 1735 propter
2332 1677 2494 1732 quam
2527 1675 2748 1716 causam
2779 1669 2971 1716 auctor
3005 1659 3272 1716 malorum
3313 1658 3495 1715 inimi-

237 1756 321 1817 είς
352 1755 412 1808 τὸ
438 1755 529 1808 σὸν
562 1753 810 1824 πλάσμα,
838 1751 954 1808 ἀλλ’
985 1753 1061 1816 ὡς
1107 1751 1338 1807 πάντοτε
1366 1753 1462 1807 καὶ
1504 1752 1600 1808 νῦν
1647 1751 1820 1818 δεῖξον

1948 1773 2041 1823 :us,
2072 1755 2418 1811 machinatus
2463 1762 2548 1810 est
2587 1761 2820 1808 mortem
2876 1751 2928 1807 in
2964 1763 3112 1807 tuum
3155 1751 3496 1824 ﬁgmentum.

237 1841 404 1898 αὑτοῦ
443 1843 681 1914 ματαίαν
710 1844 808 1914 τὴν
858 1842 1222 1914 ἐπιχείρησιν,
1287 1841 1434 1912 ζωῆς
1481 1842 1538 1896 δὲ
1591 1842 1818 1913 μέτοχον

1948 1847 2062 1910 Sed,
2098 1861 2131 1901 ο
2165 1843 2575 1914 benignissime,
2608 1857 2753 1898 nunc
2781 1857 2995 1914 quoque
3024 1844 3248 1898 ostende
3283 1843 3504 1897 inanem

238 1934 332 1987 τὸν
365 1935 457 1988 σὸν
510 1934 697 1989 δοῦλον
736 1933 1000 2004 Εὐτύχιον
1059 1934 1308 2005 ποίησον,
1368 1934 1549 2011 δείξας
1595 1937 1708 1997 τοῖς
1739 1935 1822 1998 εἰς

1948 1939 2049 2010 :jus
2082 1946 2338 1993 conatum
2371 1953 2386 1990 :
2419 1937 2544 1990 vita:
2601 1944 2784 1991 autem
2829 1935 3155 2006 participem
3215 1933 3305 1990 fac
3352 1943 3505 1989 tuum

241 2026 303 2079 σὲ
343 2027 691 2081 πιστεύουσιν
721 2026 817 2098 τὴν
843 2026 1100 2097 ἀνίκητόν
1127 2043 1222 2079 σου
1251 2025 1480 2096 δύναμιν
1503 2043 1518 2058 ο
1547 2025 1627 2080 ἐτι
1647 2026 1704 2080 δὲ
1728 2025 1822 2080 τοῦ

1948 2046 2146 2086 servum
2172 2029 2592 2101 Eutychianum,
2625 2029 2922 2086 ostendens
2957 2029 3044 2097 iis,
3077 2029 3166 2098 qui
3202 2029 3256 2084 in
3302 2037 3355 2084 te
3385 2042 3510 2084 cro-

239 2119 452 2178 δικαίου
477 2119 578 2184 τὴν
604 2117 768 2190 εὐχὴν
796 2117 874 2189 τῷ
899 2117 1016 2189 Θεῷ
1041 2117 1478 2188 ἀναπέμποντος,
1512 2117 1573 2170 τὸ
1608 2116 1828 2189 πνεῦμα

1948 2123 2086 2188 lunt,
2141 2122 2401 2176 invictam
2457 2131 2605 2176 tuam
2660 2121 2983 2190 potentiam.
3020 2121 3289 2189 Quoniam
3357 2129 3414 2176 tu
3448 2134 3512 2176 es

239 2208 337 2263 τοῦ
373 2209 694 2281 τεθνηκότος
725 2209 1028 2282 ἐπέστρεψε
1057 2209 1194 2281 πρὸς
1222 2208 1284 2262 τὸ
1315 2208 1476 2279 σῶμα
1490 2208 1583 2262 τοῦ
1609 2208 1824 2279 ἀνθρώ-

1948 2215 2080 2270 solus
2131 2211 2296 2280 Deus,
2323 2222 2380 2269 et
2441 2222 2493 2269 te
2533 2215 2685 2270 decet
2733 2213 2906 2284 gloria
2964 2213 3018 2268 in
3071 2212 3508 2269 saecula.Amen.

242 2317 349 2356 που
399 2303 625 2374 ἐπόψεσι
674 2301 877 2366 παντὸς
923 2302 1018 2355 τοῦ
1050 2300 1181 2355 λαοῦ
1230 2300 1515 2370 λέγοντος·
1550 2301 1688 2368 Δόξα
1719 2319 1828 2370 σοι,

1948 2304 2071 2360 Cum
2114 2314 2296 2361 autem
2348 2303 2432 2358 vir
2486 2304 2667 2376 justus
2699 2304 2808 2360 Deo
2851 2303 3120 2360 emisisset
3149 2303 3248 2360 bas
3300 2317 3512 2376 preces,

256 2392 430 2468 Ἰησοῦ
458 2395 685 2468 Χριστέ,
725 2399 753 2450 ὁ
792 2397 1020 2467 νεκροὺς
1058 2393 1326 2449 ἀνιστῶν’
1369 2397 1466 2450 καὶ
1499 2396 1829 2468 ἐπιλαϐόμε-

1948 2412 2191 2454 reversus
2214 2407 2298 2454 est
2328 2398 2526 2453 mortui
2547 2397 2770 2467 spiritus
2799 2397 2853 2452 in
2872 2412 3070 2466 corpus
3088 2395 3231 2468 ejus,
3247 2406 3302 2452 et
3323 2397 3512 2466 capit,

245 2508 337 2555 vo;
367 2493 490 2556 τοὺς
527 2491 656 2562 βόας
685 2483 837 2544 εἷλκε
889 2490 990 2560 τὴν
1023 2487 1243 2558 ἅμαξαν
1277 2486 1381 2552 ἕως
1407 2486 1502 2540 ’τοὖ
1544 2488 1692 2542 οἴκου
1730 2489 1831 2560 τῆς

1948 2492 2029 2561 qui
2060 2489 2240 2545 fuerat
2289 2497 2558 2554 mortuus,
2593 2489 2776 2545 dicere
2825 2489 2880 2544 in
2934 2498 3226 2557 conspectu
3276 2489 3516 2546 universi

244 2584 413 2654 ἁγίας
446 2583 763 2654 ἐκκλησίας.

1948 2580 2122 2653 populi
2160 2598 2178 2634 ι
2205 2579 2388 2636 Gloria
2432 2579 2550 2646 tibi,
2572 2579 2796 2636 Christe
2822 2579 2988 2647 Deus,
3019 2582 3110 2652 qui
3135 2583 3300 2637 etiam
3334 2581 3516 2638 susci-

252 2691 337 2736 tas
365 2689 642 2746 mortuos;
685 2690 741 2734 et
770 2693 892 2734 cum
918 2676 1169 2748 protinus
1197 2678 1544 2745 surrexisset,
1575 2688 1631 2734 et
1691 2677 1866 2736 lactus
1901 2687 2047 2737 esset
2112 2691 2280 2732 sanus
2306 2676 2450 2732 sicut
2480 2675 2655 2746 prius,
2683 2684 2738 2732 et
2765 2675 3066 2747 accepisset
3103 2677 3290 2744 boves,
3348 2677 3518 2734 traxit

248 2786 470 2829 currum
507 2787 680 2842 usque
711 2771 778 2826 ad
811 2772 982 2826 aedem
1023 2769 1287 2827 ecclesia.

321 2871 412 2936 ς’.
441 2869 650 2930 Πάντες
681 2863 773 2921 οὖν
815 2867 1016 2930 ἰδόντες
1037 2867 1099 2922 τὸ
1133 2867 1436 2940 παράδοξον
1466 2871 1693 2942 σημεῖον
1711 2868 1834 2926 τοῦ·

2012 2866 2102 2925 VI.
2121 2867 2274 2923 Tunc
2293 2880 2500 2932 omnes,
2514 2863 2607 2938 qui
2626 2862 2988 2921 videranthoc
3018 2861 3341 2920 miraculum
3375 2863 3516 2922 adeo

249 2977 334 3030 το,
368 2959 706 3032 πανταχόθεν
760 2959 958 3033 ἔφερον
987 2961 1115 3027 τοὺς
1170 2961 1533 3028 ἀσθενοῦντας
1563 2963 1660 3018 καὶ
1705 2963 1835 3028 τοὺς

1948 2971 2138 3031 praeter
2173 2961 2504 3033 opinionem,
2554 2957 2852 3014 all‘erehant
2899 2959 3139 3030 undique
3163 2968 3518 3031 aegrotantes,

248 3051 628 3123 ὀχλουμένους
689 3050 795 3104 ύπὸ
852 3053 1185 3123 πνευμάτων
1250 3053 1539 3124 πονηρῶν·
1597 3054 1694 3108 καὶ
1767 3056 1836 3126 τῇ

1948 3061 1999 3105 et
2025 3051 2118 3120 qui
2140 3050 2474 3106 vexabantur
2499 3048 2567 3104 ab
2592 3047 2888 3104 immundis
2901 3049 3180 3119 spiritibus
3210 3068 3224 3105 :
3259 3059 3314 3106 et
3341 3052 3517 3120 gratia

249 3143 484 3215 δυνάμει
503 3143 598 3196 τοῦ
620 3143 827 3216 Κυρίου
857 3143 1258 3216 ἐθεραπεύοντο
1289 3145 1548 3208 ἅπαντες.
1599 3146 1757 3199 Πᾶσα
1783 3145 1840 3198 δέ

1948 3153 2002 3199 et
2034 3145 2234 3198 virtute
2257 3142 2470 3198 Domini
2517 3140 2646 3197 Jesu
2697 3141 3032 3196 curabantur
3079 3156 3292 3200 omnes.
3327 3143 3520 3199 Omnis

255 3235 483 3305 ἰατρικὴ
533 3232 698 3305 τέχνη
759 3233 817 3288 ἐν
857 3235 974 3298 ταῖς
1009 3235 1248 3308 ἡμέραις
1291 3237 1387 3290 τοῦ
1429 3237 1585 3306 ἁγίου
1641 3237 1837 3292 τούτου

1948 3245 2124 3290 autem
2186 3249 2278 3290 ars
2313 3233 2600 3289 medicinae
2633 3233 2687 3288 itt
2722 3232 2916 3289 diebus
2965 3233 3126 3304 hujus
3179 3236 3354 3291 sancti
3413 3235 3520 3292 viri

255 3325 452 3399 ἀνδρὸς
475 3326 712 3397 ἠσθένει,
764 3326 854 3381 διὰ
879 3328 937 3381 τὸ
958 3330 1188 3382 παντοῖα
1214 3329 1361 3402 πάθη
1393 3332 1486 3383 ἐπὶ
1512 3331 1588 3402 τῷ
1613 3331 1840 3402 ὀνόματι

1948 3336 2060 3384 erat
2086 3326 2378 3389 imbecilla,
2412 3336 2698 3396 propterea
2722 3327 2865 3395 quod
2915 3341 3077 3383 omne
3124 3344 3300 3399 genus
3339 3330 3518 3387 morbi

253 3418 350 3470 τοῦ
375 3418 580 3489 Κυρίου
601 3418 760 3488 ἡμῶν
786 3417 962 3487 Ἰησοῦ
992 3419 1233 3491 Χριστοῦ
1257 3421 1584 3493 ἀναργύρως
1617 3422 1800 3477 ἰᾶσθαι
1819 3439 1834 3454 ·

255 3509 316 3562 ἐν
348 3504 431 3573 οἷς
461 3509 739 3574 Διονύσιος
780 3509 878 3563 τοῦ
919 3511 1280 3584 πραιποσίτου
1313 3512 1600 3584 βασιλικῆς
1635 3515 1840 3585 βαστα-

1943 3419 2000 3475 in
2045 3419 2270 3475 nomine
2327 3418 2544 3474 Domini
2574 3419 2902 3476 nostriJesu
2956 3418 3161 3477 Christi
3217 3423 3386 3494 gratis
3445 3425 3520 3480 ab

1947 3508 2070 3580 ipso
2155 3517 2468 3564 curaretur.
2531 3510 2684 3564 Inter
2753 3523 2895 3578 quos
2951 3509 3246 3583 Dionysius
3293 3528 3520 3585 quoque

258 3600 388 3668 γῆς,
426 3598 705 3672 θυγατέρα
759 3601 1052 3672 παρθένον,
1105 3601 1332 3673 ὀνόματι
1363 3605 1602 3676 Δάφνην,
1649 3605 1842 3670 δεινῶς

1948 3598 2218 3668 praepositi
2279 3598 2441 3662 ﬁlius,
2494 3597 2665 3668 stirpe
2716 3597 3100 3669 imperatoria,
3159 3617 3280 3656 cum
3350 3603 3520 3660 habe-

259 3691 366 3745 ύπὸ
395 3691 648 3762 δαίμονος
679 3693 1100 3764 παιδευομένην,
1132 3695 1189 3748 ἐν
1215 3695 1365 3760 ὅλαις
1387 3697 1568 3768 τρισὶν
1601 3698 1840 3768 ἡμέραις

259 3784 654 3856 ἐθεράπευσεν.
725 3786 951 3856 Ἑτέραν
1000 3787 1058 3840 δὲ
1121 3788 1415 3858 Μαμαλίου
1471 3790 1844 3860 πρωτεύοντός

259 3893 406 3939 τινος
473 3875 573 3941 τῆς
627 3877 918 3948 Σμυρνέων
982 3877 1191 3943 πόλεως
1257 3877 1560 3951 θυγατέρα,
1615 3881 1845 3951 ὀνόματι

274 3967 648 4038 ’Ᾱγαλματίαν
689 3969 794 4022 ὑπὸ
844 3968 1157 4040 πνεύματος
1188 3970 1502 4042 ἀκαθάρτου
1529 3974 1845 4044 καταρῤησ-

265 4060 504 4130 σομένην
537 4061 631 4114 καὶ
657 4059 992 4128 ἀφρίζουσαν
1018 4062 1110 4115 καὶ⁹
1133 4061 1528 4134 ξηραινομένην
1553 4063 1849 4135 ἐθεράπευ-

267 4167 359 4204 σεν
385 4166 397 4179 °
428 4148 634 4204 Ζωῖλαν
663 4151 720 4204 δὲ
747 4150 974 4220 ὀνόματι
1024 4151 1132 4206 ἀπὸ
1159 4154 1284 4216 τοὺς
1335 4155 1552 4226 Πέρσας
1583 4155 1844 4209 ἐλθοῦσαν

267 4244 367 4298 καὶ
395 4243 499 4296 ὑπὸ
526 4242 779 4314 δαίμονος
835 4243 1102 4315 μαντικοῦ
1132 4244 1381 4309 ἐλεεινῶς
1417 4248 1845 4320 συντριϐομένην

262 4337 371 4388 οὐκ
399 4336 479 4397 είς
511 4333 723 4406 μακρὸν
757 4335 948 4406 χρόνον
996 4335 1371 4407 ἠλευθέρωσεν
1395 4341 1459 4408 τῇ
1499 4339 1592 4392 τοῦ
1640 4341 1844 4411 Κυρίου

268 4428 454 4500 χάριτι
475 4443 490 4457 ·
518 4427 677 4482 ἄλλον
706 4427 763 4482 δὲ
808 4429 968 4482 πάλιν
1001 4427 1267 4500 νεώτερον
1293 4429 1402 4482 ἀπὸ
1435 4430 1638 4502 Ὀρνῶν
1663 4432 1845 4502 όρμώο

1948 3702 2028 3746 ret
2074 3693 2239 3746 tiliam
2286 3691 2572 3760 virginem,
2604 3692 2608 3696 ’
2634 3691 2851 3746 nomine
2881 3692 3158 3763 Daphnen,
3184 3709 3306 3765 qua:
3337 3711 3367 3750 a
3413 3698 3522 3754 da-

1946 3798 2106 3838 mone
2133 3783 2368 3855 graviter
2395 3783 2784 3854 castigabatur,
2823 3784 2936 3854 ipse
2994 3797 3114 3840 eam
3177 3785 3305 3843 totis
3347 3788 3521 3844 tribus

1947 3876 2138 3930 diebus
2211 3875 2440 3930 curavit.
2500 3875 2740 3930 Alteram
2808 3886 2986 3932 autem
3047 3875 3285 3935 Mamalli
3346 3878 3525 3949 cujus-

1948 3967 2070 4022 dam
2127 3967 2317 4032 liliam,
2394 3967 2486 4036 qui
2550 3975 2668 4022 erat
2723 3968 2972 4039 princeps
3027 3969 3266 4028 civitatis
3326 3970 3521 4044 Smyr-

1950 4059 2218 4123 neusium,
2265 4061 2487 4115 nomine
2536 4059 2918 4131 Agalmatiam,
2977 4077 3098 4132 qua:
3153 4064 3223 4120 ab
3280 4065 3521 4124 immun-

1948 4151 2016 4205 do
2085 4151 2283 4221 spiritu
2350 4160 2564 4219 vexata,
2611 4165 2857 4221 spumam
2915 4153 3224 4219 emittebat,
3279 4160 3526 4214 curavit.

1950 4241 2163 4297 Zoelem
2187 4258 2315 4299 vero
2337 4244 2577 4308 nomine,
2609 4258 2731 4314 qua:
2769 4243 2836 4297 ad
2870 4242 3066 4302 Persas
3110 4259 3355 4315 venerat,
3410 4260 3464 4306 et
3488 4266 3518 4302 ιι

1951 4334 2193 4390 daemone
2269 4335 2602 4390 vaticinante
2649 4336 3035 4392 miserabiliter
3081 4344 3470 4398 conterebatur
3497 4383 3516 4408 ,

1951 4427 2093 4481 haud
2131 4426 2205 4482 ita
2241 4425 2404 4497 longo
2441 4436 2565 4498 post
2617 4436 2880 4498 tempore,
2921 4428 3132 4486 Domini
3178 4433 3353 4500 gratia
3383 4434 3522 4492 libe-

272 4535 437 4588 μενον
463 4519 576 4574 υἱὸν
607 4518 982 4590 πρεσϐυτέρου
1011 4517 1242 4589 ὀνόματι
1280 4518 1506 4574 Νίκωνα
1547 4520 1652 4573 ὑπὸ
1681 4523 1846 4575 πνεύ-

1952 4519 2113 4574 ravit.
2144 4518 2324 4574 Alium
2354 4529 2533 4575 autem
2570 4534 2759 4576 rursus
2783 4522 3041 4592 juvenem
3085 4536 3152 4578 ex
3187 4521 3396 4582 ﬂuunis
3423 4541 3520 4582 or-

274 4625 445 4679 ματος
496 4606 670 4662 δεινοῦ
725 4607 1154 4678 παιδευόμενον,
1196 4609 1498 4678 ἀγαγόντες
1556 4611 1607 4664 οί
1653 4609 1844 4666 τούτου

270 4704 474 4770 γονεῖς,
510 4699 739 4773 ἔρριψαν
779 4701 858 4764 είς
904 4701 1032 4765 τοὺς
1062 4701 1227 4765 πόδας
1261 4701 1353 4755 τοῦ
1390 4702 1572 4770 ἁγίου,
1600 4702 1848 4775 δεόμενοι

270 4793 368 4848 τοῦ
401 4793 622 4864 ἐλεῆσαι
652 4793 752 4863 τὴν
776 4791 871 4846 τοῦ
905 4792 1091 4847 ἀθλίου
1129 4791 1359 4864 νεότητα
1405 4794 1499 4847 καὶ
1547 4795 1849 4866 ἐλευθερῶν

275 4902 368 4941 σαι
396 4886 562 4940 αὐτὸν
597 4886 692 4940 τοῦ
717 4887 1026 4955 ἀκαθάρτου
1051 4886 1322 4954 δαίμονος.
1363 4885 1422 4940 '0
1456 4887 1514 4941 δὲ
1541 4888 1688 4952 ὅσιος
1709 4888 1849 4959 ἀνὴρ

271 4981 378 5052 ἔφη
410 4980 624 5045 αὐτοῖς·
661 4982 777 5034 Ούκ
807 4981 956 5034 ἐστιν
979 4979 1130 5046 ἄξιος
1157 4979 1253 5033 τοῦ
1287 4980 1521 5051 ἰαθῆναι.
1569 4981 1712 5052 Πρὸς
1740 4983 1850 5055 γὰρ

275 5073 524 5127 παιδείαν
563 5072 794 5144 ἐπεδόθη
824 5072 1028 5144 αὐτῷό
1071 5070 1307 5142 σκώλωψ
1367 5071 1462 5126 τοῦ
1516 5073 1847 5144 πνεύματος,

272 5165 411 5220 διότι
448 5165 775 5236 πατρολοίας
804 5163 972 5219 ἐστίν.
1014 5163 1403 5235 Ἀθετηθέντες
1428 5164 1538 5236 γὰρ
1583 5166 1846 5232 πολλάκις

275 5258 370 5312 ὑπ’
397 5257 564 5312 αὐτοῦ
598 5258 656 5310 ἐν
682 5257 882 5328 πικρίᾳ
919 5255 1100 5327 ψυχῆς
1143 5255 1298 5326 ὑμῶν
1319 5297 1336 5324 ,
1367 5256 1526 5326 ὑμεῖς
1571 5257 1848 5328 ᾐτήσασθε

274 5352 366 5405 τὸν
392 5350 528 5406 Θεὸν
558 5349 916 5420 παιδευθῆναι
960 5348 1146 5404 αὐτόν.
1181 5349 1381 5416 Ἀφετε
1405 5348 1593 5414 αὐτὸν,
1643 5351 1852 5421 συμφέ-

278 5461 361 5515 ρει
383 5443 492 5514 γάρ
522 5442 689 5513 αὐτῷ.
729 5442 793 5495 Οί
830 5425 892 5493 ’δέ
913 5441 988 5504 ὡς
1036 5442 1215 5509 γονεῖς
1246 5441 1583 5512 ὑπάρχοντες
1615 5445 1711 5497 καὶ
1738 5445 1850 5508 τοῖς

277 5536 612 5607 σπλάγχνοις
667 5533 984 5606 νικώμενοι,
1036 5531 1342 5604 ἀνεσόησαν
1383 5533 1524 5604 μετά
1575 5535 1846 5607 δακρύων,

274 5630 520 5703 δεόμενοι
545 5628 803 5699 εὔχεσθαι
842 5627 981 5700 πρὸς
1009 5626 1100 5682 τὸν
1151 5625 1285 5680 Θεὸν
1311 5627 1441 5698 περὶ
1481 5627 1668 5693 αὐτοῦ,
1701 5630 1849 5694 ὅπως

277 5722 529 5793 λυτρωθῇ
563 5721 672 5774 ἀπὸ
696 5721 789 5774 τοῦ
817 5719 1092 5789 δαίμονος.
1134 5715 1194 5776 '0
1227 5717 1284 5770 δὲ
1317 5717 1588 5788 μακάριος
1624 5735 1846 5790 συμπα-

279 5813 448 5888 θήσας
478 5817 592 5880 τοῖς
623 5810 1018 5884 ἀκατασχέτοις
1037 5811 1270 5884 δάκρυσι
1299 5807 1408 5863 τῶν
1439 5811 1658 5880 γονέων,
1692 5813 1847 5868 ἐκτε-

681 5911 955 5972 Ρηιιοι.
1003 5909 1124 5972 Gtt.
1162 5906 1382 6001 Cle-

1953 4620 2090 4678 tum,
2157 4611 2454 4682 presbyteri
2519 4611 2711 4678 tilium,
2761 4613 2980 4670 nomine
3010 4613 3292 4683 Niconem.
3322 4620 3416 4690 qui
3449 4621 3521 4675 ab

1952 4703 2228 4759 immundo
2246 4705 2437 4771 spiritu
2478 4703 2714 4773 graviter
2758 4706 3144 4778 castigabatur,
3185 4709 3521 4770 adducentes

1951 4796 2069 4864 ejus
2125 4805 2398 4866 parentes,
2431 4794 2684 4866 jecerunt
2734 4797 2801 4852 ad
2834 4799 3000 4867 pedes
3029 4799 3226 4866 sancti,
3271 4814 3522 4872 rogantes

1950 4897 2012 4943 ut
2038 4888 2157 4956 ejus
2205 4888 2555 4944 misereretur
2573 4887 2895 4958 iuventutis,
2926 4899 2980 4944 et
2998 4904 3122 4946 eum
3167 4892 3421 4950 liberaret
3451 4895 3522 4953 ab

1953 4979 2232 5034 immundo
2293 4981 2554 5035 daemone.
2592 4977 2688 5034 Vir
2742 4991 2922 5035 autem
2971 4991 3194 5040 sanctus
3221 4987 3358 5042 dixit
3384 4988 3514 5045 eis:

1951 5070 2066 5128 Non
2095 5081 2178 5127 est
2200 5069 2392 5140 dignus
2423 5071 2515 5140 qui
2547 5084 2808 5141 curetur;
2835 5071 2905 5128 ad
2927 5075 3339 5145 castigationem
3367 5081 3514 5154 enim

1955 5166 2113 5219 datus
2139 5163 2186 5218 ei
2218 5162 2324 5218 fuit
2345 5162 2598 5220 stimulus
2629 5165 2888 5234 spiritus;
2915 5176 2998 5221 est
3045 5167 3189 5223 enim
3222 5172 3515 5238 parricida.

1952 5253 2063 5311 Vos
2111 5254 2258 5310 enim
2285 5269 2428 5325 saepe
2456 5256 2525 5311 ab
2551 5271 2618 5312 eo
2639 5255 2809 5312 habiti
2845 5259 3199 5328 contemptui,
3237 5259 3290 5315 in
3320 5263 3517 5319 anima:

1953 5361 2147 5409 vestra:
2183 5364 2432 5405 amarore
2464 5363 2494 5403 a
2546 5348 2656 5406 Deo
2694 5352 2950 5421 petiistis,
2991 5362 3050 5407 ut
3081 5352 3192 5421 ipse
3220 5353 3516 5425 castigare.

1954 5456 2058 5501 tur.
2098 5443 2274 5500 Sinite
2299 5457 2424 5498 eum
2455 5443 2535 5499 sic
2577 5458 2733 5510 esse,
2761 5446 2978 5514 expedit
3029 5446 3197 5501 enim.
3243 5445 3319 5502 ltli
3362 5461 3514 5516 vero.

1952 5549 2010 5592 ut
2051 5538 2143 5609 qui
2189 5545 2374 5592 essent
2422 5545 2676 5605 parentes
2701 5545 2757 5592 et
2796 5537 3146 5594 vincerentur
3186 5539 3517 5607 visceribus.

1950 5630 2396 5684 exclamaverunt
2457 5635 2710 5695 rogantes
2763 5639 2886 5681 cum
2943 5626 3195 5698 laerymis
3239 5626 3518 5684 :Prscaro

1952 5719 2121 5774 Deum
2154 5733 2252 5790 pro
2284 5719 2420 5785 ipso,
2470 5727 2530 5773 ut
2558 5716 2820 5773 liberetur
2843 5732 2872 5770 a
2907 5732 3051 5772 saevo
3074 5727 3128 5773 et
3152 5718 3376 5773 immani
3405 5719 3518 5774 dae-

1953 5827 2135 5869 mone.
2172 5810 2371 5869 Beatus
2401 5819 2579 5867 autem
2633 5807 2954 5866 Parthenius
2999 5810 3254 5865 misertus
3304 5809 3518 5870 abunde

3124 5903 3196 5964 43
