3820 6470
309 399 443 474 135]

1542 398 1722 458 VITA
1760 398 1819 457 S.
1856 391 2261 457 ῬᾹΒΤῐ-ῙΕΝῘ
2271 397 2318 458 Ι.

3415 399 3554 462 13ὖ8

298 512 450 583 αὑτῷ
483 513 640 583 χεῖρα
689 510 988 584 ἀνέστησεν
1047 513 1145 567 καὶ
1192 513 1445 567 ἀπέδωκε
1475 513 1586 575 τοῖς
1611 509 1878 580 γονεῦσιν,

1990 526 2180 566 versus
2224 519 2307 566 est
2356 511 2580 581 spiritus
2612 525 2628 566 :
2659 519 2709 568 et
2743 511 2928 569 statim
2984 513 3206 582 assedit,
3241 514 3334 584 qui
3387 512 3564 572 fuerat

295 606 373 668 ὼς
405 605 581 656 πᾶσαν
604 601 701 673 τὴν
734 603 889 657 πόλιν
918 603 1162 668 δοξάζειν
1183 604 1276 658 τὸν
1305 603 1439 656 Θεὸν
1485 602 1582 655 ἐπὶ
1623 601 1700 671 τῷ
1725 618 1884 670 γεγο-

299 695 434 749 νότι.
478 693 622 766 Γυνὴ
677 692 736 748 δέ
785 710 871 758 τις
919 694 1188 762 διάκονος,
1243 695 1528 764 Ἀσὴερμου
1562 692 1754 764 κώμης
1785 693 1882 762 τῆς

299 787 670 857 Χερσονήσου,
701 785 928 854 ὀνόματι
957 786 1192 856 Θεοφίλα
1215 788 1309 840 καὶ
1331 787 1429 839 σὺν
1457 786 1594 856 αὑτῇ
1628 783 1883 853 Ῥουφίνα

297 878 522 941 ἀείπαις
578 877 644 928 ἐκ
677 876 775 946 τῆς
801 876 970 946 αὑτῆς
1005 877 1222 948 κώμης,
1252 876 1360 930 ὑπὸ
1403 875 1715 945 πνεύματος
1730 879 1882 930 ,ἀκα-

298 970 501 1039 θάρτου
529 967 770 1037 πάρετος
796 971 1074 1036 γεγονυῖα,
1102 967 1412 1039 ἠνέχθησαν
1433 965 1512 1038 τῷ
1538 967 1680 1036 ἁγίῳ
1702 966 1879 1037 ἀνδρὶ,

295 1060 364 1124 ἃς
399 1061 458 1113 εν
481 1059 720 1129 ἡμέραις
749 1059 984 1128 ὀλίγαις,
1019 1059 1163 1129 ὕδωρ
1191 1059 1503 1130 ἐπιϐρέχων
1524 1059 1618 1111 καὶ⁹
1647 1058 1880 1128 ἐπευχό-

300 1169 483 1224 μενος,
514 1155 580 1224 τῇ
611 1152 844 1222 δυνάμει
865 1151 962 1206 τοῦ
990 1153 1197 1223 Κυρίου
1228 1152 1400 1219 ὑγιεῖς
1442 1148 1772 1220 ἀπέπεμψεν
1799 1149 1882 1213 είς

294 1245 364 1297 τὰ
397 1243 524 1298 [δια.
566 1243 802 1312 Ἱλαρίου
834 1244 978 1306 τινος
1003 1242 1381 1314 πρεσῦυτέρου
1411 1241 1520 1296 ἀπὸ
1554 1239 1877 1304 Σανσαδίας,

296 1339 410 1402 υίὸς
435 1339 752 1408 μονογενὴς,
785 1338 1013 1408 ὀνόματι
1042 1336 1370 1400 Θαλάσσιος,
1413 1336 1520 1390 ὑπὸ
1569 1334 1880 1402 πνεύματος

294 1428 536 1499 πονηροῦ
596 1427 702 1494 ἐξω
756 1430 864 1483 τῶν
928 1431 1149 1503 φρενῶν
1204 1428 1518 1497 γενόμενος,
1570 1424 1776 1496 ἠνέχθη
1803 1425 1880 1495 τῷ

293 1521 426 1591 ὁσίῳ
451 1539 466 1555 υ
499 1520 560 1574 ὃν
583 1524 677 1575 καὶ
707 1522 1074 1594 ἐπευχόμενος
1104 1524 1162 1575 ὲν
1193 1522 1344 1584 ὅλαις
1373 1520 1512 1573 ἑπτὰ
1541 1518 1778 1589 ἡμέραις
1801 1521 1882 1582 είς

291 1613 354 1667 τὸ
381 1613 524 1668 κατὰ
547 1613 710 1684 φύσιν
739 1615 968 1686 ἤγαγεν,
998 1617 1095 1669 καὶ
1119 1615 1550 1686 εὑχαριστοῦντα
1583 1611 1660 1681 τῷ
1690 1611 1882 1680 Κυρίῳ

294 1708 394 1760 σὺν
429 1707 510 1778 τῷ
540 1709 717 1780 Πατρὶ
743 1709 1046 1763 ἀπέλυσεν.
1093 1707 1298 1778 Γραῖδα
1331 1707 1390 1760 δέ
1445 1722 1567 1760 τινα
1619 1704 1880 1774 πενιχρὰν

284 1799 517 1870 ὀνόματι
554 1801 840 1871 Καλιόπην
868 1800 962 1854 καὶ
1003 1801 1102 1856 σὺν
1132 1800 1270 1870 αὑτῇ
1309 1799 1505 1870 ἑτέραν
1537 1798 1725 1869 κόραν,
1760 1796 1877 1848 ὀνό-

295 1909 432 1960 ματι
459 1893 769 1962 Κυριακὴν,
795 1894 1118 1964 ἀμφοτέρας
1147 1893 1254 1947 ὑπδ
1285 1893 1600 1963 πνεύματος
1632 1889 1878 1959 ἀκαθάρ·

289 1997 385 2037 ιτου
421 1985 818 2054 παιδευομένας
871 1987 1112 2056 ἤνεγκαν
1160 1984 1296 2054 προς
1334 1985 1518 2047 αὑτὸν,
1547 1983 1642 2037 καὶ
1665 1983 1756 2036 διὰ
1781 1982 1880 2051 τῆς

292 2076 433 2145 πρὸς
467 2076 600 2130 Θεὸν
643 2079 806 2148 εύχῆς
853 2078 1259 2146 ἐθεράπευσενο
1294 2076 1416 2139 δούς
1447 2093 1507 2128 τε
1564 2076 1759 2137 αὑταῖς
1787 2073 1881 2126 καὶ

291 2167 363 2218 τὰ
387 2168 522 2238 πρὸς
553 2169 851 2240 διατροφὴν
881 2168 1172 2224 ἀπέλυσεν.

1987 611 2254 666 mortuus,
2289 613 2343 659 et
2390 605 2552 674 coepit
2591 605 2760 676 loqui.
2793 607 2923 661 Data
2972 615 3152 662 autem
3189 607 3238 663 ei
3275 622 3459 675 manu,
3483 605 3561 664 τοι

1986 695 2061 749 cit
2086 709 2207 750 eum
2236 707 2552 768 surgerc,et
2576 711 2769 752 sanum
2802 699 3034 753 reddidit
3068 701 3403 770 parentibus,
3427 701 3564 756 adeo

1985 795 2044 840 ιιι
2075 787 2322 842 universa
2365 789 2554 844 civitas
2588 791 2755 846 Deum
2784 791 3032 846 laudaret
3081 803 3303 861 propter
3347 790 3553 845 factum

1987 879 2331 934 miraculum.
2356 879 2615 947 Quaedam
2645 885 2825 938 autem
2864 884 3058 938 mulier
3099 883 3430 948 diaconissa,
3461 898 3562 938 no-

1985 972 2132 1027 mine
2184 971 2504 1042 Theophila,
2535 989 2601 1028 ex
2661 974 2890 1030 Asermo
2924 977 3044 1031 vico
3096 975 3447 1038 Cherronesi.
3507 985 3562 1029 et

1982 1077 2106 1118 cum
2145 1064 2284 1134 ipsa,
2335 1063 2530 1120 Rufina
2573 1065 2816 1134 impubes
2847 1081 2912 1122 ex
2955 1067 3142 1123 eodem
3177 1069 3316 1127 vico.
3358 1066 3425 1121 ab
3455 1068 3557 1120 im-

1985 1155 2188 1211 mundo
2250 1156 2444 1226 Spiritu
2508 1157 2795 1222 dissoluta,
2823 1166 2876 1213 et
2905 1158 3097 1215 etl‘ecla
3129 1159 3450 1228 paralytica,
3484 1159 3563 1212 al-

1983 1246 2106 1301 lata:
2138 1257 2267 1302 sunt
2313 1249 2378 1303 ad
2415 1258 2662 1304 sanctum
2725 1250 2920 1305 virum.
2951 1249 3096 1317 Quas
3159 1252 3346 1321 paucis
3369 1251 3561 1305 diebus

1985 1352 2122 1408 aqua
2173 1339 2407 1411 irrigans
2463 1349 2519 1395 et
2555 1355 2809 1410 precans,
2864 1342 3068 1398 virtute
3117 1342 3328 1397 Domini
3398 1357 3562 1398 sanas

1982 1429 2164 1482 emisit
2199 1431 2264 1483 ad
2287 1444 2436 1484 suos.
2472 1428 2661 1485 Hilarii
2697 1432 2982 1502 cujusdam
3009 1433 3310 1502 presbyteri
3338 1448 3406 1488 ex
3444 1433 3562 1486 Au-

1986 1519 2134 1574 sadia
2165 1521 2306 1575 filius
2330 1523 2582 1590 unigena,
2615 1524 2833 1577 nomine
2895 1523 3232 1586 Thalassius,
3258 1525 3349 1593 qui
3383 1539 3412 1577 a
3440 1539 3561 1578 ma-

1983 1611 2129 1680 ligno
2161 1612 2357 1681 spiritu
2386 1612 2564 1668 fuerat
2613 1624 2793 1669 mente
2819 1625 3018 1678 motus,
3061 1623 3306 1684 portatus
3353 1624 3437 1670 est
3490 1617 3557 1670 ad

1982 1713 2248 1758 sanctum.
2281 1703 2455 1772 Quem
2482 1721 2602 1761 cum
2637 1708 2957 1776 accepisset,
2981 1723 3146 1765 orans
3179 1716 3319 1762 totos
3349 1718 3558 1778 septem

1983 1794 2118 1863 dies,
2147 1795 2364 1852 reduxit
2395 1800 2462 1852 ad
2509 1809 2778 1868 naturam,
2821 1810 2874 1855 et
2902 1800 3129 1855 Domino
3155 1808 3400 1871 agentem
3434 1814 3558 1869 gra-

1987 1889 2110 1954 tias,
2134 1904 2254 1943 cum
2303 1901 2456 1960 patre
2501 1892 2718 1948 remisit
2767 1893 2835 1948 ad
2889 1894 3142 1964 patriam.
3176 1893 3397 1950 Vetulas
3429 1906 3559 1948 vero

1985 1980 2246 2048 quasdam
2275 1981 2408 2036 duas
2446 1996 2738 2053 pauperes,
2776 2001 3006 2054 quarum
3066 1986 3156 2040 uni
3195 2001 3390 2039 nomen
3437 1997 3558 2038 erat

1982 2070 2246 2138 Calliope,
2295 2073 2451 2129 alteri
2499 2090 2630 2131 vero
2676 2077 2927 2148 Cyriaca,
2963 2093 3084 2148 qua:
3135 2081 3309 2132 amba:
3361 2078 3428 2132 ab
3461 2077 3560 2131 im-

1991 2164 2191 2218 mundo
2212 2165 2406 2234 Spiritu
2437 2167 2869 2238 castigabantur,
2897 2170 3140 2224 tulerunt
3165 2170 3230 2222 ad
3257 2168 3515 2224 Sanctum
3541 2191 3556 2228 ;

289 2259 388 2324 qui
421 2273 514 2327 per
539 2273 666 2313 suas
715 2259 785 2314 ad
815 2260 983 2314 Deum
1027 2274 1220 2330 preces
1250 2261 1442 2316 ambas
1469 2256 1705 2314 curavit.
1738 2254 1872 2310 Cum
1905 2265 2085 2309 autem
2149 2256 2230 2311 eis
2267 2271 2482 2327 quoque
2526 2259 2764 2316 dedisset
2818 2275 2879 2314 ea
2908 2276 3028 2330 qua:
3054 2271 3211 2317 erant
3262 2261 3328 2316 ad
3360 2261 3557 2316 victum

299 2349 636 2413 necessaria,
667 2349 872 2403 dimisit
903 2350 954 2402 in
981 2363 1135 2417 pace.

369 2435 445 2492 ϐ’.
474 2439 618 2509 Πρὸς
641 2438 698 2491 δὲ
727 2438 936 2503 τούτοις
961 2441 1190 2503 καὶτοῖς
1212 2437 1395 2502 ἄλλοις
1415 2439 1529 2500 τοῖς
1552 2435 1876 2505 ἀνεκδιηγή-

289 2545 409 2594 τοις
435 2531 764 2602 θαυμασίοις
799 2533 996 2602 συνέϐη
1054 2531 1178 2585 τότε
1224 2531 1285 2584 τὸ
1327 2531 1601 2600 ταμιακδν
1656 2529 1878 2598 βαφεῖον

289 2623 395 2692 τῆς
420 2624 709 2695 πορφύρας
739 2622 844 2677 ὑπὸ
867 2623 1180 2694 πνεύματος
1223 2623 1538 2694 ἀκαθάρτου
1567 2621 1882 2689 ἐνσκήψαν-

287 2729 407 2780 τος,
458 2714 871 2783 ἐμποδίζεσθαι,
907 2714 1003 2766 καὶ
1052 2713 1128 2784 μὴ
1157 2714 1443 2766 ἀποτελεῖν
1496 2714 1595 2782 τὴν
1628 2711 1687 2776 ἐξ
1725 2710 1883 2773 ἔθους

293 2804 496 2875 βαφὴν,
524 2805 660 2858 ἀλλὰ
683 2806 776 2859 καὶ
812 2805 1065 2876 φανερῶς
1098 2805 1484 2876 ἐπιφαίνεσθαι
1510 2804 1602 2857 τὸν
1633 2802 1880 2872 ἀκάθαρ-

290 2911 388 2950 τον
415 2895 648 2966 δαίμονα
674 2897 786 2958 τοῖς
816 2895 1081 2966 βαφεῦσιν
1110 2898 1206 2949 καὶ
1239 2896 1314 2967 μὴ
1345 2896 1650 2965 συγχωρεῖν
1680 2893 1740 2946 τὸ
1775 2891 1876 2962 βα⁴

295 2988 504 3042 σιλικδν
548 2988 932 3042 ἀποτελεῖσθαι
979 2988 1161 3061 ἔργον,
1217 2989 1293 3052 ὡς
1347 2991 1412 3042 ἐκ
1457 2987 1648 3041 τούτου
1708 2987 1878 3041 πολὺν

291 3080 539 3134 κίνδυνον
570 3081 662 3134 καὶ
681 3080 886 3150 ζημίαν
915 3081 1214 3152 ὑπομένειν
1246 3083 1372 3144 τοὺς
1401 3081 1756 3144 δουλεύοντας
1780 3080 1875 3133 καὶ

2060 2432 2153 2489 IX.
2178 2432 2380 2490 Praeter
2405 2435 2516 2490 haec.
2541 2437 2917 2503 autemetalia,
2937 2453 3055 2507 qum
3074 2441 3281 2494 narrari
3302 2456 3406 2496 non
3435 2458 3560 2513 pos-

1981 2537 2126 2590 sunt,
2158 2529 2334 2582 sancti
2373 2527 2538 2596 hujus
2576 2529 2675 2582 viri
2706 2530 2991 2595 miracula,
3020 2531 3219 2585 accidit
3248 2540 3305 2586 ut
3348 2533 3556 2590 oflicina

1983 2631 2222 2686 quoque,
2251 2617 2302 2671 in
2335 2633 2441 2688 qua
2473 2620 2782 2690 tingebatur
2811 2637 3072 2692 purpura,
3114 2623 3467 2692 impediretur
3491 2628 3560 2681 ab

1984 2711 2258 2765 immumlo
2322 2712 2660 2782 spiritu,qui
2697 2713 2747 2767 in
2799 2727 2916 2768 eam
2977 2713 3321 2782 incubuerat,
3354 2727 3407 2770 et
3451 2732 3557 2771 non

1984 2800 2220 2856 efliceret
2257 2817 2375 2856 eam
2433 2818 2596 2872 quam
2654 2805 2865 2858 solebat
2901 2805 3190 2859 lincturam
3223 2821 3237 2858 :
3268 2806 3364 2862 sed
3389 2807 3556 2862 etiam

1985 2893 2293 2948 immundus
2354 2894 2563 2949 dremon
2629 2904 2915 2966 appareret
2967 2895 3314 2966 tinctoribus,
3339 2909 3395 2953 et
3424 2914 3560 2968 Opus

1985 2984 2327 3053 imperatoris
2359 3001 2463 3040 non
2491 2986 2697 3042 sineret
2743 2985 2997 3042 effectum
3031 2990 3294 3043 reddere:
3323 2989 3461 3046 adeo
3497 3001 3556 3044 ut

1983 3091 2048 3131 ex
2087 3079 2190 3139 hac
2247 3093 2305 3134 re
2365 3094 2620 3146 magnum
2657 3079 2953 3149 periculum
2997 3088 3052 3134 et
3105 3081 3362 3134 damnum
3411 3083 3554 3138 servi

289 3176 420 3238 τοὺς
459 3173 670 3242 βαφεῖς.
706 3172 892 3226 Ταῦτα
922 3173 1110 3244 μαθὼν
1139 3174 1167 3226 ὁ
1205 3175 1352 3237 ὅσιος
1376 3174 1538 3245 ἀνὴρ,
1580 3171 1878 3244 προθύμως

1985 3171 2393 3226 suStinerentet
2425 3174 2709 3228 tinctores.
2751 3171 3115 3239 Quamobrem
3145 3189 3269 3229 cum
3305 3173 3557 3230 rescivis-

289 3268 374 3327 είς
395 3265 487 3318 τὸν
515 3265 609 3318 τοῦ
638 3264 866 3335 βαφείου
895 3267 1228 3334 παρεγένετο
1277 3268 1460 3334 τόπον,
1506 3269 1602 3321 καὶ
1633 3284 1878 3338 προσκα-

291 3355 588 3426 λεσάμενος
638 3355 730 3410 τὸν
757 3356 1090 3428 ἐνεργοῦντα
1141 3357 1455 3429 ἀκάθαρτον
1490 3358 1745 3427 δαίμονα,
1781 3357 1878 3409 καὶ

291 3447 626 3519 ἐπιτιμήσας
659 3447 824 3500 αὑτὸν
854 3449 947 3500 επὶ
977 3447 1056 3518 τῷ
1091 3449 1311 3520 φοϐερῷ
1351 3449 1447 3503 καὶ
1482 3450 1622 3520 ἁγίῳ
1651 3449 1878 3520 ὀνόματι

291 3538 387 3592 τοῦ
415 3537 574 3600 Θεοῦ,
609 3538 850 3606 ἄφαντον
879 3539 1044 3594 αὑτὸν
1077 3542 1386 3610 πεποίηκεν
1417 3539 1526 3594 ἀπὸ
1555 3541 1740 3612 πάσης
1779 3542 1877 3611 τῆς

291 3631 601 3700 ἐνεργείας,
628 3633 838 3686 ἐκείνου
861 3633 1162 3703 κράξαντος
1183 3636 1262 3697 είς
1287 3633 1615 3700 ἐξάκουστον
1633 3635 1874 3698 πάντων,

291 3722 373 3774 ὅτι
405 3721 508 3774 ὑπὸ
541 3722 712 3794 πυρὸς
737 3723 1024 3778 ἐλαύνεται
1052 3725 1132 3788 εἰς
1165 3724 1266 3794 τὴν
1297 3723 1526 3792 γέενναν
1565 3725 1659 3778 τοῦ
1683 3725 1874 3795 πυρός.

295 3811 670 3878 Κελεύσαντος
711 3814 769 3866 δὲ
800 3814 893 3867 τοῦ
935 3815 1092 3883 ἁγίου
1141 3815 1410 3884 ἐγέμισαν
1439 3816 1486 3868 οί
1520 3815 1712 3886 βαφεῖς
1752 3817 1877 3879 τοὺς

295 3902 554 3973 λέϐητας,
597 3907 692 3957 καὶ
731 3906 997 3975 παρόντος
1031 3905 1199 3958 αὑτοῦ
1229 3906 1436 3975 ὲχάλων
1475 3905 1619 3977 ἔριον
1659 3909 1754 3960 καὶ
1781 3906 1878 3978 τὴν

292 3996 520 4054 δέουσαν
551 3997 732 4068 βαφὴν
755 3999 1170 4069 ἀνεμποδίστως
1197 3997 1254 4062 ἐξ
1286 3997 1497 4052 ἐκείνου
1542 3999 1756 4068 ἐδέχετο
1786 4001 1878 4054 καὶ

292 4089 374 4150 είς
399 4087 489 4140 τὸν
531 4074 832 4158 μετέπειτα
858 4091 1084 4160 χρόνον
1113 4091 1206 4143 καὶ
1247 4090 1422 4154 οὕτως
1457 4089 1806 4161 ὲρῤύσθησαν
1828 4089 1880 4143 οῖ

291 4193 352 4230 τε
384 4178 796 4250 πολιτευόμενοι
821 4179 916 4233 καὶ
943 4178 996 4234 οἱ
1021 4179 1215 4250 βαφεῖς
1246 4179 1449 4242 πάντες
1473 4179 1568 4232 τοῦ
1595 4178 1876 4247 βασιλικοῦ

300 4270 573 4324 κινδύνου.

1981 3269 2063 3314 εει
2089 3261 2252 3314 homo
2290 3260 2385 3316 Dei
2423 3261 2752 3318 Parthenius
2778 3274 2832 3318 et
2867 3265 2935 3318 ab
2979 3265 3059 3318 eis
3090 3263 3284 3319 fuisset
3315 3274 3555 3335 rcgatus,

1981 3364 2237 3423 prompto
2259 3362 2314 3407 et
2366 3353 2528 3408 alacri
2563 3355 2747 3410 animo
2779 3356 2925 3410 venit
2957 3359 3024 3410 ad
3067 3357 3247 3412 locum
3284 3356 3509 3411 onicinze
3538 3375 3555 3412 :

1980 3451 2035 3497 et
2059 3458 2181 3498 cum
2197 3442 2521 3499 advocasset
2541 3444 2881 3500 immundmn
2898 3447 3558 3515 operantemda‘monem,

1978 3545 2033 3590 et
2073 3550 2196 3590 eum
2232 3535 2565 3605 increpasset
2596 3537 2820 3591 terribili
2847 3546 2901 3590 et
2937 3546 3127 3592 sancto
3155 3539 3373 3593 nomine
3395 3533 3557 3593 Chri-

1981 3626 2072 3692 Sti,
2126 3626 2256 3682 fecit
2297 3642 2420 3682 eum
2478 3642 2804 3682 evanescere
2845 3629 2913 3682 ab
2939 3629 3191 3684 omnibus
3219 3629 3436 3697 finibus,
3466 3629 3559 3686 illo

1981 3720 2252 3774 clamante
2286 3719 2539 3774 omnibus
2571 3719 2916 3776 audientibus
2951 3735 2966 3774 :
3003 3718 3284 3789 Tanquam
3339 3721 3408 3776 ab
3435 3721 3558 3791 igne

1980 3811 2223 3881 expellor
2277 3816 2330 3866 in
2365 3815 2669 3881 gehennam
2728 3813 2889 3882 ignis.
2916 3812 3051 3868 Cum
3086 3823 3266 3868 autem
3301 3813 3559 3884 jussisset

1984 3900 2236 3968 Sanctus,
2275 3903 2537 3957 tinctores
2577 3901 2940 3974 impleverunt
2977 3904 3206 3968 lebetes,
3239 3915 3294 3959 et
3329 3919 3395 3958 eo
3421 3919 3560 3975 pra:—

1981 4003 2136 4049 sente
2189 3995 2533 4048 immiserunt
2557 3995 2760 4049 lanam.
2791 3995 2863 4049 Ea
2892 4011 3020 4051 vero
3070 3998 3135 4050 ab
3170 3996 3262 4050 illo
3294 4006 3556 4066 tempore,

1982 4100 2123 4153 eam,
2158 4102 2322 4156 quam
2353 4087 2640 4158 oportebat
2683 4089 2972 4142 tincturam
3014 4088 3150 4143 citra
3193 4089 3356 4142 ullmn
3389 4089 3561 4160 impe-

1981 4175 2281 4231 dimentum
2311 4178 2708 4246 accepitetiam
2750 4177 2805 4232 in
2836 4175 3101 4234 futurum.
3142 4177 3338 4250 Sicque
3370 4189 3424 4233 et
3465 4181 3555 4250 qui

1981 4273 2242 4336 gerebant
2279 4271 2690 4340 rempublicam,
2725 4281 2780 4326 et
2804 4272 3072 4328 tinctores
3101 4288 3291 4328 omnes
3335 4273 3547 4330 liberati

1983 4359 2201 4414 fuerunt
2236 4376 2262 4412 a
2300 4362 2538 4429 periculo
2566 4362 2934 4430 imperatoris.

373 4453 429 4507 l'.
471 4455 768 4526 Τεράστιον
799 4454 981 4525 θέαμα
1007 4455 1300 4523 γενόμενον
1329 4453 1436 4507 ὑπὸ
1455 4453 1548 4507 τοῦ
1579 4453 1728 4507 ὁσίου
1751 4452 1866 4507 τού.

2055 4451 2123 4507 Χ.
2150 4454 2343 4508 Audite
2363 4455 2509 4508 aliud
2539 4469 2754 4526 quoque
2777 4470 3028 4525 magnum
3049 4456 3396 4522 miraculum,
3414 4460 3555 4526 quod

290 4564 388 4600 του
416 4547 624 4619 Πατρὸς
653 4546 808 4618 ήμῶν
833 4547 1136 4618 Παρθενίου
1157 4545 1451 4602 ἀκούσατε.
1493 4546 1582 4600 Ἑν
1606 4545 1681 4615 τῷ
1702 4545 1878 4616 καιρῷ

289 4640 394 4712 τῆς
422 4639 532 4693 τῶν
560 4639 734 4692 θύνων
765 4639 950 4703 ἁλείας
972 4641 1060 4692 ὅτε
1097 4640 1148 4692 oi
1181 4639 1302 4709 μὲν¹
1321 4637 1504 4708 ἰχθύες
1545 4639 1748 4709 ὁρῶντο
1768 4643 1879 4702 τοῖς

288 4733 558 4796 ἁλιεῦσιν,
600 4731 676 4796 ὡς
701 4731 802 4802 ήδη
830 4733 887 4785 ὲν
915 4731 1107 4802 χερσὶν
1137 4731 1478 4802 ὑπάρχοντες
1507 4749 1520 4762 °
1547 4730 1880 4803 χαλωμένων

289 4825 348 4879 δὲ
380 4826 486 4879 τῶν
525 4824 757 4879 δικτύων
796 4823 952 4876 οὐδὲν
988 4823 1152 4876 πλέον
1183 4824 1346 4895 ήνυον
1382 4824 1414 4896 ἢ
1472 4825 1563 4878 τὸν
1592 4826 1758 4877 κόπον
1783 4824 1878 4894 μό-

293 4935 384 4972 νον
438 4919 732 4988 ὑπέμενον.
785 4916 958 4970 Τοῦτο
993 4916 1052 4969 δὲ
1112 4917 1219 4969 ὑπὸ
1273 4916 1590 4988 διαϐολικῆς
1615 4914 1790 4987 αὑρας
1819 4916 1880 4969 τὺ

293 5011 551 5082 ἐμπόδιον
588 5011 856 5080 ὑπῆρχεν,
903 5010 1004 5062 οὑκ
1056 5011 1134 5072 είς
1182 5009 1239 5063 ἓν
1271 5011 1304 5082 ἢ
1331 5010 1584 5082 δεύτερον
1613 5011 1880 5080 ἐμπόριον

299 5104 621 5174 γενόμενον,
680 5102 793 5157 ἀλλ’
824 5105 904 5164 είς
932 5102 1060 5171 ὅλην
1087 5104 1183 5173 τὴν
1207 5104 1500 5175 παραλίαν,
1529 5104 1684 5174 ἄχρις
1714 5101 1877 5156 Ἀδύ-

287 5198 403 5250 δου.
438 5197 552 5250 Καὶ
608 5195 973 5266 συναχθέντες
1003 5195 1244 5258 ἅπαντες
1279 5195 1372 5249 ἐπὶ
1405 5194 1483 5266 τῷ
1515 5194 1686 5265 αὐτῷ,
1726 5196 1880 5265 ἐδεή-

289 5286 466 5358 θησαν
516 5285 609 5340 τοῦ
659 5285 870 5340 δικαίου
898 5287 1113 5357 ἀνδρὸς,
1149 5285 1410 5351 εὔξασθαι
1455 5285 1587 5356 πρὸς
1619 5285 1710 5339 τὸν
1743 5286 1876 5340 Θεὸν

289 5380 424 5448 περὶ
450 5379 651 5434 αὑτῶν.
686 5377 998 5449 Εύχομένου
1041 5380 1096 5433 δὲ
1128 5379 1296 5432 αὑτοῦ
1342 5378 1482 5450 μετά
1507 5377 1757 5450 νηστείας
1781 5379 1875 5431 καὶ

289 5471 599 5542 κλαυθμοῦ,
629 5474 976 5546 ἐφανέρωσεν
1041 5471 1189 5543 αὑτῷ
1217 5475 1244 5526 ὁ
1282 5473 1411 5536 Θεὸς
1450 5472 1549 5543 τὴν
1578 5472 1877 5543 σατανικὴν

287 5568 596 5637 ενὲργειαν.
639 5563 702 5618 '0
732 5563 790 5618 δὲ
829 5564 1130 5635 διεγερθεὶς
1157 5563 1256 5617 οὑκ
1287 5562 1532 5634 ὤκνησεν
1566 5563 1876 5635 παραγενέο

289 5663 416 5713 συαι
447 5660 504 5712 ὲν
541 5659 756 5729 ἑκάστῳ
784 5658 1035 5729 ἐμπορίῳ
1083 5657 1190 5720 ἕως
1220 5655 1471 5722 ’Δ6ύδου,
1508 5657 1601 5710 καὶ
1630 5657 1874 5725 εὐλογῶν

289 5751 437 5824 ὕδωρ
497 5752 594 5805 καὶ
643 5750 932 5822 ἐμϐάλλων
969 5751 1123 5814 ἃλας,
1171 5748 1599 5819 ἐπικαλούμενος
1626 5748 1720 5805 τὸν
1741 5749 1874 5803 Θεὸν

382 5869 458 5937 (5)
495 5866 627 5923 Vide
656 5867 744 5923 hic
773 5871 968 5937 aqu'am
998 5865 1242 5921 benedici
1271 5880 1388 5919 cum
1417 5864 1548 5919 sale.

1988 4545 2188 4600 factum
2216 4552 2300 4599 est
2337 4561 2368 4599 a
2402 4554 2593 4600 sancto
2621 4544 2784 4603 Patre
2815 4558 3000 4603 nostro
3041 4546 3357 4605 Parthenio.
3394 4545 3559 4603 Tem-

1984 4653 2114 4708 pore
2176 4639 2494 4707 piscationis
2542 4640 2890 4714 tbynnorum,
2922 4646 3281 4697 cernebantur
3337 4641 3557 4713 quidem

1987 4733 2164 4803 pisces
2210 4748 2240 4788 a
2291 4736 2673 4803 piscatoribus,
2709 4746 2964 4804 tanquam
3003 4736 3096 4803 qui
3137 4735 3252 4805 jam
3280 4746 3466 4792 essent
3503 4737 3557 4792 in

1987 4827 2257 4882 manibus.
2300 4827 2434 4883 Cum
2469 4828 2786 4880 laxarentur
2835 4837 3013 4881 autem
3053 4831 3212 4894 retia,
3243 4829 3378 4884 nihil
3431 4846 3559 4902 pro-

1986 4919 2260 4985 ticiebant,
2303 4921 2398 4974 sed
2453 4919 2690 4973 laborem
2742 4918 2957 4972 inanem
3019 4921 3377 4978 sustinebant.
3433 4922 3559 4978 Fuit

1943 5005 1946 5008 ’
1987 5026 2117 5065 vero
2150 5015 2253 5068 hoc
2284 5028 2312 5066 a
2368 5011 2633 5066 diabolica
2687 5025 2820 5065 aura
2873 5012 3314 5082 impedimentum
3355 5031 3461 5070 non
3503 5017 3554 5068 ln

1984 5119 2091 5157 uno
2121 5114 2328 5158 tantum
2354 5114 2444 5158 aut
2470 5103 2640 5160 altero
2665 5104 2934 5175 emporio,
2966 5106 3059 5160 sed
3093 5108 3145 5161 in
3197 5117 3308 5162 tota
3337 5108 3557 5178 regione

1989 5195 2261 5249 maritima
2307 5210 2488 5264 usque
2540 5197 2606 5250 ad
2658 5197 2931 5268 Abydum.
2959 5196 3158 5255 Omnes
3190 5210 3371 5254 autem
3394 5201 3554 5254 simul

1982 5286 2318 5356 congregati,
2352 5297 2613 5357 rogarunt
2665 5290 2842 5343 virum
2872 5289 3100 5357 juslttm,
3131 5300 3188 5344 ut
3232 5290 3399 5344 Deum
3458 5304 3556 5358 pro

1981 5376 2062 5432 eis
2094 5389 2430 5447 precaretur.
2461 5377 2536 5432 Eo
2580 5393 2708 5434 vero
2760 5389 3032 5450 precante
3065 5397 3184 5436 cum
3250 5380 3454 5450 jejunio
3501 5393 3556 5434 et

1982 5468 2133 5536 fletu,
2166 5468 2306 5525 Deus
2335 5469 2384 5524 ei
2430 5471 2644 5539 aperuit
2690 5485 2912 5526 causam
2959 5482 3014 5527 et
3063 5471 3374 5527 Satanicam
3419 5486 3553 5544 ope-

1985 5565 2273 5618 rationem.
2304 5561 2670 5631 Experrectus
2701 5574 2906 5630 autem,
2933 5566 3068 5621 citra
3115 5578 3322 5617 moram
3374 5564 3555 5632 profeo

1980 5666 2100 5710 ctus
2127 5663 2210 5710 est
2239 5655 2294 5709 in
2331 5671 2496 5710 unum
2523 5659 2778 5727 quodque
2799 5657 3097 5728 emporium
3123 5670 3292 5725 usque
3322 5655 3390 5712 ad
3409 5656 3555 5727 Aby-

1979 5748 2131 5813 dum,
2169 5757 2223 5803 et
2252 5763 2446 5820 aquam
2483 5750 2832 5816 benedicens,
2866 5760 2920 5804 et
2978 5748 3054 5804 sal
3092 5749 3339 5821 injiciens
3370 5750 3471 5823 (5),
3501 5760 3554 5801 et
