3820 6460
324 389 460 457 1359

1517 383 1798 449 MENSIS
1837 385 2353 450 FEBRUARIUS.

3441 386 3576 457 1360

309 511 475 566 Deum
503 505 978 576 invocms,jussit
1003 504 1186 561 aﬂ'erri
1226 503 1382 569 retia,
1416 511 1470 558 et
1501 518 1566 558 eo
1621 509 1886 571 prmsente

2001 501 2290 572 ἰπέρῤαινε
2317 499 2430 563 τοῖς
2464 495 2704 560 δικτύοις
2733 497 2828 553 καὶ
2858 498 3130 575 ἐπέτρεπε
3178 499 3452 573 παρόντος
3474 503 3575 556 αὒ-

305 602 536 674 piscium
597 609 912 656 consuetam
954 599 1132 655 facere
1155 597 1533 668 piscationem.
1577 594 1726 651 Tunc
1755 608 1878 646 cum

305 709 497 765 magno
547 693 741 762 gaudio
798 707 893 748 sua
933 694 1067 746 retia
1112 690 1380 753 laxantes,
1415 687 1627 742 Domini
1681 686 1881 739 virtute

302 795 360 839 et
390 783 563 838 sancti
592 783 865 853 precibus,
905 791 1054 835 tanta
1077 781 1218 834 bona
1254 779 1529 832 consecuti
1560 786 1684 830 sunt
1719 775 1769 828 in
1793 773 1880 843 pi-

306 877 566 940 scatione,
590 884 647 930 ut
683 873 942 944 praeteriti
985 874 1242 943 temporis
1284 872 1552 926 delectum
1600 867 1880 937 suppleve-

303 969 434 1022 rint.
467 966 700 1022 Sedeme
725 976 901 1021 autem
927 966 1043 1019 viro
1070 973 1261 1019 sancto
1279 963 1329 1017 in
1351 961 1597 1031 emporio
1621 961 1878 1028 Catapte-

307 1060 424 1128 lem,
451 1075 572 1114 cum
598 1059 826 1128 piscatio
857 1059 1008 1112 lieret
1027 1057 1279 1128 piscium,
1305 1063 1526 1125 reteque
1547 1052 1876 1113 traheretur,

307 1154 540 1222 thynnus
594 1150 863 1204 maximus
901 1164 932 1204 e
971 1149 1071 1204 reti
1137 1147 1413 1211 exsiliens,
1454 1160 1514 1200 se
1566 1142 1788 1212 proiecit
1813 1140 1877 1195 ad

309 1244 467 1312 pedes
490 1241 685 1299 sancti.
709 1241 879 1308 Quem
903 1256 1024 1296 cum
1047 1240 1336 1312 signasset,
1358 1246 1411 1294 et
1432 1245 1684 1308 precatus
1707 1241 1877 1299 esset,

298 1337 461 1407 jussit
489 1335 660 1394 scindi
691 1344 744 1391 et
770 1334 1018 1391 distribui
1043 1332 1301 1388 fratribus
1333 1331 1398 1385 ad
1423 1330 1649 1402 gloriam
1686 1327 1801 1383 Dei.

375 1615 466 1673 XI.
519 1614 826 1684 Aliquando
888 1611 1260 1667 Heracleotem
1307 1607 1597 1680 quemdam
1661 1619 1878 1661 nomine

303 1712 607 1773 Callistum,
633 1711 717 1763 cui
753 1723 780 1761 a
813 1704 1077 1762 diabolica
1119 1703 1441 1773 operatione
1474 1701 1688 1754 fuerant
1717 1699 1878 1768 pedes

305 1803 491 1867 soluti,
521 1803 792 1856 duxerunt
824 1799 889 1852 ad
920 1798 1138 1852 beatum
1171 1793 1548 1849 Parthenium.
1569 1794 1738 1858 Quem
1758 1790 1876 1859 qni-

305 1901 449 1960 dem,
481 1908 602 1951 cum
644 1900 788 1946 esset
820 1897 1098 1959 precatus,
1150 1896 1205 1941 et
1236 1896 1481 1940 curasset
1515 1884 1716 1938 virtute
1777 1883 1880 1937 Do-

306 1989 462 2054 mini,
510 1984 748 2058 prOpriis
800 1983 1026 2053 pedibus
1053 1978 1417 2034 ambulantem
1451 1977 1664 2032 remisit
1699 1981 1749 2030 in
1787 1976 1882 2028 do-

305 2095 450 2135 mum
478 2092 654 2142 suam,
681 2076 948 2129 laetantem
989 2081 1046 2128 et
1078 2071 1241 2126 Deum
1269 2069 1681 2142 glorificantem.
1701 2069 1879 2123 Alium

307 2181 490 2228 autem
524 2168 832 2239 quemdam,
863 2163 1082 2218 nomine
1107 2161 1366 2226 Lesbum,
1406 2176 1471 2215 ex
1529 2160 1730 2226 insula,
1761 2174 1881 2230 quae

307 2265 504 2320 dicitur
532 2261 632 2327 0a,
668 2261 942 2313 duxerunt
967 2255 1034 2310 ad
1065 2253 1337 2309 hominem
1383 2253 1494 2306 Dei.
1529 2250 1632 2318 Qui
1668 2251 1881 2321 quidem

308 2371 338 2408 a
381 2351 610 2424 pedibus
647 2349 712 2404 ad
765 2354 931 2417 caput
989 2359 1158 2413 usque
1188 2351 1306 2396 erat
1340 2350 1486 2396 totus
1519 2342 1815 2407 uleeratus,
1854 2355 1883 2395 a

307 2447 523 2515 leproso
552 2441 684 2496 nihil
714 2437 991 2493 differens.
1021 2435 1154 2488 Enni
1189 2433 1309 2488 oleo
1337 2447 1546 2502 ungens
1577 2440 1632 2487 et
1659 2447 1886 2501 precans

309 2539 481 2591 tribus
503 2531 711 2598 diebus,
742 2544 933 2585 sanum
990 2525 1200 2582 remisit
1243 2525 1310 2579 ad
1351 2539 1500 2578 suos.
1550 2523 1624 2578 Ex
1675 2524 1886 2594 magnis

306 2641 438 2696 ergo
465 2634 519 2681 et
546 2623 728 2678 multis
752 2619 1052 2682 miraculis,
1080 2631 1200 2688 quae
1224 2632 1252 2671 a
1296 2627 1486 2670 sancto
1513 2616 1673 2671 Patre
1700 2627 1886 2671 nostro

305 2717 602 2774 Parthenio
636 2713 728 2768 Dei
763 2712 940 2782 gratia
980 2710 1126 2765 facta
1171 2717 1317 2774 sunt,
1344 2713 1573 2778 partem,
1606 2717 1764 2777 prout
1795 2722 1886 2774 po-

310 2812 412 2874 tui.
443 2805 745 2879 signiﬁcavi
782 2813 979 2860 vestra:
1030 2798 1283 2855 charitati
1315 2818 1328 2854 :
1374 2813 1480 2853 non
1535 2808 1790 2868 tanquam
1822 2798 1888 2852 de

312 2904 476 2960 Patre
515 2910 570 2956 et
596 2900 820 2955 doctore
849 2896 1015 2951 verba
1057 2892 1261 2948 faciens
1292 2893 1357 2947 ad
1407 2908 1530 2947 eum
1558 2894 1886 2958 ornandmn,

311 3005 536 3066 propter
564 2993 639 3059 id,
667 2990 808 3062 quod
846 2989 1046 3046 dicitul|
1072 3005 1086 3041 :
1126 3004 1144 3038 ι
1175 2987 1369 3041 Perdet
1393 2985 1654 3041 Dominus
1679 2998 1887 3050 omnes,

311 3089 406 3158 qui
437 3088 731 3155 loquuntur
759 3082 1096 3136 mendacium
1117 3079 1138 3110 '
1163 3097 1176 3133 :
1206 3097 1225 3130 ι
1271 3083 1366 3133 sed
1405 3092 1491 3132 res
1523 3078 1653 3145 ipsa:
1682 3084 1887 3131 testan-

1989 592 2084 644 τοῦ
2123 593 2222 662 τὴν
2254 591 2461 664 συνήθη
2491 592 2668 661 ἄγραν
2697 593 2806 647 τῶν
2836 593 3036 663 ἰχθύων
3062 593 3572 666 ποιήσασθαι.Τότε

1988 681 2267 751 χαλῶντες
2305 683 2445 753 μετὰ
2469 684 2672 752 πολλῆς
2691 690 2867 756 χαρᾶς
2896 685 2966 738 τὰ
2991 686 3207 750 δίκτυα,
3241 689 3308 757 τῇ
3339 686 3571 756 δυνάμει

1983 773 2079 828 τοῦ
2111 774 2319 846 Κυρίου
2359 776 2454 830 καὶ
2485 779 2551 846 τῇ
2578 777 2709 847 εὐχῇ
2746 776 2840 830 τοῦ
2876 778 3025 830 όσίου
3056 775 3330 832 τοσούτων
3352 777 3573 847 ἀγαθῶν

1984 868 2136 933 ἐντὸς
2167 870 2415 938 ἐγένοντο
2447 871 2690 935 ἅπαντες
2719 873 2779 926 ἐν
2801 875 2865 943 τῇ
2891 872 3058 944 ἄγρᾳ,
3087 873 3161 936 ὼς
3187 873 3280 927 καὶ
3310 873 3405 926 τοῦ
3432 889 3575 944 παρ-

1986 958 2231 1023 ελθόντος
2263 961 2457 1030 χρόνου
2490 961 2892 1032 ἀναπληρῶσαι
2921 962 2983 1014 τὸ
3009 962 3217 1016 λεῖπον.
3245 963 3574 1034 Καθημένου

1983 1051 2040 1104 δὲ
2079 1052 2173 1104 τοῦ
2222 1053 2381 1121 ἁγίου
2410 1053 2603 1124 ἀνδρὸς
2634 1057 2691 1108 ἐν
2713 1072 2795 1126 τῳ
2823 1055 2968 1108 κατὰ
2995 1055 3265 1119 Πτελαίας
3298 1057 3572 1127 ἐμπορίῳ,

1985 1144 2081 1197 καί⁵
2110 1145 2403 1216 γινομένης
2433 1147 2532 1215 τῆς
2562 1147 2740 1218 ἄγρας
2769 1147 2878 1202 τῶν
2907 1147 3128 1217 ἰχθύων,
3155 1149 3454 1220 ἑλκομένου
3477 1150 3571 1203 τοῦ

1982 1237 2224 1303 δικτύου,
2259 1237 2421 1302 θῦνος
2477 1239 2738 1310 μέγιστος
2774 1243 2838 1295 ἐκ
2869 1244 2963 1296 τοῦ
3001 1245 3221 1297 δικτύου
3252 1245 3574 1315 προσπηδή-

1985 1347 2104 1398 σας,
2129 1331 2352 1402 ἔρριψεν
2371 1332 2567 1386 ἐαυτδν
2592 1335 2672 1397 είς
2692 1334 2820 1398 τοὺς
2845 1335 3014 1399 πόδας
3043 1333 3136 1388 τοῦ
3172 1334 3330 1404 ἀγίου
3360 1334 3572 1405 ἀνδρὸς,

1981 1424 2152 1494 ὅνπερ
2193 1423 2506 1494 σφραγίσας
2563 1425 2660 1479 καὶ
2691 1425 3066 1496 ἐπευξάμενος
3117 1428 3406 1480 ἐκέλευσεν
3434 1444 3575 1498 πτη-

1985 1515 2144 1587 θῆναι
2181 1517 2275 1570 καὶ
2303 1519 2417 1581 τοῖς
2457 1517 2708 1587 ἀδελφοῖς
2747 1517 3063 1590 διαδοθῆναι
3087 1521 3169 1583 εἰς
3197 1519 3359 1584 δόξαν
3379 1518 3539 1574 Θεοῦ.

2055 1607 2160 1662 IA'.
2197 1607 2589 1678 Ἡρακλεώτην
2631 1608 2880 1679 μονηρίῳ
2937 1611 3002 1662 ἐκ
3057 1609 3376 1680 διαδολικῆς
3429 1611 3578 1680 ἐνερ-

1983 1701 2139 1770 γείας
2190 1700 2504 1771 παρεθέντα
2552 1700 2682 1763 τοὺς
2757 1700 2926 1764 πόδας
2982 1690 3212 1771 ὀνόματι
3268 1703 3574 1756 Κάλλιστον

1983 1793 2191 1863 ἤγαγον
2222 1791 2358 1861 πρὸς
2394 1792 2488 1844 τὸν
2522 1792 2819 1863 μακάριον,
2843 1792 2903 1846 δν
2929 1793 3228 1863 ἰασάμενος
3250 1797 3318 1866 τῇ
3345 1795 3575 1864 δυνάμει

1982 1883 2076 1936 τοῦ
2106 1883 2312 1953 Κυρίου
2347 1883 2501 1947 ἰδίοις
2554 1885 2715 1937 ποσὶν
2787 1885 3203 1956 περιπατοῦντα
3246 1887 3577 1957 ἀπέπεμψεν

1984 1975 2064 2037 εἰς
2081 1974 2173 2027 τὸν
2193 1969 2343 2026 οἷκον
2370 1973 2560 2027 αὐτοῦ.
2595 1975 2825 2046 Ἕτερον
2848 1976 2905 2028 δέ
2931 1993 3056 2028 τινα
3090 1976 3321 2046 ὀνόματι
3347 1975 3577 2030 Λέσϐιον

1985 2066 2093 2120 ἀπὸ
2130 2067 2230 2136 τῆς
2263 2066 2432 2136 νήσου
2458 2067 2558 2135 τῆς
2594 2066 2897 2137 λεγομένης
2929 2068 3061 2131 Ὠας
3091 2067 3298 2137 ἤγαγον
3323 2068 3461 2139 πρὸς
3485 2067 3577 2120 τὸν

1984 2160 2272 2231 ἄνθρωπον
2297 2158 2392 2213 τοῦ
2423 2159 2562 2212 Θεοῦ
2590 2159 2712 2214 ὅλον
2761 2143 3080 2230 ἡλκωμένον
3111 2159 3221 2212 ἀπὸ
3245 2161 3355 2212 τῶν
3402 2158 3579 2212 ποδῶν

1986 2253 2091 2316 ἕως
2123 2251 2394 2323 κεφαλῆς,
2426 2249 2593 2322 μηδὲν
2625 2251 2957 2322 διαφέροντα
2978 2249 3209 2320 λεπροῦ,
3245 2250 3308 2303 ὃν
3338 2249 3578 2317 ἀλείφων

1988 2342 2177 2413 ἐλαίῳ,
2207 2343 2302 2396 καὶ
2325 2341 2698 2412 ἐπευχόμενος
2728 2345 2787 2395 ἐν
2807 2343 2987 2412 τρισὶν
3004 2342 3157 2403 ὅλαις
3179 2343 3419 2411 ἡμέραις
3449 2341 3576 2413 ὑγιῆ

1988 2435 2327 2490 ἀπέστειλεν.
2378 2435 2474 2489 Ἐκ
2515 2436 2729 2489 πολλῶν
2763 2437 2817 2490 δὲ
2845 2436 2942 2490 καὶ
2973 2435 3228 2506 μεγάλων
3254 2435 3578 2505 θαυμασίων

1994 2528 2088 2581 ὑπ’
2114 2528 2283 2581 αὐτοῦ
2313 2528 2501 2599 χάριτι
2531 2529 2771 2599 Χριστοῦ
2802 2529 3108 2598 γεγονότων
3135 2529 3193 2581 ἐν
3221 2529 3378 2599 μέρει
3415 2525 3580 2580 καθ’δ

1994 2620 2267 2692 ἠδυνήθην
2297 2619 2572 2691 ἐγνώρισα
2598 2623 2663 2692 τῇ
2686 2621 2877 2692 ἀγάπῃ
2898 2621 3074 2690 ὑμῶν,
3101 2621 3199 2691 οὐχ
3220 2621 3295 2683 ὡς
3324 2619 3583 2673 διδασκά-

1995 2711 2087 2765 λου
2113 2716 2434 2782 ποιούμενος
2465 2714 2623 2782 λόγον
2653 2715 2746 2766 ἐπὶ
2780 2714 2841 2767 τὸ
2865 2712 3149 2784 σεμνῦναι,
3181 2713 3316 2766 διότι
3339 2731 3357 2762 ι
3387 2711 3582 2765 ἀπολεῖ

1991 2807 2195 2875 Κύριος
2215 2805 2425 2868 πάντας
2445 2806 2572 2867 τοὺς
2591 2803 2883 2869 λαλοῦντας
2916 2805 2977 2858 τὸ
2995 2805 3212 2874 ψεῦδος,
3254 2823 3271 2855 ι
3299 2801 3418 2856 ἀλλ’
3438 2803 3578 2855 αὐτά

1993 2897 2060 2950 τὰ
2088 2897 2393 2968 πράγματα
2457 2898 2730 2967 μαρτυρεί
2785 2877 2875 2949 καὶ
2903 2895 3042 2966 μετά
3098 2896 3251 2958 τέλος
3280 2895 3579 2964 γινόμενα·

1993 2988 2182 3060 χρείας
2204 2989 2366 3042 αὐτὸν
2395 2988 2728 3056 καλεσάσης,
2762 2987 3033 3044 κατέλαόε
3079 2991 3180 3060 τὴν
3244 2986 3583 3059 μητρόπολιν

2005 3081 2334 3150 Ἡράκλειαν
2386 3083 2488 3151 τῆς
2531 3081 2774 3150 Θρᾴκης,
2828 3080 2922 3133 καὶ
2957 3079 3236 3149 συντυχὼν
3283 3079 3362 3150 τῷ
3402 3081 3581 3132 ἐκεῖσε

313 3195 422 3246 tur,
453 3181 616 3235 etiam
643 3190 764 3246 quae
801 3175 936 3228 fiunt
967 3181 1089 3242 post
1135 3173 1250 3241 ejus
1280 3172 1508 3226 obitum.
1535 3168 1690 3224 Unde
1720 3170 1884 3223 etiam

2001 3173 2414 3244 άρχιεπισκόπῳ
2463 3175 2711 3243 ἐσχάτως
2756 3172 2956 3242 ἔχοντι,
3002 3172 3235 3225 ἐπύθετο
3257 3172 3358 3240 τῆς
3394 3173 3580 3243 appu-

311 3289 437 3331 cum
463 3288 528 3327 eo
556 3270 734 3325 adhuc
771 3268 894 3322 vivo
922 3281 1052 3320 usus
1106 3265 1395 3334 aliquando
1442 3278 1565 3318 eum
1621 3271 1888 3328 vocasset,

317 3365 413 3420 ivit
451 3364 502 3418 in
561 3358 806 3414 Thracia:
843 3355 1178 3426 metropolim
1220 3354 1532 3410 Heracleam
1569 3371 1582 3408 :
1615 3361 1669 3407 et
1698 3369 1894 3408 conve-

317 3457 474 3512 niens
511 3451 999 3521 archiepiscopum,
1029 3448 1120 3518 qui
1147 3446 1258 3502 illic
1294 3457 1436 3514 erat,
1467 3447 1684 3502 nomine
1712 3444 1892 3518 liypa-

318 3545 654 3616 tiamnn,qui
681 3542 749 3598 ad
781 3553 1021 3596 extrema
1051 3541 1163 3596 fere
1201 3548 1320 3595 erat
1353 3539 1625 3602 redactus,
1686 3539 1894 3608 rogavit

315 3658 538 3698 causam
601 3639 796 3693 morbi.
830 3637 964 3692 Cum
1008 3650 1100 3704 per
1137 3634 1375 3689 divinam
1407 3642 1585 3686 autem
1611 3631 1896 3687 revelatio-

317 3751 440 3789 nem
476 3729 818 3801 cognovisset
848 3729 1036 3780 beatus
1073 3723 1424 3784 Parthenius,
1454 3736 1576 3775 eum
1634 3720 1892 3792 castigari

320 3835 541 3897 propter
564 3821 873 3884 avaritiam,
903 3827 960 3871 ut
985 3817 1074 3886 qui
1117 3829 1203 3869 res
1242 3829 1539 3883 pauperum
1581 3823 1893 3882 usurparet,

319 3929 373 3973 et
397 3934 491 3974 eos
515 3915 622 3969 illis
647 3913 909 3982 privaret,
937 3923 1094 3962 mane
1138 3906 1234 3960 ivit
1258 3921 1448 3960 rursus
1471 3907 1537 3960 ad
1567 3921 1688 3959 eum
1716 3906 1895 3960 visen-

321 4013 471 4073 dum,
510 4017 564 4061 et
593 4006 641 4058 ei
668 4003 797 4057 dicit
831 4020 844 4054 :
876 4000 1072 4069 Surge,
1107 4013 1298 4070 magne
1339 3999 1574 4053 domine.
1608 3998 1720 4052 Non
1750 3999 1892 4052 enim

324 4103 539 4156 laboras
573 4082 888 4152 inﬁrmitate
921 4093 1187 4161 corporis,
1215 4091 1306 4152 sed
1342 4090 1626 4159 castigaris
1680 4098 1897 4159 propter

325 4192 573 4250 morbum
599 4189 814 4244 animae.
844 4183 970 4239 Haec
996 4198 1124 4251 ergo
1143 4183 1374 4252 depone,
1409 4191 1461 4236 et
1489 4196 1678 4237 rursus
1699 4181 1896 4236 evades

322 4298 508 4340 sanus.
542 4275 837 4349 Respondit
865 4286 1104 4347 aegrotus
1131 4275 1337 4330 ctdixit
1366 4292 1380 4329 :
1410 4272 1536 4328 Scio
1557 4288 1656 4342 ego
1681 4288 1896 4343 quoque

325 4391 411 4433 me
456 4389 581 4431 esse
619 4379 988 4445 peceatorem,
1051 4377 1106 4423 et
1151 4367 1270 4423 ideo
1327 4367 1608 4437 castigari.
1645 4364 1750 4420 Sed
1801 4381 1894 4420 ora

321 4484 419 4541 pro
446 4482 553 4530 me,
595 4480 724 4534 rogo
755 4473 830 4527 te,
864 4472 919 4514 ut
950 4461 1093 4515 lever
1139 4459 1276 4513 meis
1309 4458 1707 4528 iniquitatibus.
1758 4458 1896 4512 Dicit

1999 3265 2152 3326 στίας
2173 3265 2234 3316 τὸ
2275 3265 2468 3317 αἴτιον.
2495 3265 2665 3328 Γνοὺς
2688 3263 2745 3316 δὲ
2777 3263 2864 3317 διὰ
2888 3263 3037 3327 θείας
3063 3263 3464 3334 ἀποκαλύψεως
3494 3265 3578 3315 ὅτι

1997 3355 2364 3428 φιλαργυρίας
2397 3356 2552 3408 ἐνεκε
2591 3356 2928 3419 παιδεύεται,
2957 3357 3350 3426 νοσφιζόμενος
3377 3358 3448 3408 τά
3467 3355 3577 3408 τῶν

1998 3454 2249 3523 πτωχῶν,
2281 3454 2376 3506 καὶ
2405 3452 2632 3516 τούτους
2673 3451 2998 3522 στερίσκων,
3024 3453 3089 3519 τῇ
3144 3449 3319 3502 ἔωθεν
3365 3445 3577 3517 ἀπῆλθε

1997 3542 2158 3597 πάλιν
2182 3545 2256 3606 είς
2285 3543 2574 3613 ἐπίσκεψιν
2609 3543 2774 3596 αὑτοῦ
2806 3545 2902 3596 καὶ
2925 3538 3079 3594 εἶπεν
3101 3540 3252 3610 αὐτῷ
3276 3555 3290 3568 ⁶
3328 3537 3574 3606 Ἔγειρε,

1996 3637 2023 3687 6
2058 3636 2257 3705 μέγας.
2291 3635 2366 3687 Οὐ
2395 3635 2502 3707 γὰρ
2534 3637 2848 3708 ἁῤῥωστίαν
2898 3627 3220 3704 σωματικὴν
3255 3632 3425 3703 ἔχεις,
3447 3629 3582 3684 ἀλλά

1997 3727 2133 3797 νόσῳ
2178 3727 2378 3798 ζμυχικῇ
2442 3729 2708 3797 παιόεύῃο
2750 3725 2956 3795 ταύτην
3005 3723 3243 3789 ἀπόθου,
3294 3726 3388 3775 καὶ
3427 3717 3580 3783 αὖθις

1997 3819 2284 3889 ὑγιαίνεις.
2341 3822 2506 3889 Λέγει
2536 3819 2686 3890 αὐτῷ
2714 3821 2954 3881 ἐκεῖνος·
2988 3813 3118 3870 Οἶδα
3154 3818 3248 3870 καὶ
3287 3815 3451 3878 αὐτὸς
3497 3816 3577 3867 ὅτι

1999 3915 2322 3985 ἁμαρτωλός
2350 3917 2465 3985 εἰμι
2498 3915 2594 3968 καὶ
2626 3913 2818 3967 τούτου
2863 3913 3025 3982 χάριν
3072 3910 3433 3980 παιδεύομαε·
3468 3907 3577 3962 ἀλλ’

1999 4005 2148 4072 εὖξαι
2179 4007 2316 4076 ὑπὲρ
2358 4007 2491 4077 ἐμοῦ
2530 4007 2676 4069 ὅπως
2728 4003 3009 4073 κουφισθῶ
3040 4004 3148 4055 τῶν
3174 3991 3420 4076 ἀνομιῶν
3452 4017 3578 4071 μου.

1998 4098 2329 4168 Λέγειαὺτῷ
2358 4101 2385 4152 6
2419 4100 2565 4160 ὅσιος
2586 4115 2600 4128 ⁸
2635 4097 2763 4150 Ἐάν
2794 4099 2877 4160 εἰς
2904 4095 3192 4162 ἄνθρωπόν
3222 4111 3306 4156 τις
3338 4095 3584 4164 ἁμάρτῃ,

2001 4192 2178 4261 ἴσωςὴ
2203 4192 2330 4262 περὶ
2353 4189 2518 4244 αὑτοῦ
2537 4190 2670 4263 εὐχὴ
2699 4191 3100 4260 ἀκουσθήσεται
3128 4200 3144 4216 ⁶
3167 4189 3230 4242 τὸ
3259 4189 3353 4241 σὺν
3370 4188 3584 4258 νόσημα

1999 4285 2078 4347 εἰς
2109 4285 2242 4337 Θεὸν
2275 4285 2559 4338 συντείνει.
2595 4283 2820 4346 Ἀπόδος
2866 4281 2960 4334 οὖν
2993 4283 3060 4335 τὰ
3091 4282 3202 4335 τῶν
3233 4282 3468 4351 πτωχῶν
3507 4279 3584 4350 τῷ

1998 4378 2138 4448 Θεῷ,
2173 4380 2266 4432 καὶ
2293 4379 2392 4450 ἔσῃ
2415 4379 2572 4448 ὑγιὴς
2629 4377 2775 4449 ψυχῇ
2804 4394 2863 4430 τε
2911 4377 3005 4430 καὶ
3051 4375 3288 4445 σώματι.
3339 4377 3472 4428 Τότε
3507 4377 3585 4438 είς

2000 4473 2160 4526 αὑτὸν
2190 4473 2359 4526 ἐλθὼν
2384 4469 2564 4526 εἶπεν*
2598 4473 2716 4526 Ἐπ’
2741 4472 3022 4544 ἀληθείας,
3048 4471 3252 4542 Πάτερ,
3285 4473 3585 4542 ἡμάρτηκα

319 4563 368 4616 ei
401 4567 623 4616 sanctus
676 4552 1003 4610 Parthenius
1041 4569 1056 4606 :
1090 4551 1149 4607 Si
1213 4551 1335 4620 quis
1373 4553 1426 4603 in
1461 4551 1730 4605 hominem
1765 4564 1886 4618 pec-

2001 4564 2078 4634 τῷ
2110 4566 2329 4636 Κυρίῳ’
2363 4567 2390 4618 6
2418 4566 2473 4619 δὲ
2499 4564 2702 4637 Κύριος
2727 4565 2959 4621 δίκαιος.
2996 4567 3102 4619 Καὶ
3132 4565 3588 4636 προσκαλεσάμεο

321 4662 548 4716 caverit,
581 4652 647 4706 de
673 4665 737 4703 eo
762 4649 993 4702 fortasse
1037 4645 1361 4699 exaudietur
1420 4640 1593 4695 oratio
1626 4659 1641 4696 :
1675 4643 1896 4698 morbus

323 4757 504 4801 autem
535 4754 657 4796 tuus
682 4742 746 4794 ad
773 4741 939 4794 Deum
975 4738 1166 4792 tendit.
1205 4735 1335 4801 Quae
1374 4742 1501 4788 sunt
1529 4748 1656 4804 ergo
1693 4749 1896 4804 paupe-

325 4852 465 4903 rum,
489 4827 652 4890 redde
681 4835 810 4897 Deo,
842 4841 897 4886 et
918 4830 1028 4885 eris
1061 4843 1274 4896 semper
1303 4841 1468 4880 sanus
1494 4827 1674 4880 animo
1699 4837 1751 4881 et
1777 4841 1899 4881 cor-

324 4945 478 4999 pore.
506 4926 659 4981 Tunc
683 4926 730 4979 is
765 4924 830 4978 ad
859 4936 918 4977 se
948 4921 1184 4986 rediens,
1215 4918 1386 4974 dixit:
1426 4918 1660 4987 Revera,
1711 4916 1894 4984 Pater,

325 5019 542 5090 peccavi
594 5014 820 5071 Domino
869 5026 990 5066 meo
1043 5028 1057 5066 :
1098 5009 1357 5064 Dominus
1412 5024 1540 5064 vero
1581 5009 1797 5078 justus:
1845 5020 1900 5065 et

325 5111 572 5182 protinus
608 5105 874 5160 accersito
933 5117 1031 5157 suo
1058 5115 1363 5167 mconomo,
1383 5100 1544 5169 jussit
1572 5101 1624 5154 in
1663 5102 1894 5155 medium

326 5201 527 5263 ali‘erri,
554 5196 816 5266 quidquid
847 5193 964 5248 auri
990 5193 1277 5249 collectum
1321 5193 1497 5247 fuerat
1522 5207 1587 5246 ex
1641 5193 1895 5262 pauperi-

325 5301 447 5355 bus.
479 5295 611 5350 Cum
642 5299 821 5344 autem
851 5289 986 5344 satis
1006 5287 1122 5342 auri
1155 5286 1348 5341 luisset
1379 5287 1896 5350 allatum,sau¢tum

327 5388 537 5460 rogavit
592 5386 900 5456 episcopus,
946 5391 1004 5436 ut
1057 5383 1108 5436 id
1163 5379 1514 5436 distribueret
1547 5381 1894 5450 pauperibus.

326 5485 418 5540 Ille
441 5495 571 5538 vero
596 5495 701 5535 non
733 5476 1012 5542 sustinuit,
1056 5462 1242 5530 dicens
1276 5473 1449 5527 :Cum
1497 5473 1640 5528 Deus
1669 5473 1762 5528 tibi
1809 5474 1899 5529 det

329 5576 500 5640 vires,
534 5581 588 5627 tu
653 5585 750 5640 per
816 5570 1041 5638 teipsum
1080 5567 1244 5622 redde
1277 5567 1378 5631 eis,
1421 5581 1540 5636 qua:
1592 5580 1685 5620 sua
1750 5578 1894 5625 sunt.

395 5715 415 5744 '
448 5711 590 5767 Psal.
618 5727 672 5773 ν,
704 5712 757 5764 7.

399 5837 473 5908 (4)
509 5835 619 5893 Sic.
651 5849 753 5893 ms.
781 5851 794 5903 ;
823 5832 948 5889 fort.
986 5831 1084 5903 οὐχ
1117 5830 1313 5885 εἵλετο.

2001 4674 2089 4721 νος
2120 4659 2210 4711 τὸν
2242 4656 2501 4712 διέποντα
2539 4658 2730 4722 αὑτοῦ,
2787 4659 3073 4711 ἐκέλευσεν
3099 4661 3179 4721 εἰς
3211 4658 3376 4728 μέσον
3409 4656 3587 4708 ἐλθεῖν

1985 4751 2112 4802 ,πᾶν
2171 4748 2232 4802 τὸ
2269 4749 2495 4819 χρυσίον
2551 4750 2701 4804 τὸέκ
2753 4752 2863 4804 τῶν
2895 4752 3128 4820 πτωχῶν
3161 4750 3448 4822 συναχθὲν,
3484 4749 3585 4803 καὶ

2006 4841 2212 4911 ἠνέχθη
2260 4843 2480 4912 χρυσίον
2542 4843 2749 4897 ἱκανόν.
2801 4844 3111 4914 Παρεκάλει
3164 4845 3222 4897 δὲ
3272 4847 3364 4896 τὸν
3395 4844 3588 4896 ὅσιονό

2003 4934 2324 4996 ἐπίσκοπος,
2391 4932 2666 4986 διαδοῦναι
2717 4935 2847 4988 αὐτὸ
2879 4938 2990 4998 τοῖς
3019 4937 3255 5004 πτωχοῖς
3278 4951 3292 4965 ·
3326 4935 3355 4988 6
3384 4935 3440 4987 δὲ
3477 4937 3582 4988 οὐκ

1999 5024 2167 5094 ήλατο
2201 5027 2279 5095 (4)
2339 5027 2529 5090 εἰπὼν,
2564 5027 2670 5080 Τοῦ
2700 5028 2836 5080 Θεοῦ
2888 5026 3230 5098 ἐνισχύοντός
3278 5045 3360 5091 σε,
3423 5028 3486 5080 σὺ
3517 5027 3588 5080 δι’

2003 5116 2200 5170 ἑαυτοῦ
2225 5117 2420 5178 ἀπόδος
2446 5119 2631 5182 αὐτοῖς
2669 5119 2739 5173 τὰ
2769 5119 2969 5173 αὐτῶν.
3002 5120 3137 5173 Τότε
3174 5119 3462 5182 καθεσθεὶς
3491 5118 3591 5172 ἐπὶ

2005 5209 2176 5279 φορίῳ
2202 5210 2442 5281 ἀπῆλθεν
2473 5214 2552 5275 εἰς
2575 5213 2635 5265 τὸ
2668 5213 2966 5284 μαρτύριον
2987 5214 3083 5282 τῆς
3115 5214 3278 5281 ἁγίας
3311 5212 3590 5283 μάρτυρος

2005 5299 2327 5372 Γλυκερίας,
2361 5303 2454 5355 καὶ
2483 5305 2814 5374 συναγαγὼν
2855 5309 3067 5366 πάντας
3101 5307 3226 5368 τοὺς
3260 5303 3592 5372 πενομένους

2005 5390 2106 5459 τῆς
2137 5390 2370 5456 πόλεως,
2432 5394 2566 5446 πᾶσι
2609 5394 2867 5449 διέδωκεν
2915 5394 3173 5464 ἀφειδῶς.
3227 5393 3290 5446 '0
3321 5393 3376 5446 δέ
3408 5392 3592 5462 φιλάν-

2007 5480 2227 5552 θρωπος
2253 5483 2384 5547 Θεὸς
2414 5487 2440 5537 ό
2471 5485 2539 5538 τὰ
2562 5485 2657 5539 δύο
2680 5486 2854 5541 λεπτὰ
2885 5489 2985 5559 τῆς
3012 5489 3279 5560 πενιχρᾶς
3305 5489 3478 5558 χήραις
3510 5484 3590 5557 μὴ

2007 5573 2274 5646 παριδὼν,
2303 5578 2398 5631 καὶ
2421 5577 2537 5648 ,τὴν
2587 5579 2851 5638 πλουσίαν
2874 5585 3136 5652 πρόθεσιν
3169 5582 3270 5654 τῆς
3293 5581 3469 5654 χήρας
3494 5579 3592 5634 ἐπὶ
