3820 6522
319 367 454 436 1361

1543 377 1723 439 νιΤΑ
1765 380 1826 440 S.
1868 380 2321 444 PARTHENII.

3420 378 3558 444 13η

320 483 505 538 Ἠλίου
532 483 627 539 τοῦ
656 487 938 559 προφήτου
959 488 1390 562 ἀποδεξάμενος,
1411 490 1506 544 καὶ
1532 491 1634 560 τῆς
1659 492 1889 560 ἐναγοῦς

2011 496 2146 551 l‘unc
2180 496 2227 551 is
2257 494 2452 552 sedens
2492 495 2546 552 in
2599 497 2810 562 lectica,
2838 498 2936 552 ivit
2970 501 3036 552 ad
3071 497 3328 566 templum
3361 506 3564 552 saneta:

310 575 520 646 πόρνης
541 575 611 629 τὰ
637 575 848 648 δάκρυα
882 578 956 650 μὴ
978 580 1374 650 ἀποστραφεὶς,
1397 587 1494 634 καὶ
1524 581 1618 635 τοῦ
1653 582 1886 636 τελώνου

309 666 404 720 τὸν
426 667 730 736 στεναγμὸν
751 668 1068 737 δικαιώσας,
1102 673 1266 736 αὐτὸς
1293 675 1389 726 καὶ
1417 673 1511 728 τοῦ
1538 675 1888 746 προρρηθέν-

307 772 402 820 τος
430 759 859 827 ἀρχιεπισκόπου
909 761 1000 815 τόν
1061 764 1365 834 μετάμελον
1395 765 1794 836 είσδεξάμενος,
1830 769 1888 819 ἐν

309 850 490 921 τρισὶν
518 853 752 922 ἡμέραις
773 853 986 908 τελείαν
1020 859 1260 928 παρέσχε
1289 858 1387 930 τὴν
1414 858 1625 927 ὑγείαν.

1996 589 2251 660 martyris
2307 588 2571 660 Glyceriae
2607 609 2620 644 :
2652 599 2709 646 et
2761 607 2884 646 cum
2942 596 3324 660 congregasset
3373 603 3563 644 omnes

1995 691 2258 748 pauperes
2286 678 2543 743 civitatis,
2571 677 2775 734 aﬂ‘atim
2813 677 3066 732 omnibus
3087 676 3384 732 distribuit.
3409 673 3567 729 Beni-

1997 784 2132 838 gnus
2166 777 2344 824 autem
2374 781 2425 825 et
2452 771 2692 826 clemens
2722 769 2886 836 Deus,
2914 771 3007 840 qui
3040 752 3216 825 vidum
3235 770 3341 824 duo
3359 768 3567 824 minuta

1998 875 2106 914 non
2168 861 2416 932 despexit
2467 863 2818 927 numismata,
2862 870 2917 918 et
2961 877 3154 918 rursus
3188 861 3344 919 dives
3390 860 3569 916 vidua:

314 946 653 1015 propositum
671 958 948 1016 acceptum
975 949 1423 1019 habuittempore
1461 952 1592 1007 Eliae
1633 952 1931 1022 prophetm,
1979 962 2032 1007 et
2061 956 2316 1024 pauperis
2369 955 2754 1026 ﬂagitiosaeque
2816 957 3120 1012 meretricis
3172 956 3438 1028 lacrymas
3462 970 3566 1011 nou

310 1050 394 1093 est
455 1047 756 1104 aversatus,
791 1052 847 1096 et
899 1043 1166 1112 publicani
1216 1046 1508 1116 suspirium
1545 1048 1937 1116 comprobavit,
1974 1048 2089 1116 ipse
2117 1065 2332 1122 quoque
2381 1051 2624 1118 praedicti
2651 1049 3041 1120 archiepiscopi
3068 1057 3343 1120 acceptam
3366 1047 3569 1104 habens

312 1131 712 1197 pmnitentiam,
748 1134 801 1188 in
829 1135 1003 1191 tribus
1043 1139 1230 1193 diebus
1255 1139 1303 1192 ei
1330 1139 1625 1208 perfectam
1656 1139 1882 1209 praebuit
1913 1143 2222 1198 sanitatem.

385 1223 486 1279 lB’.
531 1224 588 1278 '0
627 1225 683 1278 δὲ
714 1225 810 1279 τοῦ
834 1226 967 1280 Θεοῦ
994 1228 1250 1297 θεράπων
1295 1232 1598 1303 Παρθένιος
1625 1235 1894 1306 περιῆγεν

312 1318 399 1386 ἐφ’
431 1318 670 1390 ἑκάστης
700 1319 828 1383 τοὺς
850 1321 1172 1392 εὐκτηρίους
1197 1324 1378 1385 οἴκους
1398 1325 1499 1394 τῆς
1529 1325 1758 1389 πόλεως,
1793 1325 1895 1389 τὰς

314 1409 566 1480 συνήθεις
621 1411 788 1482 εὐχὰς
836 1413 1138 1468 ἐπιτελῶν
1192 1417 1251 1478 ἐν
1302 1413 1384 1478 οἷς
1433 1415 1691 1469 εἰσελθὼν
1726 1419 1784 1468 ἐν
1817 1414 1895 1486 τῷ

313 1503 454 1555 κατὰ
485 1503 656 1566 Χίλας
701 1505 1001 1574 μαρτύριον
1031 1505 1204 1571 οὕτως
1262 1507 1689 1578 ἐπιλεγόμενον,
1733 1499 1896 1578 εὗρεν

2069 1233 2183 1290 XII.
2217 1236 2312 1290 Dei
2347 1251 2476 1292 vero
2503 1250 2697 1292 servus
2733 1234 3057 1291 Parthenius
3109 1234 3350 1304 quotidie
3383 1234 3572 1290 obibat

1998 1343 2182 1383 sacras
2210 1329 2353 1383 aedes
2381 1329 2638 1392 civitatis,
2685 1338 2973 1385 consuetas
3024 1341 3214 1398 preces
3251 1329 3305 1382 in
3334 1327 3414 1382 eis
3450 1341 3572 1395 pcr-

1997 1435 2183 1490 agens.
2214 1420 2455 1487 Quodam
2485 1432 2663 1475 autem
2691 1422 2780 1476 die
2799 1421 2850 1474 in
2879 1420 3225 1489 martyrium,
3245 1419 3388 1489 quod
3407 1417 3571 1472 Achi-

1999 1509 2081 1564 las
2105 1511 2326 1576 dicitur,
2366 1512 2573 1566 invenit
2623 1512 2731 1566 illic
2758 1511 3034 1566 hominem
3060 1511 3351 1580 quemdam
3383 1509 3572 1579 jacen-

303 1595 433 1647 ἐκεῖ
449 1611 572 1648 τινα
594 1595 990 1665 κατακείμενον
1015 1598 1140 1652 ὅλον
1165 1599 1225 1670 Et;
1237 1599 1346 1668 ρόν.
1367 1601 1609 1670 Αίτήσας
1630 1602 1688 1654 δὲ
1715 1601 1894 1656 ἔλαιον

2011 1612 2112 1658 tem
2160 1605 2386 1658 omnino
2427 1604 2662 1658 aridum.
2697 1602 2863 1672 Cujus
2908 1605 3186 1667 misertus,
3239 1616 3362 1656 cum
3395 1601 3573 1655 oleum

311 1687 406 1739 καὶ
437 1684 831 1757 ἐπευξάμενος,
876 1689 1063 1753 κλίνας
1119 1707 1179 1743 τε
1219 1690 1289 1744 τὰ
1322 1691 1550 1759 γόνατα,
1613 1694 1748 1764 μετὰ
1801 1694 1894 1748 δα-

313 1775 498 1846 κρύων
525 1777 707 1832 ἐδέετο
736 1780 830 1833 τοῦ
855 1779 991 1834 Θεοῦ
1025 1782 1153 1852 περὶ
1191 1781 1383 1848 αὑτοῦ,
1429 1785 1524 1836 καὶ
1554 1784 1796 1847 ἀναστὰς
1833 1786 1900 1838 ἐκ

308 1872 414 1940 τῆς
444 1873 776 1942 προσευχῆς,
846 1874 945 1944 ήρέ
956 1891 1031 1944 μα
1063 1875 1158 1958 καλ
1189 1876 1333 1929 κατὰ
1366 1877 1560 1947 μικρὸν
1606 1876 1796 1930 τοῦτον
1821 1877 1899 1950 τῷ

311 1962 481 2034 ἐλαίῳ
507 1964 915 2032 διαμαλάσσων,
957 1965 1120 2028 εὐθὺς
1155 1965 1250 2019 καὶ
1291 1965 1634 2036 παραχρῆμα
1663 1965 1898 2037 ἀνέστη-

313 2072 430 2121 σεν,
466 2057 562 2109 καὶ
599 2057 726 2128 ὑγιῆ
772 2059 851 2119 είς
905 2057 973 2110 τὰ
1006 2057 1114 2112 ῐδια
1171 2057 1324 2121 ίδίοις
1351 2061 1509 2111 ποσὶν
1541 2058 1762 2111 ἀπιέναι
1794 2060 1901 2113 ἀπ-

317 2148 568 2219 έτρεψεν.
596 2148 800 2202 Τούτου
848 2147 906 2200 δὲ
969 2148 1265 2220 γενομένου
1298 2149 1394 2202 τοῦ
1423 2150 1734 2220 παραδόξου
1767 2152 1900 2205 θαύ-

317 2255 489 2309 ματος
538 2240 596 2291 ὲν
669 2237 969 2311 Ἡρακλείᾳ
1011 2240 1078 2310 τῇ
1139 2239 1315 2304 πόλει,
1365 2240 1568 2304 πάντες
1608 2242 1724 2294 ὅσοι
1752 2236 1900 2312 εἶχον

313 2328 621 2395 ἀσθενείας,
649 2328 998 2400 κατέδραμον
1021 2330 1158 2402 πρὸς
1181 2331 1273 2384 τὸν
1303 2331 1590 2403 ἄνθρωπον
1615 2333 1709 2386 τοῦ
1737 2332 1896 2399 Θεοῦ,

315 2425 411 2476 καὶ
465 2425 532 2494 τῇ
583 2422 813 2492 δυνάμει
873 2422 968 2476 τοῦ
1024 2421 1263 2493 Χριστοῦ
1324 2423 1500 2489 ὑγιεῖς
1555 2424 1898 2496 ὑπέστρεφον

317 2515 577 2576 ἅπαντες.
609 2513 918 2583 Συμπαρῆν
935 2511 990 2564 δέ
1029 2511 1177 2581 αὑτῷ
1206 2511 1301 2564 καὶ
1328 2511 1676 2578 ’Υπατιανὸς,
1715 2514 1742 2566 6
1777 2513 1897 2566 κατ’

317 2607 528 2661 ἐκείνου
549 2604 745 2676 καιροῦ
771 2604 1150 2675 ἁρχιδιάκονος
1179 2604 1279 2669 τῆς
1307 2603 1517 2667 πόλεως
1545 2604 1896 2675 Ἡρακλείας,

317 2699 410 2755 ὅτε
442 2697 512 2750 τὰ
545 2696 826 2766 θαυμάσια
863 2695 1131 2764 ἐγένοντο.
1191 2692 1374 2766 Ὅπερ
1421 2693 1778 2763 θεασάμενος,
1812 2697 1901 2749 πί-

321 2807 439 2844 στει
470 2790 551 2853 είς
593 2791 760 2854 πόδας
816 2787 916 2841 τοῦ
947 2787 1104 2856 ἁγίου
1145 2786 1338 2856 ἀνδρὸς
1368 2785 1706 2857 παρακαλῶν
1738 2786 1901 2840 αὑτὸν

322 2877 463 2948 μετὰ
518 2875 792 2946 δακρύων,
844 2877 926 2930 ὅτι
981 2877 1040 2928 ἐν
1089 2877 1331 2945 κτήματι
1401 2874 1567 2928 αὑτοῦ
1627 2875 1900 2946 ἔσπαρται

2003 1692 2272 1764 petiisset,
2314 1692 2468 1749 ﬂexis
2499 1695 2749 1764 genibus,
2784 1710 2907 1751 cum
2961 1694 3219 1762 lacrymis
3257 1692 3436 1746 oravit
3477 1707 3576 1760 pro

2002 1787 2123 1856 ipso
2149 1785 2441 1855 benignum
2478 1795 2532 1840 et
2564 1786 2884 1841 clementem
2923 1785 3117 1840 Deum.
3148 1784 3352 1838 Etcum
3382 1784 3577 1837 deinde

2002 1880 2334 1934 surrexisset
2369 1894 2398 1932 a
2447 1878 2781 1948 precatione,
2813 1879 3014 1934 sensim
3046 1886 3100 1932 et
3152 1875 3412 1947 paulatim
3451 1889 3574 1930 eum

2001 1978 2197 2024 sancto
2257 1970 2376 2025 oleo
2421 1969 2691 2034 molliens,
2719 1969 2966 2040 protinus
2995 1979 3048 2023 et
3088 1969 3203 2038 ipsa
3261 1967 3394 2020 hora
3444 1965 3577 2021 fecit

2001 2075 2123 2116 eum
2150 2076 2342 2120 sanum
2377 2077 2622 2131 surgere,
2648 2071 2703 2116 et
2739 2062 2905 2132 jussit
2944 2076 3066 2116 eum
3113 2061 3228 2116 suis
3252 2059 3482 2128 pedibus
3507 2058 3574 2112 ad

2000 2170 2130 2210 suos
2161 2155 2339 2211 redire
2400 2155 2567 2211 Deum
2606 2155 3031 2225 glorificantem.
3065 2153 3201 2209 Cum
3257 2152 3360 2208 hoc
3396 2161 3576 2206 autem

2002 2246 2250 2301 terribile
2277 2255 2333 2301 et
2361 2247 2504 2316 quod
2545 2245 2863 2314 opinionem
2893 2251 3115 2312 superat
3146 2239 3468 2296 miraculum
3494 2237 3579 2292 fa-

2001 2347 2144 2391 ctum
2170 2344 2313 2391 esset
2337 2336 2390 2391 in
2411 2333 2670 2390 Heraclea
2687 2333 2926 2398 civitate,
2943 2333 3252 2401 quicunque
3306 2328 3581 2384 habebant

2000 2434 2256 2493 aegrotos,
2297 2438 2420 2478 eum
2473 2424 2554 2478 eis
2603 2423 3003 2478 concurrebant
3058 2421 3122 2475 ad
3162 2419 3255 2474 Dei
3305 2419 3576 2474 hominem

2001 2513 2387 2580 Parthenium,
2437 2525 2493 2570 et
2531 2515 2734 2570 virtute
2763 2515 2972 2570 Domini
3008 2514 3176 2568 nostri
3202 2511 3330 2566 Jesu
3349 2510 3574 2570 Christi.

2000 2621 2188 2661 omnes
2253 2608 2663 2663 revertebantur
2713 2607 2854 2661 sani.
2923 2605 3094 2661 Simul
3151 2619 3282 2660 vero
3331 2616 3455 2659 cum
3515 2617 3580 2656 eo

2001 2700 2196 2755 aderat
2220 2700 2383 2755 etiam
2425 2698 2781 2770 llypatianus,
2807 2698 2898 2768 qui
2931 2697 3033 2752 illo.
3057 2707 3303 2767 tempore
3337 2703 3458 2752 erat
3490 2709 3580 2749 ar-

1999 2793 2348 2848 chidiaconus
2392 2792 2627 2847 civitatis
2686 2790 2980 2853 Heracleae,
3041 2789 3257 2859 quando
3312 2787 3427 2842 haec
3474 2786 3577 2840 lie-

2003 2884 2137 2936 bant
2163 2880 2447 2938 miracula.
2481 2881 2610 2948 Quae
2647 2895 2772 2936 cum
2809 2878 3034 2935 vidisset
3063 2918 3078 2943 ,
3110 2877 3344 2948 procidit
3384 2875 3450 2931 ad
3477 2889 3574 2944 pe-

319 2966 514 3031 πολλὰ,
548 2967 652 3020 ὑπὸ
681 2967 738 3020 δέ
766 2968 866 3038 τῆς
896 2967 1158 3038 ἀϐροχίας
1183 2967 1401 3022 ἅπαντα
1431 2967 1704 3038 ἐξηράνθη
1725 2984 1737 2998 ·
1770 2968 1903 3023 ἀλλὰ

2011 2974 2106 3028 des
2135 2973 2309 3029 sancti
2342 2973 2466 3038 viri,
2504 2985 2702 3041 rogans
2727 2984 2853 3026 eum
2875 2985 2995 3024 cum
3016 2968 3273 3040 lacrymis
3297 2977 3351 3024 et
3371 2967 3576 3032 dicens,

321 3057 639 3129 παραγενοῦ
669 3059 764 3112 ἐπὶ
786 3058 882 3112 τὸν
921 3059 1089 3112 τόπον
1134 3060 1231 3113 καὶ
1285 3059 1584 3129 πρόσευξαι
1632 3059 1769 3130 πρὸς
1814 3062 1906 3115 τὸν

327 3150 485 3216 Θεὸν,
537 3153 685 3216 ὅπως
724 3151 986 3223 παράσχῃ
1038 3151 1194 3205 ὑετὸν
1229 3154 1296 3223 τῇ
1328 3153 1423 3222 γῇ,
1455 3150 1542 3205 ἵνα
1572 3152 1718 3224 σωθῇ
1757 3153 1906 3207 πᾶσα

323 3244 358 3311 ή
397 3241 622 3314 πατρίς.
668 3243 726 3296 Ὁ
779 3242 835 3296 δὲ
864 3243 1012 3306 ὅσιος
1061 3243 1200 3315 ἀνὴρ
1228 3242 1527 3314 προθύμως
1560 3244 1652 3296 ἐπὶ
1682 3244 1744 3298 τὸ
1774 3262 1909 3316 προ-ρ

323 3334 576 3406 κείμενον
623 3335 875 3400 ἐὸἁδιζε·
936 3337 1032 3390 καὶ
1083 3338 1378 3408 γενόμενος
1427 3338 1569 3392 κατὰ
1599 3339 1691 3392 τὸν
1715 3338 1906 3403 τόπον,

319 3431 421 3482 καὶ
447 3428 570 3482 ίδὼν
601 3429 818 3484 ἅπαντα
840 3429 1225 3501 ἐξηραμμένα,
1264 3431 1452 3495 κλίνας
1483 3431 1553 3485 τὰ
1585 3432 1788 3500 γόνατα
1813 3434 1908 3486 καὶ

322 3521 421 3583 τὰς
450 3521 638 3591 χεῖρας
668 3522 748 3585 είς
792 3521 1062 3593 οὐρανοὺς
1118 3523 1432 3589 ἀνατείνας,
1491 3525 1628 3593 μετὰ
1654 3525 1910 3596 δακρύων

325 3610 506 3665 ἐδέετο
537 3611 632 3666 τοῦ
659 3611 795 3667 Θεοῦ
830 3613 1193 3684 καταπέμψαι
1242 3614 1398 3669 ὑετὸν
1449 3618 1516 3688 τῇ
1557 3619 1628 3688 γῇ
1659 3619 1739 3681 είς
1772 3635 1912 3687 καρ-

325 3704 618 3776 ποφορίαν.
667 3705 726 3759 '0
750 3705 806 3760 δὲ
835 3706 1222 3778 φιλάνθρωπος
1251 3706 1383 3772 Θεὸς
1403 3710 1432 3762 6
1464 3709 1552 3762 ἀεὶ
1587 3709 1649 3762 τὸ
1695 3708 1912 3780 θέλημα

323 3797 438 3853 τῶν
487 3799 842 3870 φοϐουμένων
872 3799 1036 3854 αὑτὸν
1067 3800 1260 3868 ποιῶν,
1292 3800 1374 3854 ἔτι
1411 3801 1512 3872 τῆς
1543 3801 1712 3872 εὐχῆς
1743 3803 1799 3855 ἐν
1831 3802 1910 3872 τῷ

326 3895 563 3964 στόματι
613 3894 709 3948 τοῦ
756 3894 914 3962 ἁγίου
973 3893 1162 3964 οὔσης,
1207 3893 1507 3964 συνεσχέθη
1537 3894 1643 3947 ὑπὸ
1674 3894 1852 3963 νεφῶν
1881 3896 1911 3948 6

325 3985 556 4057 οὐρανὸς
585 3985 680 4038 καὶ
728 3984 977 4038 κάτεισιν
1031 3984 1186 4047 ὑετὸς
1230 3985 1326 4037 καὶ
1355 3984 1580 4054 ἐκόρεσε
1604 3986 1784 4038 πᾶσαν
1811 3985 1910 4055 τὴν

325 4077 458 4148 γῆν.
491 4077 853 4131 Είσελθόντων
883 4077 940 4130 δὲ
964 4077 1144 4130 αὐτῶν
1169 4077 1228 4132 ἐν
1251 4075 1328 4147 τῷ
1360 4075 1536 4146 ἀγρῷ,
1568 4077 1914 4148 ἐπεζήτησεν

327 4172 558 4243 οἴκημα,
587 4173 644 4224 ἐν
671 4164 716 4241 ᾧ
747 4171 844 4234 τὰς
880 4169 1047 4241 εὐχὰς
1103 4169 1400 4225 ἐκτελέσει.
1447 4170 1558 4223 Καὶ
1611 4171 1913 4239 εἰσήγαγεν

329 4265 495 4318 αὑτὸν
523 4265 552 4317 6
578 4263 954 4334 ἂρχιδιάκονος
978 4264 1007 4314 ὁ
1039 4261 1229 4335 κύριος
1258 4262 1350 4316 τοῦ
1383 4261 1556 4332 ἀγροῦ
1581 4264 1660 4326 εἰς
1683 4262 1782 4316 ἕνα
1803 4262 1912 4315 τῶν

2008 3065 2153 3136 quod
2194 3066 2246 3119 in
2274 3065 2478 3135 praedio
2529 3080 2629 3119 suo
2672 3064 2839 3118 multa
2885 3063 3103 3134 quidem
3134 3071 3260 3116 sunt
3289 3060 3579 3124 seminata,

2010 3164 2228 3228 propter
2258 3156 2455 3227 pluviae
2492 3162 2673 3211 autem
2705 3165 2999 3227 egestatem
3027 3155 3208 3210 omnia
3239 3163 3368 3211 sunt
3401 3152 3580 3206 exsic-

2009 3257 2148 3305 cata.
2217 3248 2344 3314 Sed,
2374 3249 2492 3304 veni
2537 3248 2603 3302 ad
2663 3247 2861 3314 locum,
2916 3247 3153 3310 dicebat,
3189 3259 3223 3300 ο
3276 3243 3584 3299 venerande

2011 3341 2192 3406 Pater,
2223 3349 2278 3395 et
2306 3355 2400 3394 ora
2451 3339 2646 3405 Deum,
2671 3348 2729 3395 ut
2756 3351 2914 3394 terrae
2957 3338 3196 3409 praebeat
3227 3336 3488 3405 pluviam,
3525 3345 3587 3389 ut

2011 3441 2363 3489 conservetur
2415 3433 2667 3488 universa
2735 3441 2922 3487 nostra
2976 3430 3174 3500 patria.
3237 3425 3583 3483 Venerandus

2011 3542 2142 3583 vero
2192 3537 2249 3583 et
2302 3535 2526 3582 sanctus
2560 3525 2644 3580 vlr
2688 3523 3038 3588 Parthenius,
3091 3523 3188 3577 ivit
3246 3528 3494 3591 prompto
3533 3529 3587 3574 et

2013 3618 2179 3674 alacri
2212 3617 2417 3672 animo.
2445 3616 2690 3685 Cumque
2719 3614 2960 3670 venisset
2993 3613 3059 3668 ad
3099 3612 3304 3676 locum,
3336 3617 3392 3665 et
3419 3608 3587 3664 vidis-

2011 3718 2095 3767 set
2127 3709 2308 3764 omnia
2335 3707 2630 3773 exsiccata,
2670 3707 2998 3777 lacrymatus
3027 3713 3139 3769 est,
3200 3701 3462 3773 ﬂexisque
3490 3716 3584 3773 ge-

2012 3802 2171 3857 nibus
2203 3800 2297 3856 diu
2322 3814 2552 3870 precans
2581 3805 2703 3855 cum
2732 3797 3011 3870 lacrymis,
3057 3796 3379 3851 clementem
3417 3793 3580 3848 Deum

2013 3894 2244 3963 rogavit,
2280 3901 2337 3947 ut
2361 3892 2597 3964 pluviam
2628 3891 2682 3946 in
2710 3900 2912 3945 terram
2937 3889 3248 3945 demitteret
3280 3886 3348 3941 ad
3378 3885 3586 3941 fructus

2013 3986 2407 4057 producendos.
2439 3985 2710 4056 Benignus
2735 3993 2918 4039 autem
2951 3991 3005 4038 et
3036 3982 3276 4037 clemens
3303 3978 3467 4042 Deus.
3491 3977 3584 4046 qui

2015 4095 2230 4151 semper
2257 4078 2389 4134 facit
2419 4078 2751 4134 voluntatem
2775 4091 2966 4133 eorum
2997 4074 3094 4146 qui
3123 4075 3298 4144 ipsum
3329 4072 3520 4126 timent
3541 4071 3584 4132 ³,

2014 4187 2136 4229 cum
2185 4171 2362 4227 adhuc
2395 4184 2586 4241 preces
2614 4177 2801 4226 essent
2841 4169 2895 4224 in
2941 4181 3036 4223 ore
3069 4166 3209 4236 ejus,
3243 4173 3448 4220 tectum
3485 4162 3590 4216 fuit

2017 4264 2214 4320 coelum
2267 4264 2525 4331 nubibus,
2572 4274 2626 4318 et
2660 4261 2945 4318 descendit
2979 4259 3146 4316 multa
3189 4258 3390 4330 pluvia,
3421 4265 3476 4312 et
3500 4270 3592 4310 sa-

328 4355 722 4422 κοιτωνίσκων,
760 4356 855 4410 καὶ
879 4353 1324 4423 διενυκτέρευσεν
1351 4353 1470 4405 ἐκεῖ
1503 4353 1562 4406 ἐν
1590 4354 1712 4416 ταῖς
1740 4369 1903 4422 προσ-

2017 4355 2168 4409 tiavit
2191 4364 2415 4409 terram.
2443 4354 2710 4424 Ingressis
2739 4362 2918 4408 autem
2963 4353 3091 4420 ipsis
3129 4351 3182 4404 in
3224 4364 3435 4420 agrum,
3471 4361 3591 4416 quae

329 4447 538 4514 ευχαῖς,
565 4447 659 4499 καὶ
687 4448 752 4515 τῇ
784 4445 954 4499 ἕωθεν
992 4443 1507 4516 προσκαλεσάμενος
1539 4441 1632 4496 τὸν
1660 4441 1909 4511 ἀρχιδιά·

330 4553 511 4601 κονον,
541 4536 646 4607 ἔφη
669 4536 850 4606 αὐτῷ’
903 4536 1148 4608 Πρόσεχε
1177 4533 1354 4605 ἐαυτῷ
1377 4548 1390 4564 °
1426 4534 1488 4587 οὑ
1519 4535 1630 4605 γὰρ
1667 4535 1909 4602 ἀγνοεῖς,

329 4628 408 4692 ὡς
435 4629 732 4700 ἐπαιδεύθη
765 4632 792 4684 6
823 4630 1121 4691 ἐπίσκοπος
1147 4628 1236 4682 διὰ
1266 4627 1634 4698 φιλαργυρίαν
1658 4643 1670 4657 ·
1705 4626 1910 4692 ἔδειξεν

334 4719 444 4790 γάρ
485 4737 573 4790 μοι
600 4721 628 4772 6
678 4718 809 4783 Θεὸς
837 4720 892 4772 ἐν
923 4722 990 4791 τῇ
1022 4719 1178 4772 νυκτὶ
1223 4717 1419 4789 ταύτῃ,
1476 4718 1558 4771 ὅτι
1611 4717 1912 4780 ἐπίσκοπος

336 4813 543 4885 γενήσῃ
588 4812 650 4864 οὑ
682 4813 821 4883 μετὰ
853 4813 1051 4876 πολλὰς
1101 4812 1332 4883 ἡμέρας.
1359 4811 1503 4882 Ὅρα
1539 4809 1653 4874 οὖν,
1685 4811 1774 4865 ἵνα
1803 4812 1914 4866 τῶν

337 4907 571 4976 πτωχῶν
595 4907 854 4974 πρόνοιαν
887 4905 1056 4959 ποιῶν
1081 4907 1178 4977 ἔσῃ
1201 4922 1213 4937 ο
1243 4903 1402 4958 τοῦτο
1429 4903 1537 4976 γὰρ
1571 4904 1711 4976 ὑπὲρ
1735 4907 1913 4960 πάντα

337 4999 432 5052 τὸν
467 4998 600 5051 Θεὸν
628 4999 946 5070 θεραπεύει.

2014 4447 2142 4503 sivit
2171 4445 2567 4510 habitaculum,
2607 4444 2660 4499 in
2690 4458 2796 4513 quo
2847 4456 3039 4513 preces
3097 4456 3227 4496 suas
3282 4450 3589 4510 perageret.

2015 4537 2450 4597 Archidiaconus
2478 4551 2606 4593 vero
2627 4534 2987 4608 Hypatianus.
3022 4533 3112 4602 qui
3145 4531 3249 4585 fuit
3277 4530 3444 4585 etiam
3477 4528 3588 4598 agri

2015 4631 2290 4696 dominus,
2312 4627 2615 4685 introduxit
2645 4642 2771 4683 eum
2805 4627 2857 4681 in
2889 4640 3056 4678 unum
3079 4638 3146 4677 ex
3162 4623 3278 4678 suis
3301 4617 3588 4676 cubiculis.

2016 4723 2119 4790 Qui
2161 4722 2501 4794 pernoctavit
2534 4721 2644 4776 illic
2686 4722 2738 4774 in
2779 4716 3114 4775 orationibus
3149 4733 3164 4770 :
3193 4725 3248 4770 et
3274 4729 3400 4770 cum
3425 4726 3585 4767 mane

2021 4815 2368 4870 accersiisset
2407 4812 2873 4876 archidiaconum,
2909 4808 3046 4863 dixit
3092 4807 3140 4864 ei
3178 4805 3450 4862 :Attende
3470 4804 3593 4868 tibi,

2019 4920 2052 4962 ο
2075 4905 2245 4961 frater
2271 4922 2286 4972 ;
2315 4921 2421 4961 non
2453 4904 2598 4960 enim
2630 4903 2849 4973 ignoras
2890 4900 3202 4971 episcopum
3232 4908 3382 4962 tuum
3424 4896 3595 4952 fuisse

2019 5000 2342 5070 castigatqu
2399 5006 2621 5066 propter
2671 4994 2978 5050 avaritiam.
3008 4991 3257 5047 Ostendit
3278 4989 3425 5044 enim
3459 4987 3589 5044 mihi

339 5096 482 5150 Deus
513 5096 613 5152 hac
661 5106 840 5163 nocte,
873 5105 924 5152 te
951 5112 1057 5153 non
1091 5095 1278 5152 multis
1308 5106 1430 5166 post
1451 5095 1646 5152 diebus
1707 5094 1948 5150 futurum
1986 5096 2323 5168 episcopum.
2365 5095 2499 5151 Vide
2547 5107 2698 5164 ergo,
2733 5101 2793 5148 ut
2826 5104 3044 5160 semper
3073 5104 3261 5144 curam
3279 5101 3436 5158 geras
3463 5100 3596 5158 pau-

338 5204 552 5259 perum,
586 5189 691 5246 hoc
723 5189 866 5246 enim
900 5188 1068 5246 Deum
1100 5190 1284 5260 placat
1311 5204 1474 5261 super
1493 5190 1696 5243 omnia.

416 5281 517 5338 ll".
548 5281 862 5354 Παρεκάλει
925 5277 1020 5336 οῦν
1073 5280 1236 5336 αὑτὸν
1286 5283 1315 5335 6
1368 5279 1766 5352 ἀρχιδιάκονος,
1825 5279 1914 5334 ἵνα

341 5375 555 5449 ἀπέλθῃ
577 5378 654 5440 είς
692 5375 754 5429 τὸ
782 5375 967 5444 κτῆμα
996 5374 1091 5429 καὶ
1113 5374 1412 5444 ἐπεύξηται
1435 5376 1555 5436 ταῖς
1581 5373 1787 5444 χώραις
1818 5373 1916 5426 καὶ

343 5472 466 5533 ταῖς
519 5469 820 5540 ἀμπέλοις·
854 5470 912 5522 ἐν
950 5462 1033 5530 οἷς
1083 5466 1340 5521 εἰσελθὼν
1378 5468 1458 5530 είς
1488 5466 1618 5537 μίαν
1651 5468 1918 5538 μεγίστην

346 5561 531 5633 χώραν
567 5561 730 5633 μηδὲν
769 5560 996 5631 ἔχουσαν
1026 5557 1180 5615 εἶπεν
1199 5559 1350 5631 αὑτῷ
1369 5577 1383 5592 ο
1415 5559 1514 5614 Διὰ
1533 5559 1586 5612 τί
1623 5559 1793 5630 αὐτὴν
1819 5559 1919 5613 οὐκ

344 5649 604 5724 ἔσπειρας
644 5653 907 5724 μεγίστην
935 5649 1129 5720 οὗσαν;
1171 5653 1229 5707 '0
1259 5653 1313 5710 δέ
1352 5652 1650 5718 σῦνδακους
1691 5653 1920 5724 γενόμε⁴

422 5812 444 5846 ³
466 5810 605 5869 l‘sal.
639 5832 816 5886 (έχων,
858 5817 944 5872 19.

2091 5280 2222 5338 Xlll.
2258 5280 2518 5336 Sanctum
2552 5285 2738 5332 autem
2786 5274 2995 5345 rogavit
3041 5271 3482 5333 archidiaconus,
3538 5279 3594 5320 ut

2021 5377 2233 5432 veniret
2266 5375 2318 5429 in
2348 5389 2503 5429 suum
2551 5371 2832 5442 praedium,
2865 5377 2920 5425 et
2943 5368 3080 5424 bene
3108 5374 3423 5437 precaretur
3450 5365 3595 5432 agris

2021 5475 2078 5523 et
2096 5465 2320 5522 vitibus.
2343 5464 2626 5535 ingressus
2660 5475 2790 5516 vero
2812 5459 3002 5516 beatus
3032 5460 3086 5514 in
3115 5472 3274 5511 unam
3301 5453 3590 5506 maximam

2024 5560 2320 5632 regionem,
2383 5572 2503 5628 qua:
2560 5555 2693 5612 nihil
2752 5555 3005 5618 habebat,
3038 5551 3173 5606 dixit
3201 5549 3250 5604 ei
3282 5567 3296 5600 :
3327 5546 3436 5602 Cur
3489 5559 3593 5598 non

2029 5650 2316 5708 seminasti
2383 5664 2526 5712 eam,
2557 5662 2682 5705 cum
2732 5646 2803 5704 sit
2861 5634 3600 5700 maxima?Archidiaconzts
