3820 6466
295 401 298 405 ι
352 323 484 386 1:363

1469 341 1750 401 ΜΕΝὸΙὸ
1789 339 2308 402 FEBRUARIUS.

2170 203 2202 229 Ι

3476 335 3614 402 ωσι

343 446 522 493 autem
581 455 908 513 .acrymans,
943 447 1080 502 dixit
1110 467 1126 504 :
1155 452 1430 507 Seuuuata
1488 456 1703 524 quidem
1752 464 1856 521 est,

1991 469 2114 516 ,νος
2169 453 2310 524 ἔφη·
2381 453 2720 522 Ἐσπαρται,
2772 453 2968 525 δέομαί
3027 470 3162 508 σου·
3220 453 3340 508 ἀλλ’
3371 453 3431 508 αἱ
3482 457 3611 526 ιμαὶ

342 527 480 583 bene
511 546 529 588 :
560 534 652 587 sed
685 550 802 588 mea
835 550 1052 606 peccata
1083 551 1134 595 et
1168 543 1360 612 pluviis
1389 545 1632 603 defectus
1689 564 1833 615 eam,
1856 561 1914 603 ut

340 617 511 686 vides,
572 622 887 680 exsiccavit.
921 628 1062 684 Dicit
1093 633 1139 686 ei
1189 645 1408 690 sanctus
1442 654 1455 689 :
1495 637 1636 704 Quot
1700 639 1912 696 modios

338 711 431 765 tibi
465 716 690 781 prtebuit
719 718 860 774 Deus
887 736 950 776 ex
989 725 1088 778 hac
1121 727 1386 796 regione?
1415 729 1501 783 Ill:
1542 733 1675 785 dixit
1703 751 1716 786 :
1746 732 1910 798 Mille,

337 819 369 856 ο
407 804 566 863 bone.
605 807 834 867 Sanctus
872 825 1052 870 autem
1089 818 1224 872 dixit
1251 821 1299 874 ei
1345 839 1358 876 :
1394 819 1470 877 Ne
1519 825 1593 878 sis
1655 825 1847 890 tristis,
1880 841 1914 880 ο

339 897 525 953 frater.
554 899 746 956 Omnia
797 915 923 960 sunt
987 910 1263 977 possibilia
1289 913 1554 970 credenti.
1599 915 1704 972 Sed
1763 917 1908 972 Deus

339 989 432 1042 tibi
459 991 590 1046 dicit
642 1009 739 1063 per
766 1011 853 1053 me
886 1013 1250 1069 peeeatorem,
1290 1008 1432 1076 quod
1471 1011 1516 1063 si
1571 1009 1624 1063 in
1672 1020 1914 1078 tempore

336 1081 540 1135 :estatis
603 1082 840 1140 fructum
879 1089 972 1158 qui
1027 1106 1092 1146 ex
1141 1092 1240 1147 hoc
1288 1110 1418 1165 agro
1448 1098 1709 1161 nascitur,
1736 1097 1910 1152 solum

338 1173 574 1238 Iriveris,
600 1175 844 1235 invenies
874 1182 1014 1237 sicut
1065 1184 1274 1250 dixisti,
1309 1186 1454 1241 mille
1503 1189 1735 1255 modios,
1769 1206 1908 1259 quo-

336 1265 476 1319 niam
508 1267 626 1324 leve
645 1278 730 1325 est
761 1271 814 1326 in
847 1289 1138 1344 conspectu
1165 1278 1372 1333 Domini
1405 1280 1519 1336 haec
1548 1280 1746 1338 facere.
1774 1282 1908 1339 Eum

331 1369 549 1425 quoque
612 1359 912 1418 introduxit
949 1365 1001 1420 in
1058 1367 1269 1422 vineam
1321 1385 1510 1427 recens
1561 1372 1904 1444 plantatam:

330 1459 449 1500 erat
480 1461 658 1504 autem
683 1455 903 1514 omnino
945 1457 1218 1514 exsiccata
1254 1471 1486 1516 etexesa
1521 1480 1550 1518 a
1605 1467 1906 1534 vermibus,

332 1547 552 1606 propter
600 1541 793 1609 pluvia:
838 1556 1132 1615 egestatem
1185 1566 1199 1602 :
1241 1560 1362 1606 erat
1413 1567 1544 1608 vero
1592 1563 1734 1611 totus
1777 1557 1910 1612 satis

327 1629 558 1696 amplus,
592 1641 652 1686 ut
679 1648 898 1703 caperet
929 1649 1228 1696 sementem
1265 1648 1537 1714 octoginta
1577 1646 1902 1705 modiorum.

329 1716 524 1776 Beatus
544 1735 722 1779 autem
755 1729 869 1785 sale
903 1732 1126 1800 injecto,
1152 1745 1315 1790 totam
1347 1739 1509 1793 vitem
1555 1743 1858 1810 cOnSpersit
1885 1784 1903 1808 ,

2015 543 2286 616 ἁμαρτίαι
2319 545 2412 598 καὶ
2446 546 2479 614 ἡ
2511 544 2746 615 ἀϐροχία
2784 545 3017 616 ταύτην,
3040 546 3118 610 ὡς
3147 547 3304 618 δρᾷς,
3331 546 3611 617 ἀπεξήρα-

2013 652 2123 690 νεν.
2158 636 2322 704 Λέγει
2356 636 2505 706 αύτῷ
2538 639 2566 690 6
2594 638 2748 701 ὅσιος
2769 655 2783 670 ·
2849 638 3060 703 Πόσους
3094 640 3317 710 μοδίους
3345 640 3636 711 παρεῖχέν,

2015 745 2097 780 σοι
2128 730 2155 781 6
2184 728 2315 792 Θεὸς
2353 729 2419 781 ἐκ
2457 728 2554 798 τῆς
2589 728 2774 799 χώρας
2797 729 3040 800 ταύτης;
3111 730 3174 785 Ὀ
3205 731 3261 783 δὲ
3292 725 3479 784 εἶπεν·
3513 733 3609 784 Χι-

2011 815 2180 884 λίους,
2213 816 2409 886 δέομαί
2441 833 2557 870 σου.
2605 817 2667 870 '0
2695 817 2751 870 δέ
2782 818 2928 880 ὅσιος
2956 815 3111 872 εἶπεν
3134 819 3317 888 αὐτῷ’
3353 820 3448 890 Μὴ
3478 821 3605 874 ἀθύ-

2015 927 2104 979 μει
2131 924 2144 938 ⁸
2204 910 2382 964 πάντα
2413 910 2618 963 δυνατὰ
2647 910 2726 980 τῷ
2772 911 3109 964 πιστεύοντι.
3163 913 3314 980 Πλὴν
3337 912 3489 979 λέγει
3524 929 3604 966 σοι

2009 1000 2076 1053 δι’
2101 1000 2232 1070 ἐμοῦ
2261 1001 2356 1055 τοῦ
2393 1001 2744 1072 ἀμαρτωλοῦ,
2777 1003 2859 1055 ὅτι
2882 1005 2940 1055 ἐν
2971 1003 3050 1072 τῷ
3079 1003 3258 1073 καιρῷ
3286 1003 3382 1057 τοῦ
3410 1005 3601 1074 θέρους

2009 1092 2100 1145 τὸν
2133 1095 2420 1163 γινόμενον
2445 1095 2656 1166 καρπὸν
2692 1094 2791 1164 τῆς
2824 1097 3008 1166 χώρας
3030 1094 3236 1165 ταύτης
3259 1096 3404 1148 κατά
3431 1095 3600 1162 μόνας

2010 1185 2274 1256 ἀλοῆσας,
2309 1188 2588 1256 εὑρήσεις,
2623 1186 2804 1250 καθὼς
2833 1188 3084 1256 εἴρηκας,
3113 1190 3238 1251 τοὺς
3260 1188 3471 1258 χιλίους
3502 1207 3598 1258 μο-

2009 1275 2174 1342 δίους,
2239 1277 2376 1332 διότι
2442 1280 2648 1348 κοῦφον
2703 1279 2937 1334 ἐνώπιον
2982 1280 3119 1334 Θεοῦ
3145 1282 3372 1350 ποιῆσαι
3401 1282 3596 1336 ταῦτα.

2011 1370 2316 1439 Είσήγαγεν
2345 1371 2399 1424 δέ
2430 1371 2596 1424 αὐτὸν
2628 1370 2724 1443 καὶ
2748 1373 2827 1436 είς
2862 1372 3168 1441 ἀμπελῶνα
3199 1375 3486 1443 νεόφυτον,
3509 1376 3598 1427 καὶ

2007 1455 2077 1530 ἦν
2119 1461 2503 1534 ἑξηραμμένος
2555 1463 2675 1527 ὅλος
2728 1463 2825 1517 καὶ
2882 1463 3349 1535 σκωληκόϐρωτος
3405 1466 3472 1518 ἐκ
3501 1465 3600 1534 τῆς

2008 1553 2295 1624 ἀδροχῖας.
2348 1550 2458 1608 Ἦν
2501 1554 2558 1608 δὲ
2583 1556 2612 1608 ὁ
2646 1554 2814 1618 τόπος
2853 1555 3038 1619 ἱκανὸς
3064 1556 3140 1619 ὠς
3171 1555 3374 1625 μοδίων
3417 1556 3601 1627 ὀγδοή-

2008 1663 2175 1700 κοντα
2203 1647 2408 1718 σπόρου
2435 1664 2449 1677 ·
2481 1647 2577 1701 καὶ
2597 1646 2856 1718 ἐμϐαλὼν
2885 1647 3022 1712 ἃλας
3052 1650 3397 1721 κατέρρανεν
3422 1650 3598 1702 πάντα

2006 1737 2098 1790 τὸν
2133 1739 2456 1807 ἀμπελῶνα,
2486 1739 2582 1792 καὶ
2607 1735 2763 1794 εἶπεν
2787 1738 2866 1809 τῷ
2895 1739 3294 1811 ἀρχιδιακόνῳ·
3346 1739 3596 1811 Εὔθυμος

327 1820 384 1865 et
413 1812 548 1869 dixit
577 1818 964 1879 archidiacono
996 1843 1010 1878 :
1043 1825 1170 1882 Esto
1189 1827 1328 1884 bono
1353 1830 1538 1885 animo
1570 1849 1585 1886 :
1615 1807 1736 1886 nam
1762 1807 1888 1888 Deut

2006 1831 2118 1894 ἔσο,
2159 1831 2296 1885 διότι
2348 1833 2565 1886 δίδωσίν
2601 1851 2688 1887 σοι
2743 1835 2773 1887 6
2800 1833 2934 1897 Θεὸς
2965 1838 3028 1888 ἐκ
3060 1833 3155 1887 τοῦ
3207 1836 3375 1888 τόπου
3407 1837 3598 1888 τούτου

325 1904 418 1957 dat
452 1905 544 1958 tibi
573 1922 637 1962 ex
668 1909 772 1965 hoe
800 1911 914 1970 loco
974 1916 1107 1971 satis
1172 1933 1419 1990 magnam
1446 1921 1898 1990 benedictionem,

323 1997 468 2051 sicut
487 1998 532 2053 ei
553 2001 745 2070 placet.
771 2002 908 2059 Cum
935 2022 1062 2063 vero
1083 2010 1312 2081 ingressi
1336 2023 1517 2069 essent
1534 2015 1584 2068 in
1607 2016 1900 2083 civitatem,

324 2087 420 2140 ivit
459 2090 525 2144 ad
559 2095 895 2166 episcopum,
928 2109 988 2154 ut
1011 2103 1060 2156 ei
1104 2103 1456 2172 valediceret,
1487 2119 1542 2162 et
1593 2111 1895 2178 navigaret.

322 2177 417 2236 Ille
444 2195 624 2239 autem
652 2187 700 2242 ei
727 2194 994 2260 processit
1030 2197 1266 2263 obviam,
1297 2209 1351 2254 et
1382 2215 1505 2255 eum
1539 2212 1622 2257 est
1648 2204 1890 2272 comple-

322 2289 441 2329 xus.
469 2276 518 2340 li,
538 2293 667 2333 vero
684 2297 806 2338 enni
828 2289 1179 2354 assedissent,
1201 2301 1420 2347 sanctus
1447 2293 1578 2349 dixit
1601 2296 1854 2366 episcopo
1880 2315 1894 2351 :

317 2363 596 2422 Annuntio
625 2371 742 2438 tibi,
770 2387 802 2427 ο
829 2376 1065 2445 domine,
1096 2381 1238 2449 quod
1274 2388 1394 2449 post
1423 2397 1526 2437 non
1570 2363 1768 2441 multos
1789 2363 1896 2441 hos

317 2455 437 2509 dies
459 2461 692 2517 excedes
744 2477 773 2516 e
796 2479 1047 2534 corpore,
1079 2477 1132 2522 et
1173 2469 1434 2541 migrabis
1465 2473 1532 2527 ad
1581 2473 1892 2530 Dominum.

318 2545 457 2604 Ecce
479 2551 622 2606 enim
651 2554 900 2613 Christus
931 2569 982 2614 te
1012 2563 1288 2630 accersiit,
1321 2565 1411 2634 qui
1453 2574 1533 2620 est
1562 2582 1724 2622 verus
1754 2569 1895 2626 Deus

315 2651 524 2708 noster,
555 2651 611 2699 et
647 2646 845 2702 bonum
890 2664 1265 2709 successorem
1303 2657 1598 2728 relinques,
1646 2667 1705 2714 ut
1760 2661 1892 2718 mihi

311 2735 576 2791 revelavit
635 2739 915 2809 Dominus,
970 2746 1254 2802 dominum
1305 2747 1692 2820 Ilypatianum,
1743 2763 1891 2809 tuum

312 2827 777 2887 archidiaconum.
820 2833 963 2889 Dixit
987 2839 1312 2908 episcopus:
1357 2839 1476 2896 Fiat
1507 2843 1756 2899 voluntas
1785 2845 1885 2900 Do-

311 2916 466 2970 mini.
502 2918 565 2974 Et
603 2935 724 2977 cum
763 2938 824 2979 se
861 2927 1089 2982 invicem
1119 2931 1344 2986 osculati
1401 2944 1584 2988 essent
1624 2932 1680 2988 in
1703 2935 1890 2992 osculo

307 3017 522 3075 sancto,
557 3012 816 3071 Heraclea
870 3031 1092 3075 sanctus
1139 3024 1415 3093 navigavit
1460 3021 1807 3095 Parthenius,
1835 3038 1891 3083 et

311 3104 455 3156 venit
481 3104 535 3158 in
571 3119 723 3161 suam
751 3109 1028 3166 civitatem
1077 3110 1462 3184 Lampsacum.

383 3191 523 3252 XIV.
553 3197 763 3252 Accidit
821 3211 1003 3256 autem
1059 3218 1164 3258 non
1221 3207 1405 3263 multis
1433 3219 1556 3279 post
1587 3211 1798 3277 diebus,
1831 3224 1888 3268 ut

311 3287 502 3341 morbo
558 3301 842 3360 correptus
901 3292 1174 3353 Heracleae
1219 3300 1527 3371 episcopus,
1561 3304 1613 3359 in
1667 3305 1888 3361 Christo

309 3379 699 3450 requiesceret.
728 3382 834 3439 Pro
859 3387 976 3458 ipso
1000 3404 1131 3444 vero
1160 3389 1338 3448 factus
1361 3402 1445 3448 est
1467 3396 1752 3466 episcopus
1784 3399 1884 3454 do-

309 3472 491 3528 minus
544 3471 881 3546 Hypatianus
928 3480 1363 3549 archidiaconus,
1396 3489 1786 3544 convenienter
1834 3491 1884 3546 ei

308 3565 453 3633 quod
491 3565 706 3622 dixerat
734 3583 924 3626 servus
948 3570 1040 3627 Dei
1071 3570 1416 3632 Parthenius.
1451 3577 1584 3634 Cum
1614 3591 1757 3637 esset
1785 3599 1882 3637 au-

307 3668 414 3711 tem
439 3667 624 3724 testas,
657 3674 907 3728 egressus
927 3664 1220 3734 episcopus
1248 3666 1584 3741 Hypalianus
1609 3673 1659 3726 in
1689 3689 1880 3744 agrum

302 3763 463 3802 suum
500 3749 567 3803 ad
601 3750 930 3820 colligendos
982 3753 1190 3812 fructus
1246 3769 1426 3825 terrm,
1457 3770 1512 3815 et
1568 3764 1880 3820 metendum

304 3838 360 3892 id
389 3840 531 3909 quod
560 3851 677 3896 erat
695 3851 878 3897 natum
904 3859 968 3900 ex
995 3847 1270 3903 exsiccata
1293 3859 1348 3906 et
1367 3854 1615 3923 squalida
1640 3859 1878 3927 regione,

301 3932 514 3986 invenit
543 3933 686 3988 mille
716 3937 925 3993 modios
941 3937 1129 4006 plenos
1160 3941 1457 4014 frumento,
1489 3951 1882 4008 convenienter

300 4026 467 4082 verbo
499 4029 641 4083 servi
690 4028 784 4084 Dei
835 4031 1138 4092 Parthenii.
1168 4035 1433 4093 Similiter
1467 4054 1594 4096 vero
1645 4043 1698 4098 in
1740 4053 1880 4100 tem-

301 4133 431 4189 pore
451 4136 668 4191 quoque
705 4123 1118 4194 vindemiarum,
1143 4143 1210 4182 ex
1272 4128 1606 4198 plantatione
1635 4139 1881 4192 exsicca-

301 4220 481 4266 tarum
513 4214 965 4271 vinearumDeus
996 4218 1145 4272 dedit
1176 4235 1425 4292 magnam
1456 4224 1565 4280 vini
1604 4229 1880 4297 quantita-

301 4314 431 4357 tem.
453 4305 554 4372 Qui
592 4321 715 4362 cum
747 4309 1083 4377 experientia
1119 4317 1419 4386 accepisset
1453 4330 1706 4376 eventum
1737 4324 1873 4394 ejus,

2007 1921 2195 1993 ἱκανὴν
2237 1922 2490 1992 εὐλογίαν
2517 1927 2660 1979 κατά
2693 1925 2755 1978 τὸ
2791 1924 2944 1996 αὺτῷ
2987 1926 3244 1996 ἀρεστόν.
3273 1928 3386 1980 Καὶ
3419 1927 3593 1980 εἰσελ-

2004 2013 2205 2068 θόντων
2233 2015 2314 2079 εἰς
2358 2016 2459 2086 τὴν
2519 2017 2695 2082 πόλιν,
2734 2017 2932 2088 ἀνῆλθε
2982 2018 3120 2085 πρὸς
3152 2018 3244 2071 τὸν
3295 2018 3594 2073 ἐπίσκοπον

2005 2109 2372 2174 συντάξασθαι
2402 2111 2552 2182 αύτῷ
2575 2114 2672 2164 καὶ
2695 2111 3066 2166 ἀποπλεῦσαι.
3109 2113 3168 2166 '0
3198 2113 3254 2166 δὲ
3279 2114 3593 2185 ὑπήντησεν

2000 2201 2176 2270 αὐτῷ,
2230 2204 2324 2257 καὶ
2392 2203 2816 2273 περιεπτύξατο.
2877 2205 3242 2258 Καθισάντων
3297 2206 3355 2258 δέ
3389 2207 3589 2273 αὐτῶν,

1999 2291 2210 2350 εἶπενό
2261 2297 2411 2359 ὅσιος
2458 2295 2539 2366 τῷ
2599 2295 2934 2366 ἐπισκόπῳ’
2990 2297 3436 2368 Εὑαγγελίζομαί
3485 2314 3585 2364 σοι,

1997 2389 2128 2458 κύρι
2179 2390 2208 2442 6
2243 2389 2440 2459 μέγας,
2475 2390 2557 2443 ὅτι
2595 2391 2658 2443 ού
2696 2391 2837 2460 μετά
2871 2389 3073 2454 πολλὰς
3105 2389 3313 2454 ταύτας
3370 2391 3585 2461 ἡμέρας

1996 2481 2256 2552 ὲκδημεῖς
2306 2483 2371 2534 ἐκ
2425 2481 2523 2536 τοῦ
2567 2481 2844 2553 σώματος,
2903 2485 2999 2536 καὶ
3047 2483 3303 2552 ἐνδημεϊς
3337 2484 3474 2554 πρὸς
3497 2484 3590 2537 τὸν

1995 2573 2226 2644 Κύριον.
2270 2574 2402 2628 Ἰδοὺ
2437 2574 2551 2644 γὰρ
2608 2574 3024 2646 προσκέκληταί
3055 2591 3116 2628 σε
3153 2576 3248 2628 καὶ
3279 2576 3450 2629 καλὸν
3474 2576 3588 2630 διά-

1993 2665 2146 2737 δοχσν
2202 2666 2565 2738 καταλείπῃς,
2599 2668 2675 2730 ὡς
2717 2667 3073 2737 ἀπεκάλυψέν
3109 2684 3202 2738 μοι
3229 2671 3257 2722 6
3285 2669 3444 2734 Θεὸς,
3494 2671 3586 2724 τὸν

1992 2758 2154 2829 κύριν
2193 2757 2528 2813 ’Υπατιανὸν
2574 2760 2666 2812 τὸν
2694 2760 3078 2831 ἀρχιδιᾶκονόν
3112 2777 3227 2813 σου.
3271 2759 3332 2814 '0
3363 2761 3422 2815 δὲ
3461 2762 3586 2818 ἐπί-

1995 2866 2198 2913 σκοπος
2248 2849 2388 2921 ἔφη·
2427 2849 2500 2905 Τδ
2549 2851 2762 2923 θέλημα
2789 2851 2886 2906 τοῦ
2923 2852 3129 2923 Κυρίου
3156 2853 3403 2921 γενέσθω
3436 2871 3452 2884 ·
3487 2857 3589 2909 καὶ

1991 2944 2373 3014 ἀσπασάμενοι
2439 2945 2705 3016 ἀλλήλους
2774 2947 2834 3000 ἐν
2893 2941 3166 3015 φιλήματι
3216 2946 3358 3017 ἁγίῳ
3411 2947 3588 3012 οὕτως

1991 3039 2334 3093 ἀπέπλευσεν
2372 3041 2400 3094 6
2451 3041 2594 3105 ὅσιος
2653 3041 2762 3095 ἀπὸ
2803 3039 3134 3113 ’Ἡρακλείας
3181 3041 3278 3096 καὶ
3312 3045 3584 3099 κατέλαϐε

1989 3129 2088 3202 τὴν
2118 3131 2258 3184 ίδίαν
2290 3132 2444 3186 πόλιν
2477 3133 2828 3203 Λαμψάκων.

2062 3223 2160 3278 LV.
2214 3225 2466 3293 Ἐγένετο
2517 3227 2575 3280 δέ
2641 3227 2762 3296 μετ’
2816 3228 2878 3282 οὐ
2916 3230 3122 3294 πολλὰς
3176 3232 3412 3304 ἡμέρας,
3444 3232 3586 3304 νόσῳ

1987 3314 2214 3385 ληφθεὶς
2236 3317 2264 3370 6
2285 3317 2584 3384 ἐπίσκοπος
2623 3320 2955 3391 Ἡρακλείας
2981 3324 3333 3378 ἀνεπαύσατο
3363 3326 3422 3378 ἐν
3451 3325 3585 3396 Χρι-

1987 3408 2121 3476 στῷ,
2187 3411 2280 3462 καὶ
2337 3411 2554 3478 ἐγένετο
2607 3413 2725 3466 ἀντ’
2782 3414 2953 3468 αὐτοῦ
2989 3415 3290 3480 ἐπίσκοπος
3324 3417 3354 3469 ό
3415 3417 3578 3487 κύριε

1997 3497 2325 3564 ’Υπατιανδς
2349 3503 2378 3555 6
2405 3503 2782 3573 ἀρχιδιάκονος
2807 3507 2952 3560 κατά
2987 3506 3081 3560 τὸν
3109 3508 3269 3577 λόγον
3293 3509 3388 3563 τοῦ
3415 3508 3580 3581 θερά-

1985 3609 2178 3658 ποντος
2205 3593 2296 3647 τοῦ
2330 3595 2465 3648 Θεοῦ
2513 3597 2847 3667 Παρθενίου.
2928 3601 3307 3670 Ἀκμάσαντος
3345 3602 3442 3657 τοῦ
3491 3603 3581 3657 θέο

1985 3701 2131 3756 ρους,
2165 3683 2400 3764 ἐξελθὼν
2433 3688 2461 3740 6
2482 3688 2783 3752 ἐπίσκοπος
2820 3689 3155 3755 ’Υπατιανδς
3182 3694 3264 3756 είς
3291 3693 3384 3748 τὸν
3411 3695 3579 3764 ἀγρὸν

1983 3777 2147 3832 αὐτοῦ
2182 3763 2283 3833 ἐπϊ
2313 3781 2374 3834 τὸ
2429 3782 2656 3848 συνάξαι
2695 3783 2824 3847 τοὺς
2886 3786 3136 3855 καρποὺς
3184 3787 3286 3857 τῆς
3344 3763 3576 3858 γῆςίκαὶ

1983 3870 2209 3941 ἀλοῆσαι
2262 3871 2322 3924 τὸ
2370 3871 2620 3943 γέννημα
2647 3874 2750 3943 τῆς
2781 3876 2966 3946 χώρας
2996 3877 3097 3947 τῆς
3155 3877 3573 3951 ἐξηραμμένης.

1980 3957 2142 4032 εῦρεν
2166 3963 2293 4026 τοὺς
2313 3963 2523 4033 χιλίους
2551 3965 2770 4035 μοδίους
2803 3967 2900 4020 τοῦ
2954 3967 3104 4021 σίτου
3167 3969 3404 4042 πλήρεις
3435 3971 3576 4024 κατά

1979 4053 2041 4106 τὸ
2070 4053 2224 4124 ῥῆμα
2259 4056 2354 4108 τοῦ
2384 4055 2575 4110 δούλου
2599 4057 2694 4111 τοῦ
2727 4057 2866 4113 Θεοῦ
2921 4061 3248 4131 Παρθενίου.
3295 4064 3574 4128 Ὠσαύτως

1978 4141 2036 4196 δὲ
2061 4145 2154 4197 καὶ
2185 4147 2244 4198 ἐν
2274 4144 2351 4216 τῷ
2380 4147 2560 4218 καιρῷ
2583 4149 2682 4220 τῆς
2713 4149 2926 4220 τρύγης
2958 4153 3022 4205 ἐκ
3055 4153 3156 4222 τῆς
3189 4157 3422 4221 φυτείας
3465 4158 3573 4209 τῶν

1979 4233 2360 4307 ξηρανθέντων
2423 4239 2690 4309 ἀμπέλων
2734 4241 2872 4296 πολὺ
2924 4242 3130 4311 πλῆθος
3163 4244 3310 4300 οῐνου
3361 4251 3390 4302 6
3440 4248 3570 4312 Θεδς

1976 4326 2291 4397 ἐδωρήσατο
2311 4347 2325 4362 ο
2347 4330 2406 4392 ὃς
2425 4333 2492 4402 τῇ
2519 4332 2610 4384 πεί
2617 4349 2686 4403 ρα
2707 4333 3067 4404 παρειληφὼς
3085 4336 3188 4406 τῆς
3211 4340 3569 4411 προρρήσεως

295 4398 438 4464 quod
473 4409 695 4456 sanctus
726 4405 1073 4470 praedixerat,
1110 4408 1381 4464 decimam
1414 4410 1688 4468 fructuum
1727 4426 1878 4472 utro-

1991 4418 2072 4472 τοῦ
2103 4420 2252 4474 ὁσίου
2281 4422 2382 4493 τὴν
2411 4398 2674 4490 ἔκδοσινξ
2697 4398 3029 4497 ἀμεροτέρων
3048 4398 3182 4482 τῶν⁷
3206 4398 3442 4502 xoptem;
3471 4398 3567 4496 τὰς

299 4503 548 4557 rumque,
580 4508 776 4563 nempe
825 4505 932 4550 tam
986 4498 1261 4554 aridorum
1293 4518 1458 4572 quam
1507 4504 1874 4574 bumidorum,

1991 4511 2216 4576 δεκάτας
2244 4517 2344 4585 τῆς
2368 4533 2429 4570 τε
2467 4517 2640 4589 ξηρᾶς
2671 4521 2762 4573 καὶ
2793 4520 2967 4594 ὑγρᾶς
2992 4522 3249 4593 ἐμϐαλὼν
3279 4498 3340 4578 ἐν
3374 4527 3564 4599 πλοίῳ,

298 4584 419 4637 navi
454 4585 764 4654 impositam
793 4591 945 4645 duxit
974 4589 1332 4663 Lampsacum
1351 4637 1366 4661 ,
1408 4604 1466 4649 ut
1488 4607 1681 4653 sancto
1709 4597 1875 4654 oﬂ’er-

1991 4604 2268 4675 ὶπήγαγεν
2301 4584 2366 4660 ἐν
2419 4584 2712 4682 Λαμψάκῳ
2747 4584 3067 4685 προσφοράς
3095 4616 3260 4688 χάριν
3283 4618 3364 4689 τῷ
3410 4584 3562 4691 63-11;».

299 4685 400 4742 ret,
427 4678 695 4733 maximas
727 4680 775 4734 ei
834 4695 1002 4751 agens
1046 4685 1268 4753 gratias.
1321 4685 1414 4742 Ille
1476 4700 1656 4745 autem
1702 4691 1877 4746 noluit

1991 4693 2048 4750 ’0
2078 4697 2134 4751 δὲ
2158 4697 2258 4751 οὐκ
2279 4698 2446 4770 ῆλατο
2465 4678 2721 4766 δέξασθαι
2748 4678 2920 4758 etum
3050 4678 3206 4778 κέ».ρῷ
3251 4678 3564 4782 Titanaqu

295 4770 564 4838 accipere,
596 4772 784 4828 dicens
813 4774 1034 4829 domino
1059 4775 1370 4848 Hypatiauo
1421 4779 1681 4852 episcopo
1715 4801 1731 4839 :
1761 4783 1872 4841 Deo

1991 4786 2053 4858 τῷ
2120 4791 2440 4863 ἐπισκόπῳ⁸
2469 4793 2828 4865 Εὑχαριστῶν
2876 4796 2956 4868 τῷ
2998 4770 3211 4871 ’κυρεῲ
3269 4803 3329 4854 ἐν
3359 4770 3559 4866 πᾶσιν..

293 4877 464 4930 agens
494 4864 698 4933 gratias
729 4869 778 4919 in
819 4867 1093 4934 omnibus,
1117 4883 1213 4925 eas
1236 4871 1498 4929 distribue
1525 4877 1729 4932 nostris
1761 4873 1890 4932 ira;

295 4955 489 5017 tribus,
518 4963 572 5009 et
602 4972 725 5011 cum
756 4972 815 5011 se
843 4957 1072 5013 invicem
1113 4959 1469 5029 salutassent,
1505 4982 1758 5025 reversus
1788 4981 1870 5026 est

289 5055 516 5100 sanctus
555 5049 846 5118 episcopus
879 5047 1220 5118 Heracleam,
1251 5054 1600 5112 etdistribuit
1626 5058 1869 5116 frumen-

1971 4881 2149 4946 διάδος
2188 4885 2326 4939 αύτά
2353 4887 2465 4948 τοῖς
2511 4886 2764 4955 ἀδελφοῖς
2795 4904 2809 4920 ο
2846 4890 2939 4943 καὶ
2983 4891 3367 4964 ἀσπασάμενοι
3399 4895 3562 4966 ἀλλή-

1971 4976 2116 5042 λους,
2147 4977 2489 5049 ὑπέστρεψεν
2533 4980 2561 5030 ὁ
2592 4980 2895 5046 ἐπίσκοπος
2918 4985 2976 5036 ἐν
3023 4983 3329 5058 Ἡρακλείᾳ
3367 4991 3432 5057 τῇ
3463 4988 3559 5041 πόα

1971 5069 2075 5134 λει,
2132 5072 2227 5124 καὶ
2257 5071 2480 5126 διέδωκε
2531 5073 2622 5126 τὸν
2660 5077 2807 5128 σῖτον
2835 5076 2930 5130 καὶ
2960 5077 3054 5129 τὸν
3087 5073 3232 5131 οῐνον
3262 5081 3372 5142 τοῖς
3402 5081 3556 5134 ἀδελ-

292 5151 403 5192 tum
443 5147 496 5192 et
521 5138 705 5193 vinum
731 5144 846 5196 suis
883 5141 1166 5210 fratribus,
1209 5147 1523 5215 utjusserat
1551 5151 1711 5209 homo
1745 5153 1861 5210 Dei.

287 5231 589 5302 Episcopus
646 5249 776 5304 ergo
832 5235 1168 5307 Hypatiauus
1206 5256 1309 5295 non
1346 5245 1574 5299 cessavit
1601 5261 1770 5318 usque
1797 5248 1864 5304 ad

289 5324 449 5377 linem
491 5323 626 5392 vitm,
666 5343 892 5383 narrare
920 5330 1170 5387 omnibus
1197 5332 1290 5389 Dei
1324 5339 1588 5406 magnalia
1618 5356 1737 5410 quae
1767 5341 1817 5397 l'e
1837 5369 1863 5383 ο

287 5420 363 5470 rit
396 5433 517 5472 cum
551 5418 670 5488 ipso
704 5436 801 5489 per
827 5436 1044 5476 servum
1082 5440 1237 5480 suum
1270 5425 1642 5485 Parthenium.

354 5505 472 5562 XV.
490 5508 621 5562 Cum
641 5525 768 5582 ergo
796 5511 848 5565 in
868 5512 966 5567 hac
985 5515 1067 5581 pia
1085 5524 1140 5569 et
1163 5519 1398 5583 angelica
1422 5522 1532 5575 vita
1555 5523 1862 5582 refulsisset

285 5603 338 5655 in
384 5609 530 5657 terra
589 5601 682 5656 Dei
718 5619 910 5660 servus
941 5616 993 5660 et
1020 5608 1102 5662 vir
1146 5612 1487 5668 venerandus
1510 5613 1856 5685 Parthenius,

281 5703 335 5750 et
369 5693 566 5752 multos
593 5697 954 5753 convertisset
979 5714 1008 5752 a
1038 5701 1345 5759 simulacris
1366 5704 1432 5760 ad
1454 5706 1622 5763 Deum
1663 5709 1856 5778 virum,

284 5787 511 5857 perinde
540 5801 603 5845 ac
629 5788 818 5846 inorbo
848 5801 1113 5862 arreptus,
1143 5810 1171 5851 a
1219 5795 1325 5854 Deo
1361 5809 1608 5870 vocatus,
1644 5803 1858 5874 requico

1972 5161 2092 5228 φοίς
2138 5161 2280 5214 κατά
2308 5164 2406 5232 τὴν
2450 5163 2704 5218 κέλευσιν
2731 5166 2828 5220 τοῦ
2861 5167 3148 5240 ἀνθρώπου
3175 5171 3270 5224 τοῦ
3293 5172 3448 5225 Θεοῦ.
3492 5172 3553 5225 'U

1968 5247 2063 5305 οῦν
2117 5253 2416 5318 ἐπίσκοπος
2464 5255 2793 5322 ’Υπατιανὸς
2847 5262 2950 5314 οῦκ
3005 5263 3244 5316 ἐπαύετο
3302 5266 3428 5334 ἄχρι
3455 5267 3553 5332 τῆς

1968 5343 2114 5415 ζωῆς
2143 5347 2306 5400 αὑτοῦ
2338 5349 2474 5402 πᾶσι
2499 5348 2857 5420 διηγούμενος
2880 5353 2950 5406 τὰ
2977 5355 3243 5425 μεγαλεῖα
3276 5358 3370 5412 τοῦ
3395 5358 3551 5424 Θεοῦ,

1965 5437 2003 5493 ἃ
2031 5439 2288 5511 ἐποίησεν
2325 5440 2444 5510 μετ’
2482 5441 2648 5496 αὑτοῦ
2678 5444 3001 5516 Παρθενίου.

2039 5529 2140 5586 IE'.
2187 5531 2274 5586 ’Ev
2309 5534 2484 5606 ταύτῃ
2529 5537 2596 5606 τῇ
2631 5538 2901 5610 ἁγγελικῇ
2945 5540 3191 5614 πολιτείᾳ
3240 5540 3552 5614 διαλᾶμᾷας

1965 5621 2058 5676 ἐπὶ
2090 5623 2192 5695 γῆς
2225 5627 2320 5678 καὶ
2344 5626 2573 5692 πολλοὺς
2601 5631 2941 5701 ἐπιστρέψας
2972 5634 3040 5686 ἐκ
3059 5634 3172 5687 τῶν
3198 5636 3431 5690 είδὼλων
3455 5639 3548 5690 ἐπὶ

1965 5715 2056 5769 τὸν
2093 5716 2351 5788 ἀληθινὸν
2382 5717 2516 5772 Θεὸν
2572 5719 2664 5773 τὸν
2702 5720 2884 5786 ζῶντα
2925 5725 3020 5778 καὶ
3066 5724 3258 5799 ὥσπερ
3285 5729 3424 5799 νόσῳ
3450 5728 3546 5796 λης

1965 5807 2143 5877 φθεὶς,
2182 5808 2402 5881 κληθεὶς
2443 5810 2547 5866 ὑπὸ
2567 5811 2662 5868 τοῦ
2694 5813 2830 5869 Θεοῦ
2863 5816 3209 5876 ἁνεπαύτατο
3250 5824 3307 5876 ἐν
3333 5820 3540 5894 εἰρήνῃ.
