3820 6512
323 3174 625 3246 _germani,
656 3175 860 3231 natiex
884 3191 994 3232 uno
1027 3185 1214 3246 utero;
1255 3179 1390 3233 adeo
1432 3187 1490 3233 ut
1547 3187 1694 3234 esset
1751 3179 1931 3234 excel-

345 392 480 461 tm
1532 391 1816 455 MENSIS
1849 391 2032 454 FEBE

2049 392 2366 457 UARIUS.
3484 393 3634 458 2368
3663 487 3681 499 4

1621 707 2302 832 ΑΘΛΗΣΙΣ

729 938 958 1030 ΤΟΥ
1028 937 1369 1028 ΑΓΙΟΥ
1443 931 2482 1030 ΜΕΓΑΛΟΜΑΡΤΥΡΟΣ
2559 940 3227 1031 ΝΙΚΗΦΟΡΟΥ

1532 1121 1654 1178 ΚΑΙ
1691 1123 1881 1178 ΚΑΤΑ
1919 1122 2419 1180 ΜΝΗΣΙΚΑΚῙΑΣ

1932 1315 2003 1331 ἡ

1576 1460 2291 1572 CERTAMEN

695 1695 1114 1788 SANCTI
1187 1689 1340 1783 ΕΤ
1411 1691 1787 1785 MAGNI
1869 1690 2487 1782 MARTYRIS
2563 1693 3234 1792 NICEPHORI

1219 1888 1318 1949 ET
1357 1885 1682 1954 CONTRA
1724 1885 2218 1951 INJURIARUM
2251 1888 2725 1952 MEMORIAM.

783 2057 972 2120 (Grieca
996 2070 1060 2108 ex
1082 2057 1194 2108 cod.
1217 2057 1341 2121 Reg.
1375 2069 1466 2106 ms.
1491 2054 1651 2104 Paris.
1679 2067 1730 2104 η.
1759 2053 1897 2116 1455,
1922 2067 2032 2104 sae.

2065 2069 2115 2116 ι,
2152 2067 2284 2105 nunc
2305 2054 2515 2119 primum
2537 2058 2802 2122 prodeunt.
2834 2058 2972 2111 Εοιτ.
2997 2058 3178 2125 Pun.)

1815 2343 2046 2401 CAPUT
2069 2345 2108 2404 Ι.

947 2469 1009 2528 S.
1039 2470 1394 2542 Nicepltoriet
1429 2471 1659 2540 Sapricii
1704 2485 1769 2524 ea:
1799 2482 2008 2522 summa
2059 2469 2298 2524 amicitia
2341 2471 2524 2526 odium
2587 2473 3012 2542 infestissimum.

421 2613 532 2672 l.In
573 2615 667 2671 illo
693 2622 942 2686 tempore
987 2590 1109 2671 erat
1165 2618 1384 2686 quidam
1421 2617 1706 2687 presbyter
1731 2615 1808 2684 (l)
1870 2615 1928 2668 in
1959 2589 2005 2646 Α

2104 2610 2183 2667 A'.
2220 2607 2328 2666 Ἦν
2359 2631 2443 2676 τις
2471 2613 2845 2686 πρεσϐύτερος
2864 2613 3089 2684 ὀνόματι
3113 2612 3414 2684 Σαπρίκιος
3471 2613 3613 2669 οὓτω

351 2724 544 2778 magna
565 2707 846 2766 Antiochia
865 2708 1058 2781 Syriae,
1089 2710 1313 2768 nomine
1358 2710 1657 2781 Sapricius.
1675 2708 1804 2766 Erat
1832 2725 1929 2764 au-
2031 2726 2032 2730 ‘

2049 2704 2390 2775 ιαλούμενος,
2422 2704 2519 2760 καὶ
2543 2701 2613 2778 ἦν
2646 2705 2808 2771 ἀλλος
2833 2706 3148 2777 Νικηφόρος
3197 2706 3513 2777 λεγόμενος.
3542 2710 3608 2778 τῇ

358 2813 466 2858 tem
502 2802 723 2873 quidam
749 2817 966 2875 quoque
993 2802 1154 2868 alius,
1179 2803 1282 2873 qui
1307 2803 1684 2873 appellabatur
1710 2803 1927 2873 quidem
2030 2823 2032 2833 ι

2049 2799 2181 2864 τάξει
2204 2800 2414 2864 λαῖκὺς,
2439 2800 2592 2868 φίλος
2617 2800 2882 2871 ὑπάρχων
2923 2800 3017 2854 τοῦ
3041 2800 3207 2854 αὑτοῦ
3237 2802 3610 2872 πρεσϐυτέρου

355 2892 695 2965 Nicephorus
728 2913 744 2950 :
776 2905 894 2950 erat
926 2910 1059 2951 vero
1085 2896 1273 2952 ordine
1303 2895 1498 2960 laicus,
1530 2906 1583 2953 et
1635 2897 1925 2952 admodum

2049 2893 2291 2964 γνήσιος⁹
2353 2892 2448 2947 καὶ
2498 2892 2676 2958 οὕτως
2707 2893 2973 2964 ἀλλήλους
3019 2893 3253 2962 ἠγάπων
3287 2894 3609 2964 ἀμφότεροι,

353 3001 650 3059 germanus
684 2988 891 3043 amicus
921 2988 1162 3059 ejusdem
1207 2989 1531 3060 presbyteri.
1564 2988 1742 3060 Seque
1769 2990 1930 3046 ambo

2049 2986 2110 3049 ὓς
2137 2984 2458 3056 νομίζεσθαι
2490 2985 2757 3057 ἀδελφοὺς
2779 2984 3039 3056 γνησίους
3069 2985 3339 3056 ὑπάρχειν
3378 2986 3444 3039 ἐκ
3486 2986 3611 3056 μιᾶς

354 3079 436 3136 sic
463 3090 652 3135 mutuo
681 3079 996 3152 diligebant,
1030 3091 1088 3135 ut
1115 3081 1560 3139 existimarentur
1589 3097 1711 3138 esse
1730 3082 1930 3138 fratres

2049 3079 2241 3144 ιοιλὶας
2291 3080 2674 3152 γεννηθέντας,
2723 3080 2810 3144 ’ὡς
2842 3079 3199 3150 ὑπερϐαίνειν
3247 3081 3348 3150 τὴν
3395 3080 3613 3152 ἀγάπην

2035 3174 2102 3246 ἢν
2126 3167 2274 3243 εῒχον
2303 3173 2442 3244 πρὸς
2477 3173 2744 3244 ἀλλήλους
2773 3171 2916 3226 κατά
2937 3172 3037 3241 τὴν
3061 3171 3414 3244 ἀνθρωπείαν
3432 3173 3608 3244 φύσιν.

2046 3265 2137 3320 Ἐν
2163 3265 2241 3336 τῷ
2266 3264 2358 3320 οὖν
2386 3264 2595 3334 διάγειν
2624 3265 2823 3329 αὐτοὺς
2850 3263 3026 3327 οὕτως
3061 3263 3155 3318 ἐπὶ
3203 3263 3374 3317 πολὺν
3421 3265 3609 3336 χρόνον

2035 3362 2095 3416 ἐν
2118 3363 2182 3432 τῇ
2205 3359 2432 3433 τοιαύτῃ
2465 3357 2729 3424 διαθέσειέ
2763 3359 2792 3412 ό
2828 3358 3128 3430 μισόκαλος
3179 3358 3376 3429 ἑχθρὺς
3404 3357 3498 3411 τοῦ
3523 3358 3612 3410 ἀν-

2037 3453 2310 3526 θρωπίνου
2340 3453 2536 3522 γένους
2567 3452 2940 3523 ὲπιφθονήσας
2973 3443 3177 3514 αὐτοῖς,
3210 3450 3470 3522 ἐποίησεν
3514 3449 3616 3504 ἀνά

2041 3546 2204 3618 μέσον
2235 3545 2416 3600 αὐτῶν
2449 3544 2705 3614 τοιαύτην
2723 3542 3012 3614 διχόνοια-θ,
3043 3541 3183 3597 ὥστε
3221 3542 3360 3613 μήτε
3392 3542 3449 3594 ὲν
3479 3540 3612 3594 πλιι.⁴

2036 3637 2158 3710 τείᾳ
2176 3637 2353 3692 θέλειν
2377 3636 2632 3710 ἀλλήλοις
2657 3637 2909 3710 ἀπαντᾷν
2943 3638 3010 3690 ὲκ
3037 3635 3134 3689 τοῦ
3175 3633 3492 3706 δαιμονικοῦ
3525 3632 3608 3704 μί-

2041 3749 2187 3800 σους,
2213 3731 2242 3786 ὃ
2273 3731 2520 3804 ὑπῆρχεν
2542 3731 2746 3798 αὑτοῖς.

355 3267 476 3323 lens
527 3282 682 3322 amor
727 3281 916 3323 eorum
950 3275 1192 3325 mutuus.
1223 3268 1358 3325 Cum
1390 3269 1550 3341 longo
1577 3283 1758 3326 autem
1791 3281 1932 3327 tem-

357 3373 492 3430 pore
530 3359 787 3417 vixissent
817 3361 874 3417 in
903 3361 1006 3418 hac
1055 3361 1362 3429 atlectione,
1400 3363 1543 3422 bono
1587 3375 1645 3420 et
1705 3365 1934 3420 honesto

359 3450 587 3508 infestus
613 3462 669 3508 et
695 3453 1151 3513 sceleratissimus
1165 3456 1385 3512 humani
1417 3459 1633 3524 generis
1657 3457 1932 3524 inimicus,

359 3543 441 3600 eis
471 3543 739 3613 invidens,
773 3547 934 3603 talem
968 3549 1110 3605 inter
1140 3563 1234 3605 eos
1265 3551 1474 3621 peperit
1514 3550 1930 3616 dissensionem,

363 3645 427 3690 ut
450 3636 618 3692 uecin
651 3637 827 3706 platea
857 3639 1077 3710 quidem
1105 3639 1303 3696 vellent
1350 3641 1452 3698 sibi
1485 3642 1712 3697 invicem
1741 3658 1935 3700 occur-

366 3742 514 3793 rere,
542 3744 608 3785 ex
643 3731 944 3788 daemonico
969 3732 1115 3798 odio,
1144 3734 1285 3805 quod
1305 3733 1446 3792 inter
1471 3750 1528 3792 se
1553 3735 1783 3792 invicem
1806 3751 1938 3793 con-

359 3829 640 3889 ceperant.

429 3911 496 3970 ll.
525 3913 660 3971 Cum
697 3917 830 3973 satis
857 3933 986 3974 vero
1019 3919 1178 3990 longo
1209 3929 1452 3992 tempore
1481 3921 1554 3978 ita
1595 3923 1824 3980 fuissent
1853 3925 1932 3980 af-
1970 3938 2014 3996 Β

2113 3921 2190 3976 Β’.
2229 3920 2339 3975 Καὶ
2374 3920 2431 3973 ὲν
2459 3917 2536 3991 τῷ
2567 3919 2740 3982 οὕτως
2771 3911 2913 3972 εἶναι
2943 3918 3142 3980 αὐτοὺς
3170 3918 3230 3969 ἐν
3275 3917 3343 3986 τῇ
3387 3913 3610 3986 πονηρίᾳ

363 4009 512 4077 fecti,
575 4010 642 4064 ad
700 4025 760 4066 se
816 4012 1032 4068 rediens
1088 4014 1449 4085 Nicepltorus,
1507 4025 1561 4070 et
1600 4031 1932 4087 cognoscens

2049 4013 2230 4088 χρόνον
2278 4012 2484 4078 ἱκανὸν,
2541 4013 2622 4076 είς
2658 4010 2853 4065 ἑαυτὸν
2888 4009 3062 4064 ἐλθὼν
3107 4010 3136 4063 ὁ
3163 4007 3481 4079 Νικηφόρος
3526 4006 3610 4059 καὶ

360 4101 544 4157 odium
571 4116 691 4158 esse
713 4102 1064 4175 diabolicum,
1091 4107 1300 4176 rogavit
1333 4105 1537 4162 amicos
1559 4110 1846 4178 quosdam,
1881 4118 1938 4163 ut

2049 4106 2222 4177 γνοὺς,
2264 4105 2346 4158 ὅτι
2396 4102 2704 4159 διαϐολικόν
2765 4104 2881 4156 ἐστι
2924 4102 2987 4154 τὸ
3038 4101 3235 4171 μῖσος,
3277 4096 3608 4168 παρεκάλεσε

362 4195 508 4252 irent
542 4193 610 4250 ad
641 4195 1016 4268 presbyterum
1051 4196 1382 4268 Sapricium,
1420 4209 1476 4254 et
1529 4212 1785 4272 rogarent
1811 4218 1935 4258 eum

2049 4199 2230 4267 φίλους
2271 4197 2447 4265 τινάς,
2505 4197 2594 4250 ἵνα
2642 4194 2922 4250 ἀπέλθωσι
2954 4193 3092 4265 πρὸς
3123 4192 3215 4246 τὸν
3251 4188 3607 4262 πρεσϐύτερον

363 4300 464 4357 pro
507 4284 838 4356 Nicephoro,
869 4295 931 4344 ut
986 4289 1037 4347 ei
1084 4290 1296 4362 culpam
1352 4291 1706 4358 condonaret,
1737 4303 1791 4350 et
1814 4311 1938 4351 eum

2049 4291 2360 4362 Σαπρίκιον,
2391 4288 2487 4343 καὶ
2515 4287 2977 4360 παρακαλέσωσιν
3008 4285 3173 4340 αὐτὸν
3204 4283 3348 4352 ὑπὲρ
3381 4283 3608 4350 Νικηφό-

371 4375 684 4443 ptenitentia
745 4375 971 4430 ductum
1018 4380 1292 4448 acciperet
1354 4393 1568 4451 propter
1636 4382 1946 4441 Dominum.

2049 4401 2159 4456 ρου,
2188 4383 2335 4446 ὅπως
2357 4380 2506 4452 αὐτῷ
2554 4384 2654 4453 τὴν
2698 4381 2880 4434 αἰτίαν
2917 4377 3252 4450 συγχωρήσῃ
3281 4376 3376 4429 καὶ
3405 4375 3605 4444 δέξηται

369 4469 466 4524 Ille
495 4479 676 4526 autem
705 4469 882 4525 noluit
907 4470 957 4526 ei
985 4472 1317 4529 condonare.
1346 4473 1396 4528 ιε
1427 4491 1556 4531 vero
1582 4493 1773 4534 rursus
1802 4480 1953 4535 misit

2049 4476 2203 4531 αὐτὸν
2231 4474 2618 4548 μετανοοῦντα.
2686 4475 2924 4535 Ἐκεῖνος
2967 4472 3024 4526 δὲ
3067 4471 3171 4524 οὑκ
3200 4469 3459 4540 ἠνέσχετο
3489 4484 3606 4534 συγ-

368 4563 505 4617 alios
528 4563 763 4628 amicos,
795 4573 854 4619 ut
875 4564 924 4620 ei
952 4565 1423 4622 reconciliaretur.
1446 4566 1739 4641 Presbyter
1763 4583 1948 4628 autem

2049 4573 2290 4647 χωρῆσαι
2315 4572 2482 4643 αὐτῷ.
2515 4572 2624 4624 Καὶ
2649 4569 2810 4624 πάλιν
2837 4569 2900 4621 ὲκ
2923 4565 3179 4635 δευτέρου
3207 4562 3415 4634 πέμπει
3432 4561 3608 4624 ἄλλους

368 4656 652 4729 Sapricius
691 4673 760 4714 ne
788 4673 886 4714 eos
914 4659 1132 4730 quidem
1162 4669 1418 4731 rogantes
1442 4661 1634 4716 audire
1661 4665 1944 4723 sustinui'.

2049 4667 2234 4738 φίλους
2293 4665 2389 4720 τοῦ
2445 4664 2803 4734 διαλλαγῆναι
2834 4660 2984 4730 αὐτῷ
3009 4675 3022 4690 ⁸
3065 4661 3095 4712 ό
3122 4658 3177 4711 δὲ
3200 4656 3497 4728 Σαπρίκιος
3526 4656 3608 4706 καὶ

366 4753 580 4809 Rursus
645 4768 774 4824 ergo
819 4750 1162 4822 Nicephorus
1223 4754 1437 4823 rogavit
1487 4754 1624 4812 alios
1677 4759 1946 4828 quosdam

2049 4760 2246 4814 τούτων
2275 4757 2741 4831 παρακαλούντων
2770 4755 2871 4809 οὐκ
2901 4753 3185 4823 ἠνέσχετο.
3256 4749 3313 4803 '0
3369 4748 3428 4802 δὲ
3470 4746 3608 4814 am;

365 4849 596 4910 amicos,
629 4855 684 4902 et
710 4847 861 4902 misit
889 4848 956 4902 ad
985 4847 1188 4916 ipsum.
1216 4855 1276 4900 ut
1305 4846 1356 4902 ei
1393 4847 1711 4918 dignaretur
1741 4854 1827 4907 sui
1852 4853 1948 4909 de-

2049 4851 2361 4924 Νικηφόρος
2411 4851 2505 4905 καὶ
2568 4849 2732 4903 πάλιν
2784 4846 3161 4917 παρεκάλεσεν
3198 4842 3396 4904 ἄλλους
3439 4839 3608 4909 φίλους

366 4937 480 4994 licti
521 4939 732 5004 veniam
759 4937 1063 4995 concedere
1099 4955 1114 4994 :
1147 4948 1204 4993 ut
1233 4942 1596 4996 corweuienter
1625 4943 1802 4998 divino
1833 4945 1948 4999 elo-

2049 4945 2384 5014 ἀγαπητοὺς,
2420 4943 2506 4996 ἵνα
2554 4940 2760 5011 ἀξιωθῇ
2792 4940 2888 4992 τοῦ
2931 4937 3249 5008 σφάλματος
3277 4930 3605 5004 συγχώρησιν

363 5021 488 5094 quia
511 5022 555 5090 ⁸,
589 5040 609 5076 t
649 5023 704 5078 in
734 5038 832 5081 ore
887 5024 1117 5082 duorum
1148 5025 1234 5083 vel
1285 5028 1446 5085 trium
1501 5032 1721 5089 testium
1770 5044 1943 5090 staret

2049 5037 2254 5101 λαϐεῖν,
2282 5057 2300 5088 ι
2325 5037 2472 5099 ὅπως
2499 5035 2591 5086 ἐπὶ
2619 5033 2885 5103 στόματος
2901 5029 2994 5084 δύο
3019 5027 3316 5100 μαρτύρων
3344 5025 3437 5079 καὶ
3458 5022 3605 5094 τριῶν

363 5127 528 5170 orune
577 5115 824 5172 verbum.
858 5134 880 5171 ι
916 5116 1012 5174 llle
1039 5127 1219 5174 autent
1247 5135 1370 5176 cum
1412 5133 1560 5181 esset
1594 5127 1730 5182 duro
1751 5129 1940 5194 corde.

2049 5128 2215 5200 σταθῇ
2255 5129 2363 5181 πᾶν
2411 5126 2583 5198 ῥῆμα.
2614 5145 2632 5177 ι
2687 5125 2922 5185 Ἐκεῖνος
2960 5121 3018 5175 δὲ
3071 5117 3498 5190 σκληῳχάρδιος
3539 5112 3605 5166 ὢν

364 5215 420 5262 et
448 5207 830 5278 implacabilis,
868 5222 924 5269 et
948 5211 1149 5270 oblitus
1183 5225 1330 5274 esset
1360 5216 1571 5275 Domini
1601 5222 1776 5278 nostri
1809 5221 1940 5278 Jesu
1974 5287 2007 5294 _

2049 5225 2140 5278 ml.
2163 5222 2500 5294 ἀμείλικτος,
2534 5217 2926 5288 ἐπιλαθόμενος
2955 5213 3050 5268 τοῦ
3074 5212 3283 5283 Κυρίου
3323 5208 3478 5282 ήμῶν
3512 5206 3604 5274 '11;-

261 5297 299 5306 "
363 5298 589 5365 Christi.
633 5301 726 5372 qui
757 5302 936 5361 dicit:
986 5304 1338 5374 «Remittite,
1392 5318 1446 5366 et
1481 5314 1786 5369 remittetur
1838 5332 1934 5369 νο-
1963 5287 2008 5350 C

2052 5315 2147 5371 σοῦ
2193 5287 2432 5386 Χριστοῦ
2472 5287 2775 5380 λέγοντοςον
2813 5328 2832 5360 ‹
2877 5308 3100 5376 Ἄφετε,
3152 5305 3245 5357 καὶ
3291 5301 3604 5371 ἀφεθήσεται

245 5616 285 5636 δ’

287 5552 306 5591 5

289 5527 302 5567 ὲ
364 5497 498 5551 tare,
528 5497 577 5541 et
607 5491 918 5545 recordatus
948 5491 1132 5562 fueris,
1165 5497 1304 5563 quod
1325 5495 1484 5551 Imber
1515 5497 1716 5567 aliquid
1745 5500 1934 5556 adver-

341 5639 361 5676 χ
443 5608 459 5639 ⁸
485 5605 646 5665 Deut.
678 5625 793 5678 nux,
828 5610 932 5678 l7;
987 5609 1176 5668 Matth.
1237 5629 1394 5681 xvm,
1433 5614 1533 5682 l6;
1584 5615 1718 5675 Luc.
1755 5634 1830 5687 vt,
1861 5621 1948 5676 57.

364 5393 451 5449 his
471 5396 514 5459 ²,
549 5412 570 5447 ι
597 5403 644 5450 et
667 5395 746 5467 (2)
769 5412 952 5454 rursus
983 5415 1004 5455 :
1032 5398 1096 5458 Si
1124 5401 1320 5470 oﬂ'eras
1347 5404 1542 5458 donum
1576 5415 1726 5460 tuum
1756 5411 1826 5462 ad
1851 5411 1935 5464 al-

2049 5410 2208 5479 ύμῖν·
2242 5406 2336 5460 καὶ
2388 5405 2484 5457 ὲάν
2539 5403 2615 5474 μὴ
2649 5402 2825 5472 ἀφῆτε
2851 5403 2962 5464 τοῖς
3015 5397 3328 5467 ἀνθρώποις
3353 5394 3419 5447 τά
3444 5406 3602 5461 παρα-

2047 5501 2318 5572 πτώματα
2373 5497 2578 5564 αὑτῶν,
2615 5496 2734 5550 οὐδὲ
2796 5497 2825 5549 ὁ
2873 5493 3064 5563 Πατὴρ
3095 5491 3248 5564 ὑμῶν
3305 5493 3333 5542 ὁ
3375 5484 3604 5559 οὐράνιος

2062 5623 2082 5653 ³
2126 5619 2317 5676 Matth.
2344 5633 2400 5684 v,
2435 5615 2542 5684 2'5;
2573 5624 2629 5670 et
2659 5629 2710 5670 c.
2749 5631 2822 5679 vr,
2861 5611 2946 5667 15.

438 5778 516 5848 (ι)
544 5779 750 5837 Desunt
779 5783 832 5838 in
867 5799 969 5840 ms.
1003 5783 1191 5840 Grmco
1227 5784 1340 5840 haec
1357 5785 1519 5840 verba
1547 5785 1610 5840 de
1642 5785 1758 5842 loco
1792 5804 1934 5846 mar-

2116 5788 2192 5858 (2)
2231 5786 2435 5858 Desunt
2469 5783 2847 5858 ltmc_quoque
2879 5778 2931 5833 in
2977 5791 3075 5834 ms.
3104 5776 3292 5834 Gruco
3327 5793 3342 5838 :
3373 5785 3428 5835 et
3453 5784 3608 5845 recte,

371 5851 518 5923 tyrii,
554 5852 630 5909 uti
654 5854 814 5911 etiam
851 5853 905 5910 in
939 5855 1188 5928 sequenti
1219 5855 1336 5912 Vita
1374 5865 1426 5913 et
1481 5855 1714 5915 Mena-is.

2048 5852 2183 5932 quia
2206 5856 2348 5915 intra
2386 5856 2574 5912 eadem
2602 5852 2877 5923 leguntur.
