3820 6466
221 382 362 450 1369
1451 381 1630 444 VITA
1672 381 1734 442 S.
1785 382 1835 444 Ν
1844 381 2242 444 ICEPHORI.
3339 366 3478 432 1370

213 497 422 568 ἀφήσει
472 494 605 567 ὑμῖν
666 495 738 550 τά
785 492 1208 566 παραπτώματα
1263 491 1449 565 ὑμῶν·
1489 512 1509 548 ι
1571 495 1790 547 πάντων
1821 501 1846 552 Α

1961 509 1986 547 s
2007 493 2228 562 fratrem
2259 502 2429 559 tuum,
2461 492 2668 548 dimitte
2690 490 2768 556 id,
2810 498 2859 544 et
2889 500 3103 552 vadens,
3139 483 3478 541 rerum-ilium

217 586 520 643 αίτούντων
568 588 666 643 καὶ
734 583 1203 658 παρακαλούντων
1229 625 1245 652 ,
1299 584 1362 637 ού
1420 582 1802 654 συνεχώρησεν

1956 587 2066 639 ἀινὶ
2095 592 2209 650 tuo,
2239 593 2295 640 et
2333 599 2569 642 rursus:
2609 602 2628 637 ι
2667 583 2779 640 Nisi
2803 580 3130 639 remiseritis
3157 577 3470 633 hominibus

217 680 396 753 αὐτῷ’
1909 677 2104 732 delicta
2136 693 2347 745 eorum,
2383 694 2482 737 nec
2524 677 2687 734 Pater
2715 686 2895 731 vester
2951 672 3190 729 caelestis
3236 668 3480 725 remittet

219 775 382 831 vobis
404 772 599 828 delicta
621 781 802 829 vestra
835 792 850 829 :
879 791 899 826 ι
936 773 1192 830 omnibus
1251 786 1374 826 eum
1418 767 1736 841 rogantibus
1775 774 1832 822 et
1890 769 2217 835 petentibus,
2279 787 2387 826 non
2418 769 2743 827 condonavit
2779 767 2854 841 (3)
2882 768 3040 838 fratri
3075 777 3122 820 et
3159 765 3327 819 amico
3357 776 3476 827 suo,

229 871 351 930 Non
379 872 519 926 enim
546 869 768 926 habebat
791 869 846 924 in
870 887 924 926 se
939 870 1248 926 charilatem
1274 877 1322 922 et
1343 866 1758 923 misericordiam
1775 877 1795 916 :
1816 865 2152 934 quamobrem
2181 868 2300 933 iure
2333 869 2436 937 fuit
2455 869 2690 938 privatus
2721 880 2876 934 regno
2907 862 3176 916 caelorum.

295 967 371 1022 ἰν.
417 964 477 1021 Ὁ
507 965 565 1018 δὲ
612 962 1010 1026 εύλαϐἐστατος
1060 962 1154 1016 τοῦ
1198 960 1336 1015 Θεοῦ
1362 960 1456 1014 καὶ
1489 958 1808 1020 πιστότατος

1986 959 2076 1014 Ill.
2114 957 2393 1014 Piissimus
2438 969 2614 1014 autem
2663 969 2711 1012 et
2761 956 3100 1026 ﬁdelissimus
3131 950 3484 1020 Nicephorus.

227 1059 566 1130 Νικηφόρος,
589 1058 666 1122 ὡς
703 1055 844 1112 εῐδεν
873 1057 958 1110 ὅτι
1011 1055 1427 1127 κατεφρόνησεν
1448 1055 1477 1107 6
1507 1051 1807 1124 Σαπρίκιος

1956 1055 2277 1124 [ἰεορίιοιιιε,
2311 1069 2433 1110 cum
2484 1053 2620 1107 vidit
2653 1048 2956 1120 Sapricium
2989 1045 3302 1116 despexisse
3334 1057 3489 1097 com-

223 1152 338 1207 τῶν
387 1152 584 1206 κοινῶν
623 1150 818 1223 φίλων,
867 1150 1066 1214 οἵτινες
1093 1149 1235 1220 ὑπὲρ
1258 1147 1426 1203 αὐτοῦ
1475 1146 1807 1216 συγγνώμην

1956 1163 2106 1202 ιιιηεε
2136 1147 2374 1219 amicos,
2389 1147 2480 1216 qui
2517 1158 2612 1214 pro
2637 1158 2704 1198 eo
2740 1148 3008 1213 petentes,
3029 1137 3240 1192 veniam
3264 1149 3372 1190 non
3396 1147 3491 1186 ac—

229 1245 509 1306 αιτοῦντες
554 1222 656 1298 οὐκ
703 1241 921 1308 ἔλαϐον,
957 1242 1123 1307 αύτδς
1173 1241 1399 1312 δραμὼν
1429 1240 1508 1303 εἰς
1537 1237 1628 1292 τδν
1658 1232 1808 1291 οἷκον

1956 1247 2198 1312 cperunt,
2225 1238 2342 1308 ipse
2365 1249 2589 1292 currens
2616 1233 2682 1288 ad
2703 1233 2846 1288 ardes
2886 1228 3139 1301 Sapricii,
3176 1241 3236 1281 se
3275 1222 3492 1296 proiicit

230 1334 553 1405 Σαπρικίου,
583 1333 765 1404 ῥίπτει
785 1333 980 1388 ἑαυτὸν
1017 1335 1102 1398 είς
1135 1335 1263 1397 τοὺς
1312 1331 1479 1394 πόδας
1506 1328 1673 1385 αὐτοῦ
1719 1328 1811 1382 λέ-

1956 1331 1983 1384 d
2016 1335 2182 1400 pedes
2208 1330 2351 1400 ejus,
2377 1329 2563 1383 dicens
2600 1343 2614 1381 :
2659 1324 2917 1381 Condona
2960 1320 3114 1386 mihi,
3149 1319 3333 1378 Pater,
3364 1329 3492 1385 pro-

231 1443 347 1496 γων
365 1443 380 1459 ο
403 1426 768 1498 Συγχώρησόν
809 1443 921 1498 μοι,
951 1426 1158 1497 ῐίάτερ,
1193 1425 1281 1480 διὰ
1311 1425 1406 1480 τὸν
1425 1424 1632 1495 Κύριον
1655 1441 1671 1456 ·
1699 1425 1726 1476 6
1759 1419 1817 1477 δὲ

1957 1431 2038 1475 ter
2065 1421 2376 1476 Dominum.
2402 1419 2498 1475 Ille
2551 1433 2682 1474 vero
2732 1419 2782 1473 ei
2850 1414 3022 1470 noluit
3056 1407 3396 1469 reconciliari
3438 1415 3498 1459 ut

231 1518 354 1572 οὐδὲ
386 1517 562 1583 οὕτως
614 1518 880 1590 ἠθέλησεν
930 1517 1288 1589 διαλλαγῆναι
1337 1515 1490 1587 αύτῷ
1541 1517 1617 1580 ὡς
1666 1515 1819 1585 φίλος

1957 1515 2116 1578 mico,
2143 1522 2201 1570 et
2229 1513 2463 1567 maxime
2500 1527 2622 1567 cum
2664 1517 2952 1581 rogaretur
2987 1524 3002 1561 :
3033 1514 3082 1560 et
3121 1502 3347 1557 maxime
3372 1513 3494 1554 cum

236 1612 398 1683 φίλῳ,
448 1611 542 1666 καὶ
598 1611 835 1681 μάλιστα
867 1610 1358 1684 παρακαλούμενος
1405 1611 1501 1664 καὶ
1527 1610 1821 1682 χρεωστῶν

1961 1609 2166 1672 ebcret,
2194 1605 2409 1660 etiamsi
2462 1619 2570 1659 non
2625 1603 2816 1658 fuisset
2849 1608 3087 1670 rogatus,
3122 1613 3150 1650 a
3193 1594 3362 1666 prima
3401 1607 3501 1646 ex-

236 1706 405 1775 χωρὶς
443 1704 845 1776 παρακλήσεως
867 1707 932 1757 ὲκ
967 1701 1195 1775 πρώτης
1228 1702 1531 1772 ἀπολογίας
1559 1700 1820 1768 δέξασθαι

1960 1699 2204 1753 usatione
2232 1714 2354 1752 eum
2381 1697 2652 1766 accipere,
2677 1704 2735 1750 ut
2758 1692 3103 1749 Christianus
3119 1697 3172 1744 et
3193 1687 3498 1760 presbyter,

240 1798 405 1853 αὑτὸν
424 1797 497 1861 ὡς
523 1794 850 1867 Χριστιανὸς
869 1794 965 1849 καὶ
994 1794 1370 1868 πρεσϐύτερος
1401 1796 1496 1850 καὶ
1525 1794 1603 1866 τῷ
1630 1793 1821 1867 Κυρίῳ

1961 1801 1982 1848 t
2013 1792 2105 1865 qui
2145 1791 2423 1862 professus
2450 1797 2567 1847 erat
2594 1786 2800 1845 servire
2834 1786 3088 1842 Domino.

240 1889 514 1946 δουλεύειν
552 1888 1041 1960 ἐπαγγειλάμενος.

1679 2044 1912 2102 CAPUT
1946 2045 2012 2100 ll.

1063 2165 1340 2236 Snpricius
1363 2179 1585 2220 renuens
1606 2163 1785 2217 odium
1807 2161 2091 2230 deponere,
2140 2161 2399 2232 martyrio
2439 2158 2661 2214 excidit.

316 2292 393 2350 A'.
441 2291 531 2354 Ὧς
565 2283 659 2345 οὖν
687 2286 858 2342 ταῦτα
887 2285 1060 2349 οὕτως
1101 2284 1514 2356 διεπράττοντο,
1559 2279 1823 2350 ἐξαίφνης

2003 2279 2093 2334 ιγ.
2127 2277 2262 2334 Cum
2295 2279 2411 2332 haec
2439 2284 2623 2330 autem
2657 2272 2740 2328 sic
2790 2271 3003 2335 ﬁerent,
3050 2274 3272 2337 repente
3300 2259 3509 2318 exsistit

245 2385 460 2455 γίνεται
498 2381 736 2453 διωγμὸς
770 2379 866 2434 καὶ
925 2377 1107 2448 θλίψις
1167 2375 1379 2446 μεγάλη
1438 2377 1495 2428 ὲν
1535 2377 1602 2445 τῇ
1650 2373 1829 2436 πόλει,

245 2478 386 2531 ὅπου
416 2473 717 2546 ἀμφότεροι
743 2469 1050 2540 κατῴκουν.
1079 2468 1376 2540 Κρατεῖται
1401 2464 1458 2519 δὲ
1480 2466 1507 2516 6
1531 2461 1832 2533 Σκπρίκιος

248 2567 349 2623 καὶ
397 2563 752 2634 παραδίδοται
790 2561 870 2632 τῷ
908 2559 1163 2632 ἡγεμόνι,
1221 2556 1317 2612 καὶ
1348 2556 1424 2620 ὡς
1455 2555 1586 2626 ἔστη
1619 2555 1834 2624 ἔμπρο-

249 2661 380 2716 σθεν
417 2656 608 2722 αὑτοῦ.
634 2658 664 2711 6
691 2653 916 2726 ἡγεμὼν
951 2648 1104 2706 εἶπεν
1135 2672 1151 2686 ο
1179 2651 1244 2704 Τί
1272 2649 1332 2704 τὸ
1367 2647 1538 2719 ὄνομά
1567 2665 1696 2715 σου;
1726 2647 1833 2700 Σα-

249 2751 471 2824 πρίκιος
496 2749 601 2821 ἔφη
623 2767 637 2781 ο
661 2748 957 2819 Σαπρίκιος
993 2742 1289 2814 καλοῦμαι.
1326 2742 1385 2796 '0
1411 2740 1634 2813 ἡγεμὼν
1662 2739 1832 2807 λέγει·

250 2845 418 2900 Ποίου
445 2845 640 2914 γένους
669 2841 753 2910 εἷς
789 2839 1089 2911 Σαπρίκιος
1117 2833 1276 2892 εἶπεν
1296 2852 1309 2866 ·
1334 2833 1663 2906 Χριστιανός
1693 2833 1834 2901 είμι.

260 2939 326 2993 ’θ
345 2936 568 3009 ἡγεμὼν
585 2931 738 2990 εἷπεν
757 2951 770 2967 ’
801 2931 1131 3005 Κληρικὸςῆ
1186 2929 1370 2992 λαϊκός
1399 2945 1414 2993 ;
1451 2927 1511 2979 '0
1546 2926 1602 2979 δὲ
1637 2922 1840 2994 Σαπρί-

252 3046 373 3094 κιος
397 3028 500 3099 ἔφη
521 3041 536 3059 ⁸
574 3025 955 3098 Πρεσὸυτέρου
988 3024 1141 3091 τάξιν
1179 3022 1304 3092 ἔχω.
1323 3020 1381 3075 '0
1399 3017 1621 3090 ἡγεμὼν
1649 3018 1798 3086 λέγει
1821 3033 1837 3050 ο

254 3127 322 3181 ΟΞ
352 3121 652 3192 Αῠγουστοι
681 3117 838 3192 ἡμῶν
870 3120 964 3174 καὶ
985 3118 1166 3189 κύριοι
1193 3116 1398 3185 ταύτης
1419 3114 1520 3182 τῆς
1537 3111 1717 3184 χώρας
1747 3109 1842 3164 καὶ

253 3215 367 3270 τῶν
390 3215 553 3284 ὁρίων
577 3211 866 3284 Ῥωμαίων
890 3207 1255 3279 Οὐαλεριανὸς
1274 3207 1366 3261 καὶ
1391 3204 1592 3268 Γάλλος
1624 3201 1844 3256 ὲκέλευυ

259 3325 387 3374 σαν,
408 3309 556 3372 ὅπως
575 3309 624 3361 οί
649 3307 875 3369 ἑαυτοὺς
902 3304 1156 3372 λέγοντες
1185 3299 1547 3371 Χριστιανοὺς
1568 3299 1684 3361 τοῖς
1709 3295 1845 3349 ἀθα-

258 3401 446 3465 νάτοις
475 3399 572 3454 καὶ
593 3399 785 3461 ἀϊδίοις
809 3396 950 3459 θεοῖς
978 3394 1217 3448 θύσωσιν
1241 3411 1253 3423 ·
1284 3395 1332 3446 εί
1360 3391 1416 3445 δέ
1449 3407 1535 3453 τις
1569 3405 1848 3459 καταφροο

257 3491 371 3549 νῶν
400 3491 648 3547 διαπτύει
668 3530 684 3555 ,
716 3485 1035 3558 γινωσκέτω
1065 3483 1248 3554 ἑαυτῷ
1275 3482 1556 3552 διαφόροις
1594 3480 1846 3549 βασάνων

258 3585 560 3659 τιμωρίαις
601 3581 948 3652 καμφθῆναι,
1005 3578 1103 3632 καὶ
1141 3576 1314 3639 οὕτως
1337 3573 1708 3646 χαλεπωτάτῳ
1749 3569 1845 3624 θα-

259 3681 409 3750 νάτῳ
455 3674 883 3748 κατακριθῆναι.
930 3673 990 3726 '0
1043 3671 1098 3725 δὲ
1131 3669 1432 3741 Σαπρίκιος
1482 3664 1847 3738 παρεστηκὼς

261 3769 419 3828 εἷπεν
443 3770 578 3842 πρὸς
608 3768 700 3822 τὸν
730 3766 978 3838 ἡγεμόνα
1004 3782 1019 3798 ο
1055 3764 1251 3835 Ἡμεῖς
1280 3763 1329 3815 οἱ
1360 3759 1677 3831 Χριστιανοὶ
1707 3759 1847 3829 Χρι-

267 3867 392 3920 στὸν
430 3865 521 3918 τὸν
572 3861 798 3934 βασιλέα
846 3859 1065 3931 ἔχομεν,
1120 3857 1200 3911 ὅτι
1259 3854 1511 3926 ἀληθινὸς
1539 3852 1671 3915 Θεός
1701 3852 1848 3905 ἐστιν

267 3956 366 4010 καὶ
385 3951 624 4025 Ποιητής
650 3947 881 4021 ούρανοῦ
914 3947 1010 4000 καὶ
1031 3946 1134 4015 γῆς
1163 3947 1258 3998 καὶ
1285 3943 1563 4012 θαλάσσης
1591 3943 1685 3995 καὶ
1710 3941 1848 3994 πάν-

265 4067 378 4103 των
407 4045 516 4101 τῶν
546 4047 604 4097 ἐν
626 4043 809 4105 αὐτοῖς
830 4057 845 4071 ⁸
872 4041 1073 4102 πάντες
1102 4038 1160 4092 δὲ
1183 4038 1232 4090 οἱ
1264 4034 1378 4089 θεοὶ
1399 4034 1506 4088 τῶν
1535 4033 1707 4088 ἐθνῶν
1731 4033 1850 4087 δαι-

273 4140 436 4214 μόνιά
491 4139 652 4192 εἰσιν.
706 4132 1123 4188 Ἀπολέσθωσαν
1177 4129 1358 4183 τοίνυν
1389 4127 1498 4182 ἀπὸ
1553 4126 1850 4197 προσώπου

272 4234 458 4301 πάσης
491 4231 589 4300 τῆς
611 4228 718 4299 γῆς
750 4228 801 4280 οἱ
834 4224 1027 4297 μηδενὶ
1058 4223 1347 4291 δυνάμενοι
1371 4219 1636 4290 βοηθῆσαι
1665 4219 1698 4289 ἡ
1728 4235 1852 4272 τινα

273 4325 474 4399 βλάψαι
499 4325 533 4396 ἢ
563 4319 893 4390 συμποδίσαι
918 4316 1055 4386 ἔργα
1087 4314 1287 4386 χειρῶν
1323 4313 1475 4371 ὄντες
1524 4311 1848 4381 ἀνθρώπων.

343 4419 422 4474 E'.
451 4418 584 4471 Τότε
614 4412 892 4486 ὀργισθεὶς
947 4411 976 4464 6
1005 4406 1232 4480 ἡγεμὼν
1262 4406 1548 4459 ἐκέλευσεν
1590 4401 1852 4474 βληθῆναι

273 4513 437 4570 αὑτὸν
471 4513 550 4575 είς
590 4507 832 4580 κοχλίαν,
876 4502 972 4558 καὶ
998 4500 1242 4572 σφοδρῶς
1276 4495 1662 4570 βασανίζεσθαι
1692 4494 1854 4548 αὑτὸν

273 4607 450 4667 οὕτως
475 4602 709 4674 πικρῶς.
738 4595 907 4653 Εἶπεν
941 4599 969 4651 6
998 4596 1300 4669 Σαπρίκιος
1325 4591 1404 4663 τῷ
1439 4590 1670 4662 ἡγεμόνι
1692 4606 1706 4621 ο
1760 4589 1855 4653 Εἰς

273 4702 376 4770 τὴν
398 4699 577 4770 σάρκα
602 4713 703 4766 μου
721 4691 972 4759 ἐξουσίαν
998 4688 1143 4760 ἔχεις
1169 4686 1432 4758 πράττειν
1458 4681 1556 4752 τὴν
1594 4681 1855 4753 ὠμότητά

279 4812 398 4858 σου,
431 4794 488 4846 ὲν
539 4791 595 4845 δὲ
626 4791 692 4860 τῇ
718 4786 864 4857 ψυχῇ
894 4801 996 4854 μου
1027 4780 1286 4850 οὐδεμίαν
1315 4775 1588 4842 ἐξουσίαν,
1637 4775 1686 4827 εί
1730 4771 1805 4844 μὴ
1826 4774 1855 4826 6

1933 2370 2241 2442 persecutio
2284 2378 2339 2424 et
2371 2381 2565 2436 magna
2604 2364 2826 2420 amictio
2865 2363 2922 2417 in
2968 2358 3253 2415 Antiochia
3311 2354 3388 2423 (4)
3432 2354 3510 2409 ci-

1935 2465 2124 2528 vitate,
2153 2460 2245 2516 ubi
2287 2460 2447 2514 ambo
2473 2456 2796 2513 habitabant
2822 2471 2837 2508 :
2871 2462 2927 2508 et
2954 2447 3379 2521 apprehenditur
3409 2443 3511 2498 Sa-

1934 2551 2138 2624 pricius
2168 2559 2226 2604 ut
2248 2548 2608 2610 Christianus,
2639 2552 2694 2598 et
2729 2540 2961 2597 traditur
2991 2534 3206 2609 praesidi
3237 2542 3328 2586 :et
3365 2532 3510 2585 stetit

1938 2652 2064 2702 ante
2101 2645 2303 2712 ipsum,
2339 2652 2394 2697 et
2430 2640 2573 2695 dixit
2604 2638 2652 2693 ei
2703 2647 2906 2706 praeses
2941 2651 2955 2687 :
2993 2631 3146 2697 Quod
3194 2635 3278 2682 est
3311 2638 3511 2679 nomen

1939 2748 2092 2793 tuum
2123 2711 2147 2790 1
2180 2734 2278 2789 Ille
2328 2741 2509 2788 autem
2569 2730 2751 2786 dixit:
2785 2726 2965 2782 Vocor
3029 2717 3326 2790 Sapricius.
3376 2711 3515 2768 Dicit

1939 2842 2139 2896 praises
2176 2843 2191 2881 :
2224 2823 2517 2894 Cujusnam
2550 2837 2610 2877 es
2663 2817 2877 2890 generis
2918 2814 2941 2869 ?
2977 2811 3124 2868 Dixit
3178 2803 3455 2878 Sapricius
3495 2820 3511 2860 :

1943 2922 2074 2978 Sum
2130 2919 2493 2974 Christianus.
2535 2914 2746 2969 Praeses
2795 2910 2978 2966 dixit:
3016 2905 3087 2960 Es
3137 2902 3370 2958 clericus
3403 2896 3518 2969 (5)!

1942 3014 2090 3070 Dixit
2141 3011 2470 3084 Sapricius:
2515 3007 2719 3064 Locum
2774 3013 2930 3070 teneo
2979 2994 3306 3071 presbyteri.
3381 2989 3517 3084 Dicit

1944 3122 2150 3181 praeses
2182 3081 2462 3174 :vAugusti
2511 3101 2683 3158 nostri
2714 3106 2767 3154 et
2813 3092 3022 3152 domini
3084 3088 3242 3181 hujus
3283 3081 3519 3181 regionis

1943 3175 1999 3256 et
2029 3198 2217 3254 ﬁnium
2253 3195 2644 3257 Romanorum,
2671 3187 2993 3246 Valerianus
3021 3192 3074 3237 et
3110 3178 3315 3243 Gallus,
3347 3175 3519 3246 jusse-

1948 3303 2098 3358 runt,
2134 3300 2215 3357 nt,
2241 3290 2332 3360 qui
2364 3302 2424 3343 se
2455 3287 2642 3341 dicunt
2677 3297 2801 3338 esse
2823 3277 3185 3338 Christianos,
3219 3269 3521 3327 sacriﬁcent

1947 3386 2052 3441 diis
2079 3381 2484 3439 immortalibus
2513 3377 2616 3450 (6).
2653 3375 2709 3431 Si
2752 3375 2875 3446 quis
2900 3385 3028 3427 vero
3070 3367 3402 3435 despiciens,
3435 3374 3521 3416 re-

1949 3479 2094 3546 spuit
2157 3478 2259 3532 hoc
2311 3474 2574 3539 edictum,
2613 3471 2744 3527 sciat
2779 3484 2840 3525 se
2891 3463 3121 3522 diversis
3151 3457 3436 3516 tormentis
3473 3462 3522 3507 et

1950 3569 2228 3641 suppliciis
2266 3565 2629 3636 plectendum,
2656 3569 2712 3617 et
2739 3560 2820 3618 sic
2847 3555 3168 3630 gravissima
3200 3558 3373 3606 morte
3407 3560 3523 3600 esse

1955 3659 2449 3718 condemnandum.
2481 3653 2762 3726 Sapricius
2791 3663 2971 3706 autem
2998 3657 3202 3710 astans,
3224 3641 3361 3696 dixit
3390 3652 3524 3709 pra-

1955 3757 2103 3812 sidi:
2147 3753 2255 3810 Nos
2303 3750 2622 3817 Christiani,
2671 3765 2701 3803 o
2755 3761 2970 3818 prteses,
3026 3740 3304 3797 Christum
3354 3734 3525 3789 Deum

1957 3851 2217 3908 habemus
2235 3848 2463 3918 Regem,
2482 3845 2738 3916 quoniam
2761 3844 2877 3913 ipse
2901 3850 2986 3896 est
3011 3837 3159 3894 solus
3190 3849 3351 3889 verus
3372 3830 3527 3892 Dens,

1957 3954 2012 4000 et
2047 3943 2275 4000 Creator
2304 3941 2428 3997 coeli
2460 3949 2514 3996 et
2546 3946 2705 3992 terra:
2729 3943 2782 3991 et
2822 3933 3010 3994 maris,
3041 3938 3093 3986 et
3122 3927 3363 3984 omnium
3414 3937 3528 3992 quae

1958 4047 2085 4094 sunt
2140 4036 2194 4091 in
2227 4036 2327 4091 eis.
2361 4034 2566 4090 Omnes
2597 4045 2729 4086 vero
2770 4028 2844 4083 dii
2890 4025 3130 4097 gentium
3164 4016 3452 4082 daemonia,
3482 4027 3529 4069 ει

1959 4137 2187 4202 pereant
2243 4144 2272 4183 a
2333 4126 2474 4181 facie
2535 4125 2805 4180 universae
2843 4131 3024 4186 terra),
3051 4117 3140 4188 qui
3176 4129 3280 4168 non
3313 4115 3531 4192 possunt

1960 4200 2122 4277 alicui
2145 4235 2301 4291 opem
2335 4218 2503 4283 ferre,
2543 4227 2636 4271 aut
2665 4215 2897 4283 aliquem
2923 4211 3116 4265 lmdere
3135 4215 3226 4260 aut
3253 4200 3532 4272 impedire.

1961 4329 2083 4369 cum
2110 4313 2221 4366 sint
2243 4326 2407 4379 opera
2433 4323 2695 4364 manuum
2734 4305 3037 4360 hominum.
3166 4296 3178 4305 ’

2032 4403 2100 4462 V.
2135 4403 2288 4459 Tunc
2321 4405 2493 4457 iratus
2521 4416 2746 4472 praeses,
2782 4399 2946 4467 jussit
2985 4411 3106 4450 eum
3139 4391 3328 4462 projici
3362 4390 3413 4445 in
3441 4403 3531 4444 co-

1962 4498 2196 4564 chleam,
2233 4494 2435 4565 iubens
2467 4508 2586 4548 eam
2643 4491 2992 4546 vehementer
3027 4486 3234 4542 versari
3269 4483 3366 4553 (7).
3399 4479 3533 4550 Cum

1962 4592 2010 4648 is
2044 4606 2174 4661 ergo
2203 4593 2338 4645 adeo
2365 4587 2564 4643 acerbe
2592 4595 2649 4641 et
2674 4585 2974 4640 inhumane
3009 4586 3374 4650 torqueretur,
3403 4574 3533 4627 dixit

1966 4682 2245 4754 Sapricius
2277 4681 2494 4752 praesidi
2524 4698 2538 4735 :
2569 4678 2765 4736 Carnis
2796 4694 2930 4734 mea:
2973 4677 3140 4732 habes
3172 4680 3494 4743 potestatem
3519 4709 3533 4732 ,

1964 4778 2161 4832 animae
2191 4786 2373 4832 autem
2404 4790 2539 4831 mete
2573 4782 2897 4846 potestatem
2941 4787 3049 4828 non
3082 4770 3267 4829 habes,
3302 4765 3395 4820 sed
3433 4763 3534 4817 Do-

1964 4871 2145 4926 minus
2173 4868 2334 4925 Jesus
2358 4869 2634 4934 Christus,
2669 4866 2763 4938 qui
2793 4881 2913 4922 eam
2943 4861 3172 4919 creavit.
3206 4859 3390 4925 Longo
3411 4870 3537 4910 vero

277 4886 484 4959 Κύριος
526 4882 731 4954 Ἰησοῦς
753 4877 1011 4950 Χριστὸς,
1039 4875 1068 4928 6
1092 4873 1284 4935 κτίσας
1307 4870 1498 4938 αὑτήν.
1549 4867 1659 4920 Καὶ
1683 4866 1855 4937 βασα-

278 4948 485 5045 νισθεὶς
513 4948 606 5031 ἐπὶ
644 4948 819 5037 πολὺ,
838 4969 1131 5040 ὑπέμεινεν
1154 4965 1251 5028 τὰς
1283 4961 1572 5034 βασάνους.
1626 4958 1771 5012 Ἰδὼν
1800 4958 1846 5012 δὲ

1968 4975 2213 5034 tempore
2247 4972 2446 5028 tortus,
2472 4962 2730 5018 sustinuit
2783 4967 3077 5016 tormenta.
3131 4953 3265 5010 Cum
3317 4948 3534 5004 vidisset

280 5073 310 5127 6
339 5069 618 5137 δικαστὴς,
674 5065 756 5117 ὅτι
813 5063 872 5115 οὐ
925 5058 1103 5114 πείθει
1147 5055 1331 5118 αὑτὸν,
1368 5054 1569 5108 ἔδωκεν
1591 5050 1738 5121 αύτῷ
1763 5049 1846 5122 rip

1967 5068 2147 5110 autem
2179 5056 2442 5124 improbus
2459 5065 2505 5110 et
2542 5055 2840 5109 malitiosus
2873 5051 3041 5124 judex
3085 5063 3211 5104 eum
3264 5059 3373 5100 non
3420 5056 3515 5112 per

281 5135 561 5232 ἀπόφασιν
578 5157 749 5214 εἰπών
781 5173 796 5189 ο
838 5151 1136 5224 Σαπρίκιον
1161 5149 1252 5204 τὸν
1279 5145 1674 5220 πρεσϐύτερον,
1711 5143 1846 5215 βασι-

1965 5149 2202 5216 suaderi,
2247 5149 2367 5204 tulit
2414 5149 2469 5205 in
2518 5163 2644 5206 eum
2704 5145 3058 5209 sententiam,
3099 5135 3541 5205 dicens:Saprio

245 5256 452 5325 Δλικῶν
509 5249 954 5324 προσταγμάτων
1004 5241 1454 5314 καταφρονοῦντα
1503 5240 1599 5292 καὶ⁹
1632 5235 1846 5307 ἀνήκοοι

1965 5241 2104 5296 cium
2135 5245 2530 5314 presbyterum,
2577 5243 2669 5312 qui
2718 5241 2892 5296 edicta
2951 5235 3256 5318 contemnit
3302 5230 3540 5299 impera;-

190 5383 198 5404 .-
245 5303 567 5421 Δγεγονότα⁸
605 5303 839 5407 τοῖςητε
891 5303 1370 5401 ἁθανάτοιξθεοίς
1431 5335 1508 5405 μὴ
1558 5303 1846 5404 θελήσαντι

1966 5347 2168 5403 lorum,
2203 5348 2258 5394 et
2287 5353 2394 5392 non
2423 5337 2628 5407 paruit,
2667 5349 2766 5391 nec
2793 5333 2897 5390 diis
2945 5303 3338 5388 immortalibus
3377 5319 3542 5375 voluit

264 5515 268 5524 ’
359 5517 438 5590 (3)
466 5515 519 5572 In
537 5532 648 5598 ius.
685 5532 703 5566 ι
742 5512 856 5570 Non
891 5510 1217 5568 condonavit
1243 5509 1293 5564 ei
1328 5526 1344 5576 ;
1378 5525 1398 5560 ι
1437 5505 1659 5578 reliquis
1691 5506 1757 5562 ad
1793 5505 1862 5559 li-

287 5603 412 5646 nent
443 5602 678 5641 OII'IISSIS.

359 5659 439 5728 (4)
476 5658 634 5712 Deest
675 5656 737 5728 in
770 5670 871 5710 nis.
913 5663 969 5708 et
1011 5651 1328 5728 in_J_oannis
1355 5661 1570 5720 quoque
1605 5645 1858 5704 Sardium

290 5725 689 5796 archiepiscopi
711 5727 978 5787 oratione,
1010 5725 1178 5796 urbis;
1195 5737 1414 5796 nomen.

365 5799 446 5872 (Ei)
480 5789 578 5856 his.
602 5789 881 5856 (Traianum:
907 5813 926 5851 ι
957 5797 1026 5853 Es
1055 5793 1283 5880 clericps
1310 5807 1378 5850 an
1411 5789 1623 5848 laicus?
1656 5807 1675 5842 ι

2041 5515 2120 5586 (6)
2156 5515 2318 5572 Addit
2345 5529 2446 5586 ms.
2479 5530 2500 5565 ι
2537 5509 2901 5586 «aeternis.»

2539 5558 2902 5661 'ﬁe’iiégié'in
2953 5590 3053 5661 ius.
3082 5571 3338 5661 leguntur
3356 5558 3545 5661 ac“

1971 5630 2800 5718 vcitduiéﬁfer"'§b}3aii"{dea
2841 5630 3095 5721 superbe.
3134 5630 3297 5698 Dixit
3356 5630 3546 5704 Saer

1971 5734 2109 5792 cius.
2155 5750 2172 5784 ι
