3820 6500
361 376 494 473 i371
1513 382 1794 446 MENSIS
1828 383 1922 443 FE
1934 381 2352 443 BRUARIUS.
3489 386 3635 453 1372

360 495 693 560 sacriﬁcare,
731 503 792 551 ut
817 495 909 565 qui
942 509 972 551 ι
1003 509 1099 566 spe
1130 495 1564 554 Christianorum
1608 513 1717 554 non
1748 498 1935 554 tulerit

2054 495 2220 559 ibant,
2248 494 2325 557 ὡς
2349 494 2449 564 τῆς
2483 494 2700 559 ἐλπίδος
2731 490 2840 550 τῶν
2877 498 3221 568 Χριστιανῶν
3256 501 3525 556 ἑκπεσεῖν
3552 507 3635 577 μὴ

359 590 632 655 excidere,
653 589 909 658 iubemus
947 593 1083 647 tradi
1111 590 1385 663 supplicio
1429 591 1649 663 capitis.

2054 587 2432 657 Ιινασχόμενον,
2468 589 2740 662 κεφαλικῇ
2771 590 3016 663 τιμωρίᾳ
3040 593 3418 665 παραδοθῆναι
3453 612 3633 666 προσ-

2035 697 2235 734 ταττω.

2108 775 2198 840 C.".
2240 774 2329 827 ‘Ev
2359 773 2436 846 τῷ
2468 769 2562 828 οὖν
2589 772 2827 841 ἐξελθεῖν
2880 774 3043 829 αὑτὸν
3090 776 3325 830 λαϐόντα
3355 778 3458 849 τὴν
3488 781 3633 834 ἀπό·

2037 881 2199 933 φασιν
2219 866 2314 918 τοῦ
2353 866 2657 938 μαρτυρίου
2692 867 2788 920 καὶ
2821 866 2960 936 πρὸς
2986 866 3080 921 τὸν
3123 866 3380 938 οὐράνιον
3417 871 3634 940 στέφα-

2036 974 2129 1009 νον
2160 957 2478 1023 σπεύδοντα,
2511 958 2753 1023 ἀκούσας
2774 960 2802 1013 6
2826 956 2984 1027 ἅγιος
3010 958 3349 1031 Νικηφόρος,
3372 963 3475 1015 καὶ
3496 962 3633 1031 δρα-

2040 1046 2157 1116 μὼν
2190 1048 2500 1118 ὑπήντησεν
2554 1048 2724 1116 αὐτῷ,
2778 1049 2872 1102 καὶ
2906 1050 3093 1121 ῥίπτει
3125 1051 3321 1104 ἑαυτὸν
3374 1054 3460 1114 εἰς
3499 1053 3631 1117 τοὺς

2037 1137 2205 1201 πόδας
2244 1138 2410 1192 αὐτοῦ
2441 1139 2650 1206 λέγων·
2683 1139 2912 1210 Μάρτυς
2965 1138 3060 1193 τοῦ
3107 1139 3372 1211 Χριστοῦ,
3408 1142 3633 1211 συγχώ-

2039 1230 2206 1301 ρησόν
2232 1244 2322 1300 μοι
2352 1229 2454 1291 ἔτι.
2486 1229 2738 1301 ἥμαρτον
2776 1231 2857 1291 si;
2886 1228 2947 1282 σὲ
2971 1245 2988 1262 ·
3035 1232 3246 1293 ἐκεῖνος
3273 1230 3331 1284 δὲ
3377 1231 3480 1283 οὐκ
3522 1233 3632 1283 άπ-

2039 1322 2231 1391 εκρίθη
2285 1321 2437 1392 αὐτῷ
2482 1322 2667 1390 λόγον.
2727 1321 2786 1374 '0
2814 1321 2869 1374 δὲ
2906 1323 3061 1390 ἆγιος
3106 1322 3430 1391 Νικηφόρος
3462 1323 3628 1377 πάλιν

2039 1408 2418 1478 προλαμϐάνει
2446 1410 2641 1462 ἑαυτὸν
2665 1409 2732 1463 δι’
2755 1409 2923 1479 ἄλλης
2948 1410 3070 1464 ὁδοῦ
3094 1412 3191 1464 καὶ
3208 1414 3453 1481 συναντᾷ
3475 1412 3628 1481 αὐτῷ

2040 1500 2153 1571 πρὸ
2185 1498 2278 1552 τοῦ
2308 1500 2543 1565 ἐξελθεῖν
2576 1500 2679 1571 τὴν
2708 1501 2863 1555 πόλιν
2901 1502 2997 1555 καὶ
3024 1502 3205 1555 ἐδέετο
3232 1501 3399 1556 αὑτοῦ
3425 1503 3623 1569 λέγων·

2040 1591 2241 1659 Δέομαί
2267 1608 2382 1656 σου,
2405 1592 2617 1662 μάρτυς
2644 1592 2741 1646 τοῦ
2763 1594 3023 1664 Χριστοῦ.
3046 1593 3134 1657 δός
3162 1611 3252 1664 μοι
3287 1594 3625 1664 συγγνώμην

2041 1685 2138 1738 καὶ
2180 1683 2558 1755 συγχώρησον,
2607 1679 2682 1737 ὧν
2704 1686 2784 1747 είς
2812 1687 2871 1738 σὲ
2921 1686 3173 1755 ἥμαρτον
3201 1686 3278 1748 tis;
3305 1688 3621 1757 ἄνθρωπος.

2054 1776 2188 1830 Ἰδοὺ
2217 1775 2405 1830 λοιπὸν
2430 1778 2459 1830 6
2484 1776 2751 1845 στέφανός
2791 1795 2876 1831 σοι
2930 1777 3133 1832 δίδοται
3185 1778 3336 1848 παρὰ
3392 1780 3621 1848 Κυρίου,

1968 1844 2096 1919 θὸν
2150 1867 2252 1920 οὐκ
2300 1868 2545 1937 ἠρνήσω,
2598 1844 2716 1920 ἀλλ’
2762 1867 3126 1946 ὡμολόγησας
3160 1844 3328 1922 αὐτόν
3386 1844 3621 1922 ἐνώπιον

2034 1958 2246 2012 πολλῶν
2281 1958 2599 2030 μαρτύρων.
2653 1960 2894 2024 Ἐκεῖνος
2953 1960 3009 2015 δὲ
3077 1963 3501 2033 πεπωρωμένην
3527 1962 3621 2033 τὴν

2034 2049 2264 2120 καρδίαν
2307 2048 2469 2119 ἔχων,
2509 2047 2635 2103 οὔτε
2680 2051 3015 2122 συγγνώμην
3044 2053 3196 2123 αὐτῷ
3235 2053 3471 2106 δέδωκεν
3499 2052 3620 2105 οὗτε

2034 2143 2156 2196 τινὰ
2179 2140 2338 2209 λόγον
2358 2141 2623 2211 ἠθέλησεν
2649 2141 2800 2212 αὐτῷ
2843 2141 3236 2214 ἀποκριθῆναι,
3272 2143 3348 2207 ὼς
3390 2145 3485 2197 καὶ
3524 2143 3621 2196 αὖ·

2035 2234 2162 2296 τοὺς
2220 2233 2347 2296 τοὺς
2399 2231 2628 2303 δημίους
2687 2233 2869 2302 λέγειν
2926 2235 3063 2305 πρὸς
3114 2234 3209 2287 τὸν
3266 2235 3615 2306 Νικηφόρον

2038 2323 2293 2377 Τοιοῦτον
2327 2322 2510 2393 μωρὸν
2546 2323 2836 2395 ἄνθρωπον
2866 2327 2967 2379 οὐκ
2994 2325 3208 2397 εἴδομεν
3243 2342 3377 2380 ποτε
3405 2342 3419 2356 ·
3457 2328 3537 2389 είς
3563 2327 3620 2379 τὸ

2036 2415 2549 2486 ἀποκεφαλισθῆναι
2583 2418 2785 2486 ὑπάγει
2807 2418 2902 2472 καὶ
2934 2418 3087 2488 παρὰ
3120 2416 3415 2488 ἀνθρώπου
3456 2420 3616 2473 Θανα-

2040 2510 2199 2581 σίμου
2227 2508 2576 2579 συγχώρησιν
2607 2510 2820 2578 αίτείςς
2863 2510 2960 2565 καὶ
2992 2510 3141 2579 λέγει
3178 2512 3207 2565 6
3259 2511 3416 2579 ἅγιος
3448 2512 3618 2581 Νικη-

2039 2600 2205 2674 φόρος
2228 2617 2242 2631 ·
2276 2599 2391 2654 Οὐκ
2413 2600 2615 2664 οἴδατε,
2650 2600 2703 2656 τί
2735 2600 2994 2673 αίτοῦμαι
3028 2602 3120 2655 τὸν
3162 2602 3506 2676 ὁμολογητὴν
3528 2603 3618 2657 τοῦ

2006 2680 2013 2683 Δ
2036 2690 2276 2764 Χριστοῦ
2298 2707 2313 2723 '
2339 2693 2367 2746 6
2394 2690 2525 2755 Θεὸς
2550 2690 2828 2761 γινώσκει.

2106 2781 2181 2838 Ζ’.
2218 2784 2331 2839 Καὶ
2360 2784 2531 2837 ἐλθὼν
2579 2784 2674 2838 ἐπὶ
2702 2783 2791 2837 τὸν
2816 2784 2982 2838 τόπον
3016 2784 3152 2840 ὅπου
3197 2785 3435 2857 ἧμελλεν
3467 2786 3615 2841 ἀναι-

439 768 529 824 Vl.
561 769 696 825 Cum
722 785 853 841 ergo
877 774 995 841 ipse
1036 780 1179 828 esset
1229 786 1503 842 egressus,
1535 781 1753 842 accepta
1793 789 1936 828 mar-

366 862 488 932 tyrii
520 863 808 929 sententia,
834 873 888 917 et
919 862 1278 919 festinaret'atl
1310 865 1589 920 caelestem
1620 880 1884 920 coronam
1915 883 1931 934 ;

365 951 666 1007 audivisset
718 964 895 1010 autem
933 953 991 1010 S.
1027 953 1382 1025 Nicephorus,
1441 971 1667 1012 currens
1713 958 1763 1013 ei
1807 972 1934 1026 pro-

366 1042 527 1096 cessit
564 1042 801 1105 obviam.
832 1053 888 1099 et
915 1059 975 1100 se
999 1045 1214 1113 proiicit
1236 1048 1303 1101 ad
1342 1049 1505 1117 pedes
1533 1049 1668 1118 ejus,
1706 1047 1932 1104 dicens:

365 1131 447 1186 Ma
459 1142 569 1205 rtyr
592 1133 817 1198 Christi,
845 1137 1062 1207 ignosce
1093 1139 1249 1204 mihi,
1269 1140 1523 1208 quoniam
1545 1142 1763 1210 peccavi
1786 1141 1837 1198 in
1863 1148 1957 1195 te.’

364 1223 461 1277 Ille
517 1235 695 1279 autem
746 1226 885 1281 nihil
948 1231 997 1283 el
1061 1231 1735 1299 respondit:exca:camm
1794 1235 1933 1288 enim

364 1314 541 1383 fuerat
580 1332 671 1369 cor
698 1317 814 1386 ejus
845 1336 880 1372 α
908 1320 1047 1373 malo
1068 1322 1327 1376 da'mone.
1362 1319 1420 1377 S.
1453 1321 1790 1392 Nicephorus
1811 1340 1936 1380 eum

364 1420 558 1462 rm'sus
593 1410 857 1475 praevenit
902 1424 998 1481 per
1040 1413 1206 1467 aliam
1265 1414 1430 1481 viam,
1465 1424 1521 1470 et
1563 1419 1612 1471 el
1666 1418 1936 1485 occurrit,

366 1499 678 1569 priusquam
722 1502 841 1571 ipse
898 1504 1250 1573 egrederetur
1274 1522 1305 1561 e
1354 1507 1596 1574 civitate,
1632 1516 1687 1563 et
1722 1510 1933 1579 rogavit

363 1605 512 1655 etim,
561 1592 745 1646 dicens
776 1611 794 1649 :
826 1592 1030 1666 Martyr
1087 1596 1313 1660 Christi.
1375 1601 1621 1655 condona
1681 1602 1814 1656 mihi
1849 1616 1935 1663 ea.

365 1699 488 1751 qua:
512 1685 563 1738 in
599 1694 650 1740 te
682 1687 900 1754 peccavi
929 1698 987 1742 ut
1013 1690 1196 1745 homo.
1230 1690 1369 1745 Ecce
1417 1692 1562 1747 enim
1618 1692 1683 1748 de
1740 1701 1937 1747 caetero

365 1777 491 1831 data
516 1788 599 1832 est
629 1779 722 1834 tibi
756 1794 954 1834 corona
988 1797 1017 1835 a
1046 1782 1289 1849 Christo,
1326 1799 1487 1854 quem
1541 1801 1644 1841 non
1702 1788 1933 1856 negasti,

367 1868 462 1922 sed
501 1868 781 1926 confessus
805 1885 865 1926 es
901 1889 1093 1928 nomen
1112 1874 1229 1944 ejus
1269 1886 1513 1931 sanctum
1536 1892 1716 1932 coram
1751 1879 1935 1934 multis

367 1960 615 2017 testibus.
648 1960 739 2016 Ille
765 1973 944 2019 antem
974 1966 1141 2020 durus
1171 1977 1218 2020 et
1263 1968 1637 2037 implacabilis,
1684 1970 1811 2025 odio
1842 1986 1935 2025 cor

371 2047 577 2105 habens
606 2051 961 2116 obcaecatum,
1011 2069 1184 2124 neque
1214 2057 1260 2111 ei
1312 2057 1460 2112 dedit
1489 2060 1721 2125 veniam,
1762 2075 1936 2129 neque

363 2140 417 2194 ei
445 2143 668 2197 verbum
700 2145 870 2198 voluit
896 2149 1246 2216 respondere,
1279 2149 1416 2207 adeo
1446 2160 1505 2204 ut
1545 2152 1645 2221 ipsi
1699 2151 1927 2207 lictores

366 2232 610 2287 dicerent
657 2235 716 2289 S.
779 2234 1137 2305 Nicephoro:
1195 2240 1327 2293 Tam
1379 2240 1604 2296 stultum
1655 2242 1936 2297 hominem

364 2335 642 2392 nunquam
694 2322 943 2387 vidimus.
981 2326 1135 2382 Vadit
1163 2327 1230 2383 ad
1266 2330 1590 2399 supplicium
1613 2333 1834 2401 capitis,
1883 2342 1937 2388 et

366 2415 638 2483 quomodo
669 2418 808 2487 petis
833 2421 1044 2476 veniam
1076 2422 1143 2477 ab
1169 2437 1254 2489 eo,
1291 2425 1381 2495 qui
1427 2423 1537 2491 iam
1569 2436 1655 2481 est
1713 2428 1938 2482 moritu—

365 2506 513 2561 rus?
551 2508 685 2564 Dicit
721 2510 800 2566 eis
852 2511 912 2567 S.
967 2500 1303 2585 Nicephorus
1342 2533 1357 2571 :
1388 2515 1643 2585 Nescitis,
1679 2519 1808 2590 quid
1838 2535 1934 2592 pe-

366 2606 479 2656 tam
506 2616 536 2657 a
569 2603 884 2663 conicssore
907 2604 1110 2665 Christi
1147 2627 1162 2664 :
1196 2609 1338 2667 Deus
1378 2619 1561 2667 autem
1602 2613 1732 2669 scit.

434 2774 548 2835 Vll.
588 2781 656 2838 Et
683 2797 805 2838 cum
836 2767 1173 2841 venisset‘ad
1205 2784 1407 2855 locum,
1443 2786 1498 2841 in
1535 2801 1644 2858 quo
1686 2796 1807 2844 erat
1850 2788 1937 2844 in-

369 2874 704 2931 terimendus
737 2875 1038 2945 Sapricius,
1073 2893 1261 2933 rursus
1294 2879 1343 2935 ei
1374 2880 1511 2935 dixit
1555 2879 1892 2950 Nicephorus
1920 2898 1935 2937 :

2054 2877 2251 2932 νεῖσθαι
2274 2880 2303 2932 6
2338 2876 2662 2948 Σαπρίκιος,
2693 2877 2849 2945 ἔλεγε
2880 2876 3041 2931 πάλιν
3069 2879 3099 2931 6
3122 2878 3278 2946 ἆγιος
3309 2878 3617 2949 Νικηφόρος

364 2964 516 3036 Rogo
556 2976 625 3036 te,
658 2978 861 3040 martyr
899 2968 1117 3037 Christi,
1147 2972 1354 3041 ignosce
1404 2973 1533 3027 mihi
1576 2972 1625 3027 si
1664 2973 1791 3045 quid
1821 2988 1939 3043 pec-

2054 2971 2175 3042 πρὸς
2202 2960 2387 3036 αὒίιὸν,
2421 2970 2546 3025 Ὅτι
2575 2970 2910 3041 γέγραπται,
2949 2988 2969 3022 ι
3012 2970 3244 3034 Αἰτεῖτε,
3273 2972 3368 3024 καὶ
3396 2969 3616 3038 δοθήσε-

376 3062 516 3124 cavi,
554 3070 609 3115 ut
654 3062 827 3116 homo.
862 3061 1137 3133 Scriptum
1181 3071 1266 3119 est
1299 3064 1443 3119 enim
1481 3063 1502 3097 ⁸
1542 3084 1555 3119 :
1592 3083 1612 3118 ι
1656 3062 1851 3132 Petite,
1886 3075 1939 3122 et

2054 3080 2131 3116 rat
2163 3062 2321 3133 ὑμῖν·
2350 3062 2586 3135 ζητεῖτε,
2613 3063 2703 3115 καὶ
2733 3062 2998 3133 εὑρήσετε
3025 3077 3039 3092 ⁶
3069 3061 3325 3133 κρούετε.
3351 3063 3450 3115 καὶ
3472 3061 3617 3116 ἀνοι-

365 3149 587 3205 dahitur
611 3150 767 3206 vobis
795 3151 895 3224 (8).
945 3170 964 3204 ι
994 3151 1098 3208 Sed
1119 3168 1184 3208 eo
1201 3152 1316 3209 haec
1343 3154 1552 3211 dicente
1584 3164 1638 3211 et
1670 3172 1792 3229 qua:
1817 3165 1939 3214 sunt

2054 3155 2271 3225 γήσεται
2304 3155 2455 3225 ὑμῖν.
2498 3174 2517 3209 ι
2564 3154 2727 3208 Ἀλλὰ
2750 3153 2924 3208 ταῦτα
2960 3155 3145 3207 καὶτὰ
3174 3153 3404 3208 τοιαῦτα
3436 3154 3619 3222 λέγον-

356 3243 457 3303 ,his
482 3242 701 3310 similia,
731 3260 837 3300 non
861 3244 1064 3299 audivit
1088 3259 1264 3301 szevus
1282 3254 1340 3302 et
1360 3247 1526 3302 durus
1557 3248 1766 3305 amicus
1790 3267 1805 3305 :
1840 3266 1939 3305 nec

2054 3262 2135 3310 τος
2155 3244 2340 3312 αὐτοῦ,
2371 3248 2473 3299 οὐκ
2503 3246 2701 3318 ηκουεν
2746 3248 2774 3299 6
2817 3246 3184 3319 σκληρότατος
3210 3247 3386 3317 φίλος,
3421 3246 3541 3300 οὔτε
3563 3248 3616 3301 δὲ

366 3336 537 3390 ﬂexus
559 3346 643 3390 est
663 3335 867 3394 sodalis
892 3340 1361 3409 asperrimus,’nec
1399 3339 1502 3411 fuit
1520 3341 1763 3395 mollitus
1800 3350 1939 3395 totus

2054 3339 2360 3408 ἐκάμπτετο
2408 3340 2438 3391 6
2474 3339 2815 3411 τραχύτατος
2873 3340 3196 3411 ἀγαπητόςο
3238 3340 3485 3393 ἔκλεισεν
3514 3339 3619 3411 γὰρ

364 3425 690 3497 inﬂexibilis.
760 3427 886 3483 Non
927 3428 1065 3484 enim
1098 3429 1297 3485 audivit
1332 3429 1466 3484 illud
1490 3428 1724 3501 :Diliges
1756 3430 1939 3484 Domi-

2054 3429 2116 3484 τὰ
2160 3423 2275 3484 ὦτα
2302 3429 2467 3484 αὐτοῦ
2524 3430 2599 3495 ὡς
2653 3431 2820 3494 ἀσπὶς
2852 3431 3012 3503 κωφὴ
3050 3433 3146 3487 καὶ
3174 3430 3349 3503 βωσὴ,
3378 3433 3497 3503 ἥτις
3521 3432 3618 3485 οὐκ

366 3536 492 3573 num
523 3519 683 3574 Deum
712 3530 904 3585 eaztoto
931 3524 1086 3577 corde
1108 3531 1219 3588 tuo,
1244 3532 1289 3577 et
1305 3524 1605 3591 proximum
1648 3523 1939 3577 tuumsirut

2054 3520 2431 3574 είσακούσεται
2493 3519 2676 3591 φωνὴν
2738 3520 3053 3592 ὲπᾲδοντος.
3111 3521 3210 3576 Διὰ
3239 3522 3399 3575 τοῦτο
3448 3522 3541 3575 καὶ
3584 3522 3613 3574 6

364 3611 622 3682 teipsunt‘
651 3630 665 3668 :
691 3612 781 3668 sed
810 3613 1007 3670 clausit
1032 3629 1190 3670 aures
1212 3616 1385 3669 cordis
1411 3620 1497 3670 sui
1514 3623 1563 3669 et
1597 3615 1857 3683 corporis,
1886 3620 1939 3667 ut

2054 3611 2283 3681 ἀψευδὴς
2313 3610 2515 3683 Κύριος
2544 3606 2697 3665 εἶπεν
2721 3626 2735 3642 ⁶
2765 3631 2783 3664 ι
2826 3612 2953 3665 Ἐὰν
2976 3614 3050 3685 μὴ
3073 3612 3272 3684 ἀφῆτε,
3291 3613 3391 3667 οὐκ
3416 3612 3617 3684 ἀφεθή-

365 3703 515 3775 aspis
550 3705 714 3760 surda
743 3715 797 3761 et
832 3706 1045 3773 clauda,
1084 3720 1203 3776 qua:
1258 3721 1365 3762 non
1413 3706 1695 3762 exaudivit
1749 3718 1937 3759 vocem
2051 3721 2203 3759 σεται
2239 3703 2392 3775 ὑμῖν.
2427 3721 2447 3756 ι

368 3800 783 3857 incantantium.
804 3799 1096 3873 Propterea
1119 3804 1211 3874 qui
1233 3818 1515 3873 personam
1538 3818 1640 3856 non
1680 3800 1953 3871 respicit“,
1984 3811 2039 3856 et
2076 3815 2238 3857 verus
2260 3811 2345 3856 est
2370 3798 2632 3856 Dominus
2661 3801 2752 3870 qui
2791 3799 2925 3855 dixit
2961 3818 2976 3857 :
3015 3818 3035 3853 ι
3076 3800 3132 3856 Si
3164 3817 3270 3858 non
3306 3800 3619 3859 remiseritis

369 3893 678 3949 hominibus
707 3893 901 3951 delicta
929 3910 1142 3963 eorum,
1191 3912 1353 3964 neque
1389 3895 1550 3950 Pater
1596 3904 1764 3949 vester
1815 3894 2039 3950 co'lestt's
2103 3895 2327 3948 remittet
2369 3894 2511 3948 vobis
2564 3894 2757 3949 delicta
2823 3903 2995 3951 vestra
3046 3894 3067 3927 ⁸
3100 3913 3114 3949 :
3144 3906 3193 3950 et
3230 3896 3284 3950 in
3323 3912 3431 3953 oua
3477 3915 3611 3955 men.

365 4002 493 4039 sura
519 3988 748 4041 metieris
773 3989 931 4057 fratri
953 3999 1062 4055 tuo,
1092 3991 1147 4042 in
1171 4003 1234 4042 ea
1279 3990 1582 4044 remetietur
1603 3988 1718 4044 tibi.
1743 4006 1762 4041 ι
2334 4032 2340 4039 .

444 4081 574 4137 Vill.
604 4083 865 4139 Dominus
893 4099 1014 4138 cum
1034 4083 1262 4140 vidisset
1288 4101 1415 4140 eum
1451 4086 1597 4141 nulla
1621 4087 1774 4156 tangi
1808 4100 1939 4157 pro-

2121 4077 2203 4135 li'.
2246 4077 2394 4132 Ἰδὼν
2420 4077 2582 4132 αὑτὸν
2610 4078 2697 4132 ότι
2714 4076 2815 4132 οὐκ
2843 4075 3105 4148 ἐκάμφθη
3126 4073 3253 4129 οὔτε
3274 4071 3426 4147 εἶχεν
3453 4077 3613 4143 ἔλων,

368 4174 915 4230 limi-misericordia
946 4175 1047 4247 (9),
1078 4175 1200 4247 jure
1225 4184 1349 4233 eum
1375 4178 1608 4249 privavit
1639 4193 1805 4248 regno
1844 4192 1939 4234 suo

2054 4172 2174 4226 οὔτε
2230 4169 2573 4242 συμπάθειαν
2629 4169 2766 4242 πρὸς
2811 4169 2905 4223 τὸν
2966 4168 3195 4240 πλησίον
3247 4168 3441 4236 αὐτοῦ,
3491 4169 3616 4224 ἀλλὰ

370 4266 747 4323 οωιοειίεδίιιιο
764 4268 898 4338 (ιθ),
922 4268 1011 4326 ille
1037 4284 1165 4326 vero
1187 4247 1421 4341 seipsum
1444 4271 1699 4327 alienavit
1721 4287 1749 4326 a
1768 4272 1939 4342 gratia

2054 4265 2405 4321 ἀδιάλλακτον
2469 4265 2650 4335 μῖσος,
2715 4260 3010 4335 ὲστέρησεν
3058 4261 3223 4316 αὑτὸν
3272 4260 3377 4333 τῆς
3432 4262 3615 4316 ἑαυτοῦ

366 4358 583 4416 caelesti
616 4369 671 4417 et
695 4360 762 4415 ab
796 4362 1017 4418 aeternis
1056 4361 1154 4419 Dei
1191 4363 1369 4429 bonis,
1402 4373 1623 4435 propter
1673 4363 1883 4433 injuria:
1907 4379 1939 4420 a

2054 4358 2194 4421 ista;
2225 4357 2470 4428 χάριτος,
2507 4354 2710 4426 μᾶλλον
2735 4354 2791 4408 δὲ
2847 4356 3054 4419 ἐκεῖνος
3109 4354 3393 4426 ἀλλότριον
3435 4356 3615 4409 ἑαυτὸν

369 4448 539 4506 fratre
568 4459 808 4523 acceptae
843 4453 1271 4509 recordationem
1299 4470 1314 4510 :
1346 4462 1403 4511 et
1431 4455 1667 4511 maxime
1709 4454 1856 4527 quod
1886 4453 1939 4510 in

2054 4449 2303 4519 ἐποίησεν
2332 4448 2435 4516 τῆς
2461 4445 2551 4501 ἐπ’
2581 4445 2835 4519 οὐρανίου
2865 4447 3085 4519 χάριτος
3107 4446 3196 4500 διὰ
3235 4447 3333 4519 τὴν
3360 4446 3500 4517 πρὸς
3534 4448 3615 4500 τὴν

2043 4541 2270 4609 ἀδελφὸν
2327 4538 2424 4594 καὶ
2490 4538 2725 4610 μάλιστα
2791 4538 2944 4608 φίλον
3000 4539 3228 4611 γνήσιον
3257 4538 3353 4594 καὶ
3399 4539 3615 4621 ᾲρχαίον

2043 4633 2305 4705 ὡμότητα
2338 4632 2433 4687 καὶ
2462 4629 2839 4702 ἀσπλαγχνίαν
2880 4632 2976 4685 καὶ
3030 4630 3390 4691 ἀδιάλλακτον
3431 4630 3617 4699 προαί-

2048 4741 2222 4797 ρεσιν.
2248 4723 2384 4779 Τότε
2409 4723 2662 4793 λέγουσιν
2683 4724 2734 4776 οἱ
2769 4722 2956 4794 δήμιοι
2981 4722 3117 4794 πρὸς
3146 4723 3241 4777 τον
3286 4722 3613 4795 Σαπρίκιονο

2046 4817 2281 4888 Κᾶμψον
2309 4817 2377 4872 τὰ
2409 4816 2614 4887 γόνατά
2672 4833 2790 4883 σου,
2854 4816 2942 4870 ἵνα
2984 4814 3455 4887 ἁποκεφαλισθῇς.
3514 4814 3615 4868 Καὶ

2047 4909 2196 4978 λέγει
2217 4911 2244 4963 6
2267 4909 2564 4980 Σαπρίκιος
2585 4924 2599 4939 ”
2630 4909 2727 4962 Διὰ
2750 4906 2806 4961 τί
2826 4924 2841 4974 ;
2872 4908 3141 4976 Λέγουσιν
3160 4906 3311 4977 αὐτῷ
3332 4923 3346 4936 ·
3378 4908 3501 4960 ὀτι
3524 4908 3616 4960 οὐκ

2046 4999 2322 5073 ἠθέλησας
2348 5000 2533 5064 θῦσαι.
2562 5000 2700 5054 ἀλλὰ
2727 4999 3156 5072 προστάγματος
3208 4998 3615 5069 κατεφρόνησας

365 4557 684 4617 germanum
716 4554 773 4601 et
827 4554 1064 4602 veterem
1115 4550 1350 4605 amicum
1385 4548 1573 4604 fuisset
1610 4549 1793 4603 animo
1814 4563 1941 4605 cru-

365 4634 498 4700 deli,
533 4636 753 4692 immani
777 4646 831 4694 et
861 4640 1326 4696 irreconciliabili.
1354 4639 1508 4696 Tunc
1558 4640 1749 4696 dicunt
1776 4641 1934 4697 licto-

368 4742 460 4782 res
489 4726 777 4799 Sapricio:
814 4726 1002 4787 Flecte
1029 4746 1200 4801 genua
1233 4742 1347 4795 tua.
1376 4741 1430 4787 ut
1480 4739 1646 4803 caput
1690 4732 1783 4788 tibi
1808 4747 1940 4788 am-

368 4828 609 4889 putetur.
641 4821 784 4876 Dicit
811 4831 991 4878 autem
1030 4824 1111 4880 eis
1141 4821 1419 4892 Sapricius
1449 4841 1463 4879 :
1490 4822 1715 4890 Quare?
1741 4825 1943 4882 Dicunt

368 4912 420 4966 ei
456 4911 676 4968 lictores
711 4929 727 4969 :
757 4913 1022 4980 Quoniam
1060 4914 1277 4969 noluisti
1321 4913 1426 4969 diis
1466 4915 1803 4982 sacrificare,
1846 4917 1943 4973 sed

370 5002 747 5071 contempsisti
768 5002 1005 5057 edictum
1031 5003 1377 5073 imperatoris
1395 5014 1619 5076 propter
1640 5005 1940 5073 hominem,

369 5094 462 5164 qui
494 5092 692 5149 dicitur
715 5092 985 5151 Christus.
1016 5093 1146 5150 Haec
1177 5109 1299 5150 cum
1346 5097 1608 5153 audiisset
1642 5097 1805 5153 miser
1842 5097 1946 5154 Sa-

373 5186 605 5256 pricius,
647 5189 928 5257 respondit
962 5188 1268 5256 lictoribus,
1304 5189 1440 5246 hanc
1469 5193 1725 5247 miseram
1750 5201 1800 5246 et
1843 5192 1944 5245 tri-

368 5290 503 5334 stem
534 5295 729 5345 vocem,
762 5279 948 5337 dicens
983 5299 997 5337 :
1028 5280 1205 5338 Nolite
1235 5298 1319 5338 me
1348 5281 1534 5339 ferire.
1565 5283 1730 5339 Facio
1771 5286 1939 5349 enim,

368 5390 492 5446 qum
544 5374 827 5446 jusserunt
887 5372 1267 5445 imperatores,
1299 5383 1356 5431 et
1384 5375 1489 5431 diis
1538 5374 1813 5431 sacriﬁco.
1856 5373 1948 5431 Sic

449 5557 472 5590 ⁸
498 5556 691 5614 Matth.
719 5572 810 5625 νιι,
838 5557 889 5614 7.
938 5558 960 5589 ⁸
980 5557 1172 5615 Matth.
1198 5572 1330 5625 xx",
1358 5555 1452 5613 57.
1530 5555 1550 5587 ⁵
1580 5555 1774 5610 Matth.
1807 5569 1880 5624 vt,
1917 5554 2002 5611 15.

448 5721 526 5791 (8')
555 5720 715 5776 Addit
741 5734 844 5775 ms.
877 5735 895 5775 :
924 5739 942 5773 ι
981 5719 1218 5789 Qumritc
1247 5726 1303 5775 et
1324 5715 1632 5786 invenietis,
1663 5712 1875 5787 pulsate
1902 5722 1955 5771 et

379 5794 659 5860 aperietur
682 5791 855 5847 vobis.
889 5808 908 5844 ι

2046 5095 2114 5149 δι’
2144 5095 2434 5167 ἄνθρωπον
2460 5094 2758 5164 λεγόμενον
2788 5092 3046 5163 Χριστόν.
3102 5090 3296 5145 Ταῦτα
3326 5091 3561 5152 ἀκούσας
3587 5090 3616 5141 6

2046 5186 2229 5252 ἄθλιος
2261 5186 2585 5257 Σαπρίκιος,
2636 5184 2912 5256 ἀπεκρίθη
2945 5183 3082 5257 πρὸς
3117 5184 3245 5246 τοὺς
3277 5182 3505 5254 δημίους
3533 5180 3617 5233 λέ-

2045 5296 2184 5350 γων’
2208 5279 2301 5350 Μὴ
2325 5277 2580 5349 θελήσετέ
2612 5293 2679 5349 με
2709 5276 2942 5350 κροῦσαι
2960 5294 2973 5308 ο
3007 5275 3150 5330 ποιῶ
3187 5276 3288 5347 γὰρ
3316 5274 3385 5329 τὰ
3412 5273 3616 5328 κελευό-

2059 5389 2200 5443 μενα
2222 5370 2374 5441 παρὰ
2400 5372 2509 5425 τῶν
2539 5369 2802 5441 βασιλέων
2841 5369 3017 5440 ὑμῶν,
3055 5370 3151 5423 καὶ
3187 5366 3300 5423 θύω
3323 5367 3436 5430 τοῖς
3464 5364 3612 5426 θεοῖς.

2074 5555 2095 5585 ⁸
2120 5552 2312 5609 Matth.
2347 5567 2443 5620 vn,
2479 5553 2534 5608 2.

2137 5719 2213 5782 (tt)
2245 5712 2406 5768 Addit
2433 5727 2536 5767 ms.
2576 5730 2595 5762 ι
2628 5711 2723 5767 sed
2753 5710 3093 5782 implacabile
3112 5709 3298 5769 odium
3326 5722 3560 5768 servare.
3590 5724 3610 5756 ι

2140 5781 2254 5856 (10)
2287 5782 2389 5841 Ms.
2423 5800 2441 5836 ι
2480 5784 2652 5855 gratia
2689 5781 2917 5839 ctelesti.
2955 5798 2973 5834 ι
