3820 6470
176 355 320 418 1373
1407 357 1584 417 VITA
1631 357 1694 416 S.
1744 356 2191 420 NICEPHORI.
3286 364 3426 428 I376

167 465 362 529 Οῦτως
383 466 690 535 ὲτύφλωσεν
719 468 884 521 αὑτὸν
911 469 944 539 ή
972 464 1329 538 μνησικακία,
1360 465 1454 519 καὶ
1477 465 1753 536 ἀπέστησα

1884 485 1981 523 eum
2009 469 2303 525 excecavit
2325 469 2534 535 odium,
2563 479 2616 526 et
2647 471 2714 526 ab
2734 472 3043 528 eoabduxit
3068 471 3161 528 Dei
3176 475 3432 545 gratiam.

165 560 275 628 τὴν
310 558 470 628 χάριν
501 559 599 612 ἀπ’
620 559 806 614 αὑτοῦ.
853 559 910 612 '0
939 560 1050 631 γὰρ
1077 558 1165 612 διὰ
1195 557 1466 612 τοσούτων
1500 557 1752 628 βασάνων

1884 557 1964 625 )ui
2016 559 2161 614 enim
2197 575 2295 631 per
2325 561 2586 630 ejusmodi
2625 573 2895 617 tormenta
2934 577 3042 619 non
3094 565 3317 634 negavit
3333 565 3438 620 Do-

170 653 252 723 μὴ
273 651 650 724 ἀρνησάμενος
687 652 779 704 τὸν
815 651 1021 721 Κύριον
1054 651 1211 723 ήμῶν
1262 651 1470 722 Ἰησοῦν
1495 651 1754 721 Χριστὸν,

168 741 342 796 ἐλθὼν
368 745 448 806 εἰς
483 743 542 796 τὸ
577 742 730 808 τέλος
757 743 852 796 τοῦ
894 743 1149 810 θανάτου,
1182 743 1390 814 μέλλων
1411 743 1470 796 τὸ
1505 743 1756 816 βραϐεῖον

171 837 269 888 καὶ
304 835 392 887 τὶν
424 834 524 904 τῆς
553 834 711 905 δόξης
769 836 1035 906 στέφανον
1087 836 1754 909 λαμϐάνειν,.ὴρνήσατο,

168 929 270 981 καὶ
291 929 514 996 γέγονεν
543 927 884 998 ἀποστάτης.

1863 654 2070 708 minum
2107 663 2346 708 nostrum
2373 652 2556 708 Jesum
2596 654 2895 720 Christum,
2931 671 3054 711 cum
3098 657 3338 713 venisset
3367 659 3438 713 ad

1862 745 2028 800 ﬁnem
2061 745 2274 809 mortis,
2307 756 2362 800 et
2385 756 2530 801 esset
2581 755 2905 815 accepturus
2953 751 3234 818 prmmium
3260 758 3316 803 et
3341 763 3438 804 co-

1867 849 2053 888 ronam
2087 835 2273 904 gloria:
2300 845 2354 890 et
2383 838 2513 906 spei,
2534 838 2754 909 negavit
2778 839 2937 894 vitam
2964 849 3242 905 intentam,
3261 849 3314 895 et
3338 840 3440 896 fuit

1867 935 2137 998 apostata.

1702 1089 1932 1146 CAPUT
1953 1089 2042 1145 Ill.

1486 1207 1814 1278 Martyrium
1844 1206 1906 1261 S.
1937 1205 2253 1274 Nicephori.

246 1331 326 1384 ϐ’.
359 1330 546 1386 Ταῦτα
575 1331 822 1395 ἀκούσας
853 1333 882 1386 6
911 1331 1070 1400 ἅγιος
1101 1331 1420 1402 Νικηφόρος
1453 1331 1756 1403 παρεκάλει

172 1424 268 1476 τὸν
295 1424 593 1494 Σαπρίκιον
618 1424 792 1492 λέγων
815 1442 830 1457 ·
865 1423 980 1496 Μὴ,
1002 1424 1220 1495 ἀδελφὲ,
1259 1425 1334 1494 μὴ
1380 1423 1623 1495 ζητήσῃς
1651 1439 1756 1476 πα-

181 1515 415 1584 ραϐῆναι
471 1517 563 1568 καὶ
594 1517 941 1588 ἀρνήσασθαι
997 1517 1089 1570 τὸν
1116 1518 1397 1586 Δεσπότην
1433 1515 1590 1588 ἡμῶν
1619 1517 1756 1586 Χρι-

181 1610 308 1661 στόν
327 1625 340 1639 ·
373 1610 447 1679 μὴ
485 1608 646 1680 θέλῃς
667 1609 825 1674 ὅλως,
852 1591 1158 1680 παρακαλῶ
1197 1627 1278 1674 σε,
1307 1609 1616 1678 ἀποστῆναι
1663 1607 1757 1663 ἀπ’

1942 1327 2031 1383 IX.
2073 1327 2198 1385 Haec
2257 1341 2382 1382 cum
2439 1327 2681 1382 audisset
2711 1325 2773 1384 S.
2819 1323 3182 1394 Nicephorus,
3236 1323 3446 1395 rogavit

1866 1420 2174 1488 Sapricium
2232 1436 2352 1474 cum
2392 1419 2668 1490 lacrymis,
2722 1420 2911 1474 dicens
2955 1435 2968 1475 :
3010 1415 3154 1483 Noli,
3187 1434 3220 1472 o
3250 1417 3442 1482 frater,

1868 1513 1976 1568 noli
2005 1512 2306 1583 transgredi
2341 1522 2396 1568 et
2430 1528 2630 1583 negare
2667 1512 2954 1568 Dominum
2983 1523 3228 1566 nostrum
3256 1508 3445 1566 Jesuin

1865 1606 2167 1664 Christum.
2198 1603 2318 1660 Noli
2349 1607 2595 1672 omnino,
2629 1620 2760 1674 rogo
2782 1615 2856 1669 te,
2902 1606 2969 1660 ah
3019 1619 3084 1659 eo
3111 1603 3365 1668 deficere,
3393 1613 3448 1656 et

180 1699 346 1752 αὑτοῦ
371 1713 385 1729 ⁶
417 1699 493 1768 μὴ
523 1699 800 1771 ἀπολέσῃς
835 1701 1102 1769 στέφανον
1135 1701 1412 1770 οὐράνιον,
1459 1699 1521 1752 ὃν
1549 1699 1754 1766 ἐκτήσω

1884 1703 2098 1756 Jerdere
2135 1699 2412 1756 cmiestem
2443 1713 2722 1764 coronam,
2752 1711 2916 1769 quam
2949 1713 3045 1769 per
3070 1695 3234 1752 multa
3263 1696 3450 1765 acqui-

181 1793 270 1845 διὰ
294 1791 508 1845 πολλῶν
543 1792 812 1862 βασάνων.
857 1792 1096 1857 Ἐκεῖνος
1125 1793 1181 1846 δὲ
1209 1793 1309 1845 ούκ
1339 1792 1573 1862 ήκουσεν
1603 1790 1761 1853 ὅλως,

182 1883 297 1936 ἀλλ’
341 1885 674 1938 ἐσπούδασεν
706 1886 786 1946 είς
817 1884 1094 1938 ἀπώλειαν
1145 1883 1240 1937 τοῦ
1272 1885 1502 1953 ὲσχάτου
1535 1882 1765 1936 Θανάτου

178 1974 462 2035 ἀπελθεῖν.
488 1975 547 2038 ὃς
577 1975 850 2045 τοσαύτην
877 1975 1037 2040 δόξαν
1067 1977 1126 2029 ὲν
1152 1978 1292 2048 ῥοπῇ
1329 1977 1468 2044 μιᾶς,
1488 1974 1767 2044 ὥρας’τῆς

177 2067 356 2135 τομῆς
392 2067 493 2135 τῆς
547 2068 763 2138 σπάθης
802 2066 1108 2132 ἀπώλεσεν,
1144 2067 1319 2130 οὕτως
1358 2067 1627 2137 ὲκωφώθη
1671 2067 1766 2119 καὶ

178 2158 469 2230 ἐτυφλώθη
507 2161 534 2212 6
558 2161 906 2232 ταλαίπωρος
931 2153 1090 2223 οὗτος
1124 2160 1231 2212 ὑπὸ
1265 2159 1658 2230 μνησικακίας.

254 2337 312 2393 ι’.
339 2339 414 2392 Ού
440 2339 550 2412 γὰρ
571 2340 808 2411 ήκουσεν
832 2339 927 2394 τοῦ
958 2340 1165 2413 Κυρίου
1195 2339 1355 2411 ἡμῶν
1389 2340 1450 2392 ὲν
1485 2337 1562 2409 τῷ
1587 2337 1769 2406 Εὐαγ-

179 2430 352 2500 γελίῳ
375 2430 669 2501 κράζοντος
693 2433 787 2485 καὶ
809 2432 1059 2499 λέγοντος
1083 2449 1098 2463 °
1137 2453 1156 2485 ι
1207 2433 1334 2493 Ἐὰν
1365 2432 1684 2506 προσφέρῃς
1707 2435 1768 2486 τὸ

179 2522 356 2592 δῶρον
387 2523 479 2576 ἐπὶ
507 2523 568 2576 τὸ
597 2523 986 2594 θυσιαστήριον
1013 2525 1108 2578 καὶ
1135 2524 1334 2593 ὕπαγε,
1371 2525 1590 2594 πρῶτον
1617 2525 1769 2579 διαλ-

180 2613 386 2683 λάγηθι
410 2615 487 2685 τῷ
515 2614 733 2686 ἀδελφῷ
765 2633 884 2682 σου,
917 2619 1014 2672 καὶ
1042 2618 1164 2670 τότε
1193 2615 1363 2671 ἐλθὼν
1388 2619 1668 2688 πρόσφερε
1705 2617 1768 2670 τὸ

181 2707 357 2778 δῶρόν
408 2725 522 2762 σου.
570 2729 590 2761 s
659 2709 768 2763 Καὶ
799 2709 962 2764 πάλιν
993 2711 1184 2782 Πέτρῳ
1213 2710 1292 2780 τῷ
1331 2709 1617 2780 κορυφαίῳ
1658 2710 1768 2764 τῶν

181 2800 503 2854 ἀποστόλων
535 2803 904 2872 ἐρωτήσαντι’
936 2821 956 2856 ι
992 2803 1367 2870 Ποσάκις,ὲᾶιν
1401 2804 1624 2875 ἁμάρτῃ
1675 2807 1755 2867 εἰς

183 2895 286 2963 ἐμὲ
342 2895 370 2948 6
406 2893 632 2964 ἀδελφός
699 2913 826 2966 μου,
878 2897 1076 2969 ἀφήσω
1137 2897 1324 2968 αύτῷ;
1361 2897 1466 2961 ἓως
1505 2898 1766 2964 ὲπτάκις;

1871 1792 2012 1848 siiin
2037 1802 2309 1847 tormenta
2336 1799 2390 1848 et
2421 1791 2761 1848 afﬂictiones.
2798 1790 2889 1846 ille
2920 1801 3099 1844 autem
3121 1787 3292 1843 noluit
3323 1803 3445 1843 eum

1868 1884 2088 1938 omnino
2111 1883 2319 1950 audire,
2355 1884 2449 1938 sed
2483 1881 2762 1939 contendit
2782 1882 2932 1937 abire
2960 1883 3026 1936 ad
3069 1880 3345 1936 interitum
3399 1888 3447 1932 et

1870 1981 2108 2032 tenebras
2144 1977 2349 2032 ultimm
2373 1977 2584 2042 mortis,
2611 1986 2664 2029 et
2697 1977 2766 2028 ad
2801 1975 2995 2045 ignem,
3020 1976 3108 2044 qui
3142 1990 3245 2028 non
3282 1983 3447 2041 potest

1867 2071 2148 2138 exstingui.
2181 2069 2281 2137 Qui
2355 2070 2491 2124 tanti
2546 2068 2700 2136 pretii
2769 2068 2997 2139 gloriam
3066 2069 3118 2121 in
3174 2075 3451 2122 momento

1872 2163 2032 2215 unius
2062 2163 2209 2216 hora:
2250 2161 2390 2217 ictus
2424 2160 2584 2231 gladii
2622 2161 2874 2230 perdidit,
2898 2175 3082 2215 revera
3127 2161 3228 2214 fuit
3259 2162 3447 2224 miser,

1872 2262 2180 2307 excaecatus
2221 2253 2289 2307 ab
2321 2254 2466 2308 odio.

1945 2342 2015 2401 Χ.
2051 2343 2168 2400 Non
2200 2346 2343 2401 enim
2367 2345 2573 2401 audivit
2601 2346 2889 2402 Dominum
2925 2343 3113 2402 Iesum
3151 2345 3451 2412 Christum,

1871 2435 2140 2492 dicentem
2163 2437 2216 2491 in
2243 2447 2434 2492 sancto
2453 2437 2745 2507 Evangelia
2775 2437 2796 2470 "
2823 2453 2838 2490 :
2873 2454 2894 2489 t
2926 2434 2982 2490 Si
3032 2434 3229 2490 aﬂeras
3259 2452 3454 2492 munus

1875 2538 2026 2582 tuum
2065 2527 2130 2582 ad
2159 2527 2354 2591 altare,
2383 2535 2438 2581 et
2475 2529 2782 2582 recorderis
2812 2527 2956 2597 quod
2999 2524 3172 2580 frater
3206 2536 3329 2581 tuus
3351 2527 3452 2579 ha—

1871 2622 1964 2676 bet
2001 2620 2207 2690 aliquid
2243 2620 2507 2675 adversus
2536 2627 2610 2683 te,
2649 2619 2864 2674 dimitte
2891 2609 3290 2673 munus'tuum
3328 2627 3454 2672 ante

1874 2713 2048 2768 altare
2075 2729 2090 2768 :
2120 2721 2174 2768 et
2203 2711 2337 2765 vade
2365 2711 2622 2782 primum,
2658 2721 2714 2766 et
2750 2709 3106 2766 reconciliare
3142 2711 3297 2766 fratri
3340 2719 3453 2774 tuo,

1877 2815 1933 2859 et
1972 2814 2101 2862 tunc
2143 2802 2396 2868 veniens,
2432 2801 2569 2858 oﬂer
2627 2819 2826 2858 munus
2877 2811 3048 2858 tuum.
3080 2821 3100 2856 ι
3137 2801 3203 2857 Ει
3262 2817 3457 2858 rursus

1875 2898 2036 2953 Petro
2069 2896 2295 2968 principi
2327 2896 2714 2967 apostolorum,
2737 2911 2859 2952 cum
2881 2907 3126 2968 rogasset
3146 2896 3456 2960 Dominum,

196 2986 497 3058 Ἀπεκρίθη
526 2987 674 3058 αύτῷ
702 2977 730 3042 6
757 2987 962 3061 Κύριος
988 3007 1002 3022 ⁸
1045 2991 1120 3043 Ού
1166 2989 1311 3062 λέγω
1341 3007 1424 3043 σοι
1459 2990 1563 3053 ἕως
1598 2991 1754 3044 έπτά·

1884 3009 1898 3043 ι
1928 2987 2172 3055 Quoties,
2195 2986 2242 3043 si
2267 2989 2574 3056 peccaverit
2601 2987 2654 3040 in
2687 2981 2770 3042 me
2794 2986 2964 3041 frater
2985 3001 3156 3055 meus,
3182 2987 3456 3041 dimittam

183 3096 298 3145 κις,
327 3079 444 3133 ἀλλ’
494 3080 598 3145 ἓως
634 3059 1100 3153 ἑϐδομηκοντάκις
1125 3059 1288 3138 ἑπτά.
1317 3101 1336 3134 ι
1384 3083 1622 3147 Ἐκεῖνος
1654 3084 1710 3138 δὲ
1744 3085 1773 3136 6

185 3171 536 3243 ταλαιπωρος
581 3172 705 3225 οὐδὲ
770 3171 921 3238 ἅπαξ
964 3171 1226 3244 ἠθέλησεν
1292 3174 1649 3245 συγχωρῆσαι
1695 3172 1774 3245 τῷ

187 3263 406 3335 ἀδελφῷ
433 3264 620 3330 αὑτοῦ,
652 3265 748 3318 καὶ
775 3265 1010 3334 μάλιστα
1036 3267 1370 3337 συγγνώμην
1401 3265 1641 3322 αίτοῦντι
1680 3267 1776 3321 καὶ

189 3357 364 3410 πολλὰ
392 3357 798 3428 παρακαλοῦντι
825 3375 839 3390 ο
870 3359 967 3412 καὶ
1003 3361 1032 3413 6
1091 3361 1190 3430 μὲν
1227 3359 1430 3431 Κύριος
1473 3360 1776 3415 ἐνετείλατο

190 3448 304 3502 ἀπὸ
325 3449 553 3519 καρδίας
583 3451 886 3520 συγχωρεῖν
917 3451 1157 3520 ἑκάστῳ,
1194 3452 1291 3504 καλ⁵
1320 3453 1411 3505 ἐπὶ
1440 3452 1536 3516 τὰς
1570 3451 1777 3506 καταλ-

190 3541 366 3609 λαγὰς
403 3540 463 3593 τὺ
491 3540 635 3594 θεῖον
681 3541 854 3612 δῶρον
885 3543 979 3595 ἐπὶ
1018 3543 1077 3595 τὸ
1116 3543 1506 3616 θυσιαστήριον
1537 3543 1776 3613 ἀφέντας

188 3633 573 3705 προστρέχειν.
637 3632 877 3698 Ἐκεῖνος
910 3635 967 3688 δὲ
1002 3635 1125 3688 οῦδὲ
1171 3636 1364 3706 ἄκροις
1387 3636 1591 3707 χείλεσι
1617 3635 1776 3704 λόγον

191 3726 596 3796 συγχωρήσεως
621 3725 699 3796 τῷ
712 3725 1081 3795 μετανοοῦντι
1104 3726 1330 3792 ἔδωκεν,
1361 3728 1484 3781 οὐδὲ
1517 3744 1778 3800 παρακα-

189 3819 373 3886 λοῦντι
424 3818 681 3889 ἠνέσχετο
728 3817 914 3872 δοῦναι
973 3819 1172 3888 ἄφεσιν
1201 3835 1216 3852 ·
1269 3819 1387 3872 ἀλλ’
1438 3820 1652 3874 ἔκλεισε
1709 3819 1779 3873 τὰ

191 3912 479 3982 σπλάγχνα
504 3913 670 3967 αὑτοῦ
702 3913 810 3966 ἀπὸ
841 3911 937 3968 τοῦ
963 3911 1198 3980 ἀδελφοῦ
1244 3911 1434 3966 αὐτοῦ.
1491 3911 1594 3966 Διὰ
1620 3911 1780 3966 τοῦτο

193 4006 636 4075 ἀπεκλείσθησαν
694 4006 844 4079 αύτῷ
901 4008 957 4060 ai
1014 4005 1180 4060 πύλαι
1220 4005 1318 4076 τῆς
1367 4003 1646 4076 βασιλείας
1670 4004 1780 4058 τῶν

190 4097 462 4168 οὐρανῶν,
490 4098 583 4150 καὶ
612 4097 827 4167 ἀπέστη
871 4096 969 4152 ἀπ’
1019 4096 1188 4151 αὑτοῦ
1211 4096 1307 4152 τοῦ
1340 4096 1488 4150 θείου
1517 4097 1613 4150 καὶ
1642 4093 1783 4161 ζωο-

192 4189 352 4244 ποιοῦ
409 4189 749 4257 Πνεύματος,
783 4191 878 4243 καὶ
927 4189 1183 4244 ἀπώλεσε
1217 4189 1315 4243 τοῦ
1349 4190 1658 4261 μαρτυρίου
1687 4188 1782 4242 τὸν

191 4283 407 4349 ἔνδοξον
433 4284 716 4351 στέφανον.
749 4282 862 4348 Διὸ,
899 4282 1178 4352 ἀγαπητοὶ
1211 4281 1450 4352 ἀδελφοὶ,
1492 4284 1587 4334 καὶ
1618 4282 1781 4352 ἡμεῖς

1877 3078 1971 3136 ei?
2013 3077 2255 3150 septies?
2305 3077 2585 3148 respondit
2644 3073 2904 3133 Dominus
2943 3077 3105 3133 :Non
3162 3076 3286 3132 dico
3339 3077 3459 3142 tibi,

1878 3171 2080 3241 septies
2105 3209 2122 3234 ,
2153 3171 2247 3225 sed
2279 3170 2589 3240 septuagies
2613 3171 2811 3240 septies
2837 3171 2880 3225 ⁸.
2921 3189 2941 3223 ι
2971 3169 3066 3226 Ille
3093 3182 3270 3225 autem
3296 3170 3461 3226 miser

1878 3277 1950 3318 ne
1985 3261 2158 3316 semel
2185 3261 2408 3332 quidem
2448 3261 2620 3318 voluit
2672 3264 2979 3318 condonare
3032 3261 3188 3316 fratri
3222 3277 3346 3328 suo,
3405 3271 3463 3316 et

1877 3354 2113 3410 maxime
2174 3353 2384 3424 petenti
2440 3354 2656 3408 veniam
2713 3365 2767 3410 et
2816 3355 3054 3425 roganti.
3092 3352 3155 3408 Et
3195 3354 3458 3410 Dominus

1878 3448 2097 3520 quidem
2122 3459 2310 3503 noster
2333 3457 2388 3503 et
2420 3445 2566 3503 Deus
2593 3446 2754 3516 jussit
2797 3461 2865 3502 ex
2913 3449 3096 3502 animo
3141 3448 3458 3514 condonare

1881 3539 2196 3609 unicuique,
2237 3548 2292 3594 et
2345 3539 2574 3596 dimisso
2610 3555 2856 3605 munere,
2887 3539 3030 3610 quod
3067 3540 3176 3594 Deo
3214 3551 3298 3594 est
3325 3539 3461 3596 σαε-

1880 3632 2134 3696 rendum,
2162 3645 2383 3686 currere
2417 3631 2485 3685 ad
2531 3631 3056 3694 reconciliationem.
3086 3630 3177 3686 Ille
3213 3645 3342 3686 vero
3376 3635 3461 3686 ne

1880 3723 2112 3778 summis
2146 3721 2365 3792 quidem
2407 3720 2576 3776 labris
2628 3721 2958 3777 condonavit
2994 3724 3068 3789 ei,
3097 3737 3258 3793 quem
3287 3727 3461 3793 paeni-

1883 3817 2030 3870 tebat
2063 3833 2076 3869 :
2105 3828 2206 3870 nec
2229 3814 2284 3868 in
2322 3814 2561 3869 animum
2593 3815 2830 3882 induxit,
2855 3825 2912 3871 ut
2948 3817 2996 3872 ei
3031 3816 3244 3887 roganti
3275 3815 3465 3871 remit-

1881 3917 2018 3964 teret
2044 3925 2060 3974 ;
2090 3907 2186 3964 sed
2225 3907 2422 3964 clausit
2454 3910 2666 3964 viscera
2691 3923 2788 3964 sua
2818 3923 2846 3963 a
2870 3909 3040 3965 fratre
3059 3925 3182 3975 suo,
3214 3919 3464 3980 propter-

1880 4017 1943 4056 ea
1971 4003 2167 4058 clausze
2196 4010 2322 4057 sunt
2361 4001 2411 4056 ei
2471 3999 2617 4058 fores
2666 4002 2819 4072 regni
2853 4003 3139 4072 caelorum,
3187 4010 3243 4058 et
3287 4017 3468 4058 reces-

1882 4094 1957 4148 sit
1979 4093 2047 4147 ab
2079 4109 2146 4149 eo
2179 4093 2353 4164 gratia
2383 4093 2552 4148 divini
2581 4102 2634 4150 et
2663 4095 2864 4152 vivitici
2886 4095 3146 4167 Spiritus,
3183 4103 3238 4151 et
3277 4096 3467 4165 perdi-

1885 4185 1963 4239 dit
1993 4201 2262 4256 magnam,
2282 4189 2591 4256 pretiosam,
2621 4198 2676 4242 et
2705 4187 2997 4259 gloriosam
3031 4201 3290 4244 coronam
3317 4203 3466 4243 mar-

1887 4276 2040 4346 tyrii.
2066 4279 2455 4343 Quamobrem,
2487 4293 2521 4332 o
2544 4279 2750 4340 dilecti.
2784 4295 2884 4334 nos
2924 4295 3143 4350 quoque
3174 4280 3466 4349 diligenter

192 4374 648 4446 ἀσφαλισώμεθα,
695 4376 792 4430 καὶ
843 4375 967 4430 λίαν
1014 4375 1387 4444 φυλαξώμεθα
1416 4375 1642 4436 ἑαυτοὺς
1672 4374 1754 4426 ἀπέ

1887 4383 2183 4423 caveamus
2243 4368 2314 4423 ab
2379 4370 2481 4424 hac
2535 4370 2805 4426 diabolica
2837 4373 3177 4440 operatione,
3210 4371 3346 4439 odii,
3382 4373 3472 4427 in-

191 4468 295 4538 τῆς
341 4467 654 4538 διαὼλικῆς
683 4467 887 4539 ταύτης
937 4467 1244 4538 ἐνεργείας,
1275 4467 1370 4521 καὶ
1413 4468 1548 4521 πᾶσι
1599 4465 1782 4522 πάντα

195 4560 674 4640 συγχωρήσωμεν,
739 4558 826 4612 ἵνα
864 4557 959 4611 καὶ
986 4560 1123 4628 ήμῖν
1153 4557 1350 4626 ἄφεσις
1380 4557 1606 4629 γένηται
1631 4555 1783 4627 παρὰ

191 4650 287 4705 τοῦ
305 4651 576 4704 Δεσπότου
594 4651 853 4722 Χριστοῦ,
876 4651 1020 4704 κατά
1043 4650 1126 4716 τὸ,
1151 4667 1170 4703 ι
1194 4651 1370 4720 ’Δφες
1385 4651 1518 4720 ἡμῖν
1538 4649 1607 4702 τὰ
1629 4647 1783 4717 ὀφει-

193 4744 421 4815 λήματα
451 4745 644 4816 ἡμῶνο
690 4763 709 4797 ι
747 4744 938 4810 πιστὸς
970 4745 1080 4818 γὰρ
1109 4745 1138 4799 6
1175 4743 1668 4814 ἐπαγγειλάμενος.

272 5011 376 5066 ΙΑ’.
423 5009 482 5064 '0
515 5009 572 5065 δὲ
616 5011 890 5083 μακάριος
919 5010 1262 5084 Νικηφόρος,
1289 5012 1365 5078 ὡς
1388 5009 1540 5074 ,εἶδεν
1573 5011 1784 5084 Σαπρί-

197 5119 317 5155 κιον
373 5103 719 5174 παραὸἀντα,
776 5103 926 5172 λέγει
961 5105 1098 5176 πρὸς
1153 5105 1280 5169 τοὺς
1325 5105 1594 5176 δημίους·
1643 5105 1786 5174 Ἐγὼ

198 5195 527 5264 Χριστιανός
552 5197 692 5266 είμι,
745 5196 842 5250 καὶ
880 5197 1213 5267 πιστεύομαι
1250 5199 1331 5262 είς
1371 5199 1432 5252 τὸ
1493 5197 1664 5269 ὄνομα
1688 5197 1782 5251 τοῦ

199 5286 412 5356 Κυρίου
449 5287 610 5358 ήμῶν
664 5289 839 5360 Ἰησοῦ
893 5291 1157 5359 Χριστοῦ,
1189 5291 1248 5344 ὃν
1294 5285 1448 5354 οὗτος
1483 5292 1780 5362 ἠρνήσατο.

211 5376 346 5448 Ἐμὲ
369 5375 461 5432 οὖν
489 5380 781 5449 κρούσατε.
821 5382 1052 5436 Ἐκεῖνοι
1074 5383 1130 5436 δὲ
1153 5385 1252 5437 ούκ
1280 5383 1587 5455 ἐτόλμησαν
1618 5383 1782 5456 κροῦ-

195 5485 290 5521 σαι
324 5471 485 5524 αὑτὸν
515 5471 645 5526 ἄνευ
674 5473 976 5538 κελεύσεως
996 5474 1090 5529 τοῦ
1122 5477 1413 5547 ήγεμόνος.
1436 5475 1783 5548 Ἐθαύμαζον

198 5561 256 5613 δὲ
293 5563 440 5632 ὅμως
466 5564 689 5632 πάντες,
729 5567 812 5621 ὅτι
832 5567 1007 5632 οὕτως
1042 5570 1360 5640 παρέδωκεν
1393 5571 1583 5642 ἐαυτρν
1613 5573 1694 5634 είς
1723 5571 1785 5624 τὸ

198 5653 511 5711 ἀποθανεῖν.
549 5658 745 5729 Ἔλεγε
774 5660 904 5732 γὰρ,
926 5662 1010 5715 ὅτι
1059 5663 1388 5734 Χριστιανός
1438 5664 1556 5734 εἰμι
1591 5664 1685 5716 καὶ
1719 5665 1782 5718 ού

1885 4477 2072 4532 quam,
2105 4470 2161 4518 et
2194 4462 2408 4532 injuriae
2453 4473 2690 4533 acceptae
2736 4465 3137 4530 recordatione,
3163 4475 3220 4520 ut
3246 4476 3465 4521 nostro-

1889 4571 2006 4612 rum
2040 4571 2256 4626 quoque
2282 4564 2629 4627 peccatorum
2663 4557 2825 4612 detur
2852 4557 3009 4613 nobis
3039 4558 3290 4614 remissio
3309 4573 3340 4612 a
3361 4558 3469 4614 Do-

1887 4647 2035 4702 mino
2067 4645 2200 4712 Jesu
2250 4647 2492 4714 Christo,
2528 4649 2941 4709 ;convenienter
2967 4649 3015 4704 ei
3052 4651 3195 4719 quod
3227 4651 3466 4708 dicitur:

1888 4739 2109 4794 Dimitte
2145 4739 2306 4796 nobis
2335 4740 2516 4796 debita
2546 4751 2756 4805 nostra,
2786 4743 2922 4796 sicut
2951 4752 3002 4797 et
3033 4758 3128 4797 nos
3151 4743 3467 4798 dimittimus

1893 4834 2213 4888 debitoribus
2270 4833 2465 4890 nostris
2497 4833 2541 4890 ’.
2597 4833 2796 4892 Fidelis
2857 4845 2945 4892 est
2999 4835 3143 4890 enim
3197 4837 3290 4906 qui
3345 4852 3472 4905 pro-

1891 4925 2062 4984 misit.
2343 4984 2347 4987 _

1962 5016 2056 5073 XI.
2102 5017 2309 5076 Beatus
2368 5029 2551 5077 autem
2610 5017 2952 5089 Nicephorus
3009 5028 3296 5090 postquam
3331 5019 3471 5074 vidit

1895 5123 2298 5183 transgressum
2356 5126 2480 5169 esse
2543 5111 2877 5182 Sapricium,
2925 5127 3117 5181 magna
3164 5128 3288 5167 voce
3339 5112 3470 5168 dicit

1894 5205 2178 5262 lictoribus
2223 5225 2238 5262 :
2271 5206 2384 5278 Ego
2431 5221 2551 5261 sum
2599 5205 2963 5269 Christianus,
2991 5217 3045 5260 et
3074 5208 3242 5261 credo
3277 5206 3330 5260 in
3368 5221 3469 5260 no-

1899 5313 2020 5353 men
2057 5297 2271 5354 Domini
2301 5301 2468 5355 nostri
2491 5299 2616 5356 Jesu
2646 5298 2869 5364 Christi,
2893 5315 3054 5369 quem
3098 5301 3202 5354 iste
3231 5298 3467 5369 negavit.

1897 5393 1978 5446 Me
2042 5407 2170 5464 ergo
2215 5395 2329 5464 jam
2381 5409 2477 5464 pro
2535 5394 2650 5464 ipso
2693 5393 2875 5450 ferite.
2903 5392 3148 5449 Lictores
3193 5405 3322 5447 vero
3363 5407 3466 5445 non

1893 5485 2009 5538 ausi
2062 5496 2190 5540 sunt
2215 5500 2338 5540 eum
2371 5484 2539 5540 ferire
2563 5485 2768 5554 absque
2789 5485 2941 5556 jussu
2962 5484 3206 5556 praesidis
3235 5500 3251 5538 :
3282 5481 3462 5536 mirati

1892 5585 2023 5632 sunt
2070 5590 2250 5634 autem
2287 5593 2497 5644 omnes,
2539 5581 2682 5649 quod
2717 5593 2776 5634 se
2820 5587 2897 5633 tta
2930 5579 2997 5632 ad
3034 5586 3264 5633 mortem
3300 5573 3468 5628 tradi-

1892 5669 2055 5725 derit.
2098 5668 2295 5728 Libero
2347 5669 2490 5727 enim
2538 5671 2752 5729 dicebat
2789 5689 2802 5726 :
2837 5670 2967 5726 Sum
3013 5667 3378 5734 Christianus,
3411 5674 3466 5720 et

259 5823 279 5857 ⁷
310 5823 501 5882 Matth.
534 5841 584 5893 ν,
614 5826 705 5883 25.
795 5830 815 5863 ⁸
845 5827 1034 5886 Matth.
1083 5845 1237 5893 xvttt,
1281 5828 1371 5884 ‘22.
1433 5831 1453 5861 '
1493 5828 1681 5888 Matth.
1716 5847 1788 5900 Vl,
1832 5833 1918 5889 Β.

1573 6101 1592 6134 \
