3820 6484
1699 236 1728 282 Ι

430 366 575 432 1375

1593 360 1879 422 MENSIS
1918 359 2446 422 FEBRUARJUS.

3559 359 3700 426 1376

417 473 526 530 diis
560 473 756 530 vestris
781 486 888 528 non
919 470 1192 528 sacriﬁco.
1225 469 1376 527 Unus
1403 479 1584 527 autem
1621 486 1686 526 ex
1711 471 1990 527 lictoribus

2115 469 2210 524 Ιύω
2231 473 2344 533 τοῖς
2368 471 2512 534 θεοῖς
2543 467 2721 538 ὑμῶν.
2755 464 2848 534 Εἷς
2873 469 2929 524 δέ
2955 487 3037 534 τις
3066 471 3176 526 τῶν
3200 473 3418 544 δημίων
3436 474 3697 546 δραμὼν,

413 581 664 633 currens,
727 563 1055 620 renuntiavit
1107 564 1350 634 praesidi,
1409 564 1600 619 dicens
1653 582 1666 618 :
1715 562 1996 634 Sapricius

413 658 635 727 quidem
665 657 954 728 pollicetur
985 671 1045 713 se
1084 657 1187 711 diis
1240 656 1674 712 sacriﬁcaturum
1711 674 1725 710 :
1753 666 1838 712 est
1870 671 1996 711 vero

418 750 532 806 illic
558 751 779 820 quidam
825 750 966 804 alius
1001 750 1094 819 qui
1144 750 1255 804 vult
1298 749 1433 803 mori
1473 759 1692 819 propter
1715 765 1863 814 eum,
1904 750 1993 815 qui

415 843 616 898 dicitur
631 844 901 907 Christus,
929 842 1172 898 clamans
1190 842 1448 898 etdicens
1471 841 1645 897 libere
1677 859 1690 896 :
1725 841 1994 897 Christia-

417 950 524 991 nus
565 951 708 1000 sum,
759 942 815 990 et
855 935 958 990 diis
989 935 1184 990 vestris
1217 951 1322 989 non
1369 935 1638 1000 sacriﬁco,
1678 950 1778 990 nec
1800 935 1996 992 obedio

419 1027 616 1084 edictis
644 1027 1063 1096 imperatorum.

487 1115 606 1172 XII.
639 1118 934 1186 Postquam
961 1119 1074 1173 hazc
1107 1127 1287 1173 autem
1317 1119 1489 1172 audiit
1521 1133 1746 1189 praeses,
1787 1119 1840 1174 in
1867 1133 1992 1173 eum

421 1207 547 1262 tulit
573 1208 926 1272 sententiam,
962 1209 1148 1264 dicens
1178 1227 1192 1264 :
1222 1209 1277 1263 Si
1321 1224 1427 1263 non
1459 1209 1730 1264 sacriﬁcat
1752 1209 1854 1265 diis
1894 1210 1997 1264 im-

416 1296 760 1364 mortalibus,
775 1308 937 1369 prout
959 1297 1236 1368 jusserunt
1261 1300 1640 1369 imperatores,
1681 1300 1846 1370 jubeo
1872 1316 1994 1355 eum

418 1390 556 1444 mori
590 1389 771 1458 gladio
806 1408 824 1446 :
867 1388 1169 1458 Sapricium
1208 1405 1325 1444 vero
1356 1391 1511 1444 sinite
1537 1390 1863 1445 abire.Tunc
1903 1407 1993 1446 ac-

417 1481 682 1551 cipientes
709 1480 766 1535 S.
798 1481 1184 1551 Nicephorum,
1235 1495 1373 1537 eum.
1411 1480 1590 1549 capite
1625 1493 1948 1536 truncaruut
1976 1521 1992 1546 ,

421 1581 476 1624 ut
501 1586 700 1642 praeses
729 1570 990 1639 jusserat,
1018 1588 1155 1626 nono
1186 1573 1380 1627 mensis
1437 1571 1724 1628 Februarii
1766 1574 1878 1645 (ll)
1908 1584 1996 1630 :et

418 1663 500 1717 sic
556 1673 963 1719 consummatus
1025 1665 1126 1720 fuit
1160 1666 1216 1720 in
1273 1665 1481 1720 Christo
1524 1675 1745 1720 sanctus
1788 1674 1996 1736 martyr

417 1753 621 1808 Christi
664 1753 999 1824 Nicephorus
1022 1774 1038 1814 ;
1064 1768 1118 1812 et
1143 1760 1387 1814 ascendit
1411 1758 1464 1812 in
1490 1757 1659 1813 cmlos
1680 1767 1992 1824 coronatus,

418 1865 518 1919 per
548 1849 707 1904 ﬁdem
773 1851 826 1905 in
881 1851 1182 1918 Christum,
1214 1852 1646 1923 charitatetnque
1680 1861 1736 1908 et
1781 1853 1999 1907 humili-

421 1950 608 1996 tatem.
637 1942 905 2009 Quoniam
941 1944 1084 1999 enim
1121 1958 1418 2014 propensus
1456 1941 1558 1998 fuit
1576 1943 1640 1998 ad
1671 1943 1992 1999 charitatem
2042 2006 2043 2009 η

417 2043 473 2090 et
513 2035 896 2104 humilitatem,
939 2037 1063 2094 ideo
1120 2039 1221 2092 fuit
1267 2037 1550 2093 redimitus
1598 2052 1798 2094 corona
1852 2053 1997 2094 mar-

419 2127 570 2198 tyrii,
589 2137 643 2182 et
672 2129 924 2200 dignatus
948 2141 1032 2186 est
1055 2130 1245 2187 referri
1273 2132 1326 2186 in
1358 2144 1639 2186 numerqu
1676 2141 1992 2204 martyrum,

420 2218 490 2273 ad
524 2218 736 2274 laudem
775 2231 830 2276 et
878 2222 1107 2292 gloriam
1140 2223 1317 2294 magni
1352 2222 1446 2278 Dei
1479 2233 1535 2279 et
1563 2207 1873 2279 Servatoris
1897 2238 1995 2291 n9-

425 2311 523 2366 stri
573 2310 703 2368 Jesu
743 2313 944 2370 Christi
974 2317 1111 2387 (l2),
1166 2319 1251 2372 cui
1297 2318 1470 2389 gloria
1519 2327 1575 2374 et
1621 2317 1856 2385 potentia
1887 2319 2000 2388 (l5)

419 2419 566 2461 nunc
593 2414 649 2462 et
677 2422 894 2479 semper
917 2419 971 2465 et
1003 2411 1056 2465 in
1089 2413 1284 2467 saecula
1321 2412 1668 2469 saeculorum.
1697 2413 1890 2468 Amen.

498 2567 612 2641 (li)
644 2567 810 2641 peest
843 2572 896 2626 in
939 2583 1168 2641 utroque
1213 2589 1318 2629 ms.
1355 2574 1470 2630 dies
1494 2573 1695 2630 obitus.

469 2638 602 2730 “2)
643 2637 744 2696 Ms.
781 2661 798 2695 ι
833 2646 901 2698 ad
935 2637 1146 2699 laudem
1203 2645 1409 2715 gloriae,
1466 2645 1888 2713 magniﬁcentiae
1947 2653 2004 2702 et

423 2823 678 2838 _

2099 563 2406 632 ἀπήγγειλε
2440 561 2516 633 τῷ
2547 562 2779 632 ἡγεμόνι
2803 562 2980 629 λέγων
3001 581 3014 595 ·
3047 565 3171 617 ὐτι
3195 569 3222 618 ὁ
3259 567 3361 634 μὲν
3385 566 3701 636 Σαπρίκιος

2099 655 2367 723 ὑπέσχετο
2404 653 2556 706 θύειν
2583 657 2696 714 τοῖς
2727 653 2890 718 θεοῖς,
2917 655 3075 719 ἄλλος
3104 657 3161 710 δέ
3194 659 3346 710 ἐστιν
3373 659 3497 711 ἐκεῖ
3519 657 3701 709 θέλων

2098 744 2394 800 ἀποθανεῖν
2431 745 2500 798 δι’
2540 746 2752 800 ἐκεῖνον
2804 748 2898 800 τὸν
2933 747 3224 816 λεγόμενον
3257 749 3522 819 Χριστὸν,
3559 752 3702 818 κρά-

2099 838 2208 903 ζων
2244 840 2339 891 καὶ
2376 839 2551 906 λέγων
2599 839 2912 910 παρῤησίᾳ’
2948 840 3274 908 Χριστιανός
3317 844 3459 910 eiut,
3495 845 3600 893 καὶ
3639 843 3698 894 οὗ

2099 928 2212 982 θύω
2233 931 2342 992 τοῖς
2365 929 2508 992 θεοῖς
2532 929 2707 998 ὑμῶν,
2731 929 2853 982 οὐδὲ
2884 932 2997 993 τοῖς
3033 932 3429 1001 προστάγμασι
3461 932 3578 985 τῶν
3603 932 3702 1002 βα-

2099 1022 2296 1075 σιλέων
2322 1023 2476 1091 ὑμῶν
2508 1022 2789 1077 ὑπακούω.

2171 1112 2270 1168 IB'.
2322 1114 2410 1178 Ὠς
2445 1114 2500 1168 δὲ
2543 1113 2718 1167 ταῦτα
2762 1115 2994 1186 ἤκουσεν
3021 1116 3050 1168 ὁ
3087 1117 3331 1186 ἡγεμὼν,
3365 1117 3700 1189 ἀπεφήνατο

2099 1206 2221 1260 κατ’
2249 1205 2415 1260 αὐτοῦ
2441 1206 2645 1274 λέγων·
2690 1207 2816 1260 Ἐὰν
2851 1211 2967 1271 τοῖς
2996 1209 3138 1272 θεοῖς
3189 1211 3251 1263 οὐ
3307 1211 3412 1284 θύῃ
3444 1211 3595 1263 κατὰ
3631 1212 3699 1264 τὰ

2098 1300 2507 1369 προστάγματα
2537 1299 2644 1352 τῶν
2681 1298 2972 1368 βασιλέων,
3025 1301 3118 1355 διὰ
3152 1303 3344 1373 ξίφους
3397 1305 3695 1378 ἀποθάνῃ·

2099 1393 2196 1444 καὶ
2226 1392 2554 1455 ἀπελθόντες
2591 1393 2998 1462 ἀπεκεφάλισαν
3046 1394 3139 1448 τὸν
3182 1395 3340 1464 ἅγιον
3369 1398 3694 1466 Νικηφόρον

2100 1482 2244 1536 κατὰ
2269 1482 2366 1553 τὴν
2385 1484 2634 1536 κέλευσιν
2665 1483 2758 1537 τοῦ
2789 1486 3077 1554 ἡγεμόνος.
3098 1487 3207 1540 Καὶ
3231 1486 3406 1552 οὕτως
3442 1488 3692 1542 ἐτελεώ-

2099 1574 2167 1646 θη
2191 1578 2219 1628 ὀ
2255 1575 2415 1643 ἅγιος
2445 1576 2781 1648 Νικηφόρος,
2818 1579 2910 1631 καὶ
2960 1581 3291 1651 στεφανίτης
3342 1581 3585 1650 ἀνῆλθεν
3615 1584 3690 1644 εἰς

2099 1666 2394 1736 οὐρανοὺς,
2419 1666 2506 1719 διὰ
2535 1669 2774 1731 πίστεως
2806 1671 2906 1739 τῆς
2932 1672 3011 1732 εἰς
3039 1671 3278 1740 Χριστὸν
3304 1672 3401 1724 καὶ
3431 1673 3690 1742 ὁμονοίας

2099 1763 2195 1815 καὶ
2216 1761 2740 1832 ταπεινοφροσύνης.
2789 1762 3008 1832 Ἐπειδὴ
3037 1766 3145 1833 γὰρ
3173 1765 3309 1834 πρὸς
3328 1765 3430 1834 τὴν
3467 1766 3686 1834 ἀγάπην

2099 1855 2402 1925 ὑποκλινὴς
2425 1858 2639 1926 γέγονε,
2670 1858 2760 1912 διὰ
2784 1857 2944 1912 τοῦτο
2969 1861 3058 1913 τὸν
3087 1861 3183 1913 τοῦ
3221 1862 3530 1932 μαρτυρίου
3567 1861 3687 1915 στέ-

2099 1963 2268 2016 φανον
2287 1947 2585 2018 ἀνεδήσατο
2611 1950 2841 2012 καὶτοῖς
2863 1949 3040 2016 ἁγίοις
3073 1950 3316 2020 μάρτυσι
3341 1950 3686 2020 συναριθμη-

2100 2042 2258 2114 θῆναι
2292 2043 2629 2114 κατηξιώθη,
2663 2045 2743 2108 εἰς
2772 2045 2995 2098 ἔπαινον
3019 2045 3179 2115 δόξης
3215 2046 3317 2116 τῆς
3363 2047 3683 2116 μεγαλωσύ-

2098 2153 2198 2207 νης
2224 2140 2316 2188 καὶ
2346 2137 2566 2206 χάριτος
2598 2137 2694 2190 τοῦ
2726 2139 2930 2208 Κυρίου
2966 2141 3062 2192 καὶ
3117 2138 3254 2192 Θεοῦ
3309 2142 3406 2192 καὶ
3429 2139 3682 2209 Σωτῆρος

2100 2227 2260 2299 ἡμῶν
2305 2228 2482 2299 Ἰησοῦ
2513 2230 2776 2302 Χριστοῦ,
2810 2230 2930 2300 μεθ’
2957 2225 3019 2284 οὗ
3053 2235 3131 2300 τῷ
3172 2232 3348 2302 [lupi
3375 2232 3525 2296 δόξα,
3551 2233 3682 2302 κρά-

2109 2319 2405 2391 τος,τιμὴ,
2460 2319 2556 2374 νῦν
2595 2320 2690 2374 καὶ
2738 2322 2829 2375 ἀεὶ
2879 2323 2975 2376 καὶ
3029 2325 3108 2386 εἰς
3161 2323 3288 2387 τοὺς
3339 2321 3544 2387 αἰῶνας
3576 2323 3680 2376 τῶν

2113 2410 2350 2468 αἰώνων.
2396 2413 2590 2484 Ἀμήν.

2109 2579 2301 2645 gratia:
2335 2576 2620 2632 Domiuiet
2649 2576 2766 2633 Dei.
2807 2597 2825 2630 ι

2180 2647 2292 2719 (1³5)
2327 2647 2429 2703 ills.
2467 2667 2487 2701 ι
2525 2647 2718 2718 gloria,
2747 2649 2991 2720 potentia
3019 2655 3075 2703 et
3109 2647 3304 2703 honor.
3349 2667 3374 2700 ι

1005 2829 3664 2860 ma

473 3059 732 3213 DE
850 3057 1014 3217 s.
1095 2976 2138 3257 .AUXENTIO
2253 3059 3630 3263 PRESBYTERO,

1417 3333 2101 3397 ARCHIMANDRITA
2145 3333 2229 3397 ΙΝ
2275 3335 2696 3398 BITHYNIA.

1031 3499 1199 3566 (Circa
1231 3515 1412 3554 annum
1439 3502 1547 3562 ΠΟ,
1577 3502 1837 3554 Februarii
1857 3501 1940 3554 die
1967 3504 2040 3553 ll.
2064 3530 2124 3540 —
2145 3506 2264 3555 Acta
2297 3505 2397 3554 SS.
2425 3502 2649 3554 Bolland.
2675 3504 2737 3554 ad
2757 3503 2884 3554 hanc
2904 3501 3091 3564 diem.)

507 3815 563 3869 ι.
583 3816 912 3873 Auxentium
935 3815 1228 3874 Orientalis
1245 3815 1403 3885 plaga
1425 3824 1610 3871 natum
1639 3815 2272 3890 suscepiteducavitque,
2294 3818 2416 3874 aula
2435 3817 2678 3875 Junioris
2694 3815 3597 3887 Theodosiiﬂonstantiuopolitaua
3617 3815 3682 3870 in-

431 3914 519 3962 ter
550 3908 751 3966 milites
771 3912 945 3966 virum
971 3912 1240 3981 suspexit,
1259 3913 1462 3966 virtute
1479 3919 1752 3976 ornatum,
1776 3918 1939 3979 atque
1963 3911 2028 3964 ad
2049 3911 2367 3966 miraculum
2394 3912 2733 3967 demonibus
2759 3911 3054 3966 terribilem
3079 3928 3095 3977 ;
3127 3909 3362 3980 denique
3380 3909 3682 3965 archiman-

430 4001 630 4058 dritam
654 4003 1108 4078 habnitBithynia
1130 4007 1596 4074 thaumaturgum,
1636 4018 1702 4060 ac
1734 4013 1857 4074 post
1883 4005 2065 4074 plures
2097 4004 2263 4059 variis
2291 4004 2342 4058 in
2373 3997 2508 4060 locis
2543 4004 2892 4060 exantlantos
2923 4005 3137 4059 labores
3191 4003 3331 4059 ctelo
3370 4003 3677 4061 transmisit.

435 4093 526 4148 ubi
553 4092 808 4167 deinceps
841 4098 1181 4168 experiretur
1211 4109 1518 4168 patronum.
1542 4098 1675 4164 Quae
1702 4098 1769 4152 de
1794 4111 1859 4150 eo
1881 4106 2173 4151 narrantur
2195 4094 2338 4164 apud
2381 4096 2740 4152 Sozomenum
2765 4096 2858 4152 lib.
2876 4095 3015 4150 Hist.
3037 4095 3165 4150 sccl.
3197 4095 3433 4165 cap.91,
3454 4095 3681 4156 iudicam

435 4186 744 4256 progeniem
761 4188 878 4258 ejus
899 4187 1452 4244 acmilitiatn.Relata
1477 4202 1715 4258 namque
1777 4187 2097 4242 inventione
2153 4194 2238 4256 ac}
2258 4188 2616 4245 translatione
2657 4188 2851 4256 capitis
2889 4186 2948 4243 S.
2973 4187 3202 4244 Joannis
3241 4187 3526 4257 Baptistae,
3551 4188 3676 4242 facta

435 4279 540 4336 sub
577 4277 882 4336 Theodosio
928 4279 1144 4353 Magno,
1199 4282 1402 4338 dicitur
1431 4299 1451 4334 t
1481 4279 1798 4336 Vincentius
1821 4282 2099 4351 presbyter
2132 4282 2350 4336 natione
2373 4281 2562 4349 Persa,
2592 4297 2713 4338 cum
2753 4291 2995 4352 tempore
3025 4281 3327 4338 Constantii
3356 4284 3682 4354 imperatoris

439 4375 749 4464 perseeutio
783 4374 834 4428 in
871 4375 1096 4432 Perside
1123 4375 1468 4433 Christianos
1498 4376 1784 4444 aﬁligeret,
1824 4373 2037 4444 fugiens
2065 4390 2170 4430 una
2201 4390 2324 4430 cum
2360 4376 2508 4431 Adda
2537 4376 2868 4432 consobrino
2890 4391 2988 4432 suo
3019 4377 3083 4430 ad
3115 4376 3396 4432 Romanos
3428 4378 3672 4433 venisse:

434 4477 603 4540 atque
625 4468 739 4540 ipse
760 4472 976 4542 quidem
1010 4471 1066 4528 in
1096 4473 1300 4528 clerum
1321 4479 1632 4542 assumptus
1661 4481 1764 4538 est,
1792 4481 1848 4527 et
1868 4472 1933 4526 ad
1957 4470 2282 4542 presbyterii
2307 4471 2623 4542 dignitatem
2647 4472 2912 4541 pervenit.
2938 4472 3116 4526 Addas
3147 4479 3326 4527 autem
3343 4487 3519 4527 uxore
3535 4473 3679 4527 ducta

437 4558 732 4631 plurimum
779 4564 985 4634 profuit
1010 4563 1286 4630 Ecclesiae,
1329 4575 1385 4619 et
1409 4564 1577 4620 ﬁlium
1602 4564 1822 4634 reliquit
1839 4565 2192 4632 Auxentium,
2209 4570 2383 4621 virum
2403 4578 2532 4638 erga
2553 4566 2716 4622 Deum
2736 4565 2862 4633 ﬁde,
2882 4577 3010 4636 erga
3038 4565 3242 4619 amicos
3260 4567 3674 4636 promptitudiue

438 4655 730 4726 insignem,
762 4659 872 4714 vita
915 4661 1208 4733 integrum,
1241 4660 1562 4715 litterarum
1594 4671 1918 4722 amatorem,
1953 4670 2009 4716 et
2043 4661 2331 4731 omnigena
2361 4671 2471 4715 tum
2499 4659 2802 4730 gentilium,
2855 4668 2968 4713 tum
3007 4657 3510 4713 ecclesiasticarum
3550 4658 3667 4711 scri-

439 4761 660 4824 ptorum
690 4754 1001 4810 eruditione
1032 4753 1344 4825 praeditum,
1383 4753 1628 4811 moribus
1652 4755 1977 4820 commodis,
2007 4752 2134 4809 licet
2161 4755 2473 4824 imperatori
2505 4765 2562 4810 et
2595 4753 2786 4809 aulicis
2812 4750 3092 4807 familiaris
3119 4761 3283 4815 esset,
3315 4761 3369 4807 et
3397 4752 3450 4805 in
3490 4750 3679 4806 bellicis

437 4847 882 4918 expeditionibus
907 4849 1191 4918 splendide
1220 4865 1280 4905 se
1315 4849 1575 4921 gessisset
1609 4868 1623 4906 :
1659 4865 1847 4906 verum
1875 4850 2016 4904 illius
2041 4848 2262 4920 quidem
2294 4849 2484 4904 crebra
2516 4850 2720 4904 mentio
2777 4857 2863 4904 est
2915 4857 3026 4902 tum
3085 4845 3226 4914 apud
3271 4845 3676 4916 probatissimos

441 4956 691 5014 quosque
718 4944 1036 5008 monachos,
1077 4935 1188 4997 tum
1249 4944 1391 5012 apud
1424 4943 1670 4999 homines
1725 4943 2017 5006 studiosos,
2052 4943 2143 5012 qui
2179 4942 2298 5011 ejus
2336 4943 2593 4996 virtutem
2624 4941 2830 5010 experti
2896 4947 3042 4995 sunt.
3083 4955 3102 4990 ι
3140 4937 3266 4992 Haec
3323 4935 3670 5002 Sozomenus,

443 5036 538 5107 qui
576 5034 882 5092 Theodosio
916 5032 1127 5088 Juniori
1160 5048 1315 5088 suam
1350 5033 1633 5088 historiam
1667 5033 1968 5104 inscripsit,
1994 5049 2155 5104 quam
2187 5034 2284 5087 sub
2311 5033 2514 5089 calcem
2540 5031 2893 5088 dedicationis
2935 5030 3130 5085 asserit
3160 5045 3221 5085 se
3276 5032 3342 5083 ad
3387 5045 3502 5084 xvii
3567 5031 3672 5100 ejus

441 5127 809 5193 consulatum,
839 5127 891 5182 id
926 5137 1011 5183 est
1041 5143 1242 5182 annum
1271 5122 1400 5194 459,
1436 5125 1754 5197 perduxisse
1785 5145 1798 5183 :
1829 5143 1894 5183 ac
1938 5127 2248 5182 necessario
2279 5137 2405 5181 ante
2448 5127 2566 5196 ejus
2626 5127 2858 5192 obitum,
2895 5125 3010 5180 sive
3049 5139 3250 5177 annum
3305 5122 3414 5178 450
3437 5124 3674 5190 absolvit,

443 5225 661 5291 quando
683 5223 795 5290 jam
825 5221 1294 5294 Constantinopoli
1337 5221 1400 5278 S.
1441 5221 1745 5278 Auxentius
1784 5230 2085 5279 secesserat
2119 5223 2173 5277 in
2225 5222 2557 5294 Bithyniam.
2599 5221 2674 5276 De
2729 5221 2846 5290 ejus
2893 5219 3260 5274 familiaritate
3314 5236 3439 5276 cum
3464 5225 3523 5281 S.
3557 5224 3682 5279 Mar.

444 5315 606 5372 ciano
636 5316 864 5386 aliisque
890 5316 1022 5373 viris
1047 5316 1312 5373 studiosis
1347 5316 1530 5387 agitur
1569 5315 1708 5371 infra
1745 5316 1798 5370 in
1828 5315 1987 5384 hujus
2017 5315 2134 5371 Vita
2164 5332 2317 5371 num.
2351 5317 2407 5380 2,
2444 5316 2536 5370 ubi
2567 5325 2757 5370 auctor
2819 5315 3007 5370 eodem
3069 5329 3178 5386 quo
3242 5316 3581 5373 Sozomenus
3607 5319 3676 5373 lo-

442 5408 644 5482 quendi
668 5423 866 5478 genere
890 5423 1041 5476 usus,
1066 5408 1185 5480 ejus
1210 5409 1514 5465 familiares
1545 5410 1708 5464 etiam
1744 5409 1946 5481 ἄνδρας
1982 5427 1990 5458 ε

2115 5409 2312 5474 ιδαξους
2335 5406 2592 5479 appellat.

512 5531 570 5589 2.
596 5532 730 5588 Acta
753 5531 809 5588 S.
840 5529 1090 5586 Auxentii
1113 5529 1527 5602 magnojudicio
1543 5529 1741 5598 scripta
1759 5529 1825 5585 ab
1857 5535 2078 5584 auctore
2105 5543 2306 5599 convo,
2327 5529 2418 5598 qui
2449 5543 2603 5583 suam
2630 5527 2834 5582 indicat
2858 5527 3238 5590 :etatem,dum
3264 5541 3294 5580 a
3314 5525 3504 5596 Sergio
3540 5524 3689 5580 diser

446 5627 574 5696 pulo
594 5628 731 5698 ejus,
754 5640 913 5696 quem
934 5623 1008 5679 illi
1037 5632 1091 5679 et
1118 5623 1171 5677 in
1189 5638 1387 5692 genere
1415 5624 1536 5679 vitae
1553 5634 1606 5679 et
1626 5623 1677 5677 in
1696 5633 1854 5678 antro
1882 5623 2213 5677 successisse
2240 5622 2497 5686 diximus,
2517 5637 2664 5674 num.
2697 5619 2766 5674 57
2791 5636 2851 5674 se
2875 5621 3056 5690 aliqua
3110 5618 3389 5687 accepisse
3441 5626 3683 5671 testatur.

450 5709 622 5782 Οὗτος
657 5717 790 5788 γὰρ.
813 5717 1013 5787 inquit,
1046 5709 1204 5782 οὗτος
1237 5718 1264 5772 6
1296 5717 1425 5788 περὶ
1457 5716 1652 5772 τούτου
1691 5717 1839 5786 ἡμᾶς
1872 5713 2249 5785 στοιχειὼσας,
2287 5717 2352 5785 τῇ
2383 5713 2596 5787 γλώττῃ
2634 5717 2735 5785 μὲν
2766 5713 3038 5786 βάρϐαρος
3068 5710 3336 5782 ὑπῆρχεν,
3369 5711 3434 5761 ὲκ
3459 5711 3553 5779 τῆς
3573 5710 3680 5761 Mu-

454 5813 575 5878 σίας
601 5810 944 5884 ὁρμώμενος,
986 5814 1049 5886 τῇ
1084 5807 1279 5884 γνώμη
1304 5809 1359 5866 δὲ
1382 5810 1715 5882 πάνσεμνος,
1747 5807 1821 5872 ὡς
1854 5805 2284 5880 προσκαρτερῶν
2311 5806 2386 5878 τῷ
2440 5805 2695 5879 μακαρεῳ
2735 5804 3104 5878 Αὐξεντέῳ,...
3139 5805 3231 5859 καὶ
3277 5801 3413 5875 μετᾶ
3461 5801 3558 5872 τὴν
3583 5799 3669 5854 τοῦ
