3820 6494
2583 311 2596 342 1

211 393 350 456 1371
1471 347 1649 458 Vm
1681 395 1743 456 s.
1791 396 1869 457 AI

1901 397 2137 460 XENTI
2149 399 2194 459 ῐ.
3329 393 3467 463 1378

211 505 494 580 μακαρίου
526 504 786 577 κοίμησιν
825 505 923 561 σὺν
944 505 1022 577 τῷ
1049 505 1238 579 τρόπῳ
1265 505 1360 562 καὶ
1379 507 1481 578 τὴν
1510 507 1678 562 τόπον
1706 509 1869 562 διαδεί

1898 509 2115 578 άμενος.
2162 529 2181 564 ‹
2220 509 2316 567 Ille
2331 510 2499 576 enim,
2536 508 2628 580 qui
2663 521 2763 564 nos
2784 508 2852 564 de
2880 507 2981 564 hoc
3018 506 3301 574 instruxit,
3325 519 3448 563 erat

204 600 430 666 quidem
463 601 641 670 lingua
676 601 967 668 barbarus,
999 610 1058 655 ut
1085 602 1178 671 qui
1210 611 1362 657 ortus
1385 609 1529 657 esset
1558 618 1625 657 ex
1660 601 1852 674 Mysia,
1880 615 2060 659 mente
2100 613 2277 659 autem
2313 603 2755 666 honestissimus,
2782 600 2874 670 qui
2907 599 3283 671 perseveravit
3318 598 3462 667 apud

202 689 270 746 Β.
301 693 746 748 Auxentium.....
789 701 842 746 et
874 703 1161 762 postquam
1219 697 1406 749 beatus
1450 693 1802 760 obdormivit,
1835 709 1957 748 cum
1987 695 2226 750 moribus
2259 694 2312 749 in
2337 693 2458 750 loco
2485 707 2702 764 quoque
2730 691 3012 746 successit.
3051 707 3072 743 ι
3097 688 3250 745 Hanc
3283 686 3464 742 Vitam

204 786 404 841 damus
431 799 497 840 ex
529 786 756 856 antiquo
783 787 971 842 codice
1001 784 1114 840 MS.
1146 785 1487 841 bibliothecm
1535 787 1678 856 regis
1701 785 2186 850 Christianissimi,
2212 786 2464 840 collatam
2513 797 2638 839 cum
2697 781 3157 853 interpretatione
3209 768 3464 836 Gentiaui

201 879 453 948 Herveti,
488 896 652 950 quam
692 881 915 937 edidere
951 881 1208 952 Aloysius
1238 879 1568 949 Lipomanus
1590 891 1644 935 et
1673 879 2000 936 Laurentius
2028 879 2246 946 Surius,
2274 894 2341 935 ex
2369 880 2694 936 collectione
2719 878 3120 949 Metaphrastae,
3148 876 3239 946 qui
3271 872 3453 929 Vitam

197 974 371 1038 hanc,
403 983 587 1044 utpote
619 970 873 1030 accurate
894 973 1174 1062 scriptam,
1214 975 1327 1027 fere
1353 973 1612 1029 intactam
1673 975 1912 1046 reliquit,
1954 974 2201 1044 pauculis
2249 973 2377 1029 hinc
2425 973 2553 1029 inde
2601 981 2693 1029 aut
2726 973 2927 1030 additis
2981 981 3077 1027 aut
3138 966 3466 1033 immutatis,

199 1066 313 1119 nisi
340 1067 453 1120 haec
476 1064 643 1120 variis
672 1067 1096 1122 amanuensibus
1125 1065 1233 1120 sint
1268 1066 1632 1120 attribuenda.

283 1159 337 1212 5.
363 1157 605 1212 Meminit
637 1157 881 1229 ejusdem
924 1158 1099 1213 sancti
1136 1140 1471 1227 Nicephorus
1511 1157 1791 1222 Callistus,
1823 1155 1918 1214 lib.
1954 1173 2068 1225 XIV,
2103 1157 2247 1213 Hist.
2278 1161 2408 1216 θεοί.
2439 1175 2559 1230 cap.
2601 1159 2670 1214 52
2706 1175 2722 1214 :
2750 1176 2768 1210 ι
2801 1159 3002 1214 Eodem
3031 1159 3192 1234 etiam
3221 1165 3468 1226 tempore

201 1251 400 1322 inquit,
425 1251 640 1305 virtutis
696 1251 1050 1306 incrementis
1081 1251 1240 1321 longe
1293 1250 1558 1320 processit
1582 1249 1966 1305 celeberrimus
1995 1251 2084 1306 ille
2136 1252 2436 1306 monachus
2469 1252 2770 1306 Auxentins
2790 1251 2845 1307 in
2876 1262 3060 1307 monte
3089 1249 3357 1319 Bithynia
3376 1261 3465 1315 eo,

204 1347 304 1413 qui
327 1361 391 1399 ex
432 1344 660 1399 adverso
687 1343 1188 1414 Constantinopolis
1223 1345 1388 1408 situs,
1423 1359 1611 1400 omnes
1636 1345 1781 1399 circa
1814 1343 1980 1399 colles
2024 1345 2314 1400 altitudine
2333 1353 2577 1416 superat.
2616 1361 2636 1396 ι
2674 1345 2799 1400 llaec
2831 1342 3192 1414 Nicephorus,
3220 1344 3465 1414 quicum

209 1435 520 1491 Sozomeno
556 1435 623 1488 ad
684 1445 920 1504 tempora
947 1435 1237 1492 Theodosii
1269 1438 1510 1494 Junioris
1537 1453 1600 1492 ea
1631 1439 1819 1501 refert,
1845 1445 1968 1506 post
1995 1438 2150 1506 cujus
2186 1438 2396 1492 obitum
2427 1437 2693 1506 superfuit
2727 1437 2828 1491 sub
2861 1436 3089 1506 imperio
3128 1433 3389 1490 Marciani
3413 1439 3474 1486 et

206 1526 413 1582 Leonis
445 1527 830 1596 imperatorum
867 1529 935 1581 ad
965 1545 1165 1584 annum
1194 1531 1417 1586 circiter
1450 1530 1579 1586 470.
1613 1527 1670 1584 In
1704 1530 1857 1586 Actis
1907 1532 2048 1598 apud
2102 1529 2502 1599 Metaphrasten
2558 1529 2792 1584 traditur
2846 1527 3049 1584 oblisse
3081 1529 3184 1584 sub
3239 1524 3470 1598 imperio
3515 1510 3529 1522 ’

209 1619 470 1687 Zenonis,
503 1622 598 1677 sed
630 1622 747 1692 ejus
773 1622 892 1678 loco
922 1622 1155 1678 Leonem
1191 1623 1396 1678 habent
1418 1624 1554 1678 Acta
1591 1622 1803 1690 Grteca,
1838 1624 2040 1692 quibus
2076 1625 2158 1678 usi
2197 1638 2409 1677 sumus.

1063 1964 1421 2082 ΒΙΟΣ
1497 1966 1779 2082 ΚΑΙ
1869 1959 2624 2082 ΠΟΛΙΤΕΙΑ

1614 2189 1738 2243 ΚΑΙ
1777 2187 2081 2242 ΔΣΚΗΣΙΣ

277 2345 284 2352 ’
375 2353 605 2444 ΤΟΥ
674 2352 1314 2443 ΑΓΙΩΤΑΤΟΥ
1385 2350 1583 2442 ΚΑΙ
1655 2349 2538 2446 ΜΑΚΑΡΙΩΤΑΤΟΥ
2608 2340 3290 2477 ΑΥΞΕΝΤΙΟΥ.

1062 2714 1194 2823 Vl
1209 2710 1381 2820 TA
1453 2714 1624 2820 ET
1707 2713 2620 2824 CONVERSATIO

1478 2925 1584 2986 ET
1623 2923 2183 2988 EXERCITATIO

599 3102 1346 3196 SANCTISSIMI
1389 3099 1577 3190 .ET
1648 3049 2338 3197 BEATISSIMI
2432 3105 3084 3201 AUXEN'I‘II.

498 3305 699 3370 (Greca
719 3312 852 3353 nunc
877 3301 1090 3364 primum
1123 3299 1258 3364 typis
1289 3295 1586 3347 mandantur
1619 3309 1682 3347 ex
1718 3296 1826 3347 cod.
1862 3311 1956 3348 ms.
1991 3296 2120 3362 Reg.
2159 3299 2320 3350 Paris.
2354 3313 2407 3350 n.
2441 3299 2582 3363 1152,
2607 3315 2722 3354 sec.
2749 3316 2801 3354 κ.
2822 3303 2963 3355 Εοιτ.
2999 3303 3188 3370 Pan.)

1645 3588 1873 3647 CAPUT
1910 3583 2202 3647 PRIMUM.

765 3708 887 3764 Vita
929 3706 990 3766 S.
1033 3706 1286 3763 Auxentii
1337 3706 1796 3776 Constantinopoli
1839 3715 1980 3761 acta.
2028 3704 2262 3760 Virtute:
2329 3707 2468 3761 inter
2525 3722 2684 3774 opera
2725 3706 3011 3763 militaria.

294 3833 375 3885 A'.
396 3828 517 3882 Τῶν
557 3824 930 3897 ἀρχαιοτέρων
961 3823 1221 3890 Πατέρων
1271 3821 1455 3892 ἔργοις
1485 3822 1580 3875 καὶ
1613 3819 1795 3890 λόγοις
1825 3834 1869 3892 Α

1971 3821 2014 3877 1.
2064 3821 2200 3876 Cum
2237 3800 2447 3890 antiqui
2478 3819 2668 3878 Patres
2700 3831 2753 3876 et
2780 3821 2942 3880 factis
2970 3833 3024 3880 et
3051 3823 3229 3880 verbis
3267 3823 3473 3883 fuerint.

214 3919 636 3992 διαπρεψὰντων
667 3919 762 3971 καὶ
794 3914 1072 3985 διαφόροις
1101 3915 1446 3984 συντάγμασι
1487 3912 1596 3966 τῶν
1625 3913 1683 3966 ὲν
1712 3911 1791 3980 τῷ

216 4011 397 4086 νοητῷ
442 4010 726 4083 ἀμπελῶνι
775 4008 891 4079 ἃμα
940 4007 1087 4078 πρωῒ
1130 4007 1226 4060 καὶ⁹
1257 4007 1451 4077 τρίτην
1486 4003 1656 4076 ὥραν,
1697 4003 1793 4058 καὶ

215 4109 385 4180 ἕκτην
415 4104 562 4177 ὥραν
591 4103 811 4174 ὁμοίως,
846 4101 940 4156 καὶ
974 4100 1203 4171 ὲννάτην
1235 4098 1586 4168 κεκληκότων
1619 4097 1792 4165 ἁγίων

131 4224 136 4226 ·
215 4202 316 4256 καὶ
346 4200 425 4263 εἰς
453 4195 740 4266 οἰκοδομὴν
761 4193 854 4247 τοῦ
888 4192 1140 4261 σώματος
1169 4192 1268 4260 τῆς
1312 4189 1643 4254 Ἐκκλησίας
1663 4205 1794 4256 συγ-

215 4289 588 4362 γραψαμένων
614 4285 740 4363 τοὺ-ς
767 4285 986 4351 πόνους,
1020 4284 1120 4336 οὐκ
1143 4283 1344 4336 ἄτοπον
1367 4281 1460 4334 καὶ
1496 4281 1642 4351 ἡμᾶς
1666 4280 1794 4343 τοὺς

214 4383 305 4436 διὰ
345 4379 619 4451 ῥαθυμίαν
653 4379 748 4432 καὶ
781 4373 1143 4429 ἀπαιδευσίαν
1175 4371 1365 4443 πόρρω
1409 4370 1590 4424 αὐτῶν
1621 4370 1795 4439 ὑπάρ-

218 4481 436 4545 χοντας,
500 4471 628 4532 τοὺς
679 4469 788 4530 τῶν
816 4468 948 4538 περὶ
978 4464 1076 4536 τὴν
1107 4464 1402 4534 ἑνδεκάτην
1451 4461 1601 4531 ὥραν
1631 4463 1687 4516 ὲν
1717 4461 1794 4532 τῷ

217 4563 374 4635 αὐτῷ
405 4559 690 4632 ἀμπελῶνι
731 4557 1165 4629 ἀγωνισαμένων
1212 4555 1438 4609 δικαίων
1471 4553 1620 4624 βίους
1659 4553 1795 4623 πρὸς

217 4655 492 4725 ὠφέλειαν
538 4653 649 4705 τῶν
709 4668 768 4704 τε
817 4649 1259 4719 ἐντυγχανόντων
1305 4645 1403 4701 καί⁵
1431 4644 1794 4717 ἀκροωμένων

219 4746 431 4800 πιστῶν
476 4741 900 4814 συγγράψασθαι
955 4740 1193 4811 ἀληθῶς,
1219 4739 1362 4794 ὥστε
1385 4740 1511 4802 τοὺς
1540 4737 1797 4808 βουλομέ-

221 4852 347 4898 νους
389 4834 635 4906 ἡγεμόνα
690 4830 992 4901 κεκτῆσθαι
1041 4833 1138 4902 τῆς
1196 4827 1480 4901 παρούσης
1535 4827 1679 4908 ζῳῆς
1703 4825 1795 4880 τὸν

221 4925 422 4994 εὐσεσῆ
452 4923 737 4992 λογισμὸν,
764 4922 999 4984 ἀκλινώς
1021 4921 1254 4975 ἕπεσθαι
1277 4923 1343 4992 τῇ
1374 4919 1485 4973 τῶν
1519 4931 1797 4990 πατριαρο

220 5016 333 5090 χῶν
363 5017 456 5070 καὶ
478 5014 772 5084 προφητῶν
793 5016 888 5066 καὶ
916 5011 1231 5066 ἀποστόλων
1255 5013 1351 5065 καὶ
1379 5010 1672 5082 μαρτύρων
1703 5009 1798 5062 καὶ

219 5108 450 5164 δικαίων
479 5107 606 5176 ὁδῷ,
640 5105 1126 5175 ὲφαμιλλωμὲνους
1163 5103 1263 5175 μὲν
1282 5103 1401 5167 ταῖς
1435 5103 1639 5156 τούτων
1664 5103 1796 5174 ἀρε-

220 5204 363 5268 ταῖς,
403 5175 936 5269 ὑποστηριζομένους
967 5195 1024 5249 δὲ
1052 5197 1173 5258 ταῖς
1222 5195 1404 5249 αὐτῶν
1444 5197 1796 5264 προσευχαῖς.
1829 5175 1874 5234 Β

226 5309 246 5344 ι
279 5291 422 5344 Ὅσα
452 5288 562 5361 γὰρ
593 5287 944 5358 προεγράφη,
977 5305 995 5338 ι
1031 5287 1174 5340 κατὰ
1211 5287 1302 5340 τὸν
1334 5285 1620 5339 Θεσπέσιον
1651 5285 1799 5340 Παῦ-

219 5382 336 5445 λον,
391 5398 410 5431 ι
465 5380 543 5441 είς
588 5378 686 5446 τὴν
739 5375 1020 5447 ἡμετέραν
1049 5374 1332 5429 νουθεσίαν
1383 5374 1732 5447 προεγράφη.
1772 5395 1792 5428 ι

221 5469 552 5533 Πεποιθότες
584 5463 676 5523 οὖν
702 5467 782 5537 τῷ
827 5466 1070 5537 εἰρηκότι
1094 5480 1108 5496 °
1163 5485 1182 5518 ι
1228 5467 1502 5522 Πλάτυνον
1531 5468 1590 5522 τὸ
1621 5467 1797 5536 στόμα

224 5583 342 5632 σου,
375 5565 469 5620 καὶ
500 5562 777 5638 πληρώσω
799 5561 954 5628 αὐτὸ,
1008 5579 1028 5614 ›
1064 5563 1156 5616 ἐπὶ
1202 5562 1302 5635 τὴν
1324 5563 1694 5636 προκειμένην
1718 5562 1797 5617 δι-

221 5660 423 5732 ήγησιν
453 5654 790 5731 τρεπόμεθα.

297 5819 316 5851 ¹
346 5817 505 5875 Rom.
549 5832 635 5884 xv,
662 5816 719 5873 4.
797 5818 818 5850 ⁹
853 5813 1004 5875 Psal.
1059 5830 1222 5886 Lux,
1252 5813 1341 5874 Il.

1896 3916 2160 3986 insignes,
2195 3923 2247 3971 et
2278 3916 2509 3972 diversis
2555 3917 2813 3986 operibus
2865 3933 3052 3973 eorum
3087 3919 3179 3989 qui
3229 3919 3281 3975 in
3315 3922 3470 3976 vinea

1895 4025 2016 4081 qua:
2053 4009 2351 4080 percipitur
2411 4008 2794 4081 intelligentia,
2831 4025 2994 4065 mane
3052 4011 3211 4066 simul
3252 4021 3308 4068 et
3337 4014 3471 4069 hora

1896 4103 2054 4158 tertia
2111 4111 2165 4155 et
2195 4110 2345 4157 sexta
2383 4101 2641 4157 similiter
2666 4111 2721 4156 et
2774 4116 2915 4156 nona
2945 4102 3120 4157 vocati
3149 4112 3294 4168 sunt,
3329 4119 3475 4159 san-

1895 4205 2105 4251 ctorum
2162 4195 2229 4250 ad
2255 4194 2671 4252 aediﬁcationem
2705 4197 2953 4265 corporis
2980 4193 3237 4251 Ecclesia:
3259 4211 3478 4253 sermo-

1898 4300 1994 4339 nes
2019 4287 2450 4354 conscripserint
2486 4303 2502 4340 :
2534 4301 2642 4340 non
2707 4295 2791 4340 est
2838 4287 3159 4350 absurdum,
3205 4302 3306 4343 nos
3338 4303 3476 4358 quo-

1896 4391 2024 4446 que,
2076 4377 2166 4446 qui
2219 4386 2440 4445 propter
2493 4376 2798 4432 socordiam
2857 4386 2913 4432 et
2957 4378 3226 4432 inscitiam
3276 4380 3344 4433 ab
3391 4381 3475 4436 eis

1898 4466 2055 4537 longe
2084 4481 2272 4520 sumus
2303 4465 2518 4532 remoti,
2555 4479 2683 4519 vere
2714 4465 3065 4520 conscribere
3089 4465 3363 4533 iustorum
3393 4468 3473 4522 vi-

1899 4572 2086 4613 rorum
2127 4555 2332 4621 Vitam,
2374 4558 2467 4626 qui
2521 4556 2668 4612 circa
2690 4557 2880 4611 horam
2912 4558 3251 4611 undecimam
3284 4556 3338 4611 in
3373 4571 3473 4613 ea-

1898 4648 2018 4704 dem
2066 4648 2222 4702 vinea
2275 4646 2612 4716 laborarunt,
2646 4649 2714 4704 ad
2767 4649 3062 4704 utilitatem
3106 4648 3342 4703 ﬁdelium
3375 4649 3472 4722 qui

1898 4741 2085 4812 legunt
2137 4750 2193 4796 et
2224 4742 2455 4797 audiunt
2498 4758 2512 4796 :
2552 4753 2610 4798 ut
2638 4742 2729 4814 qui
2761 4743 2948 4796 volunt
2972 4743 3173 4798 habere
3207 4743 3351 4812 piam
3379 4759 3472 4799 ra-

1899 4833 2100 4888 tionem
2133 4835 2326 4897 ducem
2355 4833 2476 4889 vitae
2501 4834 2808 4905 praesentis,
2835 4843 3152 4889 constanter
3175 4844 3477 4904 sequantur

1899 4923 2042 4977 viam
2077 4923 2533 4993 patriarcharum,
2574 4923 2962 4994 prophetarum
2993 4933 3048 4979 et
3078 4926 3474 4996 apostolorum,

1901 5025 2310 5086 martyrumque
2364 5025 2419 5070 et
2466 5016 2738 5087 justorum
2786 5033 2799 5070 :
2839 5032 2962 5071 cum
3008 5032 3193 5072 eorum
3255 5017 3472 5086 quidem

1900 5107 2192 5164 virtutibus
2223 5110 2635 5176 contendentes,
2680 5107 2882 5164 sull'ulti
2938 5121 3119 5164 autem
3168 5119 3224 5166 et
3251 5109 3474 5166 stabiliti

1901 5211 2090 5253 eorum
2121 5199 2483 5256 orationibus.
2516 5218 2535 5252 ι
2573 5200 2925 5272 Quaecunque
2959 5199 3102 5256 enim
3152 5201 3302 5272 prius
3331 5201 3475 5256 scri-

1902 5297 1994 5360 pta
2024 5301 2170 5359 sunt,
2218 5309 2238 5343 »
2270 5301 2328 5346 ιιι
2355 5290 2491 5348 dicit
2537 5292 2756 5349 divinus
2782 5291 3004 5358 Paulus,
3043 5313 3063 5347 ι
3108 5293 3312 5364 scripta
3350 5301 3479 5347 sunt

1903 5381 1972 5441 ad
2033 5391 2273 5438 nostram
2323 5384 2748 5441 admonitionem
2775 5386 2816 5440 ³.
2853 5403 2874 5437 ι
2927 5377 3006 5440 Eo
3036 5400 3165 5458 ergo
3193 5384 3342 5450 freti,
3381 5383 3476 5455 qui

1905 5477 2114 5534 dixittt
2145 5476 2318 5532 Dilata
2348 5491 2411 5533 os
2440 5484 2611 5542 tuum,
2635 5486 2691 5533 et
2719 5477 2955 5548 implebo
2978 5476 3109 5535 illud
3131 5478 3210 5544 ’,ι
3239 5489 3478 5533 conver-

1905 5578 2089 5627 tamur
2114 5569 2182 5627 ad
2213 5569 2546 5640 propositam
2579 5569 2969 5628 narrationem.
