3820 6480
429 342 572 410 I379

1593 339 1878 405 MENSIS
1922 339 2440 406 FEBBUARIUS.

3542 347 3686 413 1380

483 461 553 515 l-l.
593 457 860 528 Tempore
923 455 1212 512 Theodosii
1266 451 1528 520 Junioris',
1585 452 1781 509 XXXV
1845 468 1984 509 anno

2163 454 2240 512 θ’.
2278 457 2366 510 Ἐν
2394 457 2505 520 τοῖς
2544 458 2752 529 καιροῖς
2784 458 3067 517 Θεοδοσίου
3111 460 3206 516 τοῦ
3233 460 3408 544 μέθυ,
3444 463 3608 530 ἔτους
3633 469 3689 522 ει

411 553 533 624 ejus
563 548 772 621 imperii
798 547 898 620 (l),
924 547 1027 603 fuit
1055 549 1139 602 vir
1163 547 1380 618 quidam
1413 545 1633 602 nomine
1662 545 1986 609 Auxentius,

411 644 510 714 qui
543 649 662 698 erat
704 639 905 696 relatus
938 641 990 694 in
1034 655 1318 694 numerum
1339 648 1548 709 quarta:
1584 637 1784 691 schola:
1806 637 1989 690 fortis-

413 737 679 793 simorum
712 745 767 788 et
804 732 1006 788 Christi
1063 733 1362 787 amantium
1395 729 1727 786 scholarium
1763 728 1839 800 (2)
1875 745 1889 782 τ
1921 743 1987 783 ex

413 839 614 896 genere
645 825 862 894 quidem
918 822 1200 889 orientali,
1233 822 1286 877 in
1322 821 1520 891 pietate
1549 829 1729 878 autem
1764 829 1819 876 et
1842 819 1986 874 omni

412 918 726 974 Christiana
752 918 999 973 doctrina
1028 917 1300 979 eruditus,
1331 915 1607 986 roburque
1657 914 1904 985 corporis
1937 920 1991 967 et

413 1009 785 1065 fortitudinem
860 1009 916 1063 in
977 1009 1092 1080 ipsa
1144 1009 1316 1063 forma
1369 1018 1612 1078 gestans,
1667 1021 1990 1077 morumque

411 1103 736 1160 modestiam
767 1111 822 1156 et
853 1105 1108 1155 virtutem
1139 1114 1340 1172 gerens
1375 1101 1427 1154 in
1456 1102 1662 1163 animo,
1685 1100 1990 1170 dogmaque

410 1197 617 1254 habens
642 1211 834 1252 sanum
874 1195 926 1248 in
963 1194 1067 1250 fide
1113 1194 1434 1263 apostolica,
1462 1203 1518 1248 et
1549 1193 1844 1263 plurimum
1871 1202 1992 1247 stu-

409 1290 556 1345 dium
585 1290 638 1342 in
690 1287 1034 1359 generalibus
1078 1287 1281 1358 vigiliis
1313 1285 1811 1356 pernoctationum.
1849 1284 1992 1352 Quo-

411 1383 560 1436 niam
596 1395 726 1437 vero
758 1395 878 1449 qua:
913 1390 1042 1433 ante
1071 1379 1186 1432 haec
1224 1379 1292 1432 ab
1325 1392 1390 1432 eo
1419 1376 1562 1433 facta
1591 1387 1738 1441 sunt,
1773 1392 1872 1431 nos
1909 1376 1989 1430 la-

410 1480 654 1532 tuerunt,
682 1470 748 1524 ab
785 1472 886 1524 hoc
927 1468 1280 1523 fundamento
1311 1467 1529 1521 initium
1569 1469 1834 1522 ducamus
1860 1481 1987 1521 ora-

412 1564 598 1619 tionis.
629 1561 728 1618 l-lic
755 1577 884 1633 ergo
910 1572 1131 1616 sanctus
1165 1571 1221 1616 et
1269 1562 1487 1616 divinus
1543 1560 1628 1615 vir
1682 1560 1988 1616 Auxentius

409 1653 646 1707 habebat
707 1662 962 1723 patruum
1021 1652 1268 1722 Byzantii
1334 1652 1387 1706 in
1431 1651 1679 1707 militiam
1737 1651 1987 1716 relatum,

409 1747 688 1816 optionem
750 1747 982 1800 muneri.
1015 1745 1186 1812 Quem
1223 1745 1510 1814 requirens
1540 1759 1663 1798 eum
1700 1745 1988 1799 ascendis-

2097 544 2422 614 τριακοστοῦ
2457 546 2730 614 πέμπτον,
2760 549 3040 622 ἀνεδείχθη
3095 568 3181 616 τις
3230 553 3526 619 Αὐξέντιος
3568 557 3690 612 ἑνό-

2100 647 2231 700 ματι
2259 632 2316 685 ἐν
2338 635 2404 704 τῇ
2427 635 2662 706 τετάρτῃ
2693 636 2855 710 σχολῇ
2909 641 3350 713 καταλεγόμενος
3387 647 3501 700 τῶν
3561 664 3690 717 γεν-

2097 723 2397 777 ναιοτάτων
2445 726 2542 778 καὶ
2597 728 2959 800 φιλοχρίστων
3011 734 3338 806 σχολαρίων,
3391 739 3456 790 ἐκ
3491 739 3690 807 γένους

2099 813 2200 884 μὲν
2237 816 2345 870 τῶν
2392 818 2490 888 ἀφ’
2520 819 2669 890 ἡλίου
2700 821 2999 890 ἀνατολῶν,
3030 825 3284 898 εὐσεϐείᾳ
3305 828 3364 883 δὲ
3397 831 3493 882 καὶ
3529 832 3690 904 πάσῃ

2097 908 2462 981 Χριστιανικῇ
2495 911 2713 982 παιδείᾳ
2751 913 3075 985 ἡγούμενος,
3107 915 3302 988 ῥώμην
3335 937 3397 973 τε
3428 920 3690 991 σώματνς

2098 997 2191 1049 καὶ
2217 1000 2469 1070 ἀνδρείαν
2523 1002 2708 1072 φέρων
2736 1005 2796 1058 ἐν
2840 1006 2919 1077 τῷ
2948 1006 3079 1061 εῖδει
3100 1025 3114 1038 ο
3146 1010 3241 1062 καὶ⁵
3274 1006 3406 1082 ἦθος
3437 1015 3685 1077 ἐπιεικὲς

2096 1089 2191 1140 καὶ
2233 1091 2441 1162 σφόδρα
2489 1093 2746 1163 ἐνάρετον
2777 1096 2835 1149 ἐν
2868 1099 2935 1168 τῇ
2969 1099 3385 1171 γνὼμῃ.δόγμα
3413 1103 3473 1156 δὲ
3528 1104 3686 1171 ὑγιὲς

2097 1182 2435 1252 κεκτημένος
2462 1184 2520 1236 ἐν
2552 1187 2619 1256 τῇ
2642 1185 2976 1262 ᾁποστολικῇ
3027 1191 3231 1258 πίστει,
3261 1194 3359 1249 καὶ
3417 1195 3686 1266 πλείστην

2099 1274 2336 1341 σπουδὴν
2382 1275 2441 1329 ἐν
2473 1279 2592 1341 ταῖς
2651 1279 2968 1344 καθολικαίς
2997 1282 3104 1335 τῶν
3137 1286 3481 1358 παννυχίδων
3509 1291 3686 1361 em».

2096 1365 2297 1428 πνίαις.
2333 1367 2485 1421 Ἐπεὶ
2509 1369 2603 1422 οὖν
2642 1371 2712 1424 τὰ
2757 1374 3163 1446 προγενέστερα
3209 1377 3378 1432 αὐτοῦ
3423 1380 3680 1450 δράματα

2096 1455 2318 1526 λέληθεν
2352 1459 2518 1529 ἡμᾶς,
2545 1461 2654 1514 ἀπὸ
2687 1463 2894 1533 ταύτης
2949 1465 3046 1536 τῆς
3101 1467 3414 1533 ὑποθέσεως
3468 1475 3682 1540 ποιησύο

2098 1545 2240 1615 μεθα
2273 1549 2364 1601 τὸν
2398 1548 2578 1617 λόγον.
2608 1544 2778 1615 Οὗτος
2806 1554 2833 1605 ὁ
2859 1553 3000 1624 ἀνὴρ
3048 1553 3174 1626 ἔσχε
3204 1557 3347 1610 θεῖον
3379 1559 3460 1618 είς
3487 1559 3548 1611 τὸ
3575 1561 3678 1612 Βυ-

2097 1637 2311 1702 ζάντιον
2335 1639 2394 1694 ἐν
2421 1642 2683 1713 στρατείᾳ
2713 1645 3149 1715 καταλεγόμενον
3188 1649 3416 1702 ὀπτίονα
3454 1651 3676 1722 Νουμέ-

2099 1748 2216 1800 ρου,
2243 1732 2302 1786 δν
2334 1733 2611 1804 ἐπιζητῶν
2635 1736 2843 1802 ἀναϐὰς
2867 1739 2977 1794 ἀπὸ
3000 1739 3227 1810 Συρίας,
3255 1743 3349 1796 καὶ
3374 1744 3451 1814 μὴ
3477 1745 3674 1815 εὑρὼν,

410 1850 496 1896 set
550 1855 615 1893 ex
670 1838 850 1910 Syria.
892 1848 949 1895 et
1003 1853 1108 1894 non
1159 1839 1794 1907 invenisset,propterca
1848 1837 1984 1906 quod

2093 1823 2180 1879 διὰ
2209 1824 2270 1878 τὸ
2319 1825 2882 1901 προτετελευτηκέναι
2928 1832 3332 1904 ἐστρατεύσατο
3364 1837 3670 1908 σχολάριος.

410 1933 561 2002 prius
603 1933 985 1997 discessisset,
1041 1931 1297 1987 militavit.
1349 1931 1640 1986 scholaris.
1681 1929 1814 1986 Cum
1861 1945 1992 2001 ergo

411 2037 558 2082 esset
587 2026 640 2080 in
670 2028 918 2079 exercitu
966 2024 1220 2096 insignis,
1253 2025 1569 2094 frequenter
1604 2026 1769 2079 etiam
1805 2039 1991 2078 versa-

412 2118 574 2171 batur
636 2132 758 2171 cum
791 2117 858 2171 iis
896 2131 1128 2187 quorum
1181 2117 1562 2171 celebrabatur
1584 2116 1907 2170 exercitatio
1935 2124 1991 2170 et

412 2209 588 2261 virtus
619 2225 633 2260 :
661 2209 900 2262 maxime
926 2220 1108 2262 autem
1132 2223 1252 2278 cum
1285 2211 1516 2276 quodam
1553 2206 1766 2261 Joanne
1802 2222 1991 2261 mona-

309 2288 312 2292 ’
408 2301 532 2361 cbo,
551 2301 648 2368 qui»
665 2315 830 2370 prope
844 2301 1178 2356 Hebdomum
1205 2301 1280 2369 (5)
1300 2301 1480 2354 stabat
1497 2300 1550 2354 in
1576 2300 1746 2355 Clnbo
1769 2298 1869 2370 (4).
1895 2315 1992 2354 cu-

404 2392 494 2461 jus
513 2393 678 2446 etiam
705 2393 947 2463 vestigiis
973 2392 1276 2458 insistebat,
1307 2402 1561 2462 tanquam
1589 2393 1742 2446 miles
1763 2392 1986 2457 Christi,

411 2483 571 2537 simul
599 2499 721 2538 cum
755 2484 1016 2554 quodam,
1049 2484 1140 2553 qui
1166 2483 1464 2538 vocabatur
1495 2483 1673 2550 Scias,
1693 2485 1810 2538 viro
1840 2485 1988 2539 omni

410 2592 476 2631 cx
514 2585 666 2646 parte
699 2577 944 2641 honesto,
977 2586 1030 2630 et
1068 2574 1366 2642 Marciano,
1389 2575 1482 2643 qui
1514 2586 1643 2629 tunc
1671 2585 1791 2629 erat
1820 2574 1989 2630 laicus

412 2673 576 2720 secta:
635 2665 1085 2727 Novatianorum,
1135 2665 1278 2719 haud
1309 2666 1382 2719 ita
1409 2664 1578 2720 multo
1609 2673 1732 2732 post
1759 2677 1986 2720 mortem

413 2758 602 2812 unitus
632 2755 736 2810 fuit
769 2755 1025 2811 Ecclesia:
1058 2756 1370 2824 Catholica,
1409 2767 1464 2811 et
1497 2756 1675 2812 factus
1704 2756 1806 2812 fuit
1841 2771 1989 2811 ceco-

412 2863 606 2902 nornus
631 2848 990 2904 sanctissimae
1021 2847 1224 2920 Magnae
1265 2850 1510 2905 ecclesia:
1533 2850 2011 2920 Cnnstantinopo-I

409 2940 592 2994 litans:
620 2955 635 3004 ;
663 2950 716 2993 et
745 2941 1002 2993 Authimo
1036 2941 1150 2994 viro
1206 2955 1403 3010 magno
1452 2950 1506 2996 et
1550 2939 1861 2995 admirabili
1894 2941 1986 3010 qui

412 3041 540 3086 tunc
560 3041 680 3086 erat
706 3032 1025 3087 ordinarius
1053 3033 1296 3088 dccanus
1336 3033 1504 3087 divini
1549 3018 1758 3103 palatii,
1792 3029 1988 3088 deinde

409 3123 590 3178 factus
635 3125 740 3178 fuit
789 3125 1074 3189 diaconus,
1137 3132 1192 3179 et
1234 3133 1421 3194 postea
1467 3125 1630 3179 etiam
1685 3126 1985 3196 presbyter,

409 3215 503 3284 qui
543 3217 705 3272 etiam
740 3227 855 3286 post
883 3215 1166 3270 decessum
1189 3230 1376 3270 eorum
1399 3218 1489 3286 qui
1518 3217 1668 3284 prius
1694 3217 1821 3271 dicti
1840 3227 1982 3280 sunt,

410 3306 646 3369 ornavit,
678 3315 735 3360 et
789 3321 912 3360 cum
947 3305 1132 3361 laetitia
1170 3307 1222 3360 in
1257 3308 1472 3376 hymnis
1506 3319 1561 3363 et
1591 3308 1839 3370 canticis.
1892 3323 1987 3376 per

409 3399 611 3453 choros
678 3397 920 3452 virorum
957 3407 1012 3453 et
1069 3398 1380 3464 mulierum,
1413 3400 1712 3455 celebravit
1764 3401 1984 3454 easdem

411 3490 872 3558 pernoctationes,
900 3490 1100 3560 quibus
1127 3491 1403 3545 assidebat
1443 3490 1636 3546 beatus
1659 3493 1983 3547 Auxentius.

412 3563 483 3634 Ut
520 3579 810 3647 plurimum
837 3588 1016 3635 autem
1044 3581 1204 3636 ambo
1238 3579 1400 3636 simul
1437 3583 1908 3652 congregabantur
1932 3583 1982 3636 in

411 3671 616 3728 Sancta
653 3672 831 3738 lrene,
860 3687 979 3742 qua:
999 3673 1102 3726 sita
1133 3682 1218 3727 est
1246 3675 1313 3728 ad
1350 3689 1522 3739 mare,
1548 3674 1695 3728 humi
1719 3677 1984 3730 cubantes

407 3772 465 3818 et
523 3762 827 3832 vigilantes,
884 3772 940 3819 et
970 3761 1149 3818 fontes
1197 3763 1557 3835 lacrymarum
1614 3763 1980 3830 eﬂ‘undentes,

406 3865 820 3924 perseverantes
848 3857 901 3908 in
924 3855 1148 3926 jejuniis
1178 3864 1231 3910 et
1261 3854 1625 3910 orationibus.

471 3938 566 4001 'lll.
595 3947 733 4001 Cum
763 3963 892 4018 ergo
939 3949 1171 4016 quodam
1224 3948 1309 4002 die
1348 3961 1470 4000 cum
1523 3946 1606 4001 eis
1659 3946 1900 4003 venisset
1930 3949 1982 4004 in

407 4054 571 4094 unam
595 4039 1101 4109 congregationem,
1130 4049 1421 4108 antequam
1481 4039 1746 4108 inciperet
1781 4040 1985 4110 glorifi-

407 4133 699 4197 calionem,
729 4143 892 4187 noctu
927 4133 1016 4187 siti
1042 4147 1166 4186 eum
1218 4141 1471 4199 vexante,
1503 4147 1698 4201 aquam
1731 4134 1887 4202 petiit
1917 4136 1984 4189 ab

407 4235 517 4274 uno
579 4236 646 4277 ex
705 4222 1023 4276 ministris:
1067 4221 1159 4292 qui
1196 4218 1447 4278 currens
1505 4224 1558 4278 in
1618 4223 1981 4291 diaconieum,

405 4313 539 4370 dicit
568 4327 876 4382 oeconomo,
908 4313 1188 4370 dominum
1229 4315 1561 4372 Auxentium
1597 4331 1719 4372 cum
1759 4317 1984 4387 reliquis

404 4403 540 4458 viris
571 4404 730 4458 bonis
760 4415 946 4474 petere
975 4414 1180 4473 potum.
1214 4401 1407 4460 Jussus
1437 4421 1566 4475 ergo
1603 4406 1656 4460 in
1689 4422 1819 4462 vase
1844 4415 1982 4462 tem—

2093 1916 2423 1986 Διαπρίπων
2456 1917 2532 1972 ὢν
2555 1921 2616 1973 ἐν
2645 1923 2711 1992 τῇ
2745 1923 3004 1994 στρατείᾳ
3032 1925 3125 1977 καὶ
3176 1929 3291 1989 τοῖς
3344 1929 3403 1980 ἐν
3440 1929 3669 1999 ἀσκήσει

2092 2010 2188 2063 καὶ
2220 2011 2389 2082 ἀρετῇ
2463 2013 2811 2084 περιϐοήτοις
2867 2005 3185 2085 ἐσύχναζεν,
3235 2020 3536 2089 ἐξαιρέτως
3571 2024 3673 2091 μεὶ-

2091 2101 2249 2154 λιστα
2293 2104 2515 2178 Ἰωάννῃ
2563 2106 2669 2160 τινὶ
2715 2109 2954 2180 μοναχῷ,
2993 2111 3224 2180 πλησίον
3258 2113 3355 2166 τοῦ
3405 2115 3671 2188 Ἐὁδόμου

2091 2193 2287 2246 ἑστῶτι
2318 2196 2377 2248 ἐν
2407 2197 2659 2268 Κλουὸᾠ,
2688 2194 2750 2253 οὗ
2779 2201 2900 2254 κατ’
2950 2203 3096 2270 ίχνος
3157 2203 3406 2258 ὲῦἀδισεν
3435 2209 3466 2260 ὁ
3510 2224 3670 2280 στρα-

2089 2290 2288 2358 τιώτης
2317 2289 2413 2342 τοῦ
2439 2291 2699 2363 Χριστοῦ.
2736 2293 2891 2362 ’Ἅμα
2913 2291 3008 2349 οὖν
3039 2296 3170 2352 Σιτᾶ
3189 2315 3294 2351 τινι
3317 2300 3466 2355 οὕτω
3501 2318 3669 2372 προσο

2090 2383 2494 2453 αγορευομένῳ,
2531 2384 3109 2459 ἀνδρὶπανσέμνῳτὰ
3139 2392 3342 2457 πάντα,
3389 2397 3487 2446 καὶ
3522 2397 3670 2465 Μαρ-

2092 2473 2266 2543 κιανῲ
2295 2473 2377 2544 τῷ
2403 2475 2706 2544 τηνικαῦτα
2732 2476 2906 2546 λα’ίκῷ
2936 2479 3049 2532 ὄντι
3078 2481 3177 2549 τῆς
3209 2482 3320 2537 τῶν
3349 2485 3669 2540 Ναυτιανῶν

2092 2566 2411 2638 θρησκείας,
2441 2568 2560 2638 μετ’
2578 2570 2638 2623 οὐ
2675 2571 2812 2624 πολὺ
2841 2573 2900 2626 δὲ
2939 2576 3004 2644 τῇ
3035 2577 3300 2649 καθολικῇ
3327 2582 3514 2633 πίστει
3543 2584 3669 2635 ἐνω-

2091 2659 2236 2713 θέντι
2281 2658 2378 2713 καὶ
2412 2659 2511 2729 τὴν
2557 2662 2872 2731 οἰκονομίαν
2911 2665 3012 2730 τῆς
3063 2666 3380 2739 ἁγιωτάτης
3412 2672 3669 2740 Μεγάλης

2091 2751 2386 2820 ἐκκλησίας
2425 2752 3050 2820 Κωνσταντινουπόλεως
3095 2759 3544 2828 ἐμπιστευθέντι,
3575 2766 3668 2818 καὶ

2103 2841 2342 2912 Ἀνθίμῳ
2363 2840 2438 2912 τῷ
2461 2843 2684 2913 μεγάλῳ
2705 2845 2799 2897 καὶ
2821 2845 3118 2916 θαυμαστῷ
3139 2849 3296 2920 ἀνδρὶ
3317 2852 3440 2905 τότε
3462 2853 3667 2926 δεκὰνῳ

2088 2933 2202 2988 δντι
2235 2936 2292 2988 ἐν
2318 2936 2514 3006 ὀρδίνῳ
2539 2937 2633 2989 τοῦ
2653 2935 2800 2990 θείου
2821 2939 3105 3008 παλατίου,
3128 2942 3320 2998 ἔπειτα
3351 2946 3408 2998 δὲ
3437 2947 3666 3018 διακόνῳ

2089 3028 2356 3096 γεγονότι,
2397 3027 2585 3082 λοιπὸν
2605 3030 2662 3084 δὲ
2687 3034 2783 3085 καὶ
2814 3033 3195 3106 πρεσϐυτέρῳ,
3253 3037 3332 3106 τῷ
3363 3040 3460 3092 καὶ
3506 3057 3666 3095 καταο

2089 3119 2431 3190 κοσμήσαντι
2451 3122 2592 3192 μετὰ
2615 3123 2716 3196 τὴν
2742 3125 3075 3194 μετάστασιν
3101 3127 3210 3180 τῶν
3225 3145 3459 3202 προειρη
3470 3133 3662 3202 μένων.

2089 3214 2184 3267 καὶ
2216 3214 2570 3286 φαιδρύναντι
2598 3220 2656 3272 ὲν
2684 3221 2803 3282 ταῖς
2825 3221 3124 3292 ὑμνῳδίαις
3144 3223 3231 3276 διὰ
3259 3226 3437 3294 χορῶν
3460 3229 3662 3297 ἀνδρῶν

2086 3320 2147 3356 τε
2206 3306 2298 3358 καὶ
2332 3307 2610 3374 γυναικῶν
2659 3309 2759 3372 τὰς
2789 3311 2964 3375 αὐτὰς
2997 3312 3329 3382 παννυχίδας
3365 3311 3455 3378 αἷς
3499 3334 3665 3388 προσ-

2087 3396 2320 3467 ήδρυσεν
2376 3399 2406 3452 ὁ
2460 3399 2734 3470 μακάριος
2788 3401 3102 3468 Δύξέντιος.
3162 3405 3244 3458 Τὰ
3277 3406 3333 3459 δὲ
3359 3407 3588 3480 πλείστα⁵
3617 3412 3662 3462 οἱ

2086 3488 2387 3558 ἀμφότεροι
2431 3491 2490 3543 ἐν
2545 3494 2612 3564 τῇ
2653 3491 2809 3565 Ἀγίᾳ
2850 3493 3053 3566 Εἰρήνη
3105 3499 3171 3567 τῇ
3208 3499 3361 3568 παρὰ
3392 3499 3664 3554 θάλασσαν

2087 3577 2183 3630 ἐπὶ
2207 3579 2266 3632 τὸ
2292 3580 2422 3633 αὐτὸ
2450 3583 2871 3653 συνηθροίζοντο
2903 3587 3308 3655 χαμευνοῦντες
3349 3592 3448 3643 καὶ
3497 3595 3663 3663 (typu-

2088 3671 2371 3740 πνοῦντες,
2433 3674 2688 3748 δακρύων
2733 3678 2917 3748 πηγὰς
2946 3680 3251 3750 ἐκχέοντες,
3299 3684 3360 3737 ἐν
3390 3687 3660 3755 νηστείαις

2085 3769 2180 3820 καὶ
2210 3767 2394 3839 εὐχαῖς
2423 3767 2820 3836 διατελοῦντες.

2157 3939 2230 3995 I".
2262 3941 2479 4004 Φθὰσας
2502 3943 2684 3997 τοίνυν
2713 3946 2810 3998 σὺν
2832 3946 3014 4011 αὐτοῖς
3036 3949 3094 4001 ἐν
3122 3952 3222 4022 μιᾷ
3250 3953 3360 4006 τῶν
3394 3957 3657 4022 συνάξεων

2088 4031 2194 4097 πρὸ
2235 4030 2328 4084 τοῦ
2377 4035 2753 4105 κατάρξασθαι
2787 4038 2888 4109 τῆς
2923 4040 3253 4112 δοξολογίας,
3285 4049 3342 4101 ἐν
3381 4053 3448 4120 τῇ
3485 4051 3658 4106 διανυ-

2086 4122 2368 4192 κτερεύσει
2396 4123 2556 4195 δίψης
2601 4128 2752 4198 αὑτῷ
2815 4132 3286 4206 παρενοχλούσης,
3331 4140 3538 4210 ᾔτησεν
3575 4145 3658 4196 εὖ·

2085 4232 2287 4286 κρατον
2309 4218 2440 4289 παρ’
2463 4219 2581 4282 ἐνὸς
2619 4221 2727 4274 τῶν
2782 4223 3094 4295 ὑπηρετῶν.
3135 4229 3196 4281 Ὀ
3246 4230 3304 4283 δὲ
3352 4235 3657 4307 εἰσδραμὼν

2086 4309 2146 4362 ἐν
2193 4310 2272 4380 τῷ
2323 4311 2620 4382 διακονικῷ
2673 4315 2753 4379 τῷ
2799 4319 3069 4390 οἰκονόμῳ
3117 4325 3324 4394 φησίν·
3378 4329 3472 4382 τὸν
3505 4331 3654 4402 κύριν

2085 4402 2373 4468 Λύξέντιον
2405 4405 2501 4458 σὺν
2534 4408 2648 4468 τοῖς
2673 4406 2880 4471 λοιποῖς
2915 4412 3227 4474 σπουδαίοις
3267 4417 3424 4488 πόμα
3463 4425 3652 4477 αἰτεῖν.

405 4509 596 4564 perare
623 4496 813 4550 vinum
847 4495 1266 4561 benedictionis,
1306 4497 1374 4551 ad
1419 4511 1544 4552 eum
1585 4498 1790 4552 attulit.
1815 4499 1976 4553 Post-

2099 4495 2454 4568 Ἐπιτραπεὶς
2500 4496 2596 4552 οὖν
2645 4501 2747 4570 τῆς
2805 4502 3058 4572 εὐλογίας
3110 4502 3255 4562 οἶνον
3293 4515 3655 4585 συνεκέρασεν

403 4601 565 4656 quam
631 4598 812 4642 autem
872 4587 924 4643 id
959 4589 1171 4659 accepit
1223 4588 1602 4657 magnanimus
1651 4589 1981 4658 Auxentius,

403 4682 484 4735 ori
512 4681 812 4736 admovens
849 4680 1040 4736 refecit
1075 4680 1384 4736 naturalem
1405 4680 1526 4735 sitis
1553 4683 1932 4737 necessitatem
1965 4700 1978 4738 :

400 4779 458 4828 et
486 4772 566 4826 sic
619 4773 769 4840 prius
801 4770 947 4826 dicto
964 4772 1052 4841 pio
1083 4769 1390 4832 Marciano,
1425 4769 1516 4837 qui
1573 4772 1827 4837 petierat,
1861 4773 1982 4827 reli-

401 4883 565 4938 quum
598 4870 841 4923 tradidit.
873 4867 970 4923 llle
1009 4881 1138 4923 vero
1165 4881 1286 4922 cum
1334 4865 1507 4921 labris
1542 4867 1896 4935 admovisset,
1927 4879 1982 4924 et

401 4961 664 5014 sensisset
688 4974 808 5014 esse
836 4963 1044 5024 vinum,
1070 4973 1212 5029 aegre
1246 4957 1446 5024 ferens,
1473 4959 1616 5028 quod
1654 4969 1848 5029 praeter
1866 4975 1979 5015 mo—

401 5066 516 5105 rem
555 5052 679 5107 talis
715 5061 875 5120 potus
921 5061 1070 5107 esset
1123 5051 1202 5105 eis
1233 5051 1451 5116 ailatus,
1489 5053 1740 5122 proximo
1791 5068 1976 5108 vocem

398 5142 621 5196 emisit:
657 5141 852 5197 Vinum
884 5153 990 5204 est,
1034 5157 1066 5198 0
1112 5140 1302 5200 frater.
1337 5143 1670 5201 Memoratus
1711 5155 1891 5202 autem
1926 5148 1976 5201 ei

399 5232 533 5287 dicit
574 5233 876 5294 Auxentius
916 5253 930 5290 :
969 5233 1047 5292 Ne
1068 5251 1212 5308 :egre
1239 5235 1404 5304 feras,
1431 5239 1628 5308 inquit,
1653 5239 1748 5295 Dei
1783 5243 1924 5296 dona
1955 5256 1970 5306 ;

2091 4588 2276 4643 σκεύει
2305 4591 2401 4644 καὶ
2431 4591 2745 4662 ἀπήγαγεν.
2791 4593 2877 4656 Ὠς
2904 4595 2960 4648 δέ
2993 4597 3212 4662 ἐδέξατο
3241 4602 3270 4654 ὀ
3301 4607 3655 4678 μεγαλόφρων

2087 4679 2400 4748 Αύξέντιος,
2438 4683 2516 4754 τῷ
2543 4684 2771 4754 στόματι
2805 4689 3191 4758 προσαγαγὼν,
3224 4695 3325 4764 τὴν
3350 4698 3415 4749 ἐκ
3444 4702 3653 4766 φύσεως

2088 4774 2188 4842 τῆς
2219 4772 2378 4844 δίψης
2415 4774 2662 4848 ἀνάγκην
2695 4775 2884 4832 ίάσατο
2906 4794 2920 4808 ’
2960 4783 3055 4834 καὶ
3097 4781 3276 4848 οὕτως
3312 4786 3391 4857 τῷ
3417 4795 3652 4862 προρρη-

2089 4863 2235 4919 θέντι
2257 4865 2499 4936 θεοφιλεῖ
2519 4869 2824 4941 Μαρκιανῷ
2851 4874 3137 4944 αἰτήσαντι
3169 4878 3230 4930 τὸ
3259 4878 3451 4936 λοιπὸν
3480 4887 3651 4938 ἐπιδέ-

2085 4956 2281 5048 δωκενἸ
2335 4958 2393 5012 '0
2415 4960 2470 5012 δὲ
2499 4962 2868 5032 προσαγαγὼν
2901 4968 3016 5030 τοῖς
3045 4969 3252 5038 χείλεσι
3279 4975 3375 5028 καὶ
3401 4977 3655 5048 αἰσθόμε-

2087 5067 2176 5114 νος
2239 5046 2383 5106 οἶνον
2429 5048 2570 5109 εῖναι
2599 5097 2616 5122 ,
2675 5059 3089 5129 ἀγανακτήσας,
3123 5064 3206 5117 ὅτι
3257 5069 3411 5137 παρά
3441 5071 3502 5122 τὸ
3540 5046 3655 5135 ἐθος

2085 5145 2327 5199 τοιοῦτον
2359 5147 2542 5210 αὐτοῖς
2581 5152 2926 5223 προσηνέχθη
2979 5156 3166 5220 ποτὸν,
3197 5161 3384 5229 φωνὴν
3447 5163 3655 5233 ἀφῆκεν

2084 5234 2162 5305 τῷ
2191 5235 2421 5308 πλησίον
2441 5253 2456 5268 ·
2483 5236 2640 5303 Οἷνὸς
2663 5242 2831 5308 ἐστιν,
2857 5244 3074 5315 ἀδελφέ.
3105 5249 3212 5300 Καὶ
3233 5250 3298 5321 δὴ
3333 5252 3469 5323 πρὸς
3496 5258 3655 5310 αὐτὸν

472 5416 549 5490 (1)
578 5421 682 5500 An.
709 5420 841 5478 Chr.
868 5420 993 5488 442,
1026 5393 1162 5478 Nam
1197 5423 1437 5480 Arcadio
1481 5427 1626 5496 patri
1683 5441 1826 5485 anno
1863 5425 1970 5481 408
2073 5436 2129 5482 et
2161 5425 2574 5500 Protectoribns
2605 5430 2841 5500 primum
2879 5435 3133 5492 instituti.

399 5499 688 5546 successit.

2151 5499 2228 5570 (5)
2253 5500 2346 5581 .De
2371 5499 2653 5581 Hebdomo
2676 5506 2936 5581 suburbio
2967 5509 3538 5581 Constantinopoleos,
3562 5516 3650 5572 ubi

927 5563 1259 5654 emelilitite
1294 5567 1485 5654 peritis
1518 5567 1975 5654 ‘exercitatisque
2076 5559 2415 5654 Theodosius
2474 5569 2700 5654 blitﬁtl‘tl-S
2754 5559 3650 5654 dippingsitdiﬁ'dﬁ'iiﬁihﬁfé

397 5634 944 5722 prminiiﬂlocoseligi
972 5634 1243 5722 solebant,
1275 5634 1330 5693 ut
1354 5637 1408 5691 in
1445 5637 1564 5722 aula
1600 5634 1974 5722 versarentur,
2076 5641 2378 5722 eastruxit,
2412 5642 2523 5722 agit
2551 5634 2745 5698 Cillius
2778 5634 2880 5700 lib:
2898 5661 2954 5702 tv
2991 5634 3376 5722 Topographile
3392 5634 3648 5712 63:35};

399 5716 566 5772 atque
593 5703 973 5776 imperatorem
1006 5707 1058 5759 in
1088 5707 1370 5776 publicum
1413 5709 1769 5776 prodeuntem
1796 5703 1974 5776 comi-

401 5770 734 5841 tarentur,'a
775 5775 1049 5832 Gordiano
1076 5770 1300 5833 Iuniore
1339 5770 1443 5834 una
1503 5791 1623 5833 cum
1655 5770 1980 5844 Candidatis

2084 5709 2276 5779 tinop.,
2310 5725 2432 5779 cap.
2457 5709 2521 5768 ⁷⁷4.

2159 5778 2238 5848 (4)
2267 5778 2539 5852 Sigillum,
2571 5797 2722 5854 pera,
2755 5783 3074 5844 claustrum.
