3820 6458
190 353 353 421 1381'

1468 355 1646 416 VlTA
1680 354 1740 413 S.
1784 351 2194 419 AU-XENTII.

3319 355 3465 422 1382

187 475 219 524 ὁ
262 469 695 540 μνημονευθείς’
757 470 851 541 Μὴ
903 469 1250 542 δυσχέραινε,
1298 469 1485 542 φησὶν,
1540 471 1636 524 ἐπὶ
1665 471 1783 532 ταῖς

1902 483 2017 524 nam
2051 484 2154 525 nos
2205 466 2424 539 quidem
2479 482 2676 539 aquam
2711 466 2984 539 petiimus.
3017 467 3111 524 Sin
3142 478 3323 526 autem
3357 471 3464 527 Do-

192 562 300 616 τοῦ
363 561 500 615 Θεοῦ
567 562 818 632 δωρεαῖς.
867 561 1055 631 Ἡμεῖς
1094 562 1192 631 μὲν
1236 560 1346 633 γὰρ
1382 560 1533 632 ’ύδωρ
1569 561 1779 633 ᾐτήσα-

192 636 328 717 ῖιεν,
351 648 473 701 εἰδὲ
495 650 523 701 ὁ
539 649 822 718 Δεσπότης
851 643 995 702 οἶνον
1015 649 1434 719 ἁντιπαρέσχεν,
1456 650 1782 721 εὐχαριστή-

203 756 393 811 σιυμεν
419 741 514 794 καὶ
542 740 619 811 μὴ
636 742 1115 815 ἀγανακτήσωμεν
1135 759 1149 773 ·
1182 744 1277 796 καὶ
1300 744 1410 814 γὰρ
1428 744 1485 796 ὲν
1514 744 1592 814 τῷ
1620 745 1783 813 γάμῳ

118 821 129 826 ’
195 829 491 900 λείψαντπ
550 832 697 884 οἴνου
722 832 783 885 τὸ
810 831 955 904 ὕδωρ
989 833 1081 885 διὰ
1102 833 1204 903 τῆς
1230 833 1424 888 ἑαυτοῦ
1448 834 1671 905 χάριτος
1703 834 1782 895 εἰς

195 919 347 975 οἶνον
367 921 723 994 μετεποίηθη.
752 922 938 987 Οὕτως
965 926 993 978 ὁ
1021 925 1119 995 μὲν
1142 925 1244 997 τὴν
1269 926 1580 995 ἀκρίϐειαν.
1610 941 1782 994 προσ-

198 1014 371 1080 ούσης
428 1017 614 1079 αὐτοῖς
667 1016 1017 1086 ἐγκρατείας,
1077 1020 1228 1072 ἄκων
1281 1019 1619 1084 ἐπεδείξατο,
1670 1015 1785 1070 οδε

198 1108 296 1157 τὸν
317 1106 487 1173 τύφον
515 1107 615 1174 τῆς
636 1105 945 1170 κενοδοξίας
970 1105 1113 1159 ἑκὼν
1143 1109 1555 1176 κατεπάτησεν.

214 1206 220 1217 ’
275 1199 351 1253 Δ⁸.
394 1198 617 1268 Πτωχόν
659 1198 716 1251 δὲ
759 1199 923 1253 πάλιν
961 1200 1152 1254 ἑαυτόν
1175 1218 1260 1263 τις
1289 1200 1649 1270 ἐπαγγέλλων
1671 1199 1786 1255 τῶν

203 1289 493 1358 ἑπομένων
518 1290 824 1344 σπουδαίων
851 1290 928 1344 δι”
948 1291 1112 1363 ὄχλου
1139 1293 1349 1366 ἐγίνετο
1380 1294 1459 1365 τῷ
1500 1293 1785 1366 μακαρίτῃ

203 1380 501 1450 Δύξεντίῳ,
537 1382 649 1433 τῶν
697 1380 925 1450 χρωτῶν
956 1381 1123 1434 αὐτοῦ
1166 1364 1603 1453 σαρκοκαλυμμα
1634 1383 1791 1436 εὐλο-

204 1470 336 1541 γίας
364 1473 528 1543 χάριν
561 1472 655 1524 κλὶ
690 1472 883 1537 πενίας
933 1472 1182 1539 ἐξαιτῶν.
1227 1477 1338 1528 Καὶ
1358 1474 1424 1547 δὴ
1459 1475 1593 1545 πρὸς
1622 1475 1789 1529 αὐτόν

209 1581 377 1632 φησιν
398 1579 412 1592 ⁶
453 1561 640 1629 Εὖξαι,
686 1563 775 1618 ἵνα
831 1566 859 1617 ὁ
894 1567 1098 1637 Κύριος
1127 1566 1341 1638 πέμψῃ,
1385 1568 1480 1621 καὶ
1509 1567 1653 1638 λήψῃ
1677 1585 1691 1599 ’
1723 1567 1787 1620 οὒ

209 1655 324 1727 γὰρ
364 1652 432 1727 ἢν
486 1657 635 1726 αὐτῷ
688 1658 753 1711 ὲκ
803 1661 1127 1729 περιουσίας
1163 1661 1558 1729 ἀμφιάσματα.
1609 1661 1698 1714 διὰ
1727 1661 1789 1714 τὸ

213 1744 431 1798 ᾶπαντα
459 1745 527 1799 τὰ
558 1746 911 1816 ἐμπίπτοντα
939 1746 1089 1820 αύτῷ
1110 1754 1222 1813 τοῖς
1253 1751 1451 1821 πένησι
1490 1750 1781 1806 διαδοῦναι.

1888 563 2068 616 minus
2107 561 2364 617 Christus
2402 561 2520 631 ejus
2579 560 2700 617 loco
2734 562 2917 615 vinum
2967 561 3219 631 prabuit,
3257 566 3463 635 gratias

1888 667 2140 722 agamus.
2162 661 2218 709 et
2273 667 2341 709 ne
2378 668 2520 726 agre
2573 651 2833 709 feramus.
2878 653 3093 709 Etenim
3120 669 3242 709 cum
3273 657 3459 712 vinum

1887 744 2177 799 defecisset
2199 744 2252 799 in
2276 746 2511 815 nuptiis,
2543 759 2642 813 per
2663 760 2810 801 suam
2837 747 3072 816 gratiam
3103 762 3299 816 aquam
3334 764 3455 803 mu-

1893 837 2107 895 tavit,in
2138 837 2323 890 vinum
2353 837 2395 890 ³.
2432 837 2523 892 Sic
2549 836 2686 893 alter
2726 839 2942 907 quidem
2973 840 3212 894 ostendit
3263 841 3464 895 invitus

1890 926 2210 996 perfectam,
2240 942 2360 995 quae
2390 928 2439 983 ci
2472 930 2683 995 aderat,
2706 930 3090 985 abstinentiam
3119 944 3135 984 :
3168 931 3307 987 alter
3333 946 3464 988 vero

1891 1018 2062 1074 libens
2091 1020 2429 1093 conculcavit
2453 1019 2652 1076 fastum
2687 1036 2838 1076 vanae
2871 1021 3077 1093 glorize.

1963 1193 2052 1251 iV.
2078 1195 2285 1251 Rursus
2301 1196 2720 1270 autem|quidam
2742 1213 2804 1255 ex
2825 1200 2956 1257 viris
2985 1200 3139 1256 bonis
3155 1201 3248 1271 qui
3272 1218 3462 1275 seqnes

1891 1288 2112 1355 bantur,
2146 1302 2205 1342 se
2233 1304 2527 1358 pauperem
2556 1303 2675 1344 esse
2704 1289 3037 1359 significans,
3064 1292 3324 1348 molestus
3344 1303 3466 1347 erat

1891 1377 2053 1435 beato
2084 1378 2380 1444 Auxentio,
2416 1393 2607 1448 petens
2626 1381 2695 1434 ab
2736 1395 2805 1434 eo
2829 1380 3101 1435 indusium
3128 1382 3470 1437 benedictio-

1895 1471 1980 1524 nis
2008 1474 2183 1541 gratia
2207 1481 2264 1526 et
2306 1474 2671 1541 paupertatis.
2701 1471 2751 1527 Is
2782 1488 2915 1529 vero
2956 1474 3160 1529 dicitei
3187 1490 3202 1529 :
3234 1472 3363 1541 Ora,
3411 1482 3469 1529 ut

1894 1563 2158 1618 Dominus
2209 1564 2409 1628 mittat,
2444 1577 2497 1620 et
2536 1580 2567 1619 a
2602 1581 2688 1621 me
2741 1567 3005 1636 accipies.
3043 1566 3159 1621 Non
3203 1569 3349 1623 enim
3377 1583 3472 1623 su-

1893 1663 2218 1726 peraverant
2241 1656 2290 1711 ei
2322 1656 2672 1723 vestimenta,
2704 1668 2989 1730 propterea
3029 1659 3175 1728 quod
3204 1673 3469 1727 qua-cun-

1895 1760 2000 1816 que
2021 1745 2077 1800 in
2116 1760 2240 1802 eum
2272 1747 2606 1810 incidebant,
2635 1747 2792 1802 daret
2831 1750 3182 1818 pauperibus.
3215 1748 3308 1803 lilc
3337 1764 3470 1805 vero

228 1834 289 1888 '0
308 1835 367 1888 δὲ
386 1837 485 1904 τῆς
520 1838 873 1909 ὑποσχέσεως
902 1841 978 1905 ὠς
1002 1841 1354 1913 γραμματίον
1379 1842 1788 1913 ἐπιλαϐόμενος,

1902 1836 2310 1908 promissionem
2332 1839 2606 1908 arripiens
2625 1847 2877 1909 tanquam
2899 1841 3235 1906 schedulam,
3251 1841 3472 1897 assidue

213 1927 613 1998 ἀκαταλήκτως
647 1931 744 2001 τὴν
778 1933 1075 2003 ἀπαίτησιν
1104 1935 1359 1988 ὲποιεῖτω
1390 1935 1514 1989 ὃθεν
1541 1936 1634 1991 ἐπὶ
1656 1937 1792 1991 πολὺ

216 2018 717 2089 παρενοχλούμενος
733 2024 790 2076 ὲν
809 2024 911 2095 μιᾷ
925 2025 1135 2096 ἑσπέρᾳ
1154 2025 1317 2082 πάλιν
1335 2045 1408 2080 πα
1418 2029 1464 2099 ρ’
1481 2029 1646 2083 αὑτοῦ
1665 2029 1796 2082 ὐπο-

220 2110 506 2180 μνησθεὶς,
532 2112 722 2183 Δεῦρο,
753 2115 941 2183 φησὶν,
970 2116 1193 2186 aesaes,
1261 2121 1322 2172 ὲν
1374 2121 1617 2192 εὐκαίρῳ
1643 2121 1794 2188 τόπῳ

217 2202 634 2274 ἀποληψόμενος
658 2209 758 2276 τὴν
813 2209 1031 2280 αἴτησιν
1068 2214 1163 2264 καὶ
1191 2211 1552 2269 ἀπαλλάττων
1589 2232 1656 2285 με
1696 2216 1797 2286 τῆς

213 2293 469 2365 τοιαύτης
501 2299 891 2366 περιστάσεως.
919 2302 1008 2364 Ὡς
1028 2302 1087 2355 δὲ
1112 2304 1417 2375 ἀποκρύφῳ
1440 2307 1592 2378 τόπῳ
1614 2307 1795 2375 ἐγενε-

216 2403 302 2448 το,
320 2387 459 2458 ὅπερ
475 2391 713 2459 ἢμφίετο
736 2393 1012 2463 στιχάριον
1033 2394 1441 2463 ἀποδυσάμενος
1454 2395 1684 2451 δέδωκεν
1704 2399 1800 2450 αύ-

217 2474 301 2545 τῷ
337 2479 428 2531 καὶ
458 2478 525 2530 ἐκ
559 2477 653 2533 τοῦ
693 2481 939 2548 φεὶονίου
972 2482 1135 2551 μόνον
1153 2483 1361 2553 διῆγεν.
1388 2485 1498 2537 Καὶ
1532 2492 1668 2553 μετὰ
1699 2487 1797 2557 τὴν

219 2566 549 2635 ὑμνολογιαν
603 2570 1037 2642 ἀναχωρούντων
1066 2574 1416 2645 ἀμφοτέρων,
1448 2575 1646 2645 ᾔσθετο
1700 2577 1795 2630 τοῦ

216 2654 497 2728 δράματος
543 2664 572 2713 ὁ
623 2663 885 2731 ἀνωτέρω
939 2665 1272 2735 προρρηθεὶς
1302 2667 1502 2737 εὐήθης
1529 2669 1668 2738 ἀνὴρ
1704 2672 1797 2723 καὶ

218 2746 373 2814 λέγει
395 2748 546 2819 αύτῷ
566 2766 581 2781 ο
616 2751 774 2805 Πᾶσὰ
807 2768 901 2823 σου
924 2755 958 2823 ή
990 2754 1241 2807 πολιτεία
1260 2755 1356 2809 καὶ
1387 2758 1418 2827 ἡ
1445 2758 1633 2828 ἀγάπη
1656 2756 1795 2829 αὕτη

222 2840 364 2903 ἐστὶ,
390 2839 518 2911 κύρι
547 2840 834 2910 Αύξέντιε,
868 2846 954 2897 ἴνα
987 2845 1383 2917 ὑστερούμενος
1416 2849 1643 2918 χιτῶνος
1664 2851 1798 2921 ἡμῖν

222 2928 304 3001 μὴ
328 2931 642 3008 θαρρήσεις.
686 2934 774 2998 Ὠς
809 2936 1032 3006 μειδιῶν
1055 2937 1111 2990 δέ
1132 2953 1265 3008 φησι
1302 2938 1438 3009 πρὸς
1468 2940 1597 3003 τοὺς
1619 2942 1798 3012 ἀμφο-

220 3023 449 3093 τέρονςο
484 3025 595 3079 Τοῦ
643 3025 957 3091 πλειστάκις
998 3044 1065 3098 με
1115 3029 1387 3099 ἑπίύμῶν
1418 3031 1630 3100 ἰταμῶς
1677 3032 1802 3102 μεθ·

223 3115 701 3188 οδεύοντος,’μόλις
724 3118 1053 3190 ἀπηλλάγην
1074 3136 1087 3150 ο
1115 3119 1258 3174 ἀλλὰ
1289 3122 1596 3192 παρακαλιῦ
1629 3123 1798 3177 ἀπελ-

220 3209 365 3281 ρείν,
396 3212 547 3282 ἡμᾶς
599 3212 736 3282 πρὸς
803 3213 897 3269 τὸν
954 3212 1115 3286 κύριν
1190 3215 1448 3287 Ἰωάννην
1497 3219 1590 3271 τὸν
1643 3219 1798 3293 ἐντῷ

221 3303 456 3374 Κλονὸῷ
484 3308 742 3376 μοναχὸν,
769 3306 1070 3375 ὀψομένους
1100 3307 1199 3378 τὴν
1224 3308 1383 3375 δόξαν
1408 3310 1503 3364 τοῦ
1534 3310 1691 3366 Θεοῦ.

299 3397 377 3453 Ε’.
400 3397 712 3460 Συντάξεως
741 3394 835 3452 οὖν
864 3401 1185 3471 γενομένης,
1229 3384 1370 3470 μετὰ
1412 3402 1512 3472 τὴν
1537 3401 1667 3471 μίαν
1696 3419 1803 3457 πα·

227 3490 542 3560 ραγίνονται
574 3493 714 3562 πρὸς
744 3494 811 3547 αὖ
825 3494 907 3547 τὸν
961 3495 1055 3551 καὶ
1095 3494 1265 3565 ὁρῶσι
1294 3496 1386 3549 τὸν
1423 3497 1685 3566 εἰληφότα
1709 3497 1800 3551 τὸν

224 3583 550 3652 χιτωνίσκον
586 3584 912 3654 παρεστῶτα
951 3587 1216 3655 στυγνόν·
1266 3591 1360 3642 καὶ
1396 3590 1535 3659 μετὰ
1588 3590 1688 3658 τὴν
1709 3606 1799 3641 τε-

225 3672 446 3727 λείωσιν
490 3676 590 3744 τῆς
633 3676 800 3747 εὐχῆς
860 3676 1009 3746 λέγει
1051 3679 1081 3731 ὁ
1107 3680 1381 3751 μακάριος
1438 3682 1691 3750 Ἰωάννης
1723 3680 1798 3745 ὡς

225 3765 367 3835 πρὸς
393 3766 647 3837 συνήθεις
672 3769 839 3822 αὐτοῦ
867 3770 962 3822 καὶ
988 3772 1329 3840 προσφιλεῖς·
1352 3772 1620 3838 Εὖξασθε,
1645 3773 1800 3827 ἁδελ-

224 3856 344 3926 φοὶ,
363 3860 490 3929 περὶ
523 3857 617 3912 τοῦ
646 3860 862 3931 πτωχοῦ
887 3862 1103 3926 τούτου,
1125 3865 1208 3918 ὅτι
1244 3865 1313 3917 τὰ
1350 3866 1624 3936 προσόντα
1651 3862 1799 3935 αὐτῷ

220 3948 464 4020 πενιχρὰ
498 3950 637 4022 ἄρας
687 3968 768 4015 τις
825 3954 1154 4025 ἀπέδρασεν.
1209 3955 1271 4009 '0
1296 3956 1354 4009 δὲ
1391 3956 1662 4026 μακάριος
1689 3958 1798 4009 Αὐ-

225 4041 433 4106 ξέντιος
460 4048 704 4114 χαρίεντι
726 4045 1008 4117 προσώπῳ
1028 4046 1234 4118 ἧρξατο
1257 4049 1503 4117 εὐλογεῖν
1519 4048 1612 4100 τὸν
1638 4048 1800 4103 τοῦτο

221 4132 536 4205 δράσαντα’
573 4137 666 4191 καί
683 4154 846 4207 φησιν
870 4138 1009 4207 πρὸς
1029 4139 1191 4193 αὐτὸν
1217 4141 1245 4194 ὁ
1270 4139 1478 4203 δίκαιος
1507 4140 1647 4212 ἀνὴρ
1671 4142 1745 4205 ὡς
1771 4141 1801 4194 ό

221 4225 416 4283 Βαλὰκ
454 4227 591 4297 πρὸς
636 4229 728 4288 τὸν
787 4230 1035 4300 Βαλαὰμ,
1068 4233 1433 4302 Καταρᾶσθαί
1468 4249 1527 4285 σε
1558 4234 1798 4303 προσκέ-

223 4320 462 4390 κλημαι,
488 4323 584 4376 καὶ
606 4324 670 4378 σὺ
694 4324 938 4393 εὐλογεῖς
963 4343 979 4392 ;
1014 4324 1361 4396 ’Δποκριθεὶς
1386 4326 1445 4379 δὲ
1473 4326 1503 4378 ὁ
1529 4328 1799 4397 μακάριος

214 4414 513 4479 Δύξέντιος
538 4414 687 4485 λέγει
713 4416 789 4486 τῷ
815 4415 974 4487 δῆθεν
1000 4416 1232 4486 πτωχῷ·
1257 4416 1367 4481 Τὰς
1389 4416 1555 4486 εὐχάς
1577 4433 1673 4477 σου
1704 4414 1795 4469 τοῦ

1892 1929 2166 2000 exigebat.
2211 1927 2581 1996 Quamobrem
2641 1946 2766 1986 cum
2807 1932 3034 1986 multum
3088 1931 3139 1986 ei
3178 1942 3321 1987 esset
3351 1947 3473 1988 mo-

1896 2019 2085 2085 lestus,
2127 2030 2181 2075 et
2212 2036 2320 2075 una
2353 2036 2577 2090 vespera
2613 2037 2805 2078 rursus
2830 2024 2898 2078 ab
2929 2038 2995 2077 eo
3024 2035 3174 2079 esset
3219 2024 3473 2079 admoni-

1898 2122 2004 2177 tus,
2039 2113 2174 2167 dicit
2223 2113 2312 2168 ei:
2351 2113 2534 2180 Adsis,
2581 2114 2772 2177 frater,
2809 2117 2863 2169 in
2896 2115 3013 2170 loco
3045 2126 3349 2186 opportuno
3388 2131 3475 2171 ac-

1896 2215 2154 2275 cepturus
2209 2207 2549 2274 petitionem.
2577 2205 2872 2275 Postquam
2917 2217 3101 2262 autem
3131 2208 3233 2262 fuit
3261 2212 3316 2262 in
3352 2209 3477 2263 loco

1896 2298 2132 2364 occulto,
2156 2299 2310 2353 exuit
2337 2313 2398 2354 se
2440 2299 2624 2354 tunica
2656 2315 2763 2370 qua
2802 2307 2919 2354 erat
2946 2300 3191 2364 indutus,
3230 2312 3284 2356 ct
3326 2302 3474 2357 dedit

1894 2392 1968 2456 ei,
1992 2400 2052 2448 et
2075 2393 2274 2447 mansit
2306 2393 2357 2446 in
2396 2392 2509 2447 sola
2538 2393 2754 2461 penula.
2787 2393 3192 2464 Postltytnnum
3230 2409 3358 2449 vero
3391 2395 3476 2449 tli-

1896 2494 2044 2539 ctnm
2094 2485 2358 2539 ambobus
2413 2485 2810 2549 recedentibus,
2862 2486 3036 2540 sensit
3078 2487 3221 2555 quod
3271 2486 3472 2541 factum

1897 2576 2093 2639 fuerat,
2130 2578 2221 2646 qui
2249 2578 2399 2646 prius
2436 2577 2614 2632 dictus
2670 2586 2754 2631 est
2805 2577 2884 2631 vir
2921 2577 3063 2647 pius,
3092 2589 3142 2633 et
3185 2578 3317 2634 dicit
3369 2580 3419 2634 ei
3454 2597 3473 2636 :

1901 2670 2237 2727 Universane
2291 2672 2401 2724 vita
2433 2678 2522 2724 tua
2556 2670 2629 2723 ita
2665 2670 2865 2739 agitur,
2905 2680 2962 2723 et
3003 2670 3245 2725 Charitas
3274 2679 3386 2736 tua,
3417 2683 3477 2727 ut

1898 2777 2092 2819 carens
2134 2764 2338 2830 tunica,
2394 2762 2549 2818 nobis
2616 2777 2725 2817 non
2776 2763 3062 2817 confidas?
3110 2764 3473 2832 Quamobrem

1901 2866 2155 2924 tanquam
2185 2855 2495 2918 subridens,
2524 2855 2657 2910 dicit
2689 2855 2957 2911 ambobus
2982 2873 2997 2909 :
3032 2855 3197 2911 Abeo
3222 2858 3313 2924 qui
3343 2856 3474 2910 mihi

1899 2949 2198 3018 saepissime
2246 2947 2401 3002 vobis
2451 2948 2808 3017 praesemibns
2858 2949 3203 3019 impudenter
3249 2948 3477 3019 [iurabat

1898 3036 2154 3105 insidias,
2195 3040 2284 3095 vix
2340 3042 2558 3095 tandem
2587 3056 2709 3101 sunt
2741 3040 3022 3097 liberatus.
3055 3041 3162 3097 Sed
3188 3057 3319 3110 rogo
3351 3057 3474 3104 vos,

1904 3143 1964 3188 ut
1993 3148 2184 3189 eamus
2214 3135 2283 3189 ad
2336 3133 2629 3188 dominum.
2670 3133 2936 3189 Joannem
2997 3137 3350 3202 monachum,
3382 3137 3476 3205 qui

1900 3237 1984 3282 est
2018 3229 2070 3281 in
2097 3226 2288 3293 Clubo,
2323 3227 2487 3281 visuri
2522 3224 2615 3281 Dei
2646 3227 2899 3297 gloriam.

1981 3394 2048 3450 ν.
2075 3395 2209 3450 Cum
2242 3397 2424 3466 itaque
2478 3398 2620 3454 inter
2663 3412 2759 3454 eos
2777 3400 3141 3463 convenisset.
3165 3409 3287 3469 post
3310 3416 3476 3457 unum

1900 3487 2042 3543 diem
2094 3488 2166 3543 ad
2216 3502 2339 3543 eum
2364 3489 2608 3557 veniunt,
2637 3500 2692 3546 et
2729 3491 2915 3546 vident
2954 3506 3078 3547 eum
3102 3495 3198 3560 qui
3229 3496 3474 3551 tunicam

1900 3589 2211 3649 acceperat,
2244 3582 2437 3637 adesse
2474 3583 2707 3660 tristem.
2742 3581 2939 3645 Finitis
2965 3596 3147 3641 autem
3194 3585 3474 3654 precibus,

1900 3674 2033 3728 dicit
2065 3671 2256 3728 beatus
2279 3670 2542 3737 Joannes,
2576 3683 2832 3742 tanquam
2872 3675 3067 3732 amicis
3095 3676 3212 3731 suis
3232 3686 3289 3731 et
3314 3675 3476 3732 fami-

1900 3766 2127 3826 liaribus
2147 3787 2159 3822 :
2180 3765 2367 3830 Orate,
2395 3767 2616 3835 fratres,
2640 3783 2738 3836 pro
2761 3767 2863 3822 hoc
2888 3769 3161 3826 mendico.
3180 3768 3319 3825 Nam
3338 3784 3479 3840 quos

1901 3859 2137 3916 habebat
2192 3859 2330 3915 viles
2361 3872 2597 3928 pannos,
2619 3858 2846 3915 abstulit
2878 3858 3079 3929 aliquis
3128 3870 3182 3916 et
3242 3860 3473 3931 aufugit.

1899 3951 1960 4007 B.
1989 3967 2127 4011 vero.
2148 3950 2452 4009 Auxentius
2475 3950 2602 4009 laeto
2625 3950 2773 4005 vultu
2813 3953 2985 4022 ctepit
3023 3951 3095 4019 ei,
3127 3952 3218 4021 qui
3252 3952 3303 4007 id
3333 3952 3483 4009 fece-

1900 4051 2008 4109 rat,
2052 4041 2391 4099 benedicere.
2459 4041 2600 4097 Dicit
2648 4051 2833 4102 autem
2894 4041 2943 4098 ei
2999 4041 3084 4096 vir
3105 4043 3308 4109 justus,
3337 4044 3479 4098 sicut

1896 4133 2118 4191 Balaam
2146 4131 2307 4195 Baiae
2334 4134 2357 4164 ⁴
2392 4122 2406 4186 ἐ
2440 4129 2587 4195 Iussi
2623 4141 2673 4187 te
2730 4133 3041 4199 exsecrari;
3071 4143 3126 4187 et
3155 4144 3209 4187 tu
3237 4134 3286 4190 ei
3316 4135 3478 4190 bene-

1900 4226 2070 4287 dicis?
2108 4225 2463 4293 Respondens
2513 4236 2696 4287 autem
2754 4225 2949 4283 beatus
2988 4224 3313 4288 Auxentins,
3342 4224 3479 4281 dicit

1901 4319 2149 4379 mendico
2182 4316 2410 4373 :Redde
2467 4330 2588 4375 vota
2648 4325 2738 4371 tua
2793 4318 3047 4382 Domino,
3122 4318 3316 4385 frater,
3344 4325 3481 4387 quot

1901 4412 2138 4467 habebas
2192 4409 2574 4466 indusia‘lllle
2623 4424 2754 4464 vero
2799 4410 3083 4479 respondit
3127 4424 3248 4465 cum
3298 4408 3426 4466 ﬂetu
3454 4428 3473 4467 ι

225 4506 460 4577 Κυρίου,
499 4508 716 4576 ἀδελφὲ,
747 4509 889 4562 πόσα
919 4505 1064 4578 εἶχες
1079 4508 1352 4579 στιχάρια;
1392 4508 1450 4561 '0
1472 4508 1530 4561 δὲ
1559 4508 1792 4578 απεκρίφ

1902 4499 2146 4568 Septem,
2178 4510 2233 4556 et
2264 4502 2316 4554 id
2348 4500 2493 4570 quod
2516 4500 2646 4557 mihi
2689 4501 2987 4569 prxbuisti.
3037 4500 3177 4557 Dicit
3202 4502 3252 4556 ei
3284 4500 3476 4557 beatus

223 4615 358 4652 νατο
408 4599 525 4667 μετ’
555 4598 792 4670 ὀδυρμοῦ
810 4618 822 4630 ·
846 4598 1016 4653 Ἑπτὰ
1044 4600 1154 4652 τῶν
1185 4598 1364 4653 ποδῶν
1395 4615 1493 4653 σου
1522 4604 1616 4653 καὶ
1643 4600 1671 4652 ὃ
1706 4616 1796 4669 μοι

224 4690 525 4760 παρέσχες.
558 4687 723 4757 Λέγει
751 4690 898 4762 αὐτῷ
937 4693 966 4745 ὸ
992 4692 1264 4762 μακάριος
1283 4708 1298 4724 ·
1340 4691 1495 4745 Ἐπεὶ
1525 4687 1619 4746 οὖν
1658 4692 1798 4746 ἑπτὰ

225 4778 367 4848 ἔχων
410 4782 512 4831 οὐκ
561 4779 859 4852 ἠρκέσθης,
917 4779 1052 4833 ἀλλά
1090 4781 1151 4833 τὸ
1183 4781 1429 4852 ὑπάρχον
1466 4799 1557 4852 μοι
1601 4782 1659 4835 ἓν
1701 4784 1797 4837 ἐπὶ

221 4869 479 4923 τοσοῦτον
504 4854 917 4940 παρενοχλήσαῖ
936 4872 1185 4942 εἴληφας,
1216 4873 1421 4928 παῦσαι
1436 4873 1794 4943 λυπούμενος.

223 4960 400 5015 Τοῦτο
415 4964 524 5032 γὰρ
550 4965 777 5017 κάκεῖνα
808 4962 1092 5033 διαδράσαι
1127 4965 1560 5035 παρεσκεύασεν.
1585 4965 1798 5030 Ἦπιως

221 5049 321 5107 οὖν
354 5054 450 5106 καὶ
478 5052 666 5106 τοῦτον
696 5053 974 5120 διελέγξας
1028 5055 1333 5125 παράθεσιν
1373 5060 1511 5128 μετὰ
1534 5056 1642 5112 τῶν
1668 5075 1797 5113 συν-

222 5145 394 5200 όντων
417 5147 789 5217 κομισάμενος
826 5146 1019 5219 απῄει.

216 5235 227 5241 ’
299 5243 389 5308 ς’.
423 5242 538 5312 Μιᾷ
565 5241 621 5293 δὲ
650 5242 757 5294 τῶν
789 5242 1009 5316 ἡμερῶν
1062 5246 1118 5299 ἐν
1150 5244 1229 5317 τῷ
1264 5246 1514 5318 παλατὶῳ
1571 5247 1796 5319 προῖὼν,

218 5332 331 5404 ὖρᾷ
363 5349 485 5385 τινα
525 5332 900 5403 κρατούμενον
926 5333 1031 5388 ὑπὸ
1053 5337 1403 5408 στρατιωτῶν
1427 5338 1523 5391 καὶ
1547 5354 1798 5411 σφετερι-

224 5426 481 5497 ζόμενον.
523 5427 975 5500 Προσευξὰμενος
1040 5426 1134 5484 οὖν
1183 5431 1333 5501 λέγει
1390 5432 1674 5503 συνήθωςο
1736 5433 1797 5487 Ὀ

216 5510 494 5591 ’ῥυόμενος
557 5523 773 5593 πτωχὸν
833 5524 897 5577 ὲκ
953 5524 1135 5596 χειρὸς
1175 5525 1562 5597 στερεωτέρων
1606 5524 1798 5591 αὑτοῦ,

220 5609 350 5663 ἐλθὲ
385 5611 480 5664 καὶ
512 5612 609 5667 νῦν
639 5613 772 5682 πρὸς
808 5606 1082 5685 βοήθειαν.
1139 5615 1247 5669 Καὶ
1280 5616 1456 5671 ταῦτα
1497 5616 1668 5673 εἰπὼν
1697 5634 1796 5689 με-

216 5690 398 5764 ³σάσας
428 5701 684 5771 ἀνεθῆναι
712 5704 1094 5775 παρεσκεύασε
1121 5707 1212 5759 τὸν
1248 5706 1437 5777 ἄνδρα.

295 5815 493 5874 a.loan.
527 5833 586 5874 tt.
663 5820 686 5853 ⁸
717 5818 874 5877 Num.
928 5837 1079 5889 χχιιι,
1123 5823 1209 5878 ll.
1290 5823 1483 5882 Ῥείη.
1529 5840 1642 5897 χιιι,
1674 5825 1763 5882 l0.

1902 4592 2204 4647 Auxentius
2241 4607 2255 4646 :
2288 4590 2556 4658 Quoniam
2609 4607 2740 4663 ergo
2799 4608 2921 4651 cum
2983 4601 3193 4667 septem
3224 4593 3476 4660 haberes,

1901 4701 2011 4739 non
2063 4683 2211 4739 fuisti
2268 4694 2581 4749 contentus,
2609 4686 2947 4751 sedunum,
2997 4685 3139 4753 quod
3186 4684 3473 4750 habebam,

1902 4782 2107 4830 tantam
2145 4776 2274 4831 mihi
2307 4775 2610 4831 molestiam
2633 4777 2919 4841 exhibens,
2945 4777 3232 4843 accepisti,
3264 4777 3368 4832 boc
3392 4777 3476 4832 ef-

1901 4869 2032 4926 fecit
2067 4880 2125 4926 ut
2151 4869 2244 4924 illa
2268 4883 2485 4939 quoque
2516 4868 2787 4937 fugerent.
2809 4867 2943 4923 Cum
2969 4883 3093 4922 eum
3111 4883 3242 4939 ergo
3266 4869 3493 4940 placide.

1903 4963 2292 5032 redarguisset,
2333 4972 2389 5017 ct
2416 4977 2541 5017 cum
2569 4962 2639 5016 iis
2672 4962 2762 5031 qui
2789 4959 2952 5015 simul
2997 4969 3156 5017 erant
3210 4960 3477 5018 ferculum

1905 5056 2226 5125 accepisset,
2259 5055 2506 5110 recessit.

1978 5253 2069 5311 Vl.
2103 5255 2347 5323 Quodam
2377 5268 2505 5310 vero
2556 5254 2642 5309 die
2671 5253 2725 5309 in
2753 5253 2949 5325 palatio
2981 5261 3302 5325 procedens,
3335 5255 3483 5311 videt

1906 5346 2194 5416 quemdam
2234 5346 2406 5399 teneri
2436 5354 2490 5398 et
2524 5344 2662 5400 trahi
2695 5359 2723 5397 a
2754 5343 3036 5401 militibus.
3074 5342 3252 5399 Orans
3295 5353 3479 5395 autem

1904 5439 2037 5493 dicit
2058 5438 2125 5493 de
2158 5452 2309 5495 more
2345 5454 2358 5491 :
2393 5435 2491 5503 Qui
2524 5435 2722 5491 liberas
2747 5436 3054 5496 mendicum
3088 5453 3116 5489 a
3149 5450 3313 5489 manu
3337 5435 3479 5499 ejus,

1903 5532 1996 5601 qui
2025 5540 2155 5585 sunt
2211 5531 2327 5601 ipso
2354 5528 2630 5595 fortiores,
2661 5529 2786 5585 veni
2823 5544 2971 5585 nunc
2994 5541 3214 5597 quoque
3239 5525 3305 5579 ad
3336 5526 3481 5581 dan-

1903 5625 2029 5680 dum
2091 5624 2355 5679 auxilium
2387 5620 2588 5690 ’.ρηω
2643 5638 2769 5681 οιιιιι
2822 5622 3075 5687 dixisset,
3120 5617 3300 5675 effecit
3347 5629 3407 5674 ιιι
3435 5618 3484 5677 is

1906 5720 2263 5772 relaxaretur.
