3820 6464
384 314 405 378 ι
417 314 521 377 383

1540 308 1837 379 MENSIS‘
1862 314 2383 377 FEBRUARIUS.

3482 312 3633 381 1386

452 426 559 484 νιι.
613 426 912 484 Transiens
975 435 1158 485 autem
1220 442 1317 499 per
1370 430 1757 501 Battopolium,
1816 430 1949 487 vidit

2123 429 2177 483 Z’
2224 430 2325 484 Διὰ
2361 426 2731 482 Βαττοπολιοῦ
2753 428 2812 483 δέ
2848 427 3061 499 παριὼν
3100 428 3367 484 ἐθεάσατο
3386 429 3515 495 τοὺς
3538 432 3635 501 ἐρ’

372 519 639 589 quosdam
691 520 913 589 Opiﬁces
975 519 1235 577 deﬂentes
1290 531 1346 576 et
1371 522 1652 577 dicentes:
1691 522 1851 577 Venit
1876 526 1943 577 ad

376 627 475 665 nos
527 621 740 682 tempus
803 626 910 681 quo
956 611 1127 667 simus
1182 613 1367 679 otiosi,
1400 624 1455 671 et
1510 614 1644 668 nihil
1697 629 1943 684 agamus,

374 705 694 761 claudamus
756 714 974 760 nostras
1029 704 1294 761 oﬂicinas.
1323 705 1454 761 Cum
1501 723 1631 762 vero
1662 708 1944 774 audiisset,

375 806 429 852 et.
458 812 645 852 eorum
679 807 827 853 esset
861 797 1114 851 misertus
1144 798 1350 853 Christi
1404 800 1562 854 miles
1616 800 1946 863 Auxentius,

376 890 462 944 die
486 890 738 959 sequenti
777 890 1000 944 divertit
1039 890 1093 945 in
1118 905 1279 944 unam
1309 906 1374 945 ex
1406 892 1511 946 illis
1541 892 1795 957 olliciuis,
1831 908 1949 946 mu-

379 990 491 1035 tato
526 981 734 1047 habitu,
774 994 829 1034 ut
862 982 1035 1037 l’ertur
1060 983 1124 1036 de
1153 983 1470 1052 Serapione,
1500 994 1553 1038 et
1581 985 1744 1039 dicit:
1777 984 1946 1050 Quam

377 1077 684 1127 mercedem
722 1074 849 1126 Illltll
884 1074 1104 1139 dabitis,
1139 1082 1192 1127 et
1212 1078 1369 1129 stabo
1399 1076 1450 1129 iu
1482 1090 1661 1131 vesu‘a
1692 1076 1949 1131 ofﬁcina?

376 1162 455 1217 llli
495 1174 672 1219 autem
706 1166 964 1220 dixerunt
996 1185 1009 1220 :
1040 1166 1362 1222 Ludiﬁcaris
1393 1169 1767 1238 uos,juvenis.
1798 1170 1947 1235 Quo-

377 1258 536 1310 modo
566 1258 662 1312 tibi
678 1258 926 1312 dabimus
948 1260 1273 1323 mercedem,
1296 1276 1417 1313 cum
1445 1261 1615 1315 simus
1638 1276 1903 1330 pauperes
1926 1262 1949 1315 Ἰ

376 1345 734 1416 Respondens
793 1365 947 1414 vero,
977 1352 1116 1405 dixit
1153 1352 1233 1406 eis
1261 1368 1276 1407 :
1308 1352 1593 1405 Laborabo
1645 1352 1946 1419 vobiscum,

376 1440 655 1509 accipiens
703 1440 945 1508 quotidie
974 1450 1084 1497 tres
1116 1442 1324 1499 obolos.
1358 1442 1438 1496 llli
1476 1454 1658 1497 autem
1685 1444 1788 1499 laeti
1820 1459 1947 1500 eum

376 1540 731 1599 acceperunt.
775 1531 875 1598 Qui
925 1547 1046 1585 cum
1092 1532 1287 1587 luisset
1318 1533 1427 1587 illic
1483 1542 1593 1587 tres
1619 1534 1756 1598 dies,
1793 1534 1951 1590 valde

376 1626 553 1676 crevit
581 1633 634 1676 et
666 1620 847 1675 ﬂoruit
881 1623 968 1677 illa
1002 1623 1237 1678 ollicina.
1271 1624 1523 1693 Acceptis
1554 1626 1948 1694 itaquenovem

377 1714 573 1779 obolis,
603 1714 833 1769 recessit
856 1714 927 1768 ab
963 1716 1092 1770 illis.
1122 1715 1171 1770 ls
1203 1726 1384 1771 autem
1412 1732 1473 1770 ea
1516 1718 1662 1771 dedit
1700 1718 1945 1786 pauperi.

379 1809 503 1862 bus.
540 1806 734 1861 Dolore
758 1822 887 1862 vero
918 1806 1098 1863 allecti
1141 1808 1506 1877 suntopilices
1532 1809 1676 1864 illius
1700 1809 1948 1875 oaicinae,
1983 1791 2025 1846 Β

376 1913 599 1969 egresso
630 1897 1035 1953 admirabilium
1060 1898 1622 1960 et'l‘ectoreAuxentio.
1648 1899 1784 1956 Tres
1806 1904 1961 1957 enim.

378 1993 517 2055 dies,
547 2007 684 2061 quos
725 1993 836 2047 illic
870 1993 1000 2058 egit,
1031 2008 1139 2046 non
1170 1994 1408 2061 gustavit
1437 2010 1611 2063 neque
1635 2009 1827 2063 panem
1854 2009 1951 2050 ne-

379 2098 483 2154 que
506 2086 711 2151 vinum,
740 2101 838 2139 nec
862 2085 1070 2155 aliquid
1098 2086 1244 2139 aliud
1272 2103 1286 2139 :
1318 2086 1456 2142 adeo
1505 2097 1561 2141 ut
1595 2088 1953 2155 mirarentur,

380 2177 473 2245 qui
515 2176 627 2231 illic
666 2184 846 2241 erant,
881 2186 937 2231 et
983 2176 1220 2232 dicerent
1278 2178 1326 2231 ei
1364 2177 1520 2231 :Cur
1550 2194 1655 2232 non
1711 2181 1956 2235 comedis

381 2278 437 2323 et
467 2269 608 2323 bibis
662 2269 941 2323 nobiscum
968 2269 990 2322 ?
1018 2268 1070 2324 ls
1101 2284 1229 2323 vero
1270 2270 1485 2324 dicebat
1517 2269 1599 2325 eis
1633 2288 1646 2324 :
1679 2288 1697 2323 ι
1733 2269 1852 2326 Non
1901 2272 1955 2327 in

382 2364 500 2420 solo
525 2378 660 2432 pane
688 2363 820 2417 vivit
846 2364 1027 2429 homo,
1053 2364 1148 2419 sed
1174 2364 1226 2418 in
1248 2365 1396 2419 omni
1421 2368 1608 2431 verbo,
1634 2366 1776 2435 quod
1805 2380 1960 2438 egre-

386 2456 534 2510 ditur
584 2471 683 2524 per
739 2471 801 2511 os
839 2456 934 2511 Dei
968 2458 1009 2511 ⁸.
1052 2476 1072 2511 ι
1106 2456 1184 2511 llli
1220 2472 1347 2513 vero
1373 2458 1661 2524 siluerunt,
1693 2474 1798 2515 non
1839 2460 1958 2514 ausi

389 2547 624 2616 amplius
653 2546 703 2600 ei
730 2562 853 2603 esse
876 2548 1114 2615 molesti,
1142 2549 1518 2604 renuntiarunt
1539 2559 1717 2604 autem
1740 2564 1957 2605 omnem

388 2640 599 2710 copiam
635 2648 689 2695 et
718 2640 1156 2709 prosperitatem,
1189 2657 1308 2711 qua:
1352 2641 1493 2695 facta
1528 2649 1612 2698 est
1642 2656 1739 2712 per
1770 2655 1958 2712 preces

386 2733 505 2802 ejus
537 2734 589 2788 in
624 2732 836 2789 ollicina
869 2748 990 2799 sua,
1022 2732 1188 2789 Deum
1234 2733 1619 2803 gloriﬁcantes.

457 2932 595 2989 \‘lll.
633 2932 841 2990 Rursus
870 2947 1000 2989 vero
1046 2934 1255 3004 aliquot
1303 2940 1425 3003 post
1470 2932 1687 3000 diebus,
1721 2933 1956 2988 venienti

388 3027 491 3098 ipsi
523 3028 576 3081 in
614 3026 874 3095 palatium
899 3027 1137 3082 occurrit
1162 3026 1410 3095 quaedam
1434 3026 1628 3081 mulier
1651 3020 1955 3096 pra2gnans,

2050 523 2459 594 γαστηριακοὺς
2482 514 2925 591 ἀποδυρομένους
2954 521 3049 574 καὶ
3080 521 3379 589 λέγοντας·
3426 522 3636 595 Καιρός

2049 616 2182 684 ἡμῖν
2210 613 2443 681 ἔφθασεν
2473 612 2783 683 ἀπραγίας·
2836 613 3141 683 κλείσωμεν
3171 612 3242 667 τά
3285 616 3636 687 ἐργαστήρια

2049 704 2229 775 ἡμῶν.
2274 704 2535 767 Ἀκούσας
2565 704 2621 757 δὲ
2674 705 2768 757 καὶ
2820 706 3197 776 συμπαθήσας
3249 707 3435 769 αὐτοῖς
3472 708 3502 760 6
3537 709 3635 763 τοῦ

2049 798 2286 870 Χριστοῦ
2323 797 2684 870 στρατιώτης,
2712 798 2978 851 κατέλυσε
3013 802 3081 869 τῇ
3124 798 3253 869 ἑξῆς
3273 799 3332 851 ἐν
3363 799 3444 869 τῷ
3466 801 3636 871 ἐργα-

2052 890 2257 961 στηρίῳ
2306 891 2519 958 ἐκείνῳ,
2578 888 2811 953 ἀλλάξας
2848 889 2908 941 τὸ
2939 889 3123 959 σχῆμα
3154 888 3345 954 αὑτοῦ,
3373 892 3516 943 κατά
3543 889 3637 944 τὸν

2052 984 2166 1054 βίον
2220 981 2587 1052 Σεραπίονος,
2654 981 2749 1035 καὶ
2789 980 2937 1049 λέγει
2983 982 3203 1044 αὐτοῖς’
3232 982 3298 1033 Τί
3348 999 3442 1052 μοι
3463 983 3636 1036 δίδοτε

2054 1076 2269 1146 μισθὸν,
2312 1074 2409 1127 καὶ
2454 1074 2683 1144 ἵσταμαι
2737 1075 2796 1126 ἐν
2824 1074 2904 1143 τῷ
2956 1075 3310 1146 ἐργαστηρίῳ
3338 1075 3535 1144 ἡμῶνς
3572 1075 3637 1127 Ol

2050 1168 2105 1221 δὲ
2156 1164 2350 1221 εἷπονο
2406 1165 2786 1230 Καταπαίζεις
2816 1165 2996 1237 ἡμῶν,
3050 1166 3302 1236 νεώτερι.
3348 1168 3636 1221 Πόθεν.σοι

2050 1258 2293 1328 δώσομεν
2355 1256 2567 1329 μισθὸν,
2617 1258 2815 1328 ἄποροι
2880 1256 3070 1322 ὅντεςς
3139 1257 3252 1311 Καὶ
3307 1258 3637 1330 ἀποκριθεὶς

2051 1347 2204 1405 εἶπεν
2239 1352 2423 1413 αὐτοῖς
2444 1369 2458 1385 ·
2494 1350 2707 1421 Κάμνω
2743 1352 2840 1404 σὺν
2870 1351 3000 1421 ὑμῖν
3028 1350 3319 1421 λαμϐάνων
3349 1352 3476 1404 καθ’
3495 1352 3635 1422 iusi-

2052 1459 2152 1513 ραν
2210 1441 2423 1510 φόλλεις
2461 1442 2649 1511 τρεῖς’
2700 1442 2749 1494 οῖ
2775 1440 2833 1494 δὲ
2876 1441 3135 1512 χαρέντες
3156 1440 3409 1505 ἐδέξαντο
3445 1442 3632 1505 αὐτόν,

2052 1534 2147 1585 καὶ
2201 1533 2437 1601 ποιήσας
2492 1534 2607 1585 ἐκεῖ
2641 1535 2793 1603 τρεῖς
2848 1533 3064 1603 ἡμέρας
3124 1532 3483 1603 ὕπερηύξατο
3537 1537 3635 1586 καὶ

2052 1624 2312 1679 ἀνέθαλεν
2367 1626 2429 1679 τὸ
2466 1625 2834 1698 ἐργαστήριον
2874 1626 3074 1679 ἐκεῖνο.
3137 1625 3336 1679 Λαϐὼν
3384 1620 3481 1678 οὖν
3508 1624 3634 1686 τοὺς

2054 1718 2209 1772 ἐννέα
2240 1718 2479 1787 φύλλεις,
2500 1716 2726 1785 ἐξῆλθεν
2761 1715 2857 1769 ἀπ’
2889 1714 3096 1778 αὐτῶν,
3143 1716 3239 1768 καὶ
3260 1715 3466 1769 ἔδωκεν
3495 1716 3632 1768 αὐτὰ

2055 1812 2314 1881 πτωχοῖς.
2365 1810 2750 1880 Ἐλυπήθησαν
2774 1810 2822 1862 oi
2850 1808 2946 1862 τοῦ
2979 1809 3347 1881 ἐργαστηρίου
3383 1808 3631 1873 ἐξελθόνο

2055 1923 2147 1969 τος
2172 1905 2267 1959 τοῦ
2315 1903 2761 1976 θαυματουργοῦ.
2802 1903 2914 1968 Τάς
2948 1904 3058 1975 γὰρ
3116 1905 3266 1974 τρεῖς
3319 1904 3535 1975 ἡμέρας
3566 1904 3631 1967 ἃς

2056 1997 2314 2068 ἐποίησεν
2345 1999 2486 2063 ἐκεῖ,
2514 1998 2616 2051 οὐκ
2640 1996 2965 2065 ἐνοσφίσατο
2992 1995 3117 2050 οὔτε
3141 1996 3308 2068 άρτου
3340 1996 3467 2049 οὗτε
3487 1997 3631 2050 οίνου

2054 2091 2177 2155 οὔτε
2232 2092 2393 2147 ἄλλου
2430 2093 2592 2156 τινὸς.
2646 2092 2789 2147 ὥστε
2822 2090 3130 2162 θαυμάζειν
3173 2092 3299 2156 τοὺς
3332 2093 3511 2145 ἐκεῖσε
3537 2093 3633 2145 καὶ

2056 2183 2238 2252 λέγειν
2294 2182 2480 2254 αὐτῷ’
2533 2185 2636 2238 Διά
2687 2184 2743 2238 τί
2802 2183 2904 2238 οὐκ
2943 2182 3148 2245 ἐσθίεις
3186 2183 3284 2237 σὺν
3331 2185 3502 2254 ημῖν;
3538 2184 3632 2237 καὶ

2057 2270 2211 2329 εἶπεν
2233 2276 2417 2339 αὐτοῖς
2441 2292 2455 2306 ο
2483 2294 2503 2329 s
2534 2276 2877 2345 Γέγραπται,
2918 2274 3033 2328 Ούκ
3072 2273 3159 2326 ἐπ’
3186 2274 3338 2344 ἄρτῳ
3359 2274 3509 2345 μόνῳ
3536 2274 3630 2344 ζὴ·

2061 2387 2215 2424 σεται
2240 2370 2545 2441 ἄνθρωπος,
2576 2369 2695 2424 ἀλλ’
2717 2371 2812 2424 ἐπὶ
2851 2370 3018 2423 παντὶ
3068 2371 3279 2441 ῥήματι
3334 2372 3631 2441 ἐκπορευο-

2062 2462 2211 2533 μένῳ
2242 2462 2333 2515 διὰ
2366 2463 2635 2531 στόματος
2661 2461 2820 2517 Θεοῦ.
2857 2481 2876 2515 ι
2919 2463 2984 2515 Οί
3005 2462 3062 2515 δέ
3086 2462 3404 2533 ἐσιώπησαν
3436 2463 3632 2533 μηκέτι

2058 2554 2433 2625 τολμήσαντες
2466 2554 2696 2625 ὀχλῆσαι
2732 2554 2922 2624 αὐτῷ’
2973 2554 3319 2624 ἀπήγγειλαν
3364 2554 3421 2609 δὲ
3467 2558 3633 2608 πᾶσιν

2060 2647 2158 2717 τὴν
2190 2648 2456 2717 εὐπορίαν
2495 2663 2555 2700 τε
2587 2648 2683 2701 καὶ
2736 2646 3056 2700 εύσθένειαν
3080 2646 3179 2717 τὴν
3210 2650 3514 2718 γενομένην
3550 2646 3635 2700 διὰ

2058 2739 2168 2793 τῶν
2192 2740 2369 2810 εὐχῶν
2402 2738 2569 2793 αὐτοῦ
2604 2740 2661 2794 ἐν
2686 2739 3056 2811 ’ἐργαστηρίῳ
3102 2740 3255 2811 αύτῷ
3307 2738 3632 2806 δοξάσαντες

2059 2832 2152 2886 τδν
2183 2832 2337 2886 Θεόν.

2132 2926 2216 2982 Η’.
2248 2924 2418 2980 Πάλιν
2448 2924 2505 2979 δέ
2536 2924 2656 2995 μεθ’
2690 2924 2904 2996 ἡμέρας
2945 2924 3099 2987 τινάς
3140 2924 3439 2995 ἐρχομένου
3470 2924 3635 2978 αὐτοῦ

2060 3017 2120 3069 ἐν
2149 3015 2226 3087 τῷ
2251 3014 2521 3086 παλατίῳ,
2562 3017 2871 3070 ὑπαντᾶται
2903 3014 3053 3085 αὐτῷ
3086 3016 3226 3084 γυνὴ
3257 3015 3456 3083 ἔγκυος
3478 3013 3635 3084 οὖσα,

396 3122 573 3188 passis
624 3119 889 3185 crinibus,
944 3120 1187 3173 clamans
1221 3134 1234 3171 :
1270 3116 1314 3173 0
1359 3117 1459 3181 vis,
1490 3133 1611 3186 qua:
1637 3117 1864 3172 all‘ertur
1889 3117 1953 3173 ab

2061 3108 2369 3179 λυσίτριχος
2393 3147 2408 3171 ,
2466 3108 2747 3179 κράζουσα
2773 3124 2787 3139 ·
2817 3102 2887 3160 Ὠ
2947 3106 3039 3175 βία
3082 3107 3194 3161 ἀπὸ
3218 3106 3511 3171 Δύξεντίου
3540 3106 3636 3161 τοῦ

384 3210 679 3272 Auxentio,
712 3210 803 3277 qui
846 3210 1082 3263 comedit
1112 3208 1398 3262 daemonia.
1437 3208 1637 3278 Viginti
1670 3223 1841 3263 annos
1875 3209 1956 3264 la-

388 3302 468 3355 tui
512 3302 563 3353 in
618 3299 716 3354 hac
769 3310 1041 3363 creatura,
1078 3308 1133 3354 et
1166 3297 1285 3366 ejus
1318 3300 1584 3353 transitus
1620 3314 1706 3353 me
1732 3299 1958 3354 abduxit

387 3392 460 3445 ab
490 3389 652 3461 hujus
686 3392 976 3461 unguibus.
1007 3389 1100 3446 Sic
1133 3390 1280 3444 enim
1332 3405 1428 3460 per
1454 3405 1540 3445 me
1583 3392 1801 3445 transiit
1836 3405 1959 3446 tan-

387 3504 551 3559 quam
585 3488 756 3553 ensis,
785 3497 841 3543 et
868 3502 953 3541 me
977 3487 1309 3557 discerpsit:
1344 3496 1399 3542 et
1428 3501 1557 3542 ecce
1614 3502 1839 3557 separor
1890 3487 1960 3542 ab

390 3581 491 3635 hac
514 3590 761 3634 creatura
812 3587 935 3649 post
987 3580 1218 3648 spatium
1255 3578 1443 3649 viginti
1480 3593 1770 3633 annorum.
1808 3578 1959 3647 Equo

390 3683 570 3729 autem
610 3689 709 3727 suo
754 3672 983 3727 subditis
1025 3672 1328 3727 calcaribus
1379 3672 1579 3727 Christi
1631 3687 1821 3727 servus
1846 3673 1959 3726 Au-

391 3766 629 3831 xentius,
660 3780 729 3820 ne
759 3775 1175 3835 c0gnosceretur
1202 3764 1270 3819 ab
1296 3765 1633 3831 hominibus,
1666 3765 1961 3819 festinabat

391 3858 647 3923 transire,
686 3857 869 3912 celans
911 3873 1031 3927 qua:
1059 3858 1111 3911 in
1144 3871 1203 3912 se
1251 3865 1389 3919 erat,
1420 3857 1671 3926 gratiam.
1713 3855 1957 3909 immun-

391 3950 493 4005 dus
515 3962 695 4004 autem
725 3950 949 4019 spiritus
999 3949 1331 4018 sequebatur
1362 3964 1511 4013 ettm,
1543 3947 1734 4003 dicens
1773 3965 1787 4001 :
1820 3947 1959 4013 Quid

395 4055 481 4095 me
534 4041 740 4095 trahis?
768 4040 1034 4111 egredior.
1068 4041 1420 4109 Congrcgatae
1484 4051 1611 4093 vero
1644 4048 1771 4093 sunt
1815 4038 1959 4092 circa

393 4145 517 4184 eum
558 4132 739 4185 multae
773 4133 965 4196 turbae,
998 4132 1134 4186 adeo
1168 4141 1227 4184 ut
1269 4131 1552 4199 suspirans
1589 4141 1644 4185 et
1671 4129 1806 4186 ﬂens
1835 4131 1961 4186 bea-

397 4234 485 4277 tus
511 4227 772 4291 craverit,
800 4234 860 4279 ut
892 4239 955 4278 ea
1007 4233 1309 4279 curaretur.
1344 4204 1459 4277 lloc
1497 4232 1678 4279 autem
1715 4223 1880 4288 facto,
1907 4232 1963 4278 et

391 4333 455 4373 ea
482 4317 666 4372 statim
699 4314 974 4379 mundata,
1010 4313 1177 4368 illaesa
1200 4313 1333 4369 {tetu
1362 4314 1665 4385 (eratenim
1687 4312 1957 4384 gravida),

393 4410 688 4476 stupebant
710 4421 899 4461 omnes
919 4415 974 4462 et
1002 4407 1431 4472 admirabantur,
1459 4406 1627 4462 Deum
1653 4405 1963 4477 gloriﬁcan-

2058 3199 2518 3269 δαιμονιοφάγουο
2555 3200 2733 3252 εῐκοσι
2780 3197 2876 3267 ἔτη
2915 3198 3024 3269 ἐχω
3066 3199 3443 3268 κρυπτόμενος
3487 3200 3544 3250 ἐν
3567 3198 3631 3269 τῇ

2059 3290 2255 3344 πλάσει
2281 3289 2474 3361 ταύτῃ,
2497 3292 2593 3343 καὶ
2618 3292 2651 3360 ὴ
2682 3289 2917 3359 πάροδος
2938 3290 3101 3342 αὑτοῦ
3131 3290 3411 3360 ἀνήγαγέν
3437 3307 3509 3360 με
3527 3291 3635 3344 ἀπὸ

2058 3384 2168 3435 τῶν
2195 3382 2405 3453 ὀνύχων
2434 3381 2606 3451 αὐτῆς
2631 3400 2646 3415 ο
2680 3380 2853 3446 οὕτως
2884 3382 2994 3452 γὰρ
3023 3380 3207 3451 διῆλθε
3232 3380 3303 3435 δι’
3336 3380 3497 3453 ἐμοῦ,
3528 3380 3637 3433 ὥσ·

2060 3489 2168 3544 περ
2194 3474 2347 3543 ξίφος
2384 3474 2479 3529 καὶ
2503 3473 2873 3545 διεσπάραξεν
2901 3490 2992 3544 με,
3049 3473 3145 3527 καὶ
3188 3474 3298 3527 ἰδοὺ
3329 3474 3637 3545 χωρίζομαι

2059 3566 2168 3620 ἀπὸ
2197 3566 2295 3637 τῆς
2320 3566 2570 3628 πλάσεως
2595 3566 2801 3635 ταύτης
2852 3565 2943 3619 διὰ
2973 3566 3178 3619 εἴκοσιν
3214 3565 3377 3619 ἐτῶν.
3411 3566 3637 3635 [Itsva-

2062 3676 2161 3723 σας
2205 3660 2263 3713 δὲ
2318 3660 2411 3713 τὸν
2456 3660 2621 3713 ἵππον
2666 3658 2831 3712 αὐτοῦ
2859 3661 2888 3712 6
2932 3659 3221 3730 ἄνθρωπος
3272 3658 3378 3712 τοῦ⁸
3400 3658 3635 3731 Χριστοῦ

2061 3752 2198 3822 πρὸς
2226 3754 2287 3804 τὸ
2316 3753 2389 3821 μὴ
2418 3751 2728 3821 γνωσθῆναι
2760 3751 2868 3804 ὑπὸ
2911 3750 3023 3803 τῶν
3052 3748 3361 3819 ἀνθρώπιον
3386 3788 3403 3813 ,
3444 3749 3638 3801 ἐσπευ-

2061 3845 2150 3898 δεν
2184 3844 2474 3915 παρελθεῖν
2528 3843 2792 3915 κρύπτων
2845 3845 2946 3915 τὴν
2973 3844 3030 3897 ἐν
3074 3842 3224 3913 αὐτῷ
3252 3842 3416 3913 χάριν
3437 3857 3452 3871 ⁸
3491 3841 3551 3894 τὸ
3580 3840 3636 3895 δέ

2062 3937 2369 4008 ἀκάθαρτον
2425 3937 2647 4007 πνεῦμα
2682 3937 2871 4007 σχεδὸν
2921 3936 3214 4004 ἠκολούθει
3247 3935 3400 4005 αύτῷ
3431 3935 3634 4003 λέγων’

2063 4029 2129 4082 Τί
2160 4046 2229 4098 με
2256 4029 2477 4095 ἐλκεις;
2510 4030 2828 4101 ἐξέρχομαι.
2862 4029 3217 4099 Συνήχθησαν
3236 4028 3295 4081 δὲ
3327 4030 3458 4098 περὶ
3479 4026 3634 4082 αὐτὸν

2062 4123 2211 4194 ὄχλοι
2241 4124 2453 4188 πολλοὶ,
2493 4125 2569 4188 ώς
2606 4124 2935 4191 στενάξαντα
2980 4124 3071 4177 τὸν
3126 4124 3399 4196 μακάριον
3426 4124 3522 4177 καὶ
3545 4123 3639 4176 δα-

2064 4216 2346 4288 κρύσαντα
2394 4216 2656 4282 εὔξασθαι
2685 4218 2781 4271 τοῦ
2814 4216 3033 4288 ἰαθῆναι
3060 4218 3256 4289 αὑτήν.
3290 4218 3499 4271 Τούτου
3545 4212 3637 4271 οὖν

2064 4308 2358 4378 γενομένου
2382 4309 2479 4362 καὶ
2510 4308 2857 4379 παραχρῆμα
2880 4308 3311 4380 καθαρισθείσης
3340 4309 3534 4378 αὐτῆς.
3561 4308 3639 4377 μὴ

2067 4402 2417 4472 ἀδικηθέντος
2435 4400 2531 4455 τοῦ
2562 4400 2796 4472 βρέφους
2812 4401 3220 4473 (ἐγκύμωνεγάρ
3236 4397 3329 4473 ἦν)
3363 4400 3641 4465 ἐξίσταντο

393 4470 606 4571 tcs‘qui
636 4501 794 4555 talem
830 4507 1155 4569 potestatem
1189 4498 1337 4555 dedit
1357 4470 1533 4555 servis
1556 4470 1680 4555 suis
1696 4500 1953 4555 adversus

2068 4470 2289 4558 πάντες,
2325 4495 2421 4547 καὶ
2472 4470 2829 4563 ἐθαύίμαζονς
2864 4470 3199 4559 δοξάζοντες*
3362 4491 3521 4555 Θεὸν,
3549 4489 3638 4543 τὸν

390 4593 701 4652 immundos
740 4593 985 4665 spiritus.

2068 4586 2320 4657 τοιαύτην
2348 4584 2597 4653 ἐξουσίαν
2630 4585 2772 4638 κατά
2812 4586 3140 4657 ἀκαθάρτων
3184 4584 3518 4656 πνευμάτων
3563 4582 3642 4637 δι-

2068 4680 2231 4735 δόντα
2259 4682 2369 4745 τοῖς
2406 4678 2617 4743 δούλοις
2642 4676 2830 4734 αὐτοῦ.
3222 4670 3231 4677 ’

355 4829 374 4893 ι
1885 4835 1953 4891 ω

2060 4836 2114 4893 IT
2140 4838 2208 4895 11.

706 4948 984 5008 Habitatio
1013 4950 1071 5006 S.
1113 4949 1362 5006 Arruntii
1392 4949 1554 5020 juxta
1596 4948 1791 5007 Oxiam
1821 4958 2047 5005 montem
2082 4965 2101 5004 :
2132 4965 2274 5005 circa
2314 4950 2643 5018 illuminare,
2678 4952 3014 5022 επεν-σιωωηὶ
3035 4950 3266 5007 liberati.

466 5094 560 5151 lx.
594 5092 891 5161 Postquam
924 5100 1107 5146 autem
1138 5092 1253 5146 haec
1282 5089 1421 5146 facta
1450 5101 1596 5159 sunt,
1624 5106 1731 5147 non
1778 5091 1953 5146 volent

2142 5089 2220 5144 6’.
2253 5088 2407 5145 Μετά
2458 5090 2516 5145 δὲ
2550 5089 2612 5145 τδ
2638 5090 2895 5160 γενέσθαι
2930 5088 3126 5157 ταῦτα,
3161 5090 3236 5161 μὴ
3268 5088 3589 5160 βουλόμενος
3616 5092 3646 5144 6

395 5187 597 5242 Christi
630 5184 789 5241 miles
816 5183 1117 5240 Auxentius
1146 5183 1355 5240 laudari
1386 5185 1454 5240 ab
1498 5185 1836 5250 hominibus,
1867 5184 1953 5240 sed

2069 5182 2164 5238 τοῦ
2187 5182 2426 5255 Χριστοῦ
2451 5183 2792 5255 στρατιώτης
2833 5184 2988 5254 παρὰ
3011 5181 3121 5236 τῶν
3149 5181 3455 5254 ἀνθρώπων
3482 5179 3645 5233 ἐπαί-

394 5278 655 5333 eucomiis
690 5276 959 5332 celebrari
994 5278 1062 5333 ab
1094 5275 1323 5347 angelis,
1351 5277 1546 5347 spiritu
1577 5278 1880 5347 praevidens
1906 5276 1953 5332 in

2073 5275 2283 5348 psallat,
2344 5274 2485 5330 ἀλλά
2540 5275 2693 5347 παρά
2724 5274 2836 5329 τῶν
2885 5274 3137 5344 ἀγγέλων
3169 5272 3645 5344 ἐγκωμιάζεσθαι,

394 5368 735 5426 sanctissima
762 5368 1003 5426 Ecclesia
1035 5371 1369 5425 nascituram
1398 5370 1524 5425 vani
1548 5371 1815 5440 degmatis
1847 5372 1953 5425 ha:-

2070 5367 2323 5439 προορῶν
2354 5386 2415 5421 τε
2449 5367 2529 5438 τῷ
2562 5367 2836 5437 πνεύματι
2866 5369 2965 5438 τὴν
2994 5367 3295 5435 μέλλουσαν
3320 5365 3555 5435 φύεσθαι
3585 5367 3647 5418 ἐν

393 5461 581 5526 resim,
639 5458 901 5525 Nestorii,
944 5462 1261 5531 inquam,et
1295 5459 1578 5531 Eutychis,
1622 5460 1810 5515 relicta
1854 5469 1953 5513 ter-

2065 5461 2132 5529 τῇ
2156 5457 2436 5529 ἁγιωτάτῃ
2471 5457 2769 5529 Ἐκκλησία
2796 5457 2986 5512 καινοῦ
3034 5457 3306 5529 δόγματος
3354 5458 3646 5526 αἱρεσιαρο

395 5565 522 5606 rena
548 5551 740 5606 militia
769 5562 825 5607 et
848 5550 969 5606 aula
997 5550 1366 5621 imperatoris,
1398 5566 1523 5607 cum
1547 5565 1743 5620 magno
1767 5549 1953 5621 gaudia

2068 5550 2215 5622 χίαν,
2245 5550 2390 5619 λέγω
2420 5549 2486 5620 δὴ
2526 5550 2825 5621 Νεστορίου
2854 5551 2949 5605 καὶ
2981 5549 3279 5621 Εύτυχοῦς,
3324 5545 3647 5602 καταλιπὼν

394 5644 605 5713 peregit
635 5643 688 5699 id
720 5644 863 5716 quod
886 5643 1016 5701 olim
1042 5644 1406 5703 desiderabat.
1437 5642 1571 5701 Nam
1614 5647 1682 5701 ab
1711 5643 1953 5701 omnibus

2069 5646 2168 5720 τὴν
2199 5644 2440 5717 ἐπίγειον
2471 5646 2764 5719 στρατείαν
2792 5648 3004 5711 καὶτὰς
3036 5645 3316 5717 βασιλικὰς
3341 5644 3528 5711 αὐλὰς,
3550 5642 3646 5695 τὸν

475 5781 496 5812 ⁸
525 5778 718 5837 Mulli].
754 5794 830 5851 IV,
860 5782 916 5838 ι.
