3820 6458
246 318 385 384 1235

1509 328 1684 388 VITA
1729 330 1790 390 S.
1831 333 1872 389 A
1887 333 1987 391 ΗΧ
2002 335 2174 392 ΕΝῙῚ
2188 333 2236 392 ῐ.

3375 343 3508 407 i386

245 433 480 488 ἔκπαλαι
541 432 705 486 πόθον
740 431 888 503 αὑτῷ
919 434 1116 504 ἧνυσεν
1151 455 1293 507 μετα
1323 437 1568 501 πλείονος
1621 441 1821 510 χαρᾶς.

1932 461 2052 514 qua:
2079 447 2144 500 ad
2175 446 2337 499 vitam
2375 447 2534 518 hujus
2567 450 2748 509 mundi
2789 453 3065 520 pertinent
3086 465 3142 510 et
3167 471 3365 528 magno
3389 473 3510 517 stn-

243 528 471 581 “itm-2v
502 527 612 596 γὰρ
662 525 771 578 τῶν
803 526 1076 597 βιωτικῶν
1132 530 1481 602 πραγμάτων
1538 533 1632 584 καὶ
1655 532 1827 601 αὑτῆς

240 617 340 687 τῆς
393 617 787 688 βασιλευούσης
833 616 1040 680 πόλεως
1073 621 1267 673 ἑαυτὸν
1311 620 1572 692 χωρίσας,
1630 621 1725 674 ἐπὶ
1761 623 1830 675 τὰ

239 709 553 781 ἐρημότερα
580 709 724 780 μέρη
752 709 899 780 ὁρμᾷ
922 708 1022 778 τῆς
1062 711 1340 775 Βιθυνίας,
1370 714 1466 766 καὶ
1496 716 1561 782 δὴ
1599 716 1664 767 ἐκ
1689 716 1830 769 πλα-

240 800 360 866 γίου
387 801 483 868 τῆς
522 800 698 865 Ὀξῗας
723 801 868 856 οὕτω
894 804 1448 876 προσαγορευομένου
1469 804 1654 874 ὅρους,
1676 807 1830 859 ἀνελ-

241 889 348 942 θων
369 889 443 952 ὡς
472 890 580 943 ἀπὸ
610 891 742 944 δέκα
792 891 986 960 μιλίων
1038 894 1381 962 Χαλκηδόνος
1443 896 1574 966 ἔστη
1607 898 1699 949 ἐπὶ
1735 897 1832 950 πέ-

239 998 396 1053 τραν,
428 982 671 1054 ἐπαίρων
701 982 854 1045 ὁσίας
908 987 1121 1056 χεῖρας,
1173 987 1413 1051 δοξάζων
1447 988 1542 1040 τὸν
1573 988 1704 1040 Θεὸν
1737 989 1831 1040 καὶ

246 1076 422 1144 λέγων
469 1079 572 1141 ὅτι,
629 1095 647 1128 ι
687 1079 782 1142 Σὺ,
814 1078 1037 1150 Κύριος,
1081 1080 1225 1134 κατὰ
1280 1081 1449 1152 μόνας
1499 1083 1589 1135 ἐπ’
1653 1083 1829 1137 ἐλπίδι

245 1165 578 1236 κατῴκησάς
617 1184 706 1236 με.
747 1187 765 1218 ι

315 1254 372 1310 1".
407 1260 737 1322 Ποιήσαντος
764 1260 821 1313 δὲ
857 1260 1023 1314 αὑτοῦ
1059 1262 1133 1324 ὼς
1183 1265 1328 1334 μῆνα
1358 1261 1587 1336 ἡμερῶν
1633 1267 1728 1319 ἐπὶ
1759 1269 1826 1339 τῇ

243 1347 457 1420 πλευρᾷ
490 1348 584 1402 τοῦ
625 1349 785 1420 ὅρους
814 1353 906 1404 ἐπὶ
946 1353 1046 1424 τὴν
1087 1355 1319 1425 πέτραν,
1378 1356 1613 1426 ἀνῆλθεν
1643 1361 1827 1412 ἐκεῖσε

243 1441 432 1494 παιδία
489 1446 745 1497 στένοντα
785 1446 879 1498 καὶ
933 1447 1210 1512 κλαίοντα,
1264 1449 1421 1513 διότι,
1481 1450 1556 1513 ὡς
1611 1450 1825 1522 ἔνεμον,

241 1532 536 1586 ἀπώλεσαν
585 1533 652 1587 τὰ
713 1535 944 1604 ποίμνια
999 1537 1198 1592 αὑτῶν.
1238 1539 1348 1592 Καὶ
1395 1539 1708 1610 θεασάμενα
1737 1543 1827 1596 τὸν

241 1622 414 1693 ἄνδρα
467 1624 814 1695 ὲπτοήθησαν
849 1626 1076 1696 σφόδρα,
1109 1629 1412 1698 νομίσαντα
1443 1631 1609 1685 αὑτὸν
1636 1632 1827 1703 θηρίον

242 1713 438 1784 ἄγριον
463 1710 628 1779 εἶναι,
665 1717 759 1769 καὶ
789 1715 1010 1786 ἔφυγον.
1069 1721 1472 1790 Μετημιρίαστο
1501 1722 1611 1792 γάρ
1648 1723 1827 1794 τριχί-

240 1822 355 1868 νοις
404 1807 498 1857 καὶ
530 1805 762 1876 δέρμασι
795 1806 894 1877 τὴν
924 1808 1152 1878 ἐσθῆτα,
1217 1811 1398 1880 ζηλῶν
1448 1813 1694 1866 Ἰωάννου
1729 1813 1823 1867 τοῦ
1861 1802 1901 1856 Β

243 1895 560 1964 Προδρόμου
589 1901 682 1950 καὶ
706 1896 1017 1949 Βαπτιστοῦ
1052 1897 1150 1969 τὴν
1175 1899 1477 1954 πολιτείαν.
1514 1901 1822 1971 Προσκάλε.

241 1986 478 2054 σάμενος
513 1987 570 2040 δὲ
593 1987 733 2042 αὐτὰ
761 1990 789 2041 ό
823 1989 1094 2060 μακάριος
1116 1990 1217 2060 ἔφη
1239 2008 1252 2020 ·
1279 1992 1370 2062 Μὴ
1406 1992 1660 2062 φοϐεῖσθε
1692 1996 1823 2067 γὰρ,

238 2078 410 2130 τέκνα
430 2095 443 2108 ο
480 2079 762 2151 ἄνθρωπός
789 2084 906 2150 εἰμι
937 2083 1119 2152 ὅμοιος
1153 2084 1308 2152 ὑμῶν
1330 2101 1343 2114 ·
1386 2086 1438 2138 τί
1466 2087 1520 2139 δὲ
1557 2085 1771 2154 ζητεῖτε
1808 2105 1822 2152 ;

240 2170 506 2236 Λέγουσιν
542 2172 607 2223 τά
632 2173 841 2238 παιδία,
874 2174 956 2226 ὅτι
987 2174 1068 2227 Τά
1101 2174 1325 2245 ποίμνια
1353 2177 1509 2246 ἡμῶν
1539 2178 1827 2234 ἀπωλέσαο

242 2279 346 2332 μεν
376 2264 468 2315 καὶ
512 2263 602 2316 διὰ
649 2264 808 2319 τοῦτο
837 2265 1159 2336 ⁵θλιϐόμεθα
1181 2284 1192 2297 ·
1236 2271 1295 2321 '0
1325 2269 1380 2323 δὲ
1443 2269 1699 2339 θεράπων
1727 2272 1822 2325 τοῦ

238 2356 481 2425 Χριστοῦ
516 2356 962 2427 σπλαγχνισθεὶς,
1017 2361 1364 2432 προσηύξατο
1395 2364 1485 2416 ἐπὶ
1507 2364 1656 2435 ὧρας
1693 2366 1824 2418 πολ.

240 2447 486 2514 idem
519 2448 820 2521 εὐλογήσας
846 2451 914 2504 τὰ
943 2453 1152 2516 παιδία,
1181 2453 1328 2521 λέγει
1362 2456 1542 2517 αὐτοῖς
1566 2473 1581 2488 ο
1634 2458 1824 2510 Ἀπέλ-

241 2539 374 2593 Θατε
428 2541 519 2594 ἐπὶ
569 2541 666 2610 τὴν
718 2542 1016 2614 ἀριστερὰν
1079 2545 1323 2614 πλευρὰν
1371 2546 1466 2599 τοῦ
1520 2546 1823 2618 ὅρους,καὶ

241 2631 531 2702 εὑρίσκετε
592 2637 660 2686 τὰ
716 2635 946 2706 ποίμνια
1003 2635 1178 2706 ὑμῶν.
1225 2637 1622 2709 Ἀποκριθέντα
1653 2641 1710 2693 δὲ
1755 2640 1823 2694 τά

239 2726 433 2780 παιδία
465 2727 718 2794 λέγουσιν
743 2728 892 2800 αὑτῷ
914 2746 927 2760 ·
971 2729 1167 2800 Τρίτον
1201 2731 1550 2801 προήλθομεν
1600 2732 1662 2786 τὸ
1691 2732 1822 2786 ἄόαο

238 2837 333 2872 τον
357 2819 482 2890 ὅρος
509 2820 689 2883 τοῦτο,
725 2821 821 2874 καὶ
872 2822 975 2874 οὐκ
1007 2822 1362 2892 ἠδυνήθημεν
1416 2823 1556 2877 αὐτὰ
1617 2824 1820 2893 εὑρεῖν,

241 2913 337 2964 καὶ
367 2911 482 2975 πῶς
500 2912 624 2983 ἄρτι
655 2912 870 2983 ἔχουσιν
899 2915 1226 2983 εὐρεθῆναις
1262 2917 1322 2968 Ὀ
1354 2915 1408 2968 δὲ
1432 2911 1584 2968 εἶπεν
1615 2919 1817 2978 αὐτοῖς’

254 3005 681 3072 Ἀπέλθετε,καὶ
711 3007 786 3068 ὡς
816 3001 969 3060 εἷπον
997 3008 1124 3078 ὑμῖν
1149 3010 1206 3060 ἐν
1233 3008 1311 3078 τῷ
1335 3010 1559 3079 ὀνόματι
1586 3010 1680 3064 τοῦ
1707 3012 1819 3064 Κυ-

244 3098 386 3166 ρίου,
409 3099 504 3150 ὲπὶ
523 3098 621 3168 τὴν
643 3098 938 3170 ἀριστερὰν
962 3099 1204 3168 πλευρὰν
1233 3099 1328 3158 τοῦ
1346 3099 1506 3168 ὅρους
1533 3099 1819 3170 εὑρίσκετε

240 3189 406 3242 αὑτά.
455 3189 785 3243 Ἀπελθόντα
816 3190 871 3242 δὲ
895 3183 1051 3260 εὖρον
1078 3189 1217 3243 αὑτὰ
1246 3191 1470 3254 εὐθέως.
1495 3193 1605 3246 Καὶ
1638 3210 1818 3262 παρα⁹

241 3285 512 3353 γενόμενα
532 3283 879 3354 ἀπήγγειλαν
902 3286 1010 3347 τοῖς
1039 3283 1290 3353 γονεῦσιν
1314 3285 1612 3351 αὑτῶν,ὄτι
1633 3285 1818 3340 Ἀπω-

240 3375 514 3430 λεσάντων
548 3376 701 3445 ἡμῶν
755 3375 823 3429 τά.
852 3376 1080 3445 ποίμνια
1124 3377 1218 3428 καὶ
1252 3377 1346 3429 ἐπὶ
1388 3378 1576 3447 τρίτον
1603 3377 1820 3448 περιελ-

241 3467 442 3520 θόντων
474 3466 535 3519 τὸ
571 3466 694 3538 ὅρος
723 3467 825 3536 τῆς
851 3467 1052 3531 Ὀξίας,
1078 3469 1171 3518 καὶ
1201 3468 1275 3538 μὴ
1296 3468 1629 3538 εὑρηκότων,
1650 3469 1818 3542 ἄνδρα

240 3564 299 3614 ὲν
331 3559 594 3630 τριχίνοις
622 3559 972 3630 ἐθεασάμεθα
1004 3563 1098 3615 καὶ
1121 3559 1494 3626 δειλιάσαντες
1518 3563 1816 3632 ἐφύγομεν.

255 3653 314 3706 ’0
342 3653 397 3706 δὲ
431 3651 944 3723 προσκαλεσάμενος
977 3653 1123 3722 ἡμᾶς
1155 3655 1430 3725 ἐπηύξατο
1451 3693 1464 3717 ,
1503 3656 1597 3706 καὶ
1630 3653 1818 3724 μαθὼν

241 3745 342 3816 τὴν
400 3745 582 3798 αἰτίαν
618 3745 686 3798 δι’
730 3744 796 3814 ἣν
853 3742 1178 3813 ὀδυρόμεθα,
1212 3744 1506 3814 ἐπέτρεψεν
1559 3747 1692 3814 ἡμῖν
1727 3747 1818 3797 ἐπὶ

241 3839 344 3906 τὴν
373 3837 666 3906 ἀριστεράν
693 3835 932 3906 πλευράν
968 3833 1060 3886 τοῦ
1083 3832 1244 3903 ὅρους
1271 3835 1607 3898 ἀπελθόντας
1639 3835 1818 3906 εὑρεῖν

240 3930 312 3981 τά
345 3926 658 3997 θρέμματα.
691 3928 877 3989 Οῦτως
914 3925 1005 3979 οῦν
1032 3927 1359 3996 ποιήσαντες
1390 3926 1634 3998 ηὕρομεν
1655 3928 1816 3982 αὐτά.

315 4017 417 4072 lA'.
454 4018 812 4083 Ἀκούσαντες
854 4019 912 4072 δὲ
937 4021 1112 4074 ταῦτα
1146 4023 1194 4074 oi
1224 4023 1401 4089 γονεῖς
1434 4021 1542 4074 τῶν
1586 4021 1820 4074 παιδῖων

243 4112 490 4175 ἐκείνων,
545 4112 944 4180 συναγαγόντες
993 4113 1103 4166 τῶν
1147 4113 1308 4183 πέριξ
1365 4114 1663 4184 κτημάτων
1694 4115 1819 4176 τοὺς

241 4203 462 4274 ἄνδρας,
488 4205 858 4267 λιτανεύοντες
889 4204 1119 4272 ἀνῆλθον
1145 4206 1280 4276 πρὸς
1312 4206 1494 4270 αὑτὸν,
1545 4209 1639 4259 καὶ
1661 4199 1819 4276 εὗρον

244 4297 408 4368 μόνον
464 4297 557 4350 τὸν
607 4298 876 4369 μακάριον
931 4297 1146 4349 ἑστῶτα
1179 4298 1274 4350 ἐπὶ
1331 4298 1431 4366 τὴν
1472 4297 1678 4368 πέτραν
1724 4297 1819 4349 καὶ

245 4390 682 4458 προσευχόμενον
745 4388 820 4459 τῷ
874 4388 1025 4458 Θεῷο
1077 4390 1170 4440 καὶ
1217 4390 1419 4451 πάντες
1474 4388 1818 4458 ὁμοθυμαδὸν

241 4479 485 4549 ἠξίωσαν
535 4481 718 4543 αὑτὸν.
752 4481 891 4534 ὥστε
941 4480 1231 4535 ἀνελθόντα
1285 4480 1478 4549 στῆναι
1532 4481 1598 4533 αὑ

241 4575 343 4643 τὴν
371 4575 616 4644 κορυφὴν
661 4575 757 4628 τοῦ
790 4574 950 4647 ὅρους
1006 4575 1404 4646 προσεύχεσθαι
1437 4575 1579 4644 ὑπὲρ
1612 4575 1815 4629 αὑτῶν.

255 4667 316 4720 't)
345 4667 402 4719 δὲ
437 4667 678 4730 πεισθεὶς
705 4670 823 4730 ταῖς
851 4667 1233 4737 παρακλήσεσι
1287 4667 1397 4720 τῶν
1427 4665 1658 4739 ἀνδρῶν,
1697 4667 1819 4719 ἐκέ-

244 4760 438 4811 λευσεν
462 4759 644 4821 αὑτοῖς
675 4759 888 4811 κελλίον
914 4758 1268 4829 οἰκοδομῆσαι
1295 4759 1511 4829 μικρὸν,
1541 4761 1633 4812 καὶ
1663 4758 1820 4812 κλου-

246 4853 344 4906 δὸν
379 4851 578 4919 ἔξωθεν
607 4849 702 4904 τοῦ
736 4851 967 4915 κελλίου,
999 4853 1056 4904 ἐν
1110 4845 1153 4918 ᾧ
1187 4851 1280 4904 καὶ
1311 4849 1643 4920 ἀπεκλείσθη
1696 4850 1821 4920 χαί-

250 4960 359 5015 ρων
393 4946 458 5014 τῇ
490 4943 687 5014 καρδία
722 4944 812 4996 καὶ
837 4943 1054 5011 ψάλλων
1083 4943 1176 4996 καὶ
1206 4942 1380 5010 λέγων
1406 4957 1419 4970 ⁸
1460 4961 1479 4994 ι
1522 4943 1823 5012 Ἐγενόμην

243 5037 318 5099 ὡς
348 5035 630 5105 στρουθίον
655 5035 884 5105 μονάζον
936 5036 1029 5088 ἐπὶ
1079 5034 1310 5105 δώματι.
1352 5055 1370 5086 ι
1433 5034 1688 5106 Συνὴθως
1729 5031 1822 5089 οὖν

245 5126 486 5188 ἀνιόντες
537 5126 875 5195 ἐκαρποῦντο
900 5124 998 5187 τὰς
1030 5125 1203 5194 εὑχάς
1235 5123 1425 5178 αὑτοῦ.
1470 5125 1568 5177 Διὰ
1593 5126 1703 5195 γὰρ
1728 5124 1822 5178 τοῦ

248 5216 490 5288 θυριδίου
515 5217 859 5283 κατευλογῶν
898 5217 1096 5279 αὐτοὺς
1137 5217 1233 5269 καὶ
1270 5216 1340 5269 τά
1375 5216 1509 5286 πρὸς
1544 5215 1824 5286 σωτηρίαν

251 5305 660 5376 συμϐουλεύων,
693 5309 980 5379 χαὲροντας
1011 5307 1266 5361 ἀπέλυεν.

233 5415 235 5417 ‘
318 5397 418 5450 lB'.
455 5398 618 5451 Ὅθεν
649 5399 746 5467 τῆς
801 5397 1020 5466 χάριτος
1053 5397 1146 5450 τοῦ
1203 5398 1338 5452 Θεοῦ
1377 5398 1732 5469 πηγαζούσης
1767 5400 1824 5451 ἐν

247 5487 396 5559 αύτῷ
429 5491 523 5542 καὶ
573 5491 670 5558 τῆς
699 5493 891 5561 φήμης
941 5491 1220 5560 πανταχοῦ
1260 5491 1686 5562 διαδραμούσης,
1721 5494 1828 5546 ἀπὸ

248 5580 617 5653 Νικομηδείας
669 5583 977 5653 κομήτισσά
1030 5600 1114 5645 τις
1175 5581 1416 5653 ἀπῆλθεν
1460 5583 1592 5652 πρδς
1641 5583 1826 5650 αὑτὸν,

324 5744 519 5803 τΡεσΙ.
580 5763 652 5810 tv,
687 5745 770 5799 l0.
846 5744 868 5775 ⁸
904 5745 1048 5801 Psal.
1099 5763 1172 5813 CI,
1224 5750 1275 5804 8.

500 5850 770 5912 PATROL.
803 5853 918 5911 Ga.
953 5849 1048 5907 CX
1068 5848 1169 5913 IV.

1933 543 2021 594 dio
2083 542 2416 604 ambiuntur,
2480 545 2674 614 copiis,
2743 546 2990 615 inquam,
3033 560 3085 603 et
3121 549 3512 620 splettdore,et

1935 633 2059 686 aliis
2095 637 2254 687 rebus
2292 637 2688 702 tnaterialibus,
2731 647 2785 692 et
2819 640 2886 692 ab
2940 640 3055 708 ipsa
3103 642 3250 712 regia
3288 644 3511 699 civitate

1932 743 1992 781 si:
2027 744 2308 796 separatis,
2341 730 2705 800 proﬁciscitur
2738 732 2803 786 ad
2844 742 3022 801 partes
3050 734 3291 789 desertas
3326 735 3511 808 Bithyv

1935 818 2035 872 nia:
2071 836 2082 870 :
2109 830 2162 873 et
2197 836 2315 873 cum
2345 823 2684 877 ascendisset
2713 837 2778 877 ex
2811 819 3123 880 transverso
3153 828 3378 894 montis,
3411 832 3506 898 qui

1934 921 2157 963 vet-amr
2222 912 2388 978 Oxea,
2448 915 2538 983 qui
2592 915 2758 971 distat.
2784 915 2929 970 circa
2968 917 3157 974 decem
3196 919 3444 977 milliaria
3475 939 3505 977 a

1933 1001 2276 1058 Chalcedone
2333 1007 2485 1061 stetit
2540 1023 2704 1077 supra
2733 1018 2966 1077 petram,
2995 1013 3264 1069 extollens
3293 1026 3507 1070 sant-tas

1935 1111 2152 1161 manus,
2185 1096 2461 1166 Deumque
2485 1100 2818 1168 gloriﬁcans,
2854 1111 2908 1157 et
2931 1104 3159 1160 dicens:
3195 1123 3214 1158 ι
3251 1105 3358 1173 Τυ,
3396 1108 3507 1163 Do-

1933 1187 2098 1250 mine,
2129 1188 2477 1256 singulariter
2509 1194 2562 1243 in
2598 1207 2692 1261 spe
2719 1193 2997 1250 collocasti
3027 1212 3113 1252 me
3140 1199 3183 1252 ⁷.
3234 1217 3253 1249 ι

2003 1282 2072 1334 Χ.
2103 1282 2235 1336 Cum
2271 1283 2386 1351 ipse
2443 1299 2575 1340 vero
2619 1286 2762 1341 circa
2819 1303 2982 1342 unum
3021 1305 3264 1346 mensem
3317 1291 3508 1348 fuisset

1945 1374 1997 1427 in
2034 1375 2231 1427 montis
2265 1376 2431 1430 latere
2462 1393 2624 1445 supra
2685 1390 2919 1448 petram,
2956 1382 3321 1438 ascenderunt
3385 1387 3509 1439 illuc

1931 1468 2082 1534 pueri
2113 1482 2391 1534 gementes
2419 1483 2472 1525 et
2496 1471 2824 1536 clamantes,
2872 1477 3132 1542 quoniam
3168 1493 3288 1532 cum
3317 1493 3510 1546 pasee-

1931 1569 2051 1612 rent
2078 1573 2230 1624 oves,
2256 1577 2349 1614 eas
2372 1563 2731 1630 perdidissent
2755 1583 2769 1630 ;
2797 1575 2851 1621 et
2886 1581 3008 1620 cum
3040 1568 3302 1623 vidissent
3331 1573 3506 1626 virum

1924 1649 2155 1716 justum,
2209 1651 2361 1707 valde
2401 1665 2530 1708 sunt
2592 1656 2793 1719 mirati,
2822 1658 3202 1714 existimantes
3237 1676 3359 1716 eum
3385 1677 3506 1718 esse

1932 1740 2101 1796 feram
2160 1755 2452 1813 agrestem,
2490 1756 2544 1802 et
2600 1748 2894 1816 fugerunt:
2925 1751 3145 1806 indutus
3191 1754 3335 1808 enim
3388 1765 3510 1809 erat

1931 1843 2081 1888 veste
2114 1846 2366 1890 contexta
2395 1852 2458 1892 ex
2507 1838 2628 1907 pilis
2687 1850 2742 1894 et
2788 1842 3035 1911 pellibus,
3073 1845 3294 1901 imitans
3339 1847 3504 1901 vitam

1926 1922 2152 1978 Joannis
2195 1925 2557 1983 Praeeursoris
2605 1939 2660 1982 et
2692 1927 2968 1999 Baptistae.
3005 1930 3141 1988 Cum
3179 1947 3275 1988 eos
3325 1945 3504 1990 autem

1929 2018 2250 2075 advocasset
2284 2021 2479 2076 beatus
2512 2021 2836 2088 Auxentins,
2878 2025 3016 2079 dixit
3043 2043 3056 2079 :
3085 2025 3260 2080 Nolite
3290 2027 3502 2088 timere.

1931 2112 2048 2178 lilii,
2103 2130 2220 2167 sum
2278 2117 2424 2170 enim
2481 2117 2644 2171 homo
2689 2119 2846 2174 vobis
2901 2121 3122 2176 similis.
3177 2122 3316 2187 Quid
3379 2139 3506 2179 vero

1926 2205 2209 2274 qumritis?
2237 2207 2436 2262 Dicunt
2465 2209 2617 2276 pueri
2651 2227 2666 2263 :
2697 2208 2906 2282 Greges
2948 2221 3188 2275 nostros.
3229 2229 3324 2269 eos
3359 2215 3503 2270 enim

1927 2300 2232 2363 amisimus,
2265 2311 2320 2356 et
2353 2301 2478 2358 ideo
2528 2303 2840 2374 afﬂigimur.
2872 2305 3075 2362 Christi
3101 2319 3282 2364 antezn
3317 2326 3508 2367 servus

1927 2390 2231 2448 Auxentius
2254 2395 2536 2460 misertus,
2572 2398 2750 2452 oravit
2782 2398 2982 2454 multas
3009 2401 3191 2457 horas.
3213 2402 3347 2459 Cum
3378 2421 3504 2460 vero

1928 2482 2058 2552 ipsis
2097 2486 2279 2552 pueris
2305 2486 2696 2552 benedixisset,
2727 2489 2861 2542 dicit
2884 2489 2963 2544 eis
2985 2510 2998 2544 :
3021 2491 3100 2546 Ite
3127 2494 3193 2546 ad
3219 2493 3501 2548 sinistrum

1926 2576 2064 2628 latus
2095 2577 2316 2638 montis,
2348 2588 2401 2632 et
2432 2579 2725 2634 invenietis
2755 2591 2972 2637 vestros
3003 2599 3220 2654 greges.
3256 2585 3504 2656 Respon-

1925 2669 2115 2725 dentes
2158 2681 2336 2727 autem
2373 2673 2528 2741 pueri
2578 2673 2766 2728 dicunt
2802 2674 2849 2728 ei
2888 2693 2902 2729 :
2939 2674 3044 2730 Ter
3094 2678 3504 2736 cireutnivintus

1925 2771 2162 2816 montem
2228 2766 2372 2818 hunc
2435 2765 2806 2831 inaccessum,
2843 2776 2898 2822 et
2949 2784 3055 2822 non
3109 2771 3384 2838 potuimus
3411 2789 3504 2827 eos

1927 2855 2168 2909 invenire
2201 2873 2214 2910 :
2251 2867 2306 2910 et
2339 2859 2616 2924 quomodo
2651 2875 2794 2913 nunc
2845 2861 3189 2916 invenientur
3214 2862 3238 2914 ?
3262 2863 3498 2921 Sanctus

1925 2955 2104 3000 autem
2145 2948 2280 3001 dixit
2326 2950 2406 3004 eis
2439 2972 2452 3005 :
2486 2949 2583 3012 lle,
2619 2959 2676 3005 ut
2703 2951 2813 3006 dixi
2846 2953 3023 3018 vobis,
3051 2955 3101 3007 itt
3160 2955 3378 3010 nomine
3404 2955 3503 3010 Do-

1927 3038 2059 3093 mini
2092 3040 2158 3092 ad
2202 3040 2486 3096 sinistrum
2521 3042 2664 3097 latus
2716 3045 2937 3109 montis,
2975 3055 3027 3100 et
3069 3062 3163 3102 eos
3193 3049 3502 3105 invenietis.

1849 3144 1891 3203 ο
1929 3130 2130 3185 Euntes
2147 3146 2297 3196 vero,
2331 3147 2426 3188 eos
2451 3135 2635 3188 statim
2669 3135 3030 3190 invenerunt:
3057 3148 3254 3194 etcum
3281 3142 3501 3198 domum

1924 3223 2220 3289 venissent,
2255 3227 2639 3281 renuntiarunt
2670 3228 2786 3282 suis
2820 3230 3134 3297 parentibus
3170 3249 3184 3286 :
3213 3232 3350 3287 Cum
3379 3251 3502 3302 per-

1923 3316 2243 3371 didissemus
2269 3332 2478 3390 greges,
2508 3328 2562 3373 et
2604 3328 2688 3374 ter
2717 3318 2883 3374 Oxete
2916 3332 3154 3377 montem
3208 3326 3504 3382 circuisse-

1924 3424 2064 3476 nms,
2095 3418 2147 3463 et
2177 3423 2271 3463 eos
2302 3425 2407 3464 non
2439 3411 2830 3474 inveniremus,
2856 3414 3172 3480 aspeximus
3218 3418 3393 3472 virum
3444 3419 3499 3474 in

1922 3510 2071 3555 veste
2098 3517 2161 3555 ex
2201 3501 2342 3571 pilis,
2385 3513 2437 3556 et
2468 3503 2619 3572 gravi
2667 3505 2862 3559 timore
2893 3507 3096 3573 allecti,
3133 3505 3496 3577 fugiebamus.

1923 3592 2016 3647 Ille
2052 3603 2229 3649 autem
2263 3594 2418 3649 nobis
2451 3597 2732 3652 advocatis
2761 3608 3016 3667 precatus
3043 3610 3148 3664 est,
3180 3611 3230 3654 et
3259 3617 3379 3656 cum
3408 3617 3502 3656 ac-

1923 3685 2158 3752 cepisset
2219 3699 2437 3740 causam
2498 3698 2937 3756 propterquam
2987 3690 3282 3757 l'lebamns,
3338 3691 3504 3760 jussit

1926 3791 2022 3830 nos
2051 3785 2244 3830 euntes
2294 3777 2360 3830 ad
2410 3778 2690 3832 sinistrum
2730 3781 2870 3833 latus
2900 3782 3102 3836 montis
3141 3783 3389 3838 invenire
3411 3799 3502 3852 pe-

1924 3867 2110 3922 cudes.
2143 3867 2277 3922 Cum
2310 3868 2388 3923 sic
2441 3883 2571 3940 ergo
2608 3870 2950 3936 fecissemus,
2988 3887 3083 3928 eas
3132 3873 3315 3928 statim
3355 3874 3505 3930 inve-

1924 3960 2126 4026 nimus.

1992 4051 2083 4107 XI.
2120 4051 2253 4108 Cum
2292 4056 2404 4108 ltzec
2432 4065 2612 4111 autem
2648 4056 2948 4111 audiissent
2981 4067 3236 4126 parentes
3281 4059 3500 4116 illorum

1925 4159 2238 4213 puerorum,
2273 4148 2620 4216 congregatis
2661 4147 2796 4202 viris
2823 4162 2891 4203 ex
2937 4151 3022 4211 iis,
3053 4165 3174 4219 qum
3206 4159 3365 4207 erant
3393 4151 3505 4206 cir-

1924 4237 2221 4301 cumcirca,
2282 4238 2520 4304 przediis,
2570 4239 2942 4308 supplicantes
2980 4241 3044 4294 ad
3107 4255 3230 4296 eum
3267 4242 3498 4305 ivernnt,

1923 4336 1977 4381 et
2000 4328 2323 4382 invenerunt
2352 4331 2568 4383 beatum
2609 4331 2785 4384 solum
2823 4341 3056 4387 stantem
3085 4347 3248 4402 supra
3270 4343 3502 4401 petram,

1923 4427 1977 4474 et
2017 4421 2181 4474 Deum
2239 4429 2550 4488 precantem
2587 4438 2600 4474 :
2633 4432 2688 4476 et
2722 4437 2916 4477 omnes
2947 4439 3057 4476 uno
3124 4439 3220 4479 ore
3262 4438 3385 4479 eum
3417 4441 3506 4480 ro-

1605 4481 1694 4533 τὸν
1722 4480 1816 4532 ἐπὶ

1932 4523 2138 4582 garum,
2176 4521 2234 4567 ut
2289 4514 2611 4568 ascenderet
2657 4530 2822 4582 supra
2873 4515 3136 4570 verticem
3193 4517 3393 4572 montis
3450 4530 3505 4572 et

1921 4614 2102 4658 oraret
2131 4620 2225 4672 pro
2255 4605 2356 4659 eis.
2391 4605 2626 4660 Sanctus
2660 4621 2814 4670 vero,
2867 4621 3157 4675 persuasus
3190 4623 3375 4662 eorum
3404 4610 3505 4665 ad-

1925 4696 2346 4760 hortationibus,
2372 4697 2537 4763 jussit
2571 4697 2651 4751 eis
2685 4698 2957 4752 aadilicare
3012 4713 3233 4766 parvam
3287 4699 3501 4764 cellam,

1922 4795 1977 4841 et
2007 4787 2223 4840 clubum
2260 4797 2413 4841 extra
2444 4787 2659 4854 cellam,
2703 4788 2756 4840 itt
2793 4803 2902 4857 quo
2925 4791 3087 4844 etiam
3124 4789 3225 4844 l'uit
3263 4790 3506 4847 inclusus

1928 4878 2080 4932 laetus
2101 4879 2286 4943 corde,
2318 4879 2556 4947 psallens
2583 4889 2638 4933 et
2667 4879 2860 4933 dicens
2890 4897 2905 4935 :
2937 4899 2955 4932 ι
2995 4877 3192 4936 Factus
3219 4897 3338 4936 sum
3364 4883 3506 4939 sicut

1928 4985 2118 5040 passer
2135 4969 2408 5026 solitarius
2429 4974 2480 5026 in
2504 4980 2646 5027 tecto
2667 4971 2714 5026 ⁸.
2757 4990 2776 5024 ι
2806 4972 3141 5042 Frequenter
3159 4988 3288 5044 ergo
3309 4989 3504 5029 ascen-

1932 5063 2144 5126 dentes,
2179 5063 2502 5118 l'ruebantnr
2534 5065 2652 5134 ejus
2687 5067 2966 5136 precibus.
3007 5067 3140 5122 Nam
3170 5081 3264 5137 per
3285 5083 3504 5138 parvam

1929 5155 2222 5208 fenestram
2259 5157 2339 5209 eis
2392 5158 2742 5223 benedicens,
2775 5169 2830 5213 et
2864 5160 3159 5215 consulens
3195 5176 3313 5230 qua:
3337 5160 3478 5230 perti

1929 5255 2053 5299 nent
2092 5247 2156 5299 ad
2181 5247 2438 5313 salutem,
2462 5248 2615 5304 laetos
2657 5251 2984 5306 dimittebat.

2029 5402 2142 5458 ΧΗ.
2179 5402 2314 5458 Cum
2376 5419 2502 5474 ergo
2551 5404 2642 5459 Dei
2703 5407 2754 5460 in
2787 5422 2852 5462 eo
2901 5408 3192 5463 scaturiret
3225 5407 3421 5480 gratia,
3453 5419 3510 5462 et

1929 5493 2048 5563 ejus
2081 5495 2220 5549 fama
2260 5496 2314 5550 in
2363 5512 2578 5550 omnem
2631 5510 2837 5568 partem
2893 5503 3232 5568 pervaderet,
3261 5499 3507 5568 quadam

1933 5588 2212 5642 cuntitissa
2266 5589 2330 5642 ad
2386 5604 2507 5643 eum
2551 5591 2694 5646 venit
2721 5611 2749 5647 c
2788 5589 3125 5656 Ncumcdia,
3165 5601 3382 5662 repente
3418 5607 3513 5647 ex-

3109 5849 3190 5932 ιι
