  <div class='ocr_page' id='page_1' title='image "/cluster/home/n/w/nwhite01/storage/ocr_20150623/114/hvd.32044019208123/745.png"; bbox 0 0 3820 6476; ppageno 0'>
   <div class='ocr_carea' id='block_1_1' title="bbox 294 643 309 667">
    <p class='ocr_par' dir='ltr' id='par_1_1' title="bbox 294 643 309 667">
     <span class='ocr_line' id='line_1_1' title="bbox 294 643 309 667; baseline 0 0"><span class='ocrx_word' id='word_1_1' title='bbox 294 643 309 667; x_wconf 64' lang='grc' dir='ltr'>δ</span> 
     </span>
    </p>
   </div>
   <div class='ocr_carea' id='block_1_2' title="bbox 365 354 504 425">
    <p class='ocr_par' dir='ltr' id='par_1_2' title="bbox 365 354 504 425">
     <span class='ocr_line' id='line_1_2' title="bbox 365 354 504 425; baseline -0.007 0"><span class='ocrx_word' id='word_1_2' title='bbox 365 354 504 425; x_wconf 79' lang='lat'><strong>1387</strong></span> 
     </span>
    </p>
   </div>
   <div class='ocr_carea' id='block_1_3' title="bbox 1505 357 2348 422">
    <p class='ocr_par' dir='ltr' id='par_1_3' title="bbox 1505 357 2348 422">
     <span class='ocr_line' id='line_1_3' title="bbox 1505 357 2348 422; baseline 0 0"><span class='ocrx_word' id='word_1_3' title='bbox 1505 360 1790 422; x_wconf 81' lang='lat' dir='ltr'><strong>MENSIS</strong></span> <span class='ocrx_word' id='word_1_4' title='bbox 1832 357 2348 422; x_wconf 74' lang='lat' dir='ltr'><strong>FEBRUARIUS.</strong></span> 
     </span>
    </p>
   </div>
   <div class='ocr_carea' id='block_1_4' title="bbox 3484 353 3624 420">
    <p class='ocr_par' dir='ltr' id='par_1_4' title="bbox 3484 353 3624 420">
     <span class='ocr_line' id='line_1_4' title="bbox 3484 353 3624 420; baseline 0.014 -2"><span class='ocrx_word' id='word_1_5' title='bbox 3484 353 3624 420; x_wconf 82' lang='grc'><strong>1338</strong></span> 
     </span>
    </p>
   </div>
   <div class='ocr_carea' id='block_1_5' title="bbox 359 469 1929 548">
    <p class='ocr_par' dir='ltr' id='par_1_5' title="bbox 359 474 1929 548">
     <span class='ocr_line' id='line_1_5' title="bbox 359 474 1929 548; baseline -0.005 -12"><span class='ocrx_word' id='word_1_6' title='bbox 359 491 582 536; x_wconf 69' lang='lat' dir='ltr'><strong>ca‘cuta.</strong></span> <span class='ocrx_word' id='word_1_7' title='bbox 648 477 950 534; x_wconf 71' lang='lat' dir='ltr'><strong>I‘rocidens</strong></span> <span class='ocrx_word' id='word_1_8' title='bbox 985 478 1048 531; x_wconf 89' lang='lat' dir='ltr'><strong>ad</strong></span> <span class='ocrx_word' id='word_1_9' title='bbox 1094 476 1209 546; x_wconf 88' lang='lat' dir='ltr'><strong>ejus</strong></span> <span class='ocrx_word' id='word_1_10' title='bbox 1243 477 1427 548; x_wconf 96' lang='lat' dir='ltr'><strong>pedes,</strong></span> <span class='ocrx_word' id='word_1_11' title='bbox 1461 474 1596 531; x_wconf 80' lang='lat' dir='ltr'><strong>dixit</strong></span> <span class='ocrx_word' id='word_1_12' title='bbox 1635 495 1647 531; x_wconf 89' lang='lat'><strong>:</strong></span> <span class='ocrx_word' id='word_1_13' title='bbox 1681 475 1929 531; x_wconf 81' lang='lat' dir='ltr'><strong>Miserere</strong></span> 
     </span>
    </p>
   </div>
   <div class='ocr_carea' id='block_1_6' title="bbox 2039 469 3626 548">
    <p class='ocr_par' dir='ltr' id='par_1_6' title="bbox 2040 469 3626 545">
     <span class='ocr_line' id='line_1_6' title="bbox 2040 469 3626 545; baseline -0.001 -18"><span class='ocrx_word' id='word_1_14' title='bbox 2040 474 2321 544; x_wconf 76' lang='grc' dir='ltr'>αἰφνιδίως</span> <span class='ocrx_word' id='word_1_15' title='bbox 2345 471 2708 544; x_wconf 79' lang='grc' dir='ltr'>τυφλωθεῖσα·</span> <span class='ocrx_word' id='word_1_16' title='bbox 2748 472 2843 527; x_wconf 72' lang='grc' dir='ltr'>καὶ</span> <span class='ocrx_word' id='word_1_17' title='bbox 2875 469 3116 526; x_wconf 76' lang='grc' dir='ltr'>πεσοῦσα</span> <span class='ocrx_word' id='word_1_18' title='bbox 3153 473 3340 540; x_wconf 75' lang='grc' dir='ltr'>ἔλεγεν</span> <span class='ocrx_word' id='word_1_19' title='bbox 3367 490 3381 504; x_wconf 72' lang='grc'><strong><em>⁸</em></strong></span> <span class='ocrx_word' id='word_1_20' title='bbox 3430 473 3626 545; x_wconf 80' lang='grc' dir='ltr'>Ἐλέη-</span> 
     </span>
    </p>
   </div>
   <div class='ocr_carea' id='block_1_7' title="bbox 299 567 1932 635">
    <p class='ocr_par' dir='ltr' id='par_1_7' title="bbox 299 567 1932 635">
     <span class='ocr_line' id='line_1_7' title="bbox 299 567 1932 635; baseline -0.002 -12"><span class='ocrx_word' id='word_1_21' title='bbox 299 605 308 618; x_wconf 79' lang='lat'><strong>.</strong></span> <span class='ocrx_word' id='word_1_22' title='bbox 361 573 499 635; x_wconf 72' lang='lat' dir='ltr'><strong>mei,-</strong></span> <span class='ocrx_word' id='word_1_23' title='bbox 525 585 678 626; x_wconf 73' lang='lat' dir='ltr'><strong>serve</strong></span> <span class='ocrx_word' id='word_1_24' title='bbox 707 569 798 624; x_wconf 86' lang='lat' dir='ltr'><strong>Dei</strong></span> <span class='ocrx_word' id='word_1_25' title='bbox 830 569 1086 635; x_wconf 82' lang='lat' dir='ltr'><strong>Auxenti,</strong></span> <span class='ocrx_word' id='word_1_26' title='bbox 1119 578 1174 625; x_wconf 91' lang='lat' dir='ltr'><strong>et</strong></span> <span class='ocrx_word' id='word_1_27' title='bbox 1196 584 1326 626; x_wconf 88' lang='lat' dir='ltr'><strong>sana</strong></span> <span class='ocrx_word' id='word_1_28' title='bbox 1357 583 1508 624; x_wconf 89' lang='lat' dir='ltr'><strong>meos</strong></span> <span class='ocrx_word' id='word_1_29' title='bbox 1550 567 1756 624; x_wconf 91' lang='lat' dir='ltr'><strong>oculos.</strong></span> <span class='ocrx_word' id='word_1_30' title='bbox 1797 568 1932 620; x_wconf 70' lang='lat' dir='ltr'><strong>Bea-</strong></span> 
     </span>
    </p>
   </div>
   <div class='ocr_carea' id='block_1_8' title="bbox 357 647 1930 734">
    <p class='ocr_par' dir='ltr' id='par_1_8' title="bbox 357 647 1930 734">
     <span class='ocr_line' id='line_1_8' title="bbox 357 647 1930 734; baseline -0.001 -18"><span class='ocrx_word' id='word_1_31' title='bbox 357 672 446 719; x_wconf 87' lang='lat' dir='ltr'><strong>tus</strong></span> <span class='ocrx_word' id='word_1_32' title='bbox 473 647 652 719; x_wconf 61' lang='lat' dir='ltr'><strong>abtem</strong></span> <span class='ocrx_word' id='word_1_33' title='bbox 679 661 1037 734; x_wconf 58' lang='lat' dir='ltr'><strong>prasentibus</strong></span> <span class='ocrx_word' id='word_1_34' title='bbox 1067 662 1132 717; x_wconf 90' lang='lat' dir='ltr'><strong>iis</strong></span> <span class='ocrx_word' id='word_1_35' title='bbox 1174 663 1264 732; x_wconf 91' lang='lat' dir='ltr'><strong>qui</strong></span> <span class='ocrx_word' id='word_1_36' title='bbox 1312 671 1702 726; x_wconf 88' lang='lat' dir='ltr'><strong>convenerant,</strong></span> <span class='ocrx_word' id='word_1_37' title='bbox 1748 661 1883 715; x_wconf 78' lang='lat' dir='ltr'><strong>dixit</strong></span> <span class='ocrx_word' id='word_1_38' title='bbox 1917 679 1930 714; x_wconf 88' lang='lat'><strong>:</strong></span> 
     </span>
    </p>
   </div>
   <div class='ocr_carea' id='block_1_9' title="bbox 354 749 1932 822">
    <p class='ocr_par' dir='ltr' id='par_1_9' title="bbox 354 749 1932 822">
     <span class='ocr_line' id='line_1_9' title="bbox 354 749 1932 822; baseline 0.001 -18"><span class='ocrx_word' id='word_1_39' title='bbox 354 749 472 821; x_wconf 66' lang='lat' dir='ltr'><strong>Ego</strong></span> <span class='ocrx_word' id='word_1_40' title='bbox 496 752 711 822; x_wconf 84' lang='lat' dir='ltr'><strong>quidem</strong></span> <span class='ocrx_word' id='word_1_41' title='bbox 736 765 856 806; x_wconf 89' lang='lat' dir='ltr'><strong>sum</strong></span> <span class='ocrx_word' id='word_1_42' title='bbox 883 751 1043 805; x_wconf 91' lang='lat' dir='ltr'><strong>homo</strong></span> <span class='ocrx_word' id='word_1_43' title='bbox 1065 762 1342 819; x_wconf 75' lang='lat' dir='ltr'><strong>peccator,</strong></span> <span class='ocrx_word' id='word_1_44' title='bbox 1371 764 1421 805; x_wconf 89' lang='lat' dir='ltr'><strong>et</strong></span> <span class='ocrx_word' id='word_1_45' title='bbox 1447 751 1638 806; x_wconf 80' lang='lat' dir='ltr'><strong>iisdem</strong></span> <span class='ocrx_word' id='word_1_46' title='bbox 1685 750 1932 806; x_wconf 86' lang='lat' dir='ltr'><strong>all&#39;eetio-</strong></span> 
     </span>
    </p>
   </div>
   <div class='ocr_carea' id='block_1_10' title="bbox 361 843 1930 913">
    <p class='ocr_par' dir='ltr' id='par_1_10' title="bbox 361 843 1930 913">
     <span class='ocr_line' id='line_1_10' title="bbox 361 843 1930 913; baseline -0.001 -16"><span class='ocrx_word' id='word_1_47' title='bbox 361 844 543 910; x_wconf 90' lang='lat' dir='ltr'><strong>nibus,</strong></span> <span class='ocrx_word' id='word_1_48' title='bbox 577 845 770 913; x_wconf 79' lang='lat' dir='ltr'><strong>quibus</strong></span> <span class='ocrx_word' id='word_1_49' title='bbox 793 857 910 908; x_wconf 88' lang='lat' dir='ltr'><strong>vos,</strong></span> <span class='ocrx_word' id='word_1_50' title='bbox 936 844 1222 899; x_wconf 74' lang='lat' dir='ltr'><strong>obnoxius.</strong></span> <span class='ocrx_word' id='word_1_51' title='bbox 1261 845 1316 899; x_wconf 89' lang='lat' dir='ltr'><strong>Si</strong></span> <span class='ocrx_word' id='word_1_52' title='bbox 1351 859 1476 898; x_wconf 77' lang='lat' dir='ltr'><strong>vero</strong></span> <span class='ocrx_word' id='word_1_53' title='bbox 1512 845 1754 910; x_wconf 88' lang='lat' dir='ltr'><strong>creditis,</strong></span> <span class='ocrx_word' id='word_1_54' title='bbox 1788 843 1930 912; x_wconf 82' lang='lat' dir='ltr'><strong>quod</strong></span> 
     </span>
    </p>
   </div>
   <div class='ocr_carea' id='block_1_11' title="bbox 369 933 1934 1005">
    <p class='ocr_par' dir='ltr' id='par_1_11' title="bbox 369 933 1934 1005">
     <span class='ocr_line' id='line_1_11' title="bbox 369 933 1934 1005; baseline 0 -17"><span class='ocrx_word' id='word_1_55' title='bbox 369 935 463 1004; x_wconf 87' lang='lat' dir='ltr'><strong>qui</strong></span> <span class='ocrx_word' id='word_1_56' title='bbox 504 949 629 989; x_wconf 91' lang='lat' dir='ltr'><strong>eum</strong></span> <span class='ocrx_word' id='word_1_57' title='bbox 662 935 754 1005; x_wconf 92' lang='lat' dir='ltr'><strong>qui</strong></span> <span class='ocrx_word' id='word_1_58' title='bbox 802 944 920 990; x_wconf 90' lang='lat' dir='ltr'><strong>erat</strong></span> <span class='ocrx_word' id='word_1_59' title='bbox 973 935 1040 988; x_wconf 92' lang='lat' dir='ltr'><strong>ab</strong></span> <span class='ocrx_word' id='word_1_60' title='bbox 1090 933 1236 988; x_wconf 78' lang='lat' dir='ltr'><strong>ortu‘</strong></span> <span class='ocrx_word' id='word_1_61' title='bbox 1259 949 1463 999; x_wconf 84' lang='lat' dir='ltr'><strong>caecus,</strong></span> <span class='ocrx_word' id='word_1_62' title='bbox 1498 935 1744 998; x_wconf 81' lang='lat' dir='ltr'><strong>curavit,</strong></span> <span class='ocrx_word' id='word_1_63' title='bbox 1796 938 1934 988; x_wconf 81' lang='lat' dir='ltr'><strong>hunc</strong></span> 
     </span>
    </p>
   </div>
   <div class='ocr_carea' id='block_1_12' title="bbox 366 1027 1935 1098">
    <p class='ocr_par' dir='ltr' id='par_1_12' title="bbox 366 1027 1935 1098">
     <span class='ocr_line' id='line_1_12' title="bbox 366 1027 1935 1098; baseline 0.003 -21"><span class='ocrx_word' id='word_1_64' title='bbox 366 1039 582 1096; x_wconf 87' lang='lat' dir='ltr'><strong>quoque</strong></span> <span class='ocrx_word' id='word_1_65' title='bbox 642 1036 920 1098; x_wconf 80' lang='lat' dir='ltr'><strong>rogantem</strong></span> <span class='ocrx_word' id='word_1_66' title='bbox 971 1043 1080 1082; x_wconf 91' lang='lat' dir='ltr'><strong>non</strong></span> <span class='ocrx_word' id='word_1_67' title='bbox 1137 1027 1385 1095; x_wconf 86' lang='lat' dir='ltr'><strong>despicit,</strong></span> <span class='ocrx_word' id='word_1_68' title='bbox 1440 1028 1649 1081; x_wconf 91' lang='lat' dir='ltr'><strong>sincere</strong></span> <span class='ocrx_word' id='word_1_69' title='bbox 1683 1042 1778 1094; x_wconf 86' lang='lat' dir='ltr'><strong>pro</strong></span> <span class='ocrx_word' id='word_1_70' title='bbox 1817 1027 1935 1096; x_wconf 85' lang='lat' dir='ltr'><strong>ejus</strong></span> 
     </span>
    </p>
   </div>
   <div class='ocr_carea' id='block_1_13' title="bbox 362 1119 1932 1189">
    <p class='ocr_par' dir='ltr' id='par_1_13' title="bbox 362 1119 1932 1189">
     <span class='ocr_line' id='line_1_13' title="bbox 362 1119 1932 1189; baseline -0.001 -16"><span class='ocrx_word' id='word_1_71' title='bbox 362 1120 539 1173; x_wconf 84' lang='lat' dir='ltr'><strong>salute</strong></span> <span class='ocrx_word' id='word_1_72' title='bbox 593 1119 970 1189; x_wconf 82' lang='lat' dir='ltr'><strong>deprecemur.</strong></span> <span class='ocrx_word' id='word_1_73' title='bbox 1012 1120 1148 1176; x_wconf 91' lang='lat' dir='ltr'><strong>Cum</strong></span> <span class='ocrx_word' id='word_1_74' title='bbox 1184 1132 1364 1174; x_wconf 85' lang='lat' dir='ltr'><strong>autem</strong></span> <span class='ocrx_word' id='word_1_75' title='bbox 1408 1133 1600 1174; x_wconf 90' lang='lat' dir='ltr'><strong>omnes</strong></span> <span class='ocrx_word' id='word_1_76' title='bbox 1659 1129 1932 1185; x_wconf 80' lang='lat' dir='ltr'><strong>orassent,</strong></span> 
     </span>
    </p>
   </div>
   <div class='ocr_carea' id='block_1_14' title="bbox 360 1211 1933 1283">
    <p class='ocr_par' dir='ltr' id='par_1_14' title="bbox 360 1211 1933 1283">
     <span class='ocr_line' id='line_1_14' title="bbox 360 1211 1933 1283; baseline 0.002 -18"><span class='ocrx_word' id='word_1_77' title='bbox 360 1224 580 1267; x_wconf 86' lang='lat' dir='ltr'><strong>sanctus</strong></span> <span class='ocrx_word' id='word_1_78' title='bbox 619 1223 842 1282; x_wconf 87' lang='lat' dir='ltr'><strong>tangens</strong></span> <span class='ocrx_word' id='word_1_79' title='bbox 864 1213 980 1283; x_wconf 86' lang='lat' dir='ltr'><strong>ejus</strong></span> <span class='ocrx_word' id='word_1_80' title='bbox 1013 1211 1222 1276; x_wconf 90' lang='lat' dir='ltr'><strong>oculos,</strong></span> <span class='ocrx_word' id='word_1_81' title='bbox 1261 1212 1398 1266; x_wconf 81' lang='lat' dir='ltr'><strong>dixit</strong></span> <span class='ocrx_word' id='word_1_82' title='bbox 1427 1228 1443 1267; x_wconf 90' lang='lat'><strong>:</strong></span> <span class='ocrx_word' id='word_1_83' title='bbox 1485 1211 1660 1266; x_wconf 86' lang='lat' dir='ltr'><strong>Sanat</strong></span> <span class='ocrx_word' id='word_1_84' title='bbox 1693 1222 1743 1267; x_wconf 90' lang='lat' dir='ltr'><strong>te</strong></span> <span class='ocrx_word' id='word_1_85' title='bbox 1777 1211 1933 1268; x_wconf 85' lang='lat' dir='ltr'><strong>Jesus</strong></span> 
     </span>
    </p>
   </div>
   <div class='ocr_carea' id='block_1_15' title="bbox 358 1301 1933 1372">
    <p class='ocr_par' dir='ltr' id='par_1_15' title="bbox 358 1301 1933 1372">
     <span class='ocr_line' id='line_1_15' title="bbox 358 1301 1933 1372; baseline -0.001 -14"><span class='ocrx_word' id='word_1_86' title='bbox 358 1302 610 1358; x_wconf 83' lang='lat' dir='ltr'><strong>Christus</strong></span> <span class='ocrx_word' id='word_1_87' title='bbox 668 1301 758 1358; x_wconf 76' lang='lat' dir='ltr'><strong>lux</strong></span> <span class='ocrx_word' id='word_1_88' title='bbox 791 1318 940 1358; x_wconf 89' lang='lat' dir='ltr'><strong>vera.</strong></span> <span class='ocrx_word' id='word_1_89' title='bbox 978 1301 1224 1372; x_wconf 87' lang='lat' dir='ltr'><strong>Cumque</strong></span> <span class='ocrx_word' id='word_1_90' title='bbox 1267 1316 1328 1356; x_wconf 88' lang='lat' dir='ltr'><strong>ea</strong></span> <span class='ocrx_word' id='word_1_91' title='bbox 1359 1303 1548 1356; x_wconf 80' lang='lat' dir='ltr'><strong>statim</strong></span> <span class='ocrx_word' id='word_1_92' title='bbox 1579 1302 1933 1371; x_wconf 72' lang='lat' dir='ltr'><strong>respexisset,</strong></span> 
     </span>
    </p>
   </div>
   <div class='ocr_carea' id='block_1_16' title="bbox 358 1393 1931 1466">
    <p class='ocr_par' dir='ltr' id='par_1_16' title="bbox 358 1393 1931 1466">
     <span class='ocr_line' id='line_1_16' title="bbox 358 1393 1931 1466; baseline 0 -16"><span class='ocrx_word' id='word_1_93' title='bbox 358 1405 411 1450; x_wconf 85' lang='lat' dir='ltr'><strong>et</strong></span> <span class='ocrx_word' id='word_1_94' title='bbox 445 1395 774 1465; x_wconf 87' lang='lat' dir='ltr'><strong>pauperibus</strong></span> <span class='ocrx_word' id='word_1_95' title='bbox 827 1394 917 1465; x_wconf 92' lang='lat' dir='ltr'><strong>qui</strong></span> <span class='ocrx_word' id='word_1_96' title='bbox 959 1395 1015 1449; x_wconf 91' lang='lat' dir='ltr'><strong>in</strong></span> <span class='ocrx_word' id='word_1_97' title='bbox 1067 1409 1133 1449; x_wconf 89' lang='lat' dir='ltr'><strong>eo</strong></span> <span class='ocrx_word' id='word_1_98' title='bbox 1169 1393 1287 1448; x_wconf 93' lang='lat' dir='ltr'><strong>loco</strong></span> <span class='ocrx_word' id='word_1_99' title='bbox 1345 1394 1656 1450; x_wconf 82' lang='lat' dir='ltr'><strong>assidebam</strong></span> <span class='ocrx_word' id='word_1_100' title='bbox 1699 1396 1931 1466; x_wconf 87' lang='lat' dir='ltr'><strong>plurima</strong></span> 
     </span>
    </p>
   </div>
   <div class='ocr_carea' id='block_1_17' title="bbox 358 1487 1931 1558">
    <p class='ocr_par' dir='ltr' id='par_1_17' title="bbox 358 1487 1931 1558">
     <span class='ocr_line' id='line_1_17' title="bbox 358 1487 1931 1558; baseline 0.002 -16"><span class='ocrx_word' id='word_1_101' title='bbox 358 1495 657 1558; x_wconf 88' lang='lat' dir='ltr'><strong>erogasset,</strong></span> <span class='ocrx_word' id='word_1_102' title='bbox 689 1502 806 1542; x_wconf 91' lang='lat' dir='ltr'><strong>eam</strong></span> <span class='ocrx_word' id='word_1_103' title='bbox 840 1487 1043 1542; x_wconf 91' lang='lat' dir='ltr'><strong>dimisit</strong></span> <span class='ocrx_word' id='word_1_104' title='bbox 1084 1494 1304 1542; x_wconf 85' lang='lat' dir='ltr'><strong>sanctus</strong></span> <span class='ocrx_word' id='word_1_105' title='bbox 1357 1487 1630 1543; x_wconf 69' lang='lat' dir='ltr'><strong>laetantem</strong></span> <span class='ocrx_word' id='word_1_106' title='bbox 1669 1498 1724 1542; x_wconf 92' lang='lat' dir='ltr'><strong>et</strong></span> <span class='ocrx_word' id='word_1_107' title='bbox 1763 1487 1931 1545; x_wconf 89' lang='lat' dir='ltr'><strong>Deum</strong></span> 
     </span>
    </p>
   </div>
   <div class='ocr_carea' id='block_1_18' title="bbox 357 1577 1930 1651">
    <p class='ocr_par' dir='ltr' id='par_1_18' title="bbox 357 1577 1930 1651">
     <span class='ocr_line' id='line_1_18' title="bbox 357 1577 1930 1651; baseline 0.003 -19"><span class='ocrx_word' id='word_1_108' title='bbox 357 1578 771 1646; x_wconf 80' lang='lat' dir='ltr'><strong>gloriﬁcantetn.</strong></span> <span class='ocrx_word' id='word_1_109' title='bbox 819 1577 930 1635; x_wconf 85' lang='lat' dir='ltr'><strong>Hoc</strong></span> <span class='ocrx_word' id='word_1_110' title='bbox 993 1578 1096 1635; x_wconf 88' lang='lat' dir='ltr'><strong>l&#39;uit</strong></span> <span class='ocrx_word' id='word_1_111' title='bbox 1148 1579 1477 1651; x_wconf 86' lang='lat' dir='ltr'><strong>principium</strong></span> <span class='ocrx_word' id='word_1_112' title='bbox 1541 1582 1930 1638; x_wconf 86' lang='lat' dir='ltr'><strong>miraculorum</strong></span> 
     </span>
    </p>
   </div>
   <div class='ocr_carea' id='block_1_19' title="bbox 356 1668 980 1737">
    <p class='ocr_par' dir='ltr' id='par_1_19' title="bbox 356 1668 980 1737">
     <span class='ocr_line' id='line_1_19' title="bbox 356 1668 980 1737; baseline 0.002 -14"><span class='ocrx_word' id='word_1_113' title='bbox 356 1668 476 1737; x_wconf 84' lang='lat' dir='ltr'><strong>ejus</strong></span> <span class='ocrx_word' id='word_1_114' title='bbox 501 1671 552 1724; x_wconf 94' lang='lat' dir='ltr'><strong>in</strong></span> <span class='ocrx_word' id='word_1_115' title='bbox 581 1679 765 1727; x_wconf 86' lang='lat' dir='ltr'><strong>monte</strong></span> <span class='ocrx_word' id='word_1_116' title='bbox 795 1669 980 1726; x_wconf 70' lang='lat' dir='ltr'><strong>Oxeaz.</strong></span> 
     </span>
    </p>
   </div>
   <div class='ocr_carea' id='block_1_20' title="bbox 426 1778 1932 1851">
    <p class='ocr_par' dir='ltr' id='par_1_20' title="bbox 426 1778 1932 1851">
     <span class='ocr_line' id='line_1_20' title="bbox 426 1778 1932 1851; baseline 0.004 -17"><span class='ocrx_word' id='word_1_117' title='bbox 426 1778 568 1836; x_wconf 73' lang='lat' dir='ltr'><strong>XIII.</strong></span> <span class='ocrx_word' id='word_1_118' title='bbox 607 1780 802 1836; x_wconf 85' lang='lat' dir='ltr'><strong>Eorum</strong></span> <span class='ocrx_word' id='word_1_119' title='bbox 837 1791 1016 1837; x_wconf 91' lang='lat' dir='ltr'><strong>autem</strong></span> <span class='ocrx_word' id='word_1_120' title='bbox 1048 1781 1138 1851; x_wconf 90' lang='lat' dir='ltr'><strong>qui</strong></span> <span class='ocrx_word' id='word_1_121' title='bbox 1175 1783 1244 1836; x_wconf 87' lang='lat' dir='ltr'><strong>ab</strong></span> <span class='ocrx_word' id='word_1_122' title='bbox 1269 1781 1562 1839; x_wconf 86' lang='lat' dir='ltr'><strong>immundis</strong></span> <span class='ocrx_word' id='word_1_123' title='bbox 1594 1783 1932 1840; x_wconf 80' lang='lat' dir='ltr'><strong>vexabantur</strong></span> 
     </span>
    </p>
   </div>
   <div class='ocr_carea' id='block_1_21' title="bbox 357 1871 1932 1945">
    <p class='ocr_par' dir='ltr' id='par_1_21' title="bbox 357 1871 1932 1945">
     <span class='ocr_line' id='line_1_21' title="bbox 357 1871 1932 1945; baseline 0.004 -20"><span class='ocrx_word' id='word_1_124' title='bbox 357 1871 712 1938; x_wconf 65' lang='lat' dir='ltr'><strong>daemonibus,</strong></span> <span class='ocrx_word' id='word_1_125' title='bbox 771 1887 971 1942; x_wconf 87' lang='lat' dir='ltr'><strong>magna</strong></span> <span class='ocrx_word' id='word_1_126' title='bbox 1021 1873 1348 1928; x_wconf 85' lang='lat' dir='ltr'><strong>adventabat</strong></span> <span class='ocrx_word' id='word_1_127' title='bbox 1400 1874 1705 1942; x_wconf 88' lang='lat' dir='ltr'><strong>multitudo,</strong></span> <span class='ocrx_word' id='word_1_128' title='bbox 1734 1877 1932 1945; x_wconf 87' lang='lat' dir='ltr'><strong>partim</strong></span> 
     </span>
    </p>
   </div>
   <div class='ocr_carea' id='block_1_22' title="bbox 356 1964 1929 2035">
    <p class='ocr_par' dir='ltr' id='par_1_22' title="bbox 356 1964 1929 2035">
     <span class='ocr_line' id='line_1_22' title="bbox 356 1964 1929 2035; baseline 0.003 -16"><span class='ocrx_word' id='word_1_129' title='bbox 356 1965 574 2034; x_wconf 89' lang='lat' dir='ltr'><strong>quidem</strong></span> <span class='ocrx_word' id='word_1_130' title='bbox 625 1980 692 2018; x_wconf 83' lang='lat' dir='ltr'><strong>ex</strong></span> <span class='ocrx_word' id='word_1_131' title='bbox 759 1964 1051 2035; x_wconf 83' lang='lat' dir='ltr'><strong>indigenis,</strong></span> <span class='ocrx_word' id='word_1_132' title='bbox 1100 1965 1320 2034; x_wconf 88' lang='lat' dir='ltr'><strong>partim</strong></span> <span class='ocrx_word' id='word_1_133' title='bbox 1353 1975 1536 2022; x_wconf 89' lang='lat' dir='ltr'><strong>autem</strong></span> <span class='ocrx_word' id='word_1_134' title='bbox 1587 1981 1654 2022; x_wconf 82' lang='lat' dir='ltr'><strong>ex</strong></span> <span class='ocrx_word' id='word_1_135' title='bbox 1683 1969 1929 2024; x_wconf 87' lang='lat' dir='ltr'><strong>alienis:</strong></span> 
     </span>
    </p>
   </div>
   <div class='ocr_carea' id='block_1_23' title="bbox 355 2053 1932 2127">
    <p class='ocr_par' dir='ltr' id='par_1_23' title="bbox 355 2053 1932 2127">
     <span class='ocr_line' id='line_1_23' title="bbox 355 2053 1932 2127; baseline 0.003 -19"><span class='ocrx_word' id='word_1_136' title='bbox 355 2069 418 2108; x_wconf 81' lang='lat' dir='ltr'><strong>ex</strong></span> <span class='ocrx_word' id='word_1_137' title='bbox 455 2053 653 2125; x_wconf 89' lang='lat' dir='ltr'><strong>quibus</strong></span> <span class='ocrx_word' id='word_1_138' title='bbox 682 2055 901 2124; x_wconf 90' lang='lat' dir='ltr'><strong>plurimi</strong></span> <span class='ocrx_word' id='word_1_139' title='bbox 949 2070 1046 2125; x_wconf 90' lang='lat' dir='ltr'><strong>per</strong></span> <span class='ocrx_word' id='word_1_140' title='bbox 1087 2055 1206 2125; x_wconf 84' lang='lat' dir='ltr'><strong>ejus</strong></span> <span class='ocrx_word' id='word_1_141' title='bbox 1263 2072 1477 2127; x_wconf 88' lang='lat' dir='ltr'><strong>preces,</strong></span> <span class='ocrx_word' id='word_1_142' title='bbox 1517 2057 1748 2112; x_wconf 88' lang='lat' dir='ltr'><strong>lldeliter</strong></span> <span class='ocrx_word' id='word_1_143' title='bbox 1773 2073 1932 2113; x_wconf 81' lang='lat' dir='ltr'><strong>acce-</strong></span> 
     </span>
    </p>
   </div>
   <div class='ocr_carea' id='block_1_24' title="bbox 354 2147 1926 2218">
    <p class='ocr_par' dir='ltr' id='par_1_24' title="bbox 354 2147 1926 2218">
     <span class='ocr_line' id='line_1_24' title="bbox 354 2147 1926 2218; baseline 0.004 -20"><span class='ocrx_word' id='word_1_144' title='bbox 354 2147 566 2210; x_wconf 88' lang='lat' dir='ltr'><strong>dentes,</strong></span> <span class='ocrx_word' id='word_1_145' title='bbox 593 2156 646 2201; x_wconf 90' lang='lat' dir='ltr'><strong>et</strong></span> <span class='ocrx_word' id='word_1_146' title='bbox 672 2147 831 2218; x_wconf 91' lang='lat' dir='ltr'><strong>digne</strong></span> <span class='ocrx_word' id='word_1_147' title='bbox 885 2147 1260 2216; x_wconf 62' lang='lat' dir='ltr'><strong>paenitentiam</strong></span> <span class='ocrx_word' id='word_1_148' title='bbox 1286 2158 1534 2218; x_wconf 76' lang='lat' dir='ltr'><strong>agentes,</strong></span> <span class='ocrx_word' id='word_1_149' title='bbox 1568 2157 1694 2204; x_wconf 90' lang='lat' dir='ltr'><strong>sunt</strong></span> <span class='ocrx_word' id='word_1_150' title='bbox 1725 2151 1926 2204; x_wconf 84' lang='lat' dir='ltr'><strong>curati.</strong></span> 
     </span>
    </p>
   </div>
   <div class='ocr_carea' id='block_1_25' title="bbox 355 2235 1932 2311">
    <p class='ocr_par' dir='ltr' id='par_1_25' title="bbox 355 2235 1932 2311">
     <span class='ocr_line' id='line_1_25' title="bbox 355 2235 1932 2311; baseline 0.004 -21"><span class='ocrx_word' id='word_1_151' title='bbox 355 2235 472 2293; x_wconf 80' lang='lat' dir='ltr'><strong>Non</strong></span> <span class='ocrx_word' id='word_1_152' title='bbox 525 2239 802 2292; x_wconf 85' lang='lat' dir='ltr'><strong>sustinens</strong></span> <span class='ocrx_word' id='word_1_153' title='bbox 868 2252 995 2293; x_wconf 86' lang='lat' dir='ltr'><strong>vero</strong></span> <span class='ocrx_word' id='word_1_154' title='bbox 1027 2237 1228 2293; x_wconf 89' lang='lat' dir='ltr'><strong>nullam</strong></span> <span class='ocrx_word' id='word_1_155' title='bbox 1257 2254 1444 2294; x_wconf 90' lang='lat' dir='ltr'><strong>curam</strong></span> <span class='ocrx_word' id='word_1_156' title='bbox 1471 2241 1586 2310; x_wconf 78' lang='lat' dir='ltr'><strong>geri</strong></span> <span class='ocrx_word' id='word_1_157' title='bbox 1626 2255 1812 2297; x_wconf 89' lang='lat' dir='ltr'><strong>eorum</strong></span> <span class='ocrx_word' id='word_1_158' title='bbox 1842 2243 1932 2311; x_wconf 91' lang='lat' dir='ltr'><strong>qui</strong></span> 
     </span>
    </p>
   </div>
   <div class='ocr_carea' id='block_1_26' title="bbox 355 2329 1932 2400">
    <p class='ocr_par' dir='ltr' id='par_1_26' title="bbox 355 2329 1932 2400">
     <span class='ocr_line' id='line_1_26' title="bbox 355 2329 1932 2400; baseline 0.003 -18"><span class='ocrx_word' id='word_1_159' title='bbox 355 2329 674 2385; x_wconf 87' lang='lat' dir='ltr'><strong>assidebant</strong></span> <span class='ocrx_word' id='word_1_160' title='bbox 706 2329 757 2382; x_wconf 90' lang='lat' dir='ltr'><strong>in</strong></span> <span class='ocrx_word' id='word_1_161' title='bbox 797 2338 1000 2395; x_wconf 91' lang='lat' dir='ltr'><strong>monte,</strong></span> <span class='ocrx_word' id='word_1_162' title='bbox 1033 2339 1090 2383; x_wconf 91' lang='lat' dir='ltr'><strong>et</strong></span> <span class='ocrx_word' id='word_1_163' title='bbox 1122 2343 1312 2383; x_wconf 91' lang='lat' dir='ltr'><strong>eorum</strong></span> <span class='ocrx_word' id='word_1_164' title='bbox 1350 2332 1440 2399; x_wconf 92' lang='lat' dir='ltr'><strong>qui</strong></span> <span class='ocrx_word' id='word_1_165' title='bbox 1470 2331 1610 2400; x_wconf 82' lang='lat' dir='ltr'><strong>longi</strong></span> <span class='ocrx_word' id='word_1_166' title='bbox 1661 2332 1932 2387; x_wconf 84' lang='lat' dir='ltr'><strong>intervalli</strong></span> 
     </span>
    </p>
   </div>
   <div class='ocr_carea' id='block_1_27' title="bbox 356 2420 1930 2494">
    <p class='ocr_par' dir='ltr' id='par_1_27' title="bbox 356 2420 1930 2494">
     <span class='ocr_line' id='line_1_27' title="bbox 356 2420 1930 2494; baseline 0.001 -18"><span class='ocrx_word' id='word_1_167' title='bbox 356 2425 545 2479; x_wconf 83' lang='lat' dir='ltr'><strong>labore</strong></span> <span class='ocrx_word' id='word_1_168' title='bbox 601 2432 756 2476; x_wconf 89' lang='lat' dir='ltr'><strong>erant</strong></span> <span class='ocrx_word' id='word_1_169' title='bbox 786 2420 992 2490; x_wconf 81' lang='lat' dir='ltr'><strong>alllicti,</strong></span> <span class='ocrx_word' id='word_1_170' title='bbox 1031 2436 1153 2476; x_wconf 88' lang='lat' dir='ltr'><strong>cum</strong></span> <span class='ocrx_word' id='word_1_171' title='bbox 1201 2422 1316 2491; x_wconf 88' lang='lat' dir='ltr'><strong>ipse</strong></span> <span class='ocrx_word' id='word_1_172' title='bbox 1348 2421 1494 2476; x_wconf 92' lang='lat' dir='ltr'><strong>nullo</strong></span> <span class='ocrx_word' id='word_1_173' title='bbox 1529 2433 1711 2494; x_wconf 88' lang='lat' dir='ltr'><strong>egeret</strong></span> <span class='ocrx_word' id='word_1_174' title='bbox 1741 2438 1930 2479; x_wconf 88' lang='lat' dir='ltr'><strong>eorum</strong></span> 
     </span>
    </p>
   </div>
   <div class='ocr_carea' id='block_1_28' title="bbox 355 2513 1930 2586">
    <p class='ocr_par' dir='ltr' id='par_1_28' title="bbox 355 2513 1930 2586">
     <span class='ocr_line' id='line_1_28' title="bbox 355 2513 1930 2586; baseline 0.002 -18"><span class='ocrx_word' id='word_1_175' title='bbox 355 2531 476 2586; x_wconf 73' lang='lat' dir='ltr'><strong>qua:</strong></span> <span class='ocrx_word' id='word_1_176' title='bbox 505 2515 683 2571; x_wconf 87' lang='lat' dir='ltr'><strong>oldata</strong></span> <span class='ocrx_word' id='word_1_177' title='bbox 714 2515 950 2579; x_wconf 80' lang='lat' dir='ltr'><strong>fuerant,</strong></span> <span class='ocrx_word' id='word_1_178' title='bbox 986 2514 1153 2582; x_wconf 85' lang='lat' dir='ltr'><strong>jussit</strong></span> <span class='ocrx_word' id='word_1_179' title='bbox 1180 2528 1349 2585; x_wconf 88' lang='lat' dir='ltr'><strong>panes</strong></span> <span class='ocrx_word' id='word_1_180' title='bbox 1368 2513 1552 2570; x_wconf 74' lang='lat' dir='ltr'><strong>alferri</strong></span> <span class='ocrx_word' id='word_1_181' title='bbox 1591 2515 1722 2571; x_wconf 88' lang='lat' dir='ltr'><strong>hora</strong></span> <span class='ocrx_word' id='word_1_182' title='bbox 1752 2525 1930 2583; x_wconf 76' lang='lat' dir='ltr'><strong>sexta,</strong></span> 
     </span>
    </p>
   </div>
   <div class='ocr_carea' id='block_1_29' title="bbox 354 2606 960 2662">
    <p class='ocr_par' dir='ltr' id='par_1_29' title="bbox 354 2606 960 2662">
     <span class='ocr_line' id='line_1_29' title="bbox 354 2606 960 2662; baseline -0.003 -1"><span class='ocrx_word' id='word_1_183' title='bbox 354 2618 411 2661; x_wconf 85' lang='lat' dir='ltr'><strong>et</strong></span> <span class='ocrx_word' id='word_1_184' title='bbox 441 2609 554 2662; x_wconf 90' lang='lat' dir='ltr'><strong>dari</strong></span> <span class='ocrx_word' id='word_1_185' title='bbox 591 2607 654 2662; x_wconf 89' lang='lat' dir='ltr'><strong>iis</strong></span> <span class='ocrx_word' id='word_1_186' title='bbox 685 2606 960 2662; x_wconf 90' lang='lat' dir='ltr'><strong>omnibus.</strong></span> 
     </span>
    </p>
   </div>
   <div class='ocr_carea' id='block_1_30' title="bbox 423 2742 1930 2812">
    <p class='ocr_par' dir='ltr' id='par_1_30' title="bbox 423 2742 1930 2812">
     <span class='ocr_line' id='line_1_30' title="bbox 423 2742 1930 2812; baseline 0.001 -14"><span class='ocrx_word' id='word_1_187' title='bbox 423 2742 566 2800; x_wconf 73' lang='lat' dir='ltr'><strong>XIV.</strong></span> <span class='ocrx_word' id='word_1_188' title='bbox 601 2744 735 2800; x_wconf 88' lang='lat' dir='ltr'><strong>Cum</strong></span> <span class='ocrx_word' id='word_1_189' title='bbox 765 2745 949 2798; x_wconf 88' lang='lat' dir='ltr'><strong>decem</strong></span> <span class='ocrx_word' id='word_1_190' title='bbox 969 2753 1145 2798; x_wconf 88' lang='lat' dir='ltr'><strong>autem</strong></span> <span class='ocrx_word' id='word_1_191' title='bbox 1176 2744 1474 2800; x_wconf 88' lang='lat' dir='ltr'><strong>annosillic</strong></span> <span class='ocrx_word' id='word_1_192' title='bbox 1493 2755 1636 2801; x_wconf 85' lang='lat' dir='ltr'><strong>esset</strong></span> <span class='ocrx_word' id='word_1_193' title='bbox 1660 2755 1930 2812; x_wconf 84' lang='lat' dir='ltr'><strong>versatus,</strong></span> 
     </span>
    </p>
   </div>
   <div class='ocr_carea' id='block_1_31' title="bbox 354 2835 1947 2911">
    <p class='ocr_par' dir='ltr' id='par_1_31' title="bbox 354 2835 1947 2911">
     <span class='ocr_line' id='line_1_31' title="bbox 354 2835 1947 2911; baseline 0 -21"><span class='ocrx_word' id='word_1_194' title='bbox 354 2844 410 2890; x_wconf 88' lang='lat' dir='ltr'><strong>et</strong></span> <span class='ocrx_word' id='word_1_195' title='bbox 443 2835 667 2904; x_wconf 89' lang='lat' dir='ltr'><strong>plurima</strong></span> <span class='ocrx_word' id='word_1_196' title='bbox 707 2836 1004 2905; x_wconf 76' lang='lat' dir='ltr'><strong>peregisset</strong></span> <span class='ocrx_word' id='word_1_197' title='bbox 1027 2836 1349 2899; x_wconf 86' lang='lat' dir='ltr'><strong>certamina,</strong></span> <span class='ocrx_word' id='word_1_198' title='bbox 1381 2851 1486 2890; x_wconf 92' lang='lat' dir='ltr'><strong>non</strong></span> <span class='ocrx_word' id='word_1_199' title='bbox 1523 2837 1784 2891; x_wconf 85' lang='lat' dir='ltr'><strong>adversus</strong></span> <span class='ocrx_word' id='word_1_200' title='bbox 1814 2852 1947 2911; x_wconf 39' lang='lat' dir='ltr'><strong>car:</strong></span> 
     </span>
    </p>
   </div>
   <div class='ocr_carea' id='block_1_32' title="bbox 355 2926 1934 2996">
    <p class='ocr_par' dir='ltr' id='par_1_32' title="bbox 355 2926 1934 2996">
     <span class='ocr_line' id='line_1_32' title="bbox 355 2926 1934 2996; baseline 0 -14"><span class='ocrx_word' id='word_1_201' title='bbox 355 2943 477 2982; x_wconf 89' lang='lat' dir='ltr'><strong>nem</strong></span> <span class='ocrx_word' id='word_1_202' title='bbox 508 2936 561 2982; x_wconf 90' lang='lat' dir='ltr'><strong>et</strong></span> <span class='ocrx_word' id='word_1_203' title='bbox 590 2927 929 2996; x_wconf 85' lang='lat' dir='ltr'><strong>sanguinein,</strong></span> <span class='ocrx_word' id='word_1_204' title='bbox 977 2926 1072 2980; x_wconf 84' lang='lat' dir='ltr'><strong>sed</strong></span> <span class='ocrx_word' id='word_1_205' title='bbox 1127 2929 1388 2981; x_wconf 89' lang='lat' dir='ltr'><strong>adversus</strong></span> <span class='ocrx_word' id='word_1_206' title='bbox 1445 2927 1804 2996; x_wconf 82' lang='lat' dir='ltr'><strong>principatus,</strong></span> <span class='ocrx_word' id='word_1_207' title='bbox 1838 2927 1934 2982; x_wconf 89' lang='lat' dir='ltr'><strong>ad-</strong></span> 
     </span>
    </p>
   </div>
   <div class='ocr_carea' id='block_1_33' title="bbox 355 3017 1932 3088">
    <p class='ocr_par' dir='ltr' id='par_1_33' title="bbox 355 3017 1932 3088">
     <span class='ocr_line' id='line_1_33' title="bbox 355 3017 1932 3088; baseline 0.003 -19"><span class='ocrx_word' id='word_1_208' title='bbox 355 3034 546 3074; x_wconf 67' lang='lat' dir='ltr'><strong>versus</strong></span> <span class='ocrx_word' id='word_1_209' title='bbox 592 3027 887 3088; x_wconf 85' lang='lat' dir='ltr'><strong>potestates</strong></span> <span class='ocrx_word' id='word_1_210' title='bbox 925 3027 980 3073; x_wconf 89' lang='lat' dir='ltr'><strong>et</strong></span> <span class='ocrx_word' id='word_1_211' title='bbox 1015 3018 1284 3087; x_wconf 87' lang='lat' dir='ltr'><strong>principes</strong></span> <span class='ocrx_word' id='word_1_212' title='bbox 1340 3017 1688 3074; x_wconf 86' lang='lat' dir='ltr'><strong>tenebrarum</strong></span> <span class='ocrx_word' id='word_1_213' title='bbox 1748 3019 1932 3074; x_wconf 91' lang='lat' dir='ltr'><strong>mundi</strong></span> 
     </span>
    </p>
   </div>
   <div class='ocr_carea' id='block_1_34' title="bbox 353 3109 1930 3181">
    <p class='ocr_par' dir='ltr' id='par_1_34' title="bbox 353 3109 1930 3181">
     <span class='ocr_line' id='line_1_34' title="bbox 353 3109 1930 3181; baseline 0.001 -17"><span class='ocrx_word' id='word_1_214' title='bbox 353 3110 538 3180; x_wconf 84' lang='lat' dir='ltr'><strong>bujus,</strong></span> <span class='ocrx_word' id='word_1_215' title='bbox 570 3109 783 3164; x_wconf 86' lang='lat' dir='ltr'><strong>utdicit</strong></span> <span class='ocrx_word' id='word_1_216' title='bbox 826 3109 1121 3179; x_wconf 84' lang='lat' dir='ltr'><strong>Apostolus</strong></span> <span class='ocrx_word' id='word_1_217' title='bbox 1145 3111 1187 3175; x_wconf 88' lang='lat'><strong>’,</strong></span> <span class='ocrx_word' id='word_1_218' title='bbox 1226 3111 1489 3167; x_wconf 89' lang='lat' dir='ltr'><strong>adversus</strong></span> <span class='ocrx_word' id='word_1_219' title='bbox 1529 3111 1796 3181; x_wconf 75' lang='lat' dir='ltr'><strong>Spiritalia</strong></span> <span class='ocrx_word' id='word_1_220' title='bbox 1832 3128 1930 3166; x_wconf 88' lang='lat' dir='ltr'><strong>ne-</strong></span> 
     </span>
    </p>
   </div>
   <div class='ocr_carea' id='block_1_35' title="bbox 1961 1824 2105 1914">
    <p class='ocr_par' dir='ltr' id='par_1_35' title="bbox 1961 1824 2105 1914">
     <span class='ocr_line' id='line_1_35' title="bbox 1961 1824 2105 1914; baseline 0 0"><span class='ocrx_word' id='word_1_221' title='bbox 1961 1824 2105 1914; x_wconf 63' lang='lat' dir='ltr'><strong>Bos</strong></span> 
     </span>
    </p>
   </div>
   <div class='ocr_carea' id='block_1_36' title="bbox 2038 559 3626 633">
    <p class='ocr_par' dir='ltr' id='par_1_36' title="bbox 2038 559 3626 633">
     <span class='ocr_line' id='line_1_36' title="bbox 2038 559 3626 633; baseline -0.001 -17"><span class='ocrx_word' id='word_1_222' title='bbox 2038 564 2130 616; x_wconf 79' lang='grc' dir='ltr'><strong>σόν</strong></span> <span class='ocrx_word' id='word_1_223' title='bbox 2164 580 2252 633; x_wconf 88' lang='grc' dir='ltr'><strong>με,</strong></span> <span class='ocrx_word' id='word_1_224' title='bbox 2280 562 2435 616; x_wconf 77' lang='grc' dir='ltr'>δοῦλε</span> <span class='ocrx_word' id='word_1_225' title='bbox 2463 559 2558 614; x_wconf 76' lang='grc' dir='ltr'>τοῦ</span> <span class='ocrx_word' id='word_1_226' title='bbox 2591 561 2727 615; x_wconf 81' lang='grc' dir='ltr'>Θεοῦ</span> <span class='ocrx_word' id='word_1_227' title='bbox 2762 563 2854 616; x_wconf 80' lang='grc' dir='ltr'>τοῦ</span> <span class='ocrx_word' id='word_1_228' title='bbox 2883 561 3128 630; x_wconf 62' lang='grc' dir='ltr'>ὑψίστου.</span> <span class='ocrx_word' id='word_1_229' title='bbox 3171 563 3228 614; x_wconf 85' lang='grc' dir='ltr'>ὐ</span> <span class='ocrx_word' id='word_1_230' title='bbox 3255 563 3310 615; x_wconf 77' lang='grc' dir='ltr'><strong>δὲ</strong></span> <span class='ocrx_word' id='word_1_231' title='bbox 3345 563 3626 633; x_wconf 76' lang='grc' dir='ltr'>μακάριος</span> 
     </span>
    </p>
   </div>
   <div class='ocr_carea' id='block_1_37' title="bbox 2035 653 3627 725">
    <p class='ocr_par' dir='ltr' id='par_1_37' title="bbox 2035 653 3627 725">
     <span class='ocr_line' id='line_1_37' title="bbox 2035 653 3627 725; baseline -0.001 -18"><span class='ocrx_word' id='word_1_232' title='bbox 2035 656 2126 708; x_wconf 75' lang='grc' dir='ltr'><strong>ἐπὶ</strong></span> <span class='ocrx_word' id='word_1_233' title='bbox 2159 655 2266 706; x_wconf 85' lang='grc' dir='ltr'><strong>τῶν</strong></span> <span class='ocrx_word' id='word_1_234' title='bbox 2300 653 2661 707; x_wconf 71' lang='grc' dir='ltr'><strong>συνελθόντων</strong></span> <span class='ocrx_word' id='word_1_235' title='bbox 2698 653 2802 724; x_wconf 75' lang='grc' dir='ltr'><strong>ἔφη</strong></span> <span class='ocrx_word' id='word_1_236' title='bbox 2827 669 2838 683; x_wconf 81' lang='grc'><strong><em>⁸</em></strong></span> <span class='ocrx_word' id='word_1_237' title='bbox 2887 653 3028 721; x_wconf 81' lang='grc' dir='ltr'><strong>Ἐγὼ</strong></span> <span class='ocrx_word' id='word_1_238' title='bbox 3051 654 3150 725; x_wconf 85' lang='grc' dir='ltr'><strong>μέν</strong></span> <span class='ocrx_word' id='word_1_239' title='bbox 3176 655 3293 724; x_wconf 78' lang='grc' dir='ltr'>εἰμι</span> <span class='ocrx_word' id='word_1_240' title='bbox 3331 654 3627 724; x_wconf 76' lang='grc' dir='ltr'>ἄνθρωπος</span> 
     </span>
    </p>
   </div>
   <div class='ocr_carea' id='block_1_38' title="bbox 2037 745 3621 816">
    <p class='ocr_par' dir='ltr' id='par_1_38' title="bbox 2037 745 3621 816">
     <span class='ocr_line' id='line_1_38' title="bbox 2037 745 3621 816; baseline -0.001 -18"><span class='ocrx_word' id='word_1_241' title='bbox 2037 745 2360 816; x_wconf 60' lang='grc' dir='ltr'>ἁμαρτωλός</span> <span class='ocrx_word' id='word_1_242' title='bbox 2396 747 2490 798; x_wconf 72' lang='grc' dir='ltr'>καὶ</span> <span class='ocrx_word' id='word_1_243' title='bbox 2537 745 2872 816; x_wconf 80' lang='grc' dir='ltr'>ὁμοιοπαθής</span> <span class='ocrx_word' id='word_1_244' title='bbox 2907 747 3035 814; x_wconf 77' lang='grc' dir='ltr'>ὑμῖν</span> <span class='ocrx_word' id='word_1_245' title='bbox 3057 759 3071 775; x_wconf 83' lang='grc'>⁶</span> <span class='ocrx_word' id='word_1_246' title='bbox 3123 746 3252 798; x_wconf 80' lang='grc' dir='ltr'>εἰδὲ</span> <span class='ocrx_word' id='word_1_247' title='bbox 3294 747 3621 810; x_wconf 70' lang='grc' dir='ltr'>πιστεύετε,</span> 
     </span>
    </p>
   </div>
   <div class='ocr_carea' id='block_1_39' title="bbox 2035 837 3624 907">
    <p class='ocr_par' dir='ltr' id='par_1_39' title="bbox 2035 837 3624 907">
     <span class='ocr_line' id='line_1_39' title="bbox 2035 837 3624 907; baseline -0.001 -17"><span class='ocrx_word' id='word_1_248' title='bbox 2035 837 2117 890; x_wconf 83' lang='grc' dir='ltr'>ὃτι</span> <span class='ocrx_word' id='word_1_249' title='bbox 2149 839 2176 889; x_wconf 86' lang='grc' dir='ltr'>ὁ</span> <span class='ocrx_word' id='word_1_250' title='bbox 2203 839 2292 890; x_wconf 58' lang='grc' dir='ltr'>τὸν</span> <span class='ocrx_word' id='word_1_251' title='bbox 2325 839 2386 890; x_wconf 83' lang='grc' dir='ltr'>ἐκ</span> <span class='ocrx_word' id='word_1_252' title='bbox 2418 839 2682 907; x_wconf 83' lang='grc' dir='ltr'>γεννήτῆς</span> <span class='ocrx_word' id='word_1_253' title='bbox 2731 837 2934 906; x_wconf 68' lang='grc' dir='ltr'>τυφλὸν</span> <span class='ocrx_word' id='word_1_254' title='bbox 2974 839 3264 904; x_wconf 71' lang='grc' dir='ltr'><strong>ἰασάμενος</strong></span> <span class='ocrx_word' id='word_1_255' title='bbox 3291 840 3386 892; x_wconf 80' lang='grc' dir='ltr'>καὶ</span> <span class='ocrx_word' id='word_1_256' title='bbox 3415 838 3624 905; x_wconf 71' lang='grc' dir='ltr'>ταύτην</span> 
     </span>
    </p>
   </div>
   <div class='ocr_carea' id='block_1_40' title="bbox 2035 929 3621 1000">
    <p class='ocr_par' dir='ltr' id='par_1_40' title="bbox 2035 929 3621 1000">
     <span class='ocr_line' id='line_1_40' title="bbox 2035 929 3621 1000; baseline -0.001 -18"><span class='ocrx_word' id='word_1_257' title='bbox 2035 929 2296 998; x_wconf 78' lang='grc' dir='ltr'><strong>δεομένην</strong></span> <span class='ocrx_word' id='word_1_258' title='bbox 2349 929 2516 983; x_wconf 72' lang='grc' dir='ltr'>αὑτοῦ</span> <span class='ocrx_word' id='word_1_259' title='bbox 2580 929 2642 982; x_wconf 74' lang='grc' dir='ltr'>οὐ</span> <span class='ocrx_word' id='word_1_260' title='bbox 2685 931 2928 1000; x_wconf 77' lang='grc' dir='ltr'>παρορᾷ,</span> <span class='ocrx_word' id='word_1_261' title='bbox 2960 929 3250 999; x_wconf 73' lang='grc' dir='ltr'>εὐξώμεθα</span> <span class='ocrx_word' id='word_1_262' title='bbox 3305 929 3621 1000; x_wconf 77' lang='grc' dir='ltr'><strong>εἰλικρινῶς</strong></span> 
     </span>
    </p>
   </div>
   <div class='ocr_carea' id='block_1_41' title="bbox 2037 1025 3618 1095">
    <p class='ocr_par' dir='ltr' id='par_1_41' title="bbox 2037 1025 3618 1095">
     <span class='ocr_line' id='line_1_41' title="bbox 2037 1025 3618 1095; baseline 0.001 -20"><span class='ocrx_word' id='word_1_263' title='bbox 2037 1025 2178 1094; x_wconf 84' lang='grc' dir='ltr'>ὑπὲρ</span> <span class='ocrx_word' id='word_1_264' title='bbox 2212 1026 2308 1094; x_wconf 81' lang='grc' dir='ltr'>τῆς</span> <span class='ocrx_word' id='word_1_265' title='bbox 2339 1025 2611 1095; x_wconf 76' lang='grc' dir='ltr'><strong>σωτηρίας</strong></span> <span class='ocrx_word' id='word_1_266' title='bbox 2635 1026 2827 1094; x_wconf 76' lang='grc' dir='ltr'>αὐτῆς.</span> <span class='ocrx_word' id='word_1_267' title='bbox 2867 1026 2956 1088; x_wconf 82' lang='grc' dir='ltr'>Ὠς</span> <span class='ocrx_word' id='word_1_268' title='bbox 3014 1026 3071 1079; x_wconf 83' lang='grc' dir='ltr'><strong>δὲ</strong></span> <span class='ocrx_word' id='word_1_269' title='bbox 3103 1027 3304 1088; x_wconf 84' lang='grc' dir='ltr'>πάντες</span> <span class='ocrx_word' id='word_1_270' title='bbox 3356 1025 3618 1095; x_wconf 68' lang='grc' dir='ltr'>ηὔξαντο.</span> 
     </span>
    </p>
   </div>
   <div class='ocr_carea' id='block_1_42' title="bbox 2037 1116 3616 1188">
    <p class='ocr_par' dir='ltr' id='par_1_42' title="bbox 2037 1116 3616 1188">
     <span class='ocr_line' id='line_1_42' title="bbox 2037 1116 3616 1188; baseline 0 -20"><span class='ocrx_word' id='word_1_271' title='bbox 2037 1116 2312 1186; x_wconf 62' lang='grc' dir='ltr'>ἁψάμενος</span> <span class='ocrx_word' id='word_1_272' title='bbox 2366 1117 2473 1170; x_wconf 87' lang='grc' dir='ltr'><strong>τῶν</strong></span> <span class='ocrx_word' id='word_1_273' title='bbox 2529 1117 2827 1186; x_wconf 59' lang='grc' dir='ltr'>ὀφθαλμῶν</span> <span class='ocrx_word' id='word_1_274' title='bbox 2881 1118 3073 1186; x_wconf 76' lang='grc' dir='ltr'>αὐτῆς,</span> <span class='ocrx_word' id='word_1_275' title='bbox 3103 1117 3244 1188; x_wconf 79' lang='grc' dir='ltr'><strong>ἔφη·</strong></span> <span class='ocrx_word' id='word_1_276' title='bbox 3287 1118 3524 1172; x_wconf 79' lang='grc' dir='ltr'>’ἰάσεταί</span> <span class='ocrx_word' id='word_1_277' title='bbox 3560 1135 3616 1168; x_wconf 85' lang='grc' dir='ltr'><strong>σε</strong></span> 
     </span>
    </p>
   </div>
   <div class='ocr_carea' id='block_1_43' title="bbox 2037 1209 3619 1282">
    <p class='ocr_par' dir='ltr' id='par_1_43' title="bbox 2037 1209 3619 1282">
     <span class='ocr_line' id='line_1_43' title="bbox 2037 1209 3619 1282; baseline 0.001 -21"><span class='ocrx_word' id='word_1_278' title='bbox 2037 1209 2268 1280; x_wconf 79' lang='grc' dir='ltr'>Χριστὸς</span> <span class='ocrx_word' id='word_1_279' title='bbox 2301 1213 2361 1262; x_wconf 78' lang='grc' dir='ltr'>τὸ</span> <span class='ocrx_word' id='word_1_280' title='bbox 2393 1211 2510 1280; x_wconf 80' lang='grc' dir='ltr'><strong>φῶς</strong></span> <span class='ocrx_word' id='word_1_281' title='bbox 2543 1214 2604 1264; x_wconf 85' lang='grc' dir='ltr'>τὸ</span> <span class='ocrx_word' id='word_1_282' title='bbox 2631 1211 2906 1282; x_wconf 82' lang='grc' dir='ltr'>ἀληθινόν.</span> <span class='ocrx_word' id='word_1_283' title='bbox 2933 1213 3042 1266; x_wconf 76' lang='grc' dir='ltr'><strong>Καὶ</strong></span> <span class='ocrx_word' id='word_1_284' title='bbox 3075 1213 3280 1275; x_wconf 80' lang='grc' dir='ltr'>εὐθέως</span> <span class='ocrx_word' id='word_1_285' title='bbox 3307 1212 3619 1279; x_wconf 65' lang='grc' dir='ltr'>ἀναὸλεψάο</span> 
     </span>
    </p>
   </div>
   <div class='ocr_carea' id='block_1_44' title="bbox 2039 1300 3617 1375">
    <p class='ocr_par' dir='ltr' id='par_1_44' title="bbox 2039 1300 3617 1375">
     <span class='ocr_line' id='line_1_44' title="bbox 2039 1300 3617 1375; baseline 0.002 -24"><span class='ocrx_word' id='word_1_286' title='bbox 2039 1315 2139 1369; x_wconf 85' lang='grc' dir='ltr'>σης</span> <span class='ocrx_word' id='word_1_287' title='bbox 2165 1300 2334 1370; x_wconf 75' lang='grc' dir='ltr'>αὐτῆς</span> <span class='ocrx_word' id='word_1_288' title='bbox 2365 1303 2459 1354; x_wconf 79' lang='grc' dir='ltr'>καὶ</span> <span class='ocrx_word' id='word_1_289' title='bbox 2493 1303 2722 1356; x_wconf 87' lang='grc' dir='ltr'>πλεῖστα</span> <span class='ocrx_word' id='word_1_290' title='bbox 2753 1305 3098 1375; x_wconf 79' lang='grc' dir='ltr'>ῥογευσάσης</span> <span class='ocrx_word' id='word_1_291' title='bbox 3132 1306 3246 1368; x_wconf 85' lang='grc' dir='ltr'>τοῖς</span> <span class='ocrx_word' id='word_1_292' title='bbox 3282 1304 3617 1374; x_wconf 68' lang='grc' dir='ltr'>προσεδρεύ-</span> 
     </span>
    </p>
   </div>
   <div class='ocr_carea' id='block_1_45' title="bbox 2035 1393 3615 1466">
    <p class='ocr_par' dir='ltr' id='par_1_45' title="bbox 2035 1393 3615 1466">
     <span class='ocr_line' id='line_1_45' title="bbox 2035 1393 3615 1466; baseline 0.001 -22"><span class='ocrx_word' id='word_1_293' title='bbox 2035 1407 2155 1444; x_wconf 93' lang='grc' dir='ltr'>ουσι</span> <span class='ocrx_word' id='word_1_294' title='bbox 2185 1393 2323 1444; x_wconf 84' lang='grc' dir='ltr'><strong>κατά</strong></span> <span class='ocrx_word' id='word_1_295' title='bbox 2349 1393 2440 1446; x_wconf 82' lang='grc' dir='ltr'>τὸν</span> <span class='ocrx_word' id='word_1_296' title='bbox 2465 1395 2630 1448; x_wconf 84' lang='grc' dir='ltr'>τόπον</span> <span class='ocrx_word' id='word_1_297' title='bbox 2669 1397 2931 1465; x_wconf 77' lang='grc' dir='ltr'>πτωχοῖς.</span> <span class='ocrx_word' id='word_1_298' title='bbox 2958 1396 3231 1450; x_wconf 76' lang='grc' dir='ltr'><strong>ἀπέλυσεν</strong></span> <span class='ocrx_word' id='word_1_299' title='bbox 3266 1395 3442 1466; x_wconf 77' lang='grc' dir='ltr'>αὐτὴν</span> <span class='ocrx_word' id='word_1_300' title='bbox 3492 1395 3615 1464; x_wconf 61' lang='grc' dir='ltr'>χαί-</span> 
     </span>
    </p>
   </div>
   <div class='ocr_carea' id='block_1_46' title="bbox 2040 1484 3618 1558">
    <p class='ocr_par' dir='ltr' id='par_1_46' title="bbox 2040 1484 3618 1558">
     <span class='ocr_line' id='line_1_46' title="bbox 2040 1484 3618 1558; baseline 0.004 -23"><span class='ocrx_word' id='word_1_301' title='bbox 2040 1499 2238 1553; x_wconf 90' lang='grc' dir='ltr'>ρουσαν</span> <span class='ocrx_word' id='word_1_302' title='bbox 2259 1485 2349 1538; x_wconf 69' lang='grc' dir='ltr'>καὶ</span> <span class='ocrx_word' id='word_1_303' title='bbox 2381 1484 2711 1549; x_wconf 76' lang='grc' dir='ltr'>δοξάζουσαν</span> <span class='ocrx_word' id='word_1_304' title='bbox 2740 1487 2831 1540; x_wconf 69' lang='grc' dir='ltr'><strong>τὸν</strong></span> <span class='ocrx_word' id='word_1_305' title='bbox 2852 1487 3004 1542; x_wconf 81' lang='grc' dir='ltr'>θεόν.</span> <span class='ocrx_word' id='word_1_306' title='bbox 3027 1487 3199 1540; x_wconf 80' lang='grc' dir='ltr'>Τοῦτο</span> <span class='ocrx_word' id='word_1_307' title='bbox 3229 1489 3456 1556; x_wconf 83' lang='grc' dir='ltr'>γέγονεν</span> <span class='ocrx_word' id='word_1_308' title='bbox 3473 1487 3618 1558; x_wconf 75' lang='grc' dir='ltr'>ἀρχὴ</span> 
     </span>
    </p>
   </div>
   <div class='ocr_carea' id='block_1_47' title="bbox 2035 1575 3372 1649">
    <p class='ocr_par' dir='ltr' id='par_1_47' title="bbox 2035 1575 3372 1649">
     <span class='ocr_line' id='line_1_47' title="bbox 2035 1575 3372 1649; baseline 0.007 -23"><span class='ocrx_word' id='word_1_309' title='bbox 2035 1575 2144 1627; x_wconf 85' lang='grc' dir='ltr'><strong>τῶν</strong></span> <span class='ocrx_word' id='word_1_310' title='bbox 2174 1575 2470 1646; x_wconf 84' lang='grc' dir='ltr'>θαυμάτων</span> <span class='ocrx_word' id='word_1_311' title='bbox 2498 1577 2664 1630; x_wconf 76' lang='grc' dir='ltr'>αὐτοῦ</span> <span class='ocrx_word' id='word_1_312' title='bbox 2698 1579 2756 1630; x_wconf 72' lang='grc' dir='ltr'>ἰν</span> <span class='ocrx_word' id='word_1_313' title='bbox 2782 1577 2857 1648; x_wconf 84' lang='grc' dir='ltr'>τῷ</span> <span class='ocrx_word' id='word_1_314' title='bbox 2885 1578 3003 1647; x_wconf 74' lang='grc' dir='ltr'>ὗρει</span> <span class='ocrx_word' id='word_1_315' title='bbox 3028 1581 3127 1649; x_wconf 77' lang='grc' dir='ltr'>τῆς</span> <span class='ocrx_word' id='word_1_316' title='bbox 3171 1579 3372 1644; x_wconf 77' lang='grc' dir='ltr'>Ὀξίας.</span> 
     </span>
    </p>
   </div>
   <div class='ocr_carea' id='block_1_48' title="bbox 2107 1774 3618 1852">
    <p class='ocr_par' dir='ltr' id='par_1_48' title="bbox 2107 1774 3618 1852">
     <span class='ocr_line' id='line_1_48' title="bbox 2107 1774 3618 1852; baseline 0.006 -23"><span class='ocrx_word' id='word_1_317' title='bbox 2107 1774 2209 1831; x_wconf 69' lang='lat' dir='ltr'><strong>Il&quot;.</strong></span> <span class='ocrx_word' id='word_1_318' title='bbox 2243 1775 2365 1829; x_wconf 86' lang='grc' dir='ltr'><strong>Τῶν</strong></span> <span class='ocrx_word' id='word_1_319' title='bbox 2416 1776 2472 1829; x_wconf 79' lang='grc' dir='ltr'><strong>δὲ</strong></span> <span class='ocrx_word' id='word_1_320' title='bbox 2505 1779 2918 1849; x_wconf 76' lang='grc' dir='ltr'><strong>ἐνεργουμένων</strong></span> <span class='ocrx_word' id='word_1_321' title='bbox 2975 1779 3081 1833; x_wconf 78' lang='grc' dir='ltr'>ὑπὸ</span> <span class='ocrx_word' id='word_1_322' title='bbox 3115 1782 3444 1852; x_wconf 81' lang='grc' dir='ltr'>πνευμάτων</span> <span class='ocrx_word' id='word_1_323' title='bbox 3475 1784 3618 1838; x_wconf 85' lang='grc' dir='ltr'>ἀκα-</span> 
     </span>
    </p>
   </div>
   <div class='ocr_carea' id='block_1_49' title="bbox 2110 1863 3611 1942">
    <p class='ocr_par' dir='ltr' id='par_1_49' title="bbox 2110 1863 3611 1942">
     <span class='ocr_line' id='line_1_49' title="bbox 2110 1863 3611 1942; baseline 0.007 -28"><span class='ocrx_word' id='word_1_324' title='bbox 2110 1879 2253 1933; x_wconf 89' lang='grc' dir='ltr'>ρτων</span> <span class='ocrx_word' id='word_1_325' title='bbox 2305 1863 2511 1932; x_wconf 75' lang='grc' dir='ltr'>πλῆθος</span> <span class='ocrx_word' id='word_1_326' title='bbox 2545 1867 2729 1918; x_wconf 75' lang='grc' dir='ltr'>ἱκανὸν</span> <span class='ocrx_word' id='word_1_327' title='bbox 2801 1869 3254 1940; x_wconf 80' lang='grc' dir='ltr'><strong>προσεκαρτέρει,</strong></span> <span class='ocrx_word' id='word_1_328' title='bbox 3299 1871 3460 1926; x_wconf 82' lang='grc' dir='ltr'>τοῦτο</span> <span class='ocrx_word' id='word_1_329' title='bbox 3511 1875 3611 1942; x_wconf 79' lang='grc' dir='ltr'>μὲν</span> 
     </span>
    </p>
   </div>
   <div class='ocr_carea' id='block_1_50' title="bbox 2038 1956 3612 2029">
    <p class='ocr_par' dir='ltr' id='par_1_50' title="bbox 2038 1956 3612 2029">
     <span class='ocr_line' id='line_1_50' title="bbox 2038 1956 3612 2029; baseline 0.004 -20"><span class='ocrx_word' id='word_1_330' title='bbox 2038 1956 2132 2009; x_wconf 77' lang='grc' dir='ltr'>καὶ</span> <span class='ocrx_word' id='word_1_331' title='bbox 2160 1957 2224 2008; x_wconf 81' lang='grc' dir='ltr'>ὲκ</span> <span class='ocrx_word' id='word_1_332' title='bbox 2257 1957 2366 2010; x_wconf 83' lang='grc' dir='ltr'><strong>τῶν</strong></span> <span class='ocrx_word' id='word_1_333' title='bbox 2397 1958 2733 2028; x_wconf 80' lang='grc' dir='ltr'>ἐπιχωρίων,</span> <span class='ocrx_word' id='word_1_334' title='bbox 2777 1959 2935 2014; x_wconf 79' lang='grc' dir='ltr'>τοῦτο</span> <span class='ocrx_word' id='word_1_335' title='bbox 2974 1960 3031 2014; x_wconf 78' lang='grc' dir='ltr'><strong>δὲ</strong></span> <span class='ocrx_word' id='word_1_336' title='bbox 3063 1964 3154 2016; x_wconf 67' lang='grc' dir='ltr'>καὶ</span> <span class='ocrx_word' id='word_1_337' title='bbox 3185 1961 3244 2028; x_wconf 78' lang='grc' dir='ltr'><strong>ἐξ</strong></span> <span class='ocrx_word' id='word_1_338' title='bbox 3277 1964 3612 2029; x_wconf 73' lang='grc' dir='ltr'>ἀλλοδαπῶν,</span> 
     </span>
    </p>
   </div>
   <div class='ocr_carea' id='block_1_51' title="bbox 2035 2045 3616 2126">
    <p class='ocr_par' dir='ltr' id='par_1_51' title="bbox 2035 2045 3616 2126">
     <span class='ocr_line' id='line_1_51' title="bbox 2035 2045 3616 2126; baseline 0.006 -28"><span class='ocrx_word' id='word_1_339' title='bbox 2035 2045 2111 2109; x_wconf 84' lang='grc' dir='ltr'><strong>ὡς</strong></span> <span class='ocrx_word' id='word_1_340' title='bbox 2151 2045 2442 2112; x_wconf 79' lang='grc' dir='ltr'>πλείστους</span> <span class='ocrx_word' id='word_1_341' title='bbox 2476 2049 2533 2114; x_wconf 69' lang='grc' dir='ltr'><strong>ἐξ</strong></span> <span class='ocrx_word' id='word_1_342' title='bbox 2583 2049 2765 2102; x_wconf 84' lang='grc' dir='ltr'>αὐτῶν</span> <span class='ocrx_word' id='word_1_343' title='bbox 2796 2050 2887 2103; x_wconf 76' lang='grc' dir='ltr'><strong>διὰ</strong></span> <span class='ocrx_word' id='word_1_344' title='bbox 2938 2051 3046 2104; x_wconf 86' lang='grc' dir='ltr'><strong>τῶν</strong></span> <span class='ocrx_word' id='word_1_345' title='bbox 3075 2053 3244 2107; x_wconf 80' lang='grc' dir='ltr'>αὑτοῦ</span> <span class='ocrx_word' id='word_1_346' title='bbox 3295 2059 3616 2126; x_wconf 71' lang='grc' dir='ltr'>προσευχῶν</span> 
     </span>
    </p>
   </div>
   <div class='ocr_carea' id='block_1_52' title="bbox 2039 2138 3613 2218">
    <p class='ocr_par' dir='ltr' id='par_1_52' title="bbox 2039 2138 3613 2218">
     <span class='ocr_line' id='line_1_52' title="bbox 2039 2138 3613 2218; baseline 0.007 -28"><span class='ocrx_word' id='word_1_347' title='bbox 2039 2138 2248 2202; x_wconf 83' lang='grc' dir='ltr'>πιστῶς</span> <span class='ocrx_word' id='word_1_348' title='bbox 2299 2139 2624 2206; x_wconf 84' lang='grc' dir='ltr'>προσιόντας</span> <span class='ocrx_word' id='word_1_349' title='bbox 2669 2141 2788 2194; x_wconf 81' lang='grc' dir='ltr'>κατ’</span> <span class='ocrx_word' id='word_1_350' title='bbox 2813 2141 2980 2210; x_wconf 77' lang='grc' dir='ltr'>ἀξίως</span> <span class='ocrx_word' id='word_1_351' title='bbox 3017 2145 3419 2213; x_wconf 77' lang='grc' dir='ltr'>μετανοοῦντας</span> <span class='ocrx_word' id='word_1_352' title='bbox 3449 2148 3613 2218; x_wconf 83' lang='grc' dir='ltr'>θερα-</span> 
     </span>
    </p>
   </div>
   <div class='ocr_carea' id='block_1_53' title="bbox 2037 2231 3613 2312">
    <p class='ocr_par' dir='ltr' id='par_1_53' title="bbox 2037 2231 3613 2312">
     <span class='ocr_line' id='line_1_53' title="bbox 2037 2231 3613 2312; baseline 0.007 -28"><span class='ocrx_word' id='word_1_353' title='bbox 2037 2231 2322 2288; x_wconf 80' lang='grc' dir='ltr'>πεύεσθαι.</span> <span class='ocrx_word' id='word_1_354' title='bbox 2384 2234 2496 2286; x_wconf 79' lang='grc' dir='ltr'>Οὐκ</span> <span class='ocrx_word' id='word_1_355' title='bbox 2528 2234 2855 2306; x_wconf 77' lang='grc' dir='ltr'>ἀνεχόμενος</span> <span class='ocrx_word' id='word_1_356' title='bbox 2894 2237 2950 2290; x_wconf 82' lang='grc' dir='ltr'><strong>δὲ</strong></span> <span class='ocrx_word' id='word_1_357' title='bbox 2988 2239 3116 2300; x_wconf 78' lang='grc' dir='ltr'>τοὺς</span> <span class='ocrx_word' id='word_1_358' title='bbox 3146 2241 3613 2312; x_wconf 75' lang='grc' dir='ltr'>προσεδρεύοντας</span> 
     </span>
    </p>
   </div>
   <div class='ocr_carea' id='block_1_54' title="bbox 2035 2324 3610 2404">
    <p class='ocr_par' dir='ltr' id='par_1_54' title="bbox 2035 2324 3610 2404">
     <span class='ocr_line' id='line_1_54' title="bbox 2035 2324 3610 2404; baseline 0.007 -28"><span class='ocrx_word' id='word_1_359' title='bbox 2035 2324 2094 2377; x_wconf 84' lang='grc' dir='ltr'>ἐν</span> <span class='ocrx_word' id='word_1_360' title='bbox 2133 2324 2208 2394; x_wconf 85' lang='grc' dir='ltr'>τῷ</span> <span class='ocrx_word' id='word_1_361' title='bbox 2245 2324 2362 2396; x_wconf 72' lang='grc' dir='ltr'>ὄρει</span> <span class='ocrx_word' id='word_1_362' title='bbox 2390 2328 2484 2380; x_wconf 76' lang='grc' dir='ltr'>καὶ</span> <span class='ocrx_word' id='word_1_363' title='bbox 2517 2329 2643 2391; x_wconf 74' lang='grc' dir='ltr'>τοὺς</span> <span class='ocrx_word' id='word_1_364' title='bbox 2665 2331 2728 2381; x_wconf 85' lang='grc' dir='ltr'>ἐκ</span> <span class='ocrx_word' id='word_1_365' title='bbox 2757 2329 3150 2400; x_wconf 75' lang='grc' dir='ltr'>διαστημάτων</span> <span class='ocrx_word' id='word_1_366' title='bbox 3183 2335 3610 2404; x_wconf 78' lang='grc' dir='ltr'>κεκοπωμένους</span> 
     </span>
    </p>
   </div>
   <div class='ocr_carea' id='block_1_55' title="bbox 2035 2417 3614 2496">
    <p class='ocr_par' dir='ltr' id='par_1_55' title="bbox 2035 2417 3614 2496">
     <span class='ocr_line' id='line_1_55' title="bbox 2035 2417 3614 2496; baseline 0.007 -25"><span class='ocrx_word' id='word_1_367' title='bbox 2035 2419 2410 2489; x_wconf 85' lang='grc' dir='ltr'>ἀπρονοήτους</span> <span class='ocrx_word' id='word_1_368' title='bbox 2445 2417 2606 2485; x_wconf 79' lang='grc' dir='ltr'>εἶναι,</span> <span class='ocrx_word' id='word_1_369' title='bbox 2634 2421 2862 2490; x_wconf 78' lang='grc' dir='ltr'>μηδενὸς</span> <span class='ocrx_word' id='word_1_370' title='bbox 2892 2422 3001 2477; x_wconf 86' lang='grc' dir='ltr'><strong>τῶν</strong></span> <span class='ocrx_word' id='word_1_371' title='bbox 3042 2425 3434 2492; x_wconf 76' lang='grc' dir='ltr'>ἐμπιπτόντων</span> <span class='ocrx_word' id='word_1_372' title='bbox 3482 2427 3614 2496; x_wconf 81' lang='grc' dir='ltr'>χρῄ-</span> 
     </span>
    </p>
   </div>
   <div class='ocr_carea' id='block_1_56' title="bbox 2035 2510 3616 2586">
    <p class='ocr_par' dir='ltr' id='par_1_56' title="bbox 2035 2510 3616 2586">
     <span class='ocr_line' id='line_1_56' title="bbox 2035 2510 3616 2586; baseline 0.003 -23"><span class='ocrx_word' id='word_1_373' title='bbox 2035 2510 2144 2575; x_wconf 77' lang='grc' dir='ltr'><strong>ζων</strong></span> <span class='ocrx_word' id='word_1_374' title='bbox 2177 2511 2362 2573; x_wconf 71' lang='grc' dir='ltr'>αὐτὸς,</span> <span class='ocrx_word' id='word_1_375' title='bbox 2412 2511 2612 2580; x_wconf 79' lang='grc' dir='ltr'>ἄρτους</span> <span class='ocrx_word' id='word_1_376' title='bbox 2651 2511 3092 2581; x_wconf 75' lang='grc' dir='ltr'>παρεκελεύσατο</span> <span class='ocrx_word' id='word_1_377' title='bbox 3148 2515 3206 2565; x_wconf 83' lang='grc' dir='ltr'><strong>έν</strong></span> <span class='ocrx_word' id='word_1_378' title='bbox 3239 2517 3304 2582; x_wconf 80' lang='grc' dir='ltr'><strong>τῇ</strong></span> <span class='ocrx_word' id='word_1_379' title='bbox 3329 2514 3468 2584; x_wconf 74' lang='grc' dir='ltr'>ἕκτῃ</span> <span class='ocrx_word' id='word_1_380' title='bbox 3498 2515 3616 2586; x_wconf 72' lang='grc' dir='ltr'>ῶρᾳ.</span> 
     </span>
    </p>
   </div>
   <div class='ocr_carea' id='block_1_57' title="bbox 2035 2599 3154 2670">
    <p class='ocr_par' dir='ltr' id='par_1_57' title="bbox 2035 2599 3154 2670">
     <span class='ocr_line' id='line_1_57' title="bbox 2035 2599 3154 2670; baseline 0.004 -19"><span class='ocrx_word' id='word_1_381' title='bbox 2035 2599 2320 2670; x_wconf 77' lang='grc' dir='ltr'>φέρεσθαι,</span> <span class='ocrx_word' id='word_1_382' title='bbox 2353 2601 2446 2652; x_wconf 72' lang='grc' dir='ltr'>καὶ</span> <span class='ocrx_word' id='word_1_383' title='bbox 2487 2602 2696 2664; x_wconf 78' lang='grc' dir='ltr'>τούτοις</span> <span class='ocrx_word' id='word_1_384' title='bbox 2731 2603 2865 2653; x_wconf 72' lang='grc' dir='ltr'>πᾶσι</span> <span class='ocrx_word' id='word_1_385' title='bbox 2895 2601 3154 2656; x_wconf 77' lang='grc' dir='ltr'>δίδοσθαι.</span> 
     </span>
    </p>
   </div>
   <div class='ocr_carea' id='block_1_58' title="bbox 2109 2733 3615 2810">
    <p class='ocr_par' dir='ltr' id='par_1_58' title="bbox 2109 2733 3615 2810">
     <span class='ocr_line' id='line_1_58' title="bbox 2109 2733 3615 2810; baseline 0.006 -23"><span class='ocrx_word' id='word_1_386' title='bbox 2109 2733 2206 2788; x_wconf 83' lang='grc' dir='ltr'><strong>1Δ’.</strong></span> <span class='ocrx_word' id='word_1_387' title='bbox 2241 2734 2376 2804; x_wconf 70' lang='grc' dir='ltr'>Περὶ</span> <span class='ocrx_word' id='word_1_388' title='bbox 2430 2735 2499 2788; x_wconf 73' lang='grc' dir='ltr'><strong>τά</strong></span> <span class='ocrx_word' id='word_1_389' title='bbox 2531 2734 2662 2788; x_wconf 82' lang='grc' dir='ltr'>δέκα</span> <span class='ocrx_word' id='word_1_390' title='bbox 2710 2735 2806 2789; x_wconf 75' lang='grc' dir='ltr'>οὖν</span> <span class='ocrx_word' id='word_1_391' title='bbox 2867 2737 2960 2809; x_wconf 83' lang='grc' dir='ltr'><strong>ἔτη</strong></span> <span class='ocrx_word' id='word_1_392' title='bbox 3015 2739 3403 2810; x_wconf 75' lang='grc' dir='ltr'>διατρίψαντος</span> <span class='ocrx_word' id='word_1_393' title='bbox 3452 2743 3615 2796; x_wconf 76' lang='grc' dir='ltr'>αὐτοῦ</span> 
     </span>
    </p>
   </div>
   <div class='ocr_carea' id='block_1_59' title="bbox 2035 2825 3621 2904">
    <p class='ocr_par' dir='ltr' id='par_1_59' title="bbox 2035 2825 3621 2904">
     <span class='ocr_line' id='line_1_59' title="bbox 2035 2825 3621 2904; baseline 0.007 -26"><span class='ocrx_word' id='word_1_394' title='bbox 2035 2827 2235 2889; x_wconf 78' lang='grc' dir='ltr'>ἐκεῖσε,</span> <span class='ocrx_word' id='word_1_395' title='bbox 2287 2827 2380 2878; x_wconf 74' lang='grc' dir='ltr'>καὶ</span> <span class='ocrx_word' id='word_1_396' title='bbox 2415 2825 2702 2890; x_wconf 78' lang='grc' dir='ltr'>πλείστους</span> <span class='ocrx_word' id='word_1_397' title='bbox 2760 2827 2999 2897; x_wconf 84' lang='grc' dir='ltr'>ἀγῶνας,</span> <span class='ocrx_word' id='word_1_398' title='bbox 3037 2833 3097 2884; x_wconf 79' lang='grc' dir='ltr'>οὐ</span> <span class='ocrx_word' id='word_1_399' title='bbox 3154 2834 3288 2902; x_wconf 69' lang='grc' dir='ltr'>πρὸς</span> <span class='ocrx_word' id='word_1_400' title='bbox 3343 2829 3483 2904; x_wconf 68' lang='grc' dir='ltr'>αἷμα</span> <span class='ocrx_word' id='word_1_401' title='bbox 3525 2838 3621 2889; x_wconf 70' lang='grc' dir='ltr'>καὶ</span> 
     </span>
    </p>
   </div>
   <div class='ocr_carea' id='block_1_60' title="bbox 2036 2918 3616 2990">
    <p class='ocr_par' dir='ltr' id='par_1_60' title="bbox 2036 2918 3616 2990">
     <span class='ocr_line' id='line_1_60' title="bbox 2036 2918 3616 2990; baseline 0.005 -20"><span class='ocrx_word' id='word_1_402' title='bbox 2036 2919 2236 2989; x_wconf 86' lang='grc' dir='ltr'>σάρκα,</span> <span class='ocrx_word' id='word_1_403' title='bbox 2271 2918 2410 2970; x_wconf 69' lang='grc' dir='ltr'>ἀλλὰ</span> <span class='ocrx_word' id='word_1_404' title='bbox 2451 2919 2588 2987; x_wconf 84' lang='grc' dir='ltr'>πρὸς</span> <span class='ocrx_word' id='word_1_405' title='bbox 2620 2919 2712 2982; x_wconf 75' lang='grc' dir='ltr'><strong>τάς</strong></span> <span class='ocrx_word' id='word_1_406' title='bbox 2742 2921 2915 2990; x_wconf 76' lang='grc' dir='ltr'>ἀρχὰς</span> <span class='ocrx_word' id='word_1_407' title='bbox 2947 2923 3042 2974; x_wconf 72' lang='grc' dir='ltr'>καὶ</span> <span class='ocrx_word' id='word_1_408' title='bbox 3083 2923 3208 2986; x_wconf 75' lang='grc' dir='ltr'>τοὺς</span> <span class='ocrx_word' id='word_1_409' title='bbox 3229 2923 3483 2989; x_wconf 81' lang='grc' dir='ltr'>ἐξουσίας</span> <span class='ocrx_word' id='word_1_410' title='bbox 3520 2931 3616 2980; x_wconf 71' lang='grc' dir='ltr'>καὶ</span> 
     </span>
    </p>
   </div>
   <div class='ocr_carea' id='block_1_61' title="bbox 2034 3014 3620 3091">
    <p class='ocr_par' dir='ltr' id='par_1_61' title="bbox 2034 3014 3620 3091">
     <span class='ocr_line' id='line_1_61' title="bbox 2034 3014 3620 3091; baseline 0.005 -26"><span class='ocrx_word' id='word_1_411' title='bbox 2034 3014 2162 3075; x_wconf 76' lang='grc' dir='ltr'>τοὺς</span> <span class='ocrx_word' id='word_1_412' title='bbox 2198 3015 2650 3085; x_wconf 74' lang='grc' dir='ltr'>κοσμοκράτορας</span> <span class='ocrx_word' id='word_1_413' title='bbox 2682 3014 2774 3068; x_wconf 79' lang='grc' dir='ltr'>τοῦ</span> <span class='ocrx_word' id='word_1_414' title='bbox 2802 3017 3047 3080; x_wconf 82' lang='grc' dir='ltr'>σκότους.</span> <span class='ocrx_word' id='word_1_415' title='bbox 3077 3017 3152 3080; x_wconf 86' lang='grc' dir='ltr'><strong>ῶς</strong></span> <span class='ocrx_word' id='word_1_416' title='bbox 3183 3036 3348 3091; x_wconf 75' lang='grc' dir='ltr'>φησιν</span> <span class='ocrx_word' id='word_1_417' title='bbox 3384 3021 3413 3072; x_wconf 83' lang='grc'>6</span> <span class='ocrx_word' id='word_1_418' title='bbox 3459 3022 3620 3075; x_wconf 67' lang='grc' dir='ltr'><strong>Ἀπ-ὗο</strong></span> 
     </span>
    </p>
   </div>
   <div class='ocr_carea' id='block_1_62' title="bbox 2039 3107 3618 3180">
    <p class='ocr_par' dir='ltr' id='par_1_62' title="bbox 2039 3107 3618 3180">
     <span class='ocr_line' id='line_1_62' title="bbox 2039 3107 3618 3180; baseline 0.005 -23"><span class='ocrx_word' id='word_1_419' title='bbox 2039 3107 2244 3171; x_wconf 82' lang='grc' dir='ltr'>στολος,</span> <span class='ocrx_word' id='word_1_420' title='bbox 2298 3107 2432 3177; x_wconf 74' lang='grc' dir='ltr'>πρὸς</span> <span class='ocrx_word' id='word_1_421' title='bbox 2479 3107 2547 3159; x_wconf 88' lang='grc' dir='ltr'><strong>τά</strong></span> <span class='ocrx_word' id='word_1_422' title='bbox 2574 3109 2928 3176; x_wconf 82' lang='grc' dir='ltr'>πνευματικά</span> <span class='ocrx_word' id='word_1_423' title='bbox 2963 3108 3064 3178; x_wconf 81' lang='grc' dir='ltr'>τῆς</span> <span class='ocrx_word' id='word_1_424' title='bbox 3097 3112 3366 3180; x_wconf 76' lang='grc' dir='ltr'>πονηρίας</span> <span class='ocrx_word' id='word_1_425' title='bbox 3405 3113 3618 3166; x_wconf 68' lang='grc' dir='ltr'>ἐκτελέα</span> 
     </span>
    </p>
   </div>
   <div class='ocr_carea' id='block_1_63' title="bbox 352 3173 1929 3272">
    <p class='ocr_par' dir='ltr' id='par_1_63' title="bbox 352 3173 1929 3272">
     <span class='ocr_line' id='line_1_63' title="bbox 352 3173 1929 3272; baseline 0.003 -18"><span class='ocrx_word' id='word_1_426' title='bbox 352 3173 537 3268; x_wconf 75' lang='lat' dir='ltr'><strong>quitiae</strong></span> <span class='ocrx_word' id='word_1_427' title='bbox 566 3219 579 3255; x_wconf 93' lang='lat'><strong><em>:</em></strong></span> <span class='ocrx_word' id='word_1_428' title='bbox 617 3210 669 3256; x_wconf 92' lang='lat' dir='ltr'><strong>et</strong></span> <span class='ocrx_word' id='word_1_429' title='bbox 703 3217 765 3256; x_wconf 86' lang='lat' dir='ltr'><strong>ea</strong></span> <span class='ocrx_word' id='word_1_430' title='bbox 797 3203 1016 3256; x_wconf 87' lang='lat' dir='ltr'><strong>vicisset</strong></span> <span class='ocrx_word' id='word_1_431' title='bbox 1043 3201 1149 3256; x_wconf 73' lang='lat' dir='ltr'><strong>fide</strong></span> <span class='ocrx_word' id='word_1_432' title='bbox 1196 3216 1294 3272; x_wconf 90' lang='lat' dir='ltr'><strong>per</strong></span> <span class='ocrx_word' id='word_1_433' title='bbox 1319 3203 1656 3272; x_wconf 86' lang='lat' dir='ltr'><strong>patientiam,</strong></span> <span class='ocrx_word' id='word_1_434' title='bbox 1691 3205 1774 3258; x_wconf 93' lang='lat' dir='ltr'><strong>vir</strong></span> <span class='ocrx_word' id='word_1_435' title='bbox 1806 3205 1929 3272; x_wconf 82' lang='lat' dir='ltr'><strong>qui-</strong></span> 
     </span>
    </p>
   </div>
   <div class='ocr_carea' id='block_1_64' title="bbox 2039 3173 3615 3272">
    <p class='ocr_par' dir='ltr' id='par_1_64' title="bbox 2041 3198 3615 3272">
     <span class='ocr_line' id='line_1_64' title="bbox 2041 3198 3615 3272; baseline 0.004 -21"><span class='ocrx_word' id='word_1_436' title='bbox 2041 3214 2230 3260; x_wconf 81' lang='grc' dir='ltr'>σαντο;</span> <span class='ocrx_word' id='word_1_437' title='bbox 2267 3200 2360 3252; x_wconf 74' lang='grc' dir='ltr'>καὶ</span> <span class='ocrx_word' id='word_1_438' title='bbox 2385 3201 2449 3269; x_wconf 83' lang='grc' dir='ltr'>τῇ</span> <span class='ocrx_word' id='word_1_439' title='bbox 2486 3198 2664 3253; x_wconf 80' lang='grc' dir='ltr'>πίστει</span> <span class='ocrx_word' id='word_1_440' title='bbox 2690 3199 2758 3252; x_wconf 83' lang='grc' dir='ltr'><strong>δι’</strong></span> <span class='ocrx_word' id='word_1_441' title='bbox 2784 3200 3068 3270; x_wconf 76' lang='grc' dir='ltr'>ὑπομονῆς</span> <span class='ocrx_word' id='word_1_442' title='bbox 3102 3203 3451 3272; x_wconf 81' lang='grc' dir='ltr'>νικήσαντος,</span> <span class='ocrx_word' id='word_1_443' title='bbox 3509 3207 3615 3257; x_wconf 86' lang='grc' dir='ltr'><strong>τῶν</strong></span> 
     </span>
    </p>
   </div>
   <div class='ocr_carea' id='block_1_65' title="bbox 353 3291 1934 3366">
    <p class='ocr_par' dir='ltr' id='par_1_65' title="bbox 353 3291 1934 3366">
     <span class='ocr_line' id='line_1_65' title="bbox 353 3291 1934 3366; baseline 0.005 -23"><span class='ocrx_word' id='word_1_444' title='bbox 353 3296 476 3347; x_wconf 89' lang='lat' dir='ltr'><strong>dam</strong></span> <span class='ocrx_word' id='word_1_445' title='bbox 512 3291 859 3348; x_wconf 81' lang='lat' dir='ltr'><strong>ﬁdelissimus</strong></span> <span class='ocrx_word' id='word_1_446' title='bbox 886 3307 952 3348; x_wconf 79' lang='lat' dir='ltr'><strong>ex</strong></span> <span class='ocrx_word' id='word_1_447' title='bbox 985 3293 1051 3348; x_wconf 89' lang='lat' dir='ltr'><strong>iis</strong></span> <span class='ocrx_word' id='word_1_448' title='bbox 1102 3294 1193 3363; x_wconf 89' lang='lat' dir='ltr'><strong>qui</strong></span> <span class='ocrx_word' id='word_1_449' title='bbox 1238 3293 1534 3363; x_wconf 85' lang='lat' dir='ltr'><strong>aliquando</strong></span> <span class='ocrx_word' id='word_1_450' title='bbox 1565 3294 1787 3349; x_wconf 79' lang='lat' dir='ltr'><strong>fuerant</strong></span> <span class='ocrx_word' id='word_1_451' title='bbox 1816 3295 1934 3366; x_wconf 84' lang='lat' dir='ltr'><strong>ejus</strong></span> 
     </span>
    </p>
   </div>
   <div class='ocr_carea' id='block_1_66' title="bbox 353 3380 1932 3448">
    <p class='ocr_par' dir='ltr' id='par_1_66' title="bbox 353 3380 1932 3448">
     <span class='ocr_line' id='line_1_66' title="bbox 353 3380 1932 3448; baseline 0.002 -13"><span class='ocrx_word' id='word_1_452' title='bbox 353 3381 668 3446; x_wconf 80' lang='lat' dir='ltr'><strong>familiares,</strong></span> <span class='ocrx_word' id='word_1_453' title='bbox 685 3397 805 3436; x_wconf 86' lang='lat' dir='ltr'><strong>cum</strong></span> <span class='ocrx_word' id='word_1_454' title='bbox 829 3380 1024 3436; x_wconf 83' lang='lat' dir='ltr'><strong>soleret</strong></span> <span class='ocrx_word' id='word_1_455' title='bbox 1042 3384 1106 3436; x_wconf 91' lang='lat' dir='ltr'><strong>ad</strong></span> <span class='ocrx_word' id='word_1_456' title='bbox 1129 3382 1544 3448; x_wconf 86' lang='lat' dir='ltr'><strong>eumaccedere,</strong></span> <span class='ocrx_word' id='word_1_457' title='bbox 1567 3393 1622 3438; x_wconf 88' lang='lat' dir='ltr'><strong>et</strong></span> <span class='ocrx_word' id='word_1_458' title='bbox 1642 3400 1707 3440; x_wconf 76' lang='lat' dir='ltr'><strong>ex</strong></span> <span class='ocrx_word' id='word_1_459' title='bbox 1733 3401 1797 3439; x_wconf 90' lang='lat' dir='ltr'><strong>eo</strong></span> <span class='ocrx_word' id='word_1_460' title='bbox 1817 3403 1932 3438; x_wconf 86' lang='lat' dir='ltr'><strong>ina-</strong></span> 
     </span>
    </p>
   </div>
   <div class='ocr_carea' id='block_1_67' title="bbox 351 3475 1930 3546">
    <p class='ocr_par' dir='ltr' id='par_1_67' title="bbox 351 3475 1930 3546">
     <span class='ocr_line' id='line_1_67' title="bbox 351 3475 1930 3546; baseline 0.004 -20"><span class='ocrx_word' id='word_1_461' title='bbox 351 3490 510 3546; x_wconf 81' lang='lat' dir='ltr'><strong>gnant</strong></span> <span class='ocrx_word' id='word_1_462' title='bbox 534 3485 754 3544; x_wconf 87' lang='lat' dir='ltr'><strong>caperet</strong></span> <span class='ocrx_word' id='word_1_463' title='bbox 776 3475 1086 3538; x_wconf 87' lang='lat' dir='ltr'><strong>utilitatem,</strong></span> <span class='ocrx_word' id='word_1_464' title='bbox 1121 3475 1252 3530; x_wconf 86' lang='lat' dir='ltr'><strong>dicit</strong></span> <span class='ocrx_word' id='word_1_465' title='bbox 1278 3477 1606 3530; x_wconf 88' lang='lat' dir='ltr'><strong>cuidamalii</strong></span> <span class='ocrx_word' id='word_1_466' title='bbox 1644 3494 1710 3532; x_wconf 80' lang='lat' dir='ltr'><strong>ex</strong></span> <span class='ocrx_word' id='word_1_467' title='bbox 1743 3480 1930 3532; x_wconf 89' lang='lat' dir='ltr'><strong>eadem</strong></span> 
     </span>
    </p>
   </div>
   <div class='ocr_carea' id='block_1_68' title="bbox 349 3561 1932 3634">
    <p class='ocr_par' dir='ltr' id='par_1_68' title="bbox 349 3561 1932 3634">
     <span class='ocr_line' id='line_1_68' title="bbox 349 3561 1932 3634; baseline 0.003 -16"><span class='ocrx_word' id='word_1_468' title='bbox 349 3571 543 3634; x_wconf 88' lang='lat' dir='ltr'><strong>quarta</strong></span> <span class='ocrx_word' id='word_1_469' title='bbox 575 3564 764 3619; x_wconf 90' lang='lat' dir='ltr'><strong>scbola</strong></span> <span class='ocrx_word' id='word_1_470' title='bbox 798 3578 812 3615; x_wconf 90' lang='lat'><strong>:</strong></span> <span class='ocrx_word' id='word_1_471' title='bbox 853 3561 983 3619; x_wconf 80' lang='lat' dir='ltr'><strong>Volo</strong></span> <span class='ocrx_word' id='word_1_472' title='bbox 1020 3565 1107 3618; x_wconf 91' lang='lat' dir='ltr'><strong>die</strong></span> <span class='ocrx_word' id='word_1_473' title='bbox 1147 3566 1398 3634; x_wconf 87' lang='lat' dir='ltr'><strong>sequenti</strong></span> <span class='ocrx_word' id='word_1_474' title='bbox 1434 3568 1515 3621; x_wconf 89' lang='lat' dir='ltr'><strong>ire</strong></span> <span class='ocrx_word' id='word_1_475' title='bbox 1550 3568 1616 3620; x_wconf 86' lang='lat' dir='ltr'><strong>ad</strong></span> <span class='ocrx_word' id='word_1_476' title='bbox 1654 3569 1932 3622; x_wconf 88' lang='lat' dir='ltr'><strong>dominum</strong></span> 
     </span>
    </p>
   </div>
   <div class='ocr_carea' id='block_1_69' title="bbox 348 3655 1933 3727">
    <p class='ocr_par' dir='ltr' id='par_1_69' title="bbox 348 3655 1933 3727">
     <span class='ocr_line' id='line_1_69' title="bbox 348 3655 1933 3727; baseline 0.001 -16"><span class='ocrx_word' id='word_1_477' title='bbox 348 3658 700 3712; x_wconf 77' lang='lat' dir='ltr'><strong>Auxentium.</strong></span> <span class='ocrx_word' id='word_1_478' title='bbox 730 3655 863 3711; x_wconf 79' lang='lat' dir='ltr'><strong>Veni</strong></span> <span class='ocrx_word' id='word_1_479' title='bbox 918 3667 971 3708; x_wconf 92' lang='lat' dir='ltr'><strong>tu</strong></span> <span class='ocrx_word' id='word_1_480' title='bbox 1026 3671 1266 3726; x_wconf 84' lang='lat' dir='ltr'><strong>qquue,</strong></span> <span class='ocrx_word' id='word_1_481' title='bbox 1303 3668 1357 3711; x_wconf 86' lang='lat' dir='ltr'><strong>et</strong></span> <span class='ocrx_word' id='word_1_482' title='bbox 1394 3658 1627 3727; x_wconf 86' lang='lat' dir='ltr'><strong>plurima</strong></span> <span class='ocrx_word' id='word_1_483' title='bbox 1689 3658 1933 3714; x_wconf 79' lang='lat' dir='ltr'><strong>fruamur</strong></span> 
     </span>
    </p>
   </div>
   <div class='ocr_carea' id='block_1_70' title="bbox 353 3747 1932 3819">
    <p class='ocr_par' dir='ltr' id='par_1_70' title="bbox 353 3747 1932 3819">
     <span class='ocr_line' id='line_1_70' title="bbox 353 3747 1932 3819; baseline 0.003 -19"><span class='ocrx_word' id='word_1_484' title='bbox 353 3749 606 3803; x_wconf 84' lang='lat' dir='ltr'><strong>utilitate.</strong></span> <span class='ocrx_word' id='word_1_485' title='bbox 641 3747 736 3802; x_wconf 88' lang='lat' dir='ltr'><strong>Ille</strong></span> <span class='ocrx_word' id='word_1_486' title='bbox 769 3759 951 3802; x_wconf 89' lang='lat' dir='ltr'><strong>autem</strong></span> <span class='ocrx_word' id='word_1_487' title='bbox 983 3747 1254 3805; x_wconf 82' lang='lat' dir='ltr'><strong>diabolieo</strong></span> <span class='ocrx_word' id='word_1_488' title='bbox 1296 3751 1532 3819; x_wconf 91' lang='lat' dir='ltr'><strong>quodam</strong></span> <span class='ocrx_word' id='word_1_489' title='bbox 1569 3749 1828 3804; x_wconf 89' lang='lat' dir='ltr'><strong>instinctu</strong></span> <span class='ocrx_word' id='word_1_490' title='bbox 1862 3751 1932 3806; x_wconf 90' lang='lat' dir='ltr'><strong>ab</strong></span> 
     </span>
    </p>
   </div>
   <div class='ocr_carea' id='block_1_71' title="bbox 347 3841 1928 3911">
    <p class='ocr_par' dir='ltr' id='par_1_71' title="bbox 347 3841 1928 3911">
     <span class='ocr_line' id='line_1_71' title="bbox 347 3841 1928 3911; baseline 0.001 -16"><span class='ocrx_word' id='word_1_491' title='bbox 347 3857 415 3896; x_wconf 91' lang='lat' dir='ltr'><strong>eo</strong></span> <span class='ocrx_word' id='word_1_492' title='bbox 441 3841 672 3907; x_wconf 88' lang='lat' dir='ltr'><strong>alienus,</strong></span> <span class='ocrx_word' id='word_1_493' title='bbox 709 3857 814 3896; x_wconf 91' lang='lat' dir='ltr'><strong>non</strong></span> <span class='ocrx_word' id='word_1_494' title='bbox 871 3841 1046 3896; x_wconf 89' lang='lat' dir='ltr'><strong>solum</strong></span> <span class='ocrx_word' id='word_1_495' title='bbox 1105 3857 1210 3896; x_wconf 95' lang='lat' dir='ltr'><strong>non</strong></span> <span class='ocrx_word' id='word_1_496' title='bbox 1245 3842 1343 3896; x_wconf 81' lang='lat' dir='ltr'><strong>fuit</strong></span> <span class='ocrx_word' id='word_1_497' title='bbox 1375 3857 1666 3911; x_wconf 79' lang='lat' dir='ltr'><strong>persuasus</strong></span> <span class='ocrx_word' id='word_1_498' title='bbox 1707 3853 1766 3898; x_wconf 95' lang='lat' dir='ltr'><strong>ut</strong></span> <span class='ocrx_word' id='word_1_499' title='bbox 1808 3845 1928 3909; x_wconf 80' lang='lat' dir='ltr'><strong>iret,</strong></span> 
     </span>
    </p>
   </div>
   <div class='ocr_carea' id='block_1_72' title="bbox 349 3931 1929 4002">
    <p class='ocr_par' dir='ltr' id='par_1_72' title="bbox 349 3931 1929 4002">
     <span class='ocr_line' id='line_1_72' title="bbox 349 3931 1929 4002; baseline 0.001 -14"><span class='ocrx_word' id='word_1_500' title='bbox 349 3931 447 3988; x_wconf 76' lang='lat' dir='ltr'><strong>sed</strong></span> <span class='ocrx_word' id='word_1_501' title='bbox 469 3934 632 3988; x_wconf 87' lang='lat' dir='ltr'><strong>etiam</strong></span> <span class='ocrx_word' id='word_1_502' title='bbox 654 3949 778 3986; x_wconf 89' lang='lat' dir='ltr'><strong>eum</strong></span> <span class='ocrx_word' id='word_1_503' title='bbox 801 3934 968 4002; x_wconf 72' lang='lat' dir='ltr'><strong>cmpit</strong></span> <span class='ocrx_word' id='word_1_504' title='bbox 990 3932 1289 3986; x_wconf 88' lang='lat' dir='ltr'><strong>maledictis</strong></span> <span class='ocrx_word' id='word_1_505' title='bbox 1316 3932 1584 3988; x_wconf 90' lang='lat' dir='ltr'><strong>incessere</strong></span> <span class='ocrx_word' id='word_1_506' title='bbox 1606 3943 1656 3988; x_wconf 93' lang='lat' dir='ltr'><strong>et</strong></span> <span class='ocrx_word' id='word_1_507' title='bbox 1682 3935 1929 4002; x_wconf 87' lang='lat' dir='ltr'><strong>irridere,</strong></span> 
     </span>
    </p>
   </div>
   <div class='ocr_carea' id='block_1_73' title="bbox 355 4023 1928 4092">
    <p class='ocr_par' dir='ltr' id='par_1_73' title="bbox 355 4023 1928 4092">
     <span class='ocr_line' id='line_1_73' title="bbox 355 4023 1928 4092; baseline 0 -14"><span class='ocrx_word' id='word_1_508' title='bbox 355 4037 480 4078; x_wconf 88' lang='lat' dir='ltr'><strong>cum</strong></span> <span class='ocrx_word' id='word_1_509' title='bbox 521 4038 720 4077; x_wconf 83' lang='lat' dir='ltr'><strong>vocans</strong></span> <span class='ocrx_word' id='word_1_510' title='bbox 749 4024 971 4092; x_wconf 85' lang='lat' dir='ltr'><strong>planum</strong></span> <span class='ocrx_word' id='word_1_511' title='bbox 1027 4032 1085 4076; x_wconf 91' lang='lat' dir='ltr'><strong>et</strong></span> <span class='ocrx_word' id='word_1_512' title='bbox 1115 4023 1488 4092; x_wconf 81' lang='lat' dir='ltr'><strong>impostorem,</strong></span> <span class='ocrx_word' id='word_1_513' title='bbox 1516 4034 1570 4076; x_wconf 88' lang='lat' dir='ltr'><strong>et</strong></span> <span class='ocrx_word' id='word_1_514' title='bbox 1627 4027 1928 4078; x_wconf 82' lang='lat' dir='ltr'><strong>mercedem</strong></span> 
     </span>
    </p>
   </div>
   <div class='ocr_carea' id='block_1_74' title="bbox 351 4115 1928 4185">
    <p class='ocr_par' dir='ltr' id='par_1_74' title="bbox 351 4115 1928 4185">
     <span class='ocr_line' id='line_1_74' title="bbox 351 4115 1928 4185; baseline 0.003 -17"><span class='ocrx_word' id='word_1_515' title='bbox 351 4115 681 4185; x_wconf 60' lang='lat' dir='ltr'><strong>prabentem</strong></span> <span class='ocrx_word' id='word_1_516' title='bbox 711 4115 776 4168; x_wconf 90' lang='lat' dir='ltr'><strong>iis</strong></span> <span class='ocrx_word' id='word_1_517' title='bbox 821 4116 914 4183; x_wconf 89' lang='lat' dir='ltr'><strong>qui</strong></span> <span class='ocrx_word' id='word_1_518' title='bbox 950 4129 1008 4169; x_wconf 86' lang='lat' dir='ltr'><strong>se</strong></span> <span class='ocrx_word' id='word_1_519' title='bbox 1043 4115 1302 4168; x_wconf 85' lang='lat' dir='ltr'><strong>simulant</strong></span> <span class='ocrx_word' id='word_1_520' title='bbox 1325 4129 1443 4170; x_wconf 89' lang='lat' dir='ltr'><strong>esse</strong></span> <span class='ocrx_word' id='word_1_521' title='bbox 1475 4118 1837 4172; x_wconf 81' lang='lat' dir='ltr'><strong>daemoniacos</strong></span> <span class='ocrx_word' id='word_1_522' title='bbox 1863 4134 1928 4174; x_wconf 68' lang='lat' dir='ltr'><strong>ex</strong></span> 
     </span>
    </p>
   </div>
   <div class='ocr_carea' id='block_1_75' title="bbox 352 4205 1928 4277">
    <p class='ocr_par' dir='ltr' id='par_1_75' title="bbox 352 4205 1928 4277">
     <span class='ocr_line' id='line_1_75' title="bbox 352 4205 1928 4277; baseline -0.001 -15"><span class='ocrx_word' id='word_1_523' title='bbox 352 4207 523 4262; x_wconf 86' lang='lat' dir='ltr'><strong>tribus</strong></span> <span class='ocrx_word' id='word_1_524' title='bbox 540 4215 596 4262; x_wconf 89' lang='lat' dir='ltr'><strong>et</strong></span> <span class='ocrx_word' id='word_1_525' title='bbox 627 4221 721 4263; x_wconf 80' lang='lat' dir='ltr'><strong>sex</strong></span> <span class='ocrx_word' id='word_1_526' title='bbox 744 4205 938 4270; x_wconf 89' lang='lat' dir='ltr'><strong>obolis,</strong></span> <span class='ocrx_word' id='word_1_527' title='bbox 970 4217 1027 4259; x_wconf 90' lang='lat' dir='ltr'><strong>ut</strong></span> <span class='ocrx_word' id='word_1_528' title='bbox 1057 4206 1340 4260; x_wconf 91' lang='lat' dir='ltr'><strong>videantur</strong></span> <span class='ocrx_word' id='word_1_529' title='bbox 1363 4207 1513 4277; x_wconf 85' lang='lat' dir='ltr'><strong>argui</strong></span> <span class='ocrx_word' id='word_1_530' title='bbox 1545 4207 1611 4260; x_wconf 90' lang='lat' dir='ltr'><strong>ad</strong></span> <span class='ocrx_word' id='word_1_531' title='bbox 1643 4208 1928 4262; x_wconf 78' lang='lat' dir='ltr'><strong>multorum</strong></span> 
     </span>
    </p>
   </div>
   <div class='ocr_carea' id='block_1_76' title="bbox 351 4296 1933 4370">
    <p class='ocr_par' dir='ltr' id='par_1_76' title="bbox 351 4296 1933 4370">
     <span class='ocr_line' id='line_1_76' title="bbox 351 4296 1933 4370; baseline 0.001 -16"><span class='ocrx_word' id='word_1_532' title='bbox 351 4299 750 4368; x_wconf 81' lang='lat' dir='ltr'><strong>deceptionein.</strong></span> <span class='ocrx_word' id='word_1_533' title='bbox 785 4296 918 4352; x_wconf 92' lang='lat' dir='ltr'><strong>Cum</strong></span> <span class='ocrx_word' id='word_1_534' title='bbox 957 4297 1094 4352; x_wconf 87' lang='lat' dir='ltr'><strong>alter</strong></span> <span class='ocrx_word' id='word_1_535' title='bbox 1127 4312 1253 4352; x_wconf 87' lang='lat' dir='ltr'><strong>vero</strong></span> <span class='ocrx_word' id='word_1_536' title='bbox 1309 4299 1391 4353; x_wconf 91' lang='lat' dir='ltr'><strong>his</strong></span> <span class='ocrx_word' id='word_1_537' title='bbox 1422 4309 1564 4354; x_wconf 92' lang='lat' dir='ltr'><strong>esset</strong></span> <span class='ocrx_word' id='word_1_538' title='bbox 1617 4299 1933 4370; x_wconf 79' lang='lat' dir='ltr'><strong>obstupefa-</strong></span> 
     </span>
    </p>
   </div>
   <div class='ocr_carea' id='block_1_77' title="bbox 348 4391 1928 4462">
    <p class='ocr_par' dir='ltr' id='par_1_77' title="bbox 348 4391 1928 4462">
     <span class='ocr_line' id='line_1_77' title="bbox 348 4391 1928 4462; baseline 0.003 -17"><span class='ocrx_word' id='word_1_539' title='bbox 348 4401 492 4456; x_wconf 86' lang='lat' dir='ltr'><strong>ctus,</strong></span> <span class='ocrx_word' id='word_1_540' title='bbox 524 4402 578 4444; x_wconf 91' lang='lat' dir='ltr'><strong>et</strong></span> <span class='ocrx_word' id='word_1_541' title='bbox 605 4391 781 4460; x_wconf 90' lang='lat' dir='ltr'><strong>majus</strong></span> <span class='ocrx_word' id='word_1_542' title='bbox 827 4392 1061 4447; x_wconf 88' lang='lat' dir='ltr'><strong>studium</strong></span> <span class='ocrx_word' id='word_1_543' title='bbox 1098 4391 1456 4453; x_wconf 88' lang='lat' dir='ltr'><strong>adhibuisset,</strong></span> <span class='ocrx_word' id='word_1_544' title='bbox 1488 4402 1772 4462; x_wconf 88' lang='lat' dir='ltr'><strong>postquam</strong></span> <span class='ocrx_word' id='word_1_545' title='bbox 1803 4409 1928 4449; x_wconf 89' lang='lat' dir='ltr'><strong>eum</strong></span> 
     </span>
    </p>
   </div>
   <div class='ocr_carea' id='block_1_78' title="bbox 349 4483 1929 4554">
    <p class='ocr_par' dir='ltr' id='par_1_78' title="bbox 349 4483 1929 4554">
     <span class='ocr_line' id='line_1_78' title="bbox 349 4483 1929 4554; baseline -0.001 -15"><span class='ocrx_word' id='word_1_546' title='bbox 349 4485 650 4554; x_wconf 89' lang='lat' dir='ltr'><strong>increpavit</strong></span> <span class='ocrx_word' id='word_1_547' title='bbox 676 4492 730 4538; x_wconf 90' lang='lat' dir='ltr'><strong>et</strong></span> <span class='ocrx_word' id='word_1_548' title='bbox 753 4483 915 4554; x_wconf 89' lang='lat' dir='ltr'><strong>juvit,</strong></span> <span class='ocrx_word' id='word_1_549' title='bbox 951 4483 1224 4540; x_wconf 88' lang='lat' dir='ltr'><strong>moderate</strong></span> <span class='ocrx_word' id='word_1_550' title='bbox 1246 4498 1368 4538; x_wconf 91' lang='lat' dir='ltr'><strong>cum</strong></span> <span class='ocrx_word' id='word_1_551' title='bbox 1398 4498 1462 4538; x_wconf 90' lang='lat' dir='ltr'><strong>eo</strong></span> <span class='ocrx_word' id='word_1_552' title='bbox 1491 4485 1622 4553; x_wconf 89' lang='lat' dir='ltr'><strong>egit,</strong></span> <span class='ocrx_word' id='word_1_553' title='bbox 1647 4485 1722 4539; x_wconf 90' lang='lat' dir='ltr'><strong>ita</strong></span> <span class='ocrx_word' id='word_1_554' title='bbox 1755 4495 1813 4539; x_wconf 93' lang='lat' dir='ltr'><strong>ut</strong></span> <span class='ocrx_word' id='word_1_555' title='bbox 1842 4486 1929 4541; x_wconf 90' lang='lat' dir='ltr'><strong>in-</strong></span> 
     </span>
    </p>
   </div>
   <div class='ocr_carea' id='block_1_79' title="bbox 2037 3287 3618 3364">
    <p class='ocr_par' dir='ltr' id='par_1_79' title="bbox 2037 3287 3618 3364">
     <span class='ocr_line' id='line_1_79' title="bbox 2037 3287 3618 3364; baseline 0.004 -23"><span class='ocrx_word' id='word_1_556' title='bbox 2037 3305 2166 3341; x_wconf 86' lang='grc' dir='ltr'>ποτε</span> <span class='ocrx_word' id='word_1_557' title='bbox 2215 3287 2420 3358; x_wconf 80' lang='grc' dir='ltr'>ἑτέρων</span> <span class='ocrx_word' id='word_1_558' title='bbox 2475 3289 2640 3343; x_wconf 72' lang='grc' dir='ltr'>αὑτοῦ</span> <span class='ocrx_word' id='word_1_559' title='bbox 2698 3306 2784 3353; x_wconf 84' lang='grc' dir='ltr'><strong>τις</strong></span> <span class='ocrx_word' id='word_1_560' title='bbox 2834 3291 3323 3364; x_wconf 75' lang='grc' dir='ltr'>πιστότατο;άνὴρ</span> <span class='ocrx_word' id='word_1_561' title='bbox 3371 3297 3618 3364; x_wconf 79' lang='grc' dir='ltr'>συνήθως</span> 
     </span>
    </p>
   </div>
   <div class='ocr_carea' id='block_1_80' title="bbox 2034 3379 3616 3457">
    <p class='ocr_par' dir='ltr' id='par_1_80' title="bbox 2034 3379 3616 3457">
     <span class='ocr_line' id='line_1_80' title="bbox 2034 3379 3616 3457; baseline 0.007 -24"><span class='ocrx_word' id='word_1_562' title='bbox 2034 3379 2198 3434; x_wconf 85' lang='grc' dir='ltr'>ἀνιὼν</span> <span class='ocrx_word' id='word_1_563' title='bbox 2233 3383 2326 3434; x_wconf 83' lang='grc' dir='ltr'>καὶ</span> <span class='ocrx_word' id='word_1_564' title='bbox 2361 3384 2564 3454; x_wconf 67' lang='grc' dir='ltr'>σφόδρα</span> <span class='ocrx_word' id='word_1_565' title='bbox 2614 3383 3015 3453; x_wconf 77' lang='grc' dir='ltr'>ὠφελούμενος,</span> <span class='ocrx_word' id='word_1_566' title='bbox 3059 3386 3203 3457; x_wconf 80' lang='grc' dir='ltr'>ἄλλῳ</span> <span class='ocrx_word' id='word_1_567' title='bbox 3253 3389 3361 3441; x_wconf 75' lang='grc' dir='ltr'>τινὶ</span> <span class='ocrx_word' id='word_1_568' title='bbox 3403 3390 3511 3442; x_wconf 89' lang='grc' dir='ltr'><strong>τῶν</strong></span> <span class='ocrx_word' id='word_1_569' title='bbox 3554 3395 3616 3444; x_wconf 76' lang='grc' dir='ltr'>ἐκ</span> 
     </span>
    </p>
   </div>
   <div class='ocr_carea' id='block_1_81' title="bbox 2033 3474 3612 3550">
    <p class='ocr_par' dir='ltr' id='par_1_81' title="bbox 2033 3474 3612 3550">
     <span class='ocr_line' id='line_1_81' title="bbox 2033 3474 3612 3550; baseline 0.007 -28"><span class='ocrx_word' id='word_1_570' title='bbox 2033 3475 2130 3543; x_wconf 73' lang='grc' dir='ltr'>τῆς</span> <span class='ocrx_word' id='word_1_571' title='bbox 2184 3474 2353 3544; x_wconf 75' lang='grc' dir='ltr'>αὐτῆς</span> <span class='ocrx_word' id='word_1_572' title='bbox 2389 3475 2656 3545; x_wconf 83' lang='grc' dir='ltr'>τετάρτης</span> <span class='ocrx_word' id='word_1_573' title='bbox 2709 3477 2908 3545; x_wconf 78' lang='grc' dir='ltr'>σχολῆς</span> <span class='ocrx_word' id='word_1_574' title='bbox 2972 3493 3174 3547; x_wconf 77' lang='grc' dir='ltr'>φησιν·</span> <span class='ocrx_word' id='word_1_575' title='bbox 3241 3479 3515 3549; x_wconf 70' lang='grc' dir='ltr'>Βούλομαι</span> <span class='ocrx_word' id='word_1_576' title='bbox 3547 3485 3612 3550; x_wconf 80' lang='grc' dir='ltr'>τῇ</span> 
     </span>
    </p>
   </div>
   <div class='ocr_carea' id='block_1_82' title="bbox 2033 3565 3610 3643">
    <p class='ocr_par' dir='ltr' id='par_1_82' title="bbox 2033 3565 3610 3643">
     <span class='ocr_line' id='line_1_82' title="bbox 2033 3565 3610 3643; baseline 0.004 -25"><span class='ocrx_word' id='word_1_577' title='bbox 2033 3565 2161 3634; x_wconf 78' lang='grc' dir='ltr'><strong>ἑξῆς</strong></span> <span class='ocrx_word' id='word_1_578' title='bbox 2216 3566 2352 3636; x_wconf 83' lang='grc' dir='ltr'>πρὸς</span> <span class='ocrx_word' id='word_1_579' title='bbox 2405 3567 2496 3619; x_wconf 73' lang='grc' dir='ltr'><strong>τὸν</strong></span> <span class='ocrx_word' id='word_1_580' title='bbox 2547 3569 2705 3638; x_wconf 74' lang='grc' dir='ltr'>κύριν</span> <span class='ocrx_word' id='word_1_581' title='bbox 2737 3569 3048 3634; x_wconf 64' lang='grc' dir='ltr'>Δὺξὲντιον,</span> <span class='ocrx_word' id='word_1_582' title='bbox 3092 3569 3352 3624; x_wconf 78' lang='grc' dir='ltr'>ἀπελθεῖν</span> <span class='ocrx_word' id='word_1_583' title='bbox 3381 3586 3394 3599; x_wconf 89' lang='grc'><strong>·</strong></span> <span class='ocrx_word' id='word_1_584' title='bbox 3430 3571 3610 3643; x_wconf 69' lang='grc' dir='ltr'>δεῦρο,</span> 
     </span>
    </p>
   </div>
   <div class='ocr_carea' id='block_1_83' title="bbox 2034 3660 3614 3732">
    <p class='ocr_par' dir='ltr' id='par_1_83' title="bbox 2034 3660 3614 3732">
     <span class='ocr_line' id='line_1_83' title="bbox 2034 3660 3614 3732; baseline 0.004 -22"><span class='ocrx_word' id='word_1_585' title='bbox 2034 3661 2129 3711; x_wconf 76' lang='grc' dir='ltr'>καὶ</span> <span class='ocrx_word' id='word_1_586' title='bbox 2179 3661 2340 3720; x_wconf 66' lang='grc' dir='ltr'>αὐτος</span> <span class='ocrx_word' id='word_1_587' title='bbox 2373 3660 2637 3732; x_wconf 81' lang='grc' dir='ltr'>πλείστης</span> <span class='ocrx_word' id='word_1_588' title='bbox 2694 3661 3006 3715; x_wconf 85' lang='grc' dir='ltr'>άπόλαυσον</span> <span class='ocrx_word' id='word_1_589' title='bbox 3041 3662 3338 3732; x_wconf 66' lang='grc' dir='ltr'>ὠφελείας.</span> <span class='ocrx_word' id='word_1_590' title='bbox 3378 3663 3438 3718; x_wconf 86' lang='grc' dir='ltr'>Ὀ</span> <span class='ocrx_word' id='word_1_591' title='bbox 3461 3666 3517 3717; x_wconf 80' lang='grc' dir='ltr'><strong>δε</strong></span> <span class='ocrx_word' id='word_1_592' title='bbox 3553 3670 3614 3716; x_wconf 81' lang='grc' dir='ltr'>ὲκ</span> 
     </span>
    </p>
   </div>
   <div class='ocr_carea' id='block_1_84' title="bbox 2032 3749 3613 3825">
    <p class='ocr_par' dir='ltr' id='par_1_84' title="bbox 2032 3749 3613 3825">
     <span class='ocr_line' id='line_1_84' title="bbox 2032 3749 3613 3825; baseline 0.006 -24"><span class='ocrx_word' id='word_1_593' title='bbox 2032 3749 2345 3819; x_wconf 75' lang='grc' dir='ltr'>διαϐολικῆς</span> <span class='ocrx_word' id='word_1_594' title='bbox 2399 3753 2781 3822; x_wconf 85' lang='grc' dir='ltr'>προσπαθείας</span> <span class='ocrx_word' id='word_1_595' title='bbox 2825 3753 3284 3823; x_wconf 78' lang='grc' dir='ltr'>ἀποδιακείμενος</span> <span class='ocrx_word' id='word_1_596' title='bbox 3346 3757 3500 3825; x_wconf 82' lang='grc' dir='ltr'><strong>αὑτῷ</strong></span> <span class='ocrx_word' id='word_1_597' title='bbox 3554 3759 3613 3810; x_wconf 72' lang='grc' dir='ltr'>οὗ</span> 
     </span>
    </p>
   </div>
   <div class='ocr_carea' id='block_1_85' title="bbox 2039 3842 3614 3917">
    <p class='ocr_par' dir='ltr' id='par_1_85' title="bbox 2039 3842 3614 3917">
     <span class='ocr_line' id='line_1_85' title="bbox 2039 3842 3614 3917; baseline 0.004 -24"><span class='ocrx_word' id='word_1_598' title='bbox 2039 3842 2198 3911; x_wconf 82' lang='grc' dir='ltr'>μόνον</span> <span class='ocrx_word' id='word_1_599' title='bbox 2219 3843 2318 3894; x_wconf 81' lang='grc' dir='ltr'>οὐκ</span> <span class='ocrx_word' id='word_1_600' title='bbox 2341 3843 2572 3913; x_wconf 76' lang='grc' dir='ltr'>ἐπείσθη</span> <span class='ocrx_word' id='word_1_601' title='bbox 2605 3844 2699 3898; x_wconf 82' lang='grc' dir='ltr'>τοῦ</span> <span class='ocrx_word' id='word_1_602' title='bbox 2729 3847 3006 3910; x_wconf 75' lang='grc' dir='ltr'>ἀπελθεῖν,</span> <span class='ocrx_word' id='word_1_603' title='bbox 3034 3847 3170 3902; x_wconf 76' lang='grc' dir='ltr'>ἀλλὰ</span> <span class='ocrx_word' id='word_1_604' title='bbox 3195 3851 3287 3902; x_wconf 65' lang='grc' dir='ltr'>καὶ</span> <span class='ocrx_word' id='word_1_605' title='bbox 3323 3849 3614 3917; x_wconf 70' lang='grc' dir='ltr'>λοιδορίαις</span> 
     </span>
    </p>
   </div>
   <div class='ocr_carea' id='block_1_86' title="bbox 2034 3931 3614 4006">
    <p class='ocr_par' dir='ltr' id='par_1_86' title="bbox 2034 3931 3614 4006">
     <span class='ocr_line' id='line_1_86' title="bbox 2034 3931 3614 4006; baseline 0.006 -22"><span class='ocrx_word' id='word_1_606' title='bbox 2034 3931 2236 4003; x_wconf 74' lang='grc' dir='ltr'>ἧρξατο</span> <span class='ocrx_word' id='word_1_607' title='bbox 2306 3933 2579 3988; x_wconf 76' lang='grc' dir='ltr'>σκώπτειν</span> <span class='ocrx_word' id='word_1_608' title='bbox 2633 3939 2830 4006; x_wconf 66' lang='grc' dir='ltr'>αὐτὸν,</span> <span class='ocrx_word' id='word_1_609' title='bbox 2867 3940 3068 3992; x_wconf 88' lang='grc' dir='ltr'>πλάνον</span> <span class='ocrx_word' id='word_1_610' title='bbox 3093 3941 3258 3993; x_wconf 83' lang='grc' dir='ltr'>αὑτὸν</span> <span class='ocrx_word' id='word_1_611' title='bbox 3318 3942 3614 3994; x_wconf 82' lang='grc' dir='ltr'>ἀποκαλῶν</span> 
     </span>
    </p>
   </div>
   <div class='ocr_carea' id='block_1_87' title="bbox 2034 4023 3610 4101">
    <p class='ocr_par' dir='ltr' id='par_1_87' title="bbox 2034 4023 3610 4101">
     <span class='ocr_line' id='line_1_87' title="bbox 2034 4023 3610 4101; baseline 0.006 -26"><span class='ocrx_word' id='word_1_612' title='bbox 2034 4024 2130 4075; x_wconf 74' lang='grc' dir='ltr'>καὶ</span> <span class='ocrx_word' id='word_1_613' title='bbox 2183 4023 2464 4092; x_wconf 80' lang='grc' dir='ltr'>ἐπιθέτην,</span> <span class='ocrx_word' id='word_1_614' title='bbox 2500 4026 2728 4094; x_wconf 71' lang='grc' dir='ltr'>μισθοὺς</span> <span class='ocrx_word' id='word_1_615' title='bbox 2760 4027 3048 4097; x_wconf 79' lang='grc' dir='ltr'>παρέχοντι</span> <span class='ocrx_word' id='word_1_616' title='bbox 3080 4033 3193 4093; x_wconf 79' lang='grc' dir='ltr'>τοῖς</span> <span class='ocrx_word' id='word_1_617' title='bbox 3240 4033 3334 4083; x_wconf 71' lang='grc' dir='ltr'><strong>ἐπὶ</strong></span> <span class='ocrx_word' id='word_1_618' title='bbox 3371 4034 3610 4101; x_wconf 64' lang='grc' dir='ltr'>σχήματι</span> 
     </span>
    </p>
   </div>
   <div class='ocr_carea' id='block_1_88' title="bbox 2031 4117 3611 4194">
    <p class='ocr_par' dir='ltr' id='par_1_88' title="bbox 2031 4117 3611 4194">
     <span class='ocr_line' id='line_1_88' title="bbox 2031 4117 3611 4194; baseline 0.006 -27"><span class='ocrx_word' id='word_1_619' title='bbox 2031 4117 2386 4185; x_wconf 82' lang='grc' dir='ltr'>δαιμονιῶσιν</span> <span class='ocrx_word' id='word_1_620' title='bbox 2416 4119 2524 4170; x_wconf 70' lang='grc' dir='ltr'><strong>ἀπὸ</strong></span> <span class='ocrx_word' id='word_1_621' title='bbox 2551 4119 2716 4188; x_wconf 81' lang='grc' dir='ltr'>τριῶν</span> <span class='ocrx_word' id='word_1_622' title='bbox 2753 4124 2842 4173; x_wconf 72' lang='grc' dir='ltr'>καὶ</span> <span class='ocrx_word' id='word_1_623' title='bbox 2870 4121 2928 4187; x_wconf 75' lang='grc' dir='ltr'><strong>ἓξ</strong></span> <span class='ocrx_word' id='word_1_624' title='bbox 2984 4121 3222 4190; x_wconf 77' lang='grc' dir='ltr'>φολλεων</span> <span class='ocrx_word' id='word_1_625' title='bbox 3263 4125 3398 4194; x_wconf 64' lang='grc' dir='ltr'>πρὶς</span> <span class='ocrx_word' id='word_1_626' title='bbox 3441 4126 3502 4177; x_wconf 80' lang='grc' dir='ltr'>τὸ</span> <span class='ocrx_word' id='word_1_627' title='bbox 3533 4129 3611 4189; x_wconf 84' lang='grc' dir='ltr'><strong>εἰς</strong></span> 
     </span>
    </p>
   </div>
   <div class='ocr_carea' id='block_1_89' title="bbox 2032 4208 3610 4284">
    <p class='ocr_par' dir='ltr' id='par_1_89' title="bbox 2032 4208 3610 4284">
     <span class='ocr_line' id='line_1_89' title="bbox 2032 4208 3610 4284; baseline 0.003 -23"><span class='ocrx_word' id='word_1_628' title='bbox 2032 4208 2250 4280; x_wconf 84' lang='grc' dir='ltr'>ἀπάτην</span> <span class='ocrx_word' id='word_1_629' title='bbox 2295 4212 2404 4263; x_wconf 86' lang='grc' dir='ltr'><strong>τῶν</strong></span> <span class='ocrx_word' id='word_1_630' title='bbox 2439 4211 2648 4265; x_wconf 84' lang='grc' dir='ltr'>πολλῶν</span> <span class='ocrx_word' id='word_1_631' title='bbox 2669 4213 2849 4266; x_wconf 77' lang='grc' dir='ltr'>δοκεῖν</span> <span class='ocrx_word' id='word_1_632' title='bbox 2883 4214 3224 4284; x_wconf 76' lang='grc' dir='ltr'>ἐλέγχεσθαι.</span> <span class='ocrx_word' id='word_1_633' title='bbox 3268 4215 3372 4268; x_wconf 75' lang='grc' dir='ltr'><strong>Τοῦ</strong></span> <span class='ocrx_word' id='word_1_634' title='bbox 3395 4215 3451 4269; x_wconf 74' lang='grc' dir='ltr'><strong>δὲ</strong></span> <span class='ocrx_word' id='word_1_635' title='bbox 3489 4217 3610 4268; x_wconf 75' lang='grc' dir='ltr'>ἑτέ-</span> 
     </span>
    </p>
   </div>
   <div class='ocr_carea' id='block_1_90' title="bbox 2035 4301 3612 4380">
    <p class='ocr_par' dir='ltr' id='par_1_90' title="bbox 2035 4301 3612 4380">
     <span class='ocr_line' id='line_1_90' title="bbox 2035 4301 3612 4380; baseline 0.006 -29"><span class='ocrx_word' id='word_1_636' title='bbox 2035 4315 2129 4368; x_wconf 88' lang='grc' dir='ltr'><strong>ρου</strong></span> <span class='ocrx_word' id='word_1_637' title='bbox 2161 4301 2256 4352; x_wconf 69' lang='grc' dir='ltr'><strong>ἐπὶ</strong></span> <span class='ocrx_word' id='word_1_638' title='bbox 2278 4301 2484 4355; x_wconf 75' lang='grc' dir='ltr'>τούτων</span> <span class='ocrx_word' id='word_1_639' title='bbox 2532 4304 2983 4372; x_wconf 80' lang='grc' dir='ltr'>καταπλαγέντος</span> <span class='ocrx_word' id='word_1_640' title='bbox 3017 4309 3112 4359; x_wconf 68' lang='grc' dir='ltr'>καὶ</span> <span class='ocrx_word' id='word_1_641' title='bbox 3145 4307 3383 4380; x_wconf 63' lang='grc' dir='ltr'>σπουδὴν</span> <span class='ocrx_word' id='word_1_642' title='bbox 3411 4309 3612 4378; x_wconf 82' lang='grc' dir='ltr'>μᾶλλον</span> 
     </span>
    </p>
   </div>
   <div class='ocr_carea' id='block_1_91' title="bbox 2032 4390 3610 4470">
    <p class='ocr_par' dir='ltr' id='par_1_91' title="bbox 2032 4390 3610 4470">
     <span class='ocr_line' id='line_1_91' title="bbox 2032 4390 3610 4470; baseline 0.006 -27"><span class='ocrx_word' id='word_1_643' title='bbox 2032 4390 2260 4462; x_wconf 82' lang='grc' dir='ltr'>θεμένου</span> <span class='ocrx_word' id='word_1_644' title='bbox 2299 4395 2440 4463; x_wconf 83' lang='grc' dir='ltr'><strong>μετά</strong></span> <span class='ocrx_word' id='word_1_645' title='bbox 2492 4396 2555 4448; x_wconf 83' lang='grc' dir='ltr'>τὸ</span> <span class='ocrx_word' id='word_1_646' title='bbox 2611 4397 2941 4468; x_wconf 74' lang='grc' dir='ltr'>ἐπιτιμῆσαι</span> <span class='ocrx_word' id='word_1_647' title='bbox 2973 4399 3068 4452; x_wconf 81' lang='grc' dir='ltr'><strong>καὶ</strong></span> <span class='ocrx_word' id='word_1_648' title='bbox 3093 4399 3374 4470; x_wconf 61' lang='grc' dir='ltr'>ὠρελῆσαι</span> <span class='ocrx_word' id='word_1_649' title='bbox 3422 4403 3610 4464; x_wconf 69' lang='grc' dir='ltr'>αὑτὸν,</span> 
     </span>
    </p>
   </div>
   <div class='ocr_carea' id='block_1_92' title="bbox 2034 4482 3613 4562">
    <p class='ocr_par' dir='ltr' id='par_1_92' title="bbox 2034 4482 3613 4562">
     <span class='ocr_line' id='line_1_92' title="bbox 2034 4482 3613 4562; baseline 0.009 -29"><span class='ocrx_word' id='word_1_650' title='bbox 2034 4482 2455 4555; x_wconf 72' lang='grc' dir='ltr'>ἐπιεικεστέρως</span> <span class='ocrx_word' id='word_1_651' title='bbox 2493 4487 2780 4558; x_wconf 74' lang='grc' dir='ltr'>ἐκέχρητο,</span> <span class='ocrx_word' id='word_1_652' title='bbox 2831 4489 2998 4543; x_wconf 83' lang='grc' dir='ltr'>ὥστε.</span> <span class='ocrx_word' id='word_1_653' title='bbox 3033 4493 3484 4562; x_wconf 80' lang='grc' dir='ltr'>συμπαραλασείν</span> <span class='ocrx_word' id='word_1_654' title='bbox 3518 4494 3613 4548; x_wconf 64' lang='grc' dir='ltr'><strong>τιν</strong></span> 
     </span>
    </p>
   </div>
   <div class='ocr_carea' id='block_1_93' title="bbox 350 4545 1929 4656">
    <p class='ocr_par' dir='ltr' id='par_1_93' title="bbox 350 4577 1926 4639">
     <span class='ocr_line' id='line_1_93' title="bbox 350 4577 1926 4639; baseline 0.001 -8"><span class='ocrx_word' id='word_1_655' title='bbox 350 4577 629 4632; x_wconf 88' lang='lat' dir='ltr'><strong>credulum</strong></span> <span class='ocrx_word' id='word_1_656' title='bbox 665 4591 850 4631; x_wconf 90' lang='lat' dir='ltr'><strong>secum</strong></span> <span class='ocrx_word' id='word_1_657' title='bbox 880 4583 1202 4639; x_wconf 89' lang='lat' dir='ltr'><strong>assumeret,</strong></span> <span class='ocrx_word' id='word_1_658' title='bbox 1233 4584 1288 4629; x_wconf 93' lang='lat' dir='ltr'><strong>et</strong></span> <span class='ocrx_word' id='word_1_659' title='bbox 1332 4590 1456 4629; x_wconf 88' lang='lat' dir='ltr'><strong>cum</strong></span> <span class='ocrx_word' id='word_1_660' title='bbox 1489 4591 1554 4630; x_wconf 91' lang='lat' dir='ltr'><strong>eo</strong></span> <span class='ocrx_word' id='word_1_661' title='bbox 1585 4577 1926 4632; x_wconf 85' lang='lat' dir='ltr'><strong>ascenderet.</strong></span> 
     </span>
    </p>
   </div>
   <div class='ocr_carea' id='block_1_94' title="bbox 2039 4545 3613 4656">
    <p class='ocr_par' dir='ltr' id='par_1_94' title="bbox 2039 4545 3613 4656">
     <span class='ocr_line' id='line_1_94' title="bbox 2039 4545 3613 4656; baseline 0.008 -26"><span class='ocrx_word' id='word_1_662' title='bbox 2039 4576 2284 4640; x_wconf 72' lang='grc' dir='ltr'>ἄπιστον,</span> <span class='ocrx_word' id='word_1_663' title='bbox 2331 4545 2391 4630; x_wconf 69' lang='grc' dir='ltr'><strong>όν</strong></span> <span class='ocrx_word' id='word_1_664' title='bbox 2436 4545 2538 4632; x_wconf 78' lang='grc' dir='ltr'>καὶ</span> <span class='ocrx_word' id='word_1_665' title='bbox 2588 4545 2879 4635; x_wconf 62' lang='grc' dir='ltr'>πεισθέντα</span> <span class='ocrx_word' id='word_1_666' title='bbox 2907 4545 3306 4656; x_wconf 65' lang='grc' dir='ltr'>συνανίφερεν.</span> <span class='ocrx_word' id='word_1_667' title='bbox 3365 4589 3506 4641; x_wconf 80' lang='grc' dir='ltr'>Ἀλλ’</span> 
     </span>
    </p>
   </div>
   <div class='ocr_carea' id='block_1_95' title="bbox 349 4668 1927 4740">
    <p class='ocr_par' dir='ltr' id='par_1_95' title="bbox 349 4668 1927 4740">
     <span class='ocr_line' id='line_1_95' title="bbox 349 4668 1927 4740; baseline 0.002 -18"><span class='ocrx_word' id='word_1_668' title='bbox 349 4670 519 4738; x_wconf 83' lang='lat' dir='ltr'><strong>Quem</strong></span> <span class='ocrx_word' id='word_1_669' title='bbox 550 4670 714 4725; x_wconf 90' lang='lat' dir='ltr'><strong>etiam</strong></span> <span class='ocrx_word' id='word_1_670' title='bbox 747 4684 1068 4740; x_wconf 89' lang='lat' dir='ltr'><strong>persuasum</strong></span> <span class='ocrx_word' id='word_1_671' title='bbox 1101 4669 1188 4722; x_wconf 75' lang='lat' dir='ltr'><strong>vix</strong></span> <span class='ocrx_word' id='word_1_672' title='bbox 1225 4668 1440 4722; x_wconf 85' lang='lat' dir='ltr'><strong>tandem</strong></span> <span class='ocrx_word' id='word_1_673' title='bbox 1471 4683 1656 4722; x_wconf 89' lang='lat' dir='ltr'><strong>secum</strong></span> <span class='ocrx_word' id='word_1_674' title='bbox 1711 4685 1927 4725; x_wconf 86' lang='lat' dir='ltr'><strong>sursum</strong></span> 
     </span>
    </p>
   </div>
   <div class='ocr_carea' id='block_1_96' title="bbox 349 4759 1924 4827">
    <p class='ocr_par' dir='ltr' id='par_1_96' title="bbox 349 4759 1924 4827">
     <span class='ocr_line' id='line_1_96' title="bbox 349 4759 1924 4827; baseline 0.001 -13"><span class='ocrx_word' id='word_1_675' title='bbox 349 4763 527 4816; x_wconf 73' lang='lat' dir='ltr'><strong>duxit.</strong></span> <span class='ocrx_word' id='word_1_676' title='bbox 563 4761 667 4816; x_wconf 84' lang='lat' dir='ltr'><strong>Sed</strong></span> <span class='ocrx_word' id='word_1_677' title='bbox 697 4776 818 4815; x_wconf 92' lang='lat' dir='ltr'><strong>cum</strong></span> <span class='ocrx_word' id='word_1_678' title='bbox 851 4762 915 4814; x_wconf 88' lang='lat' dir='ltr'><strong>ad</strong></span> <span class='ocrx_word' id='word_1_679' title='bbox 943 4775 1068 4814; x_wconf 90' lang='lat' dir='ltr'><strong>eum</strong></span> <span class='ocrx_word' id='word_1_680' title='bbox 1103 4759 1400 4823; x_wconf 88' lang='lat' dir='ltr'><strong>venissent,</strong></span> <span class='ocrx_word' id='word_1_681' title='bbox 1435 4769 1492 4813; x_wconf 93' lang='lat' dir='ltr'><strong>ut</strong></span> <span class='ocrx_word' id='word_1_682' title='bbox 1529 4761 1756 4827; x_wconf 82' lang='lat' dir='ltr'><strong>solebat,</strong></span> <span class='ocrx_word' id='word_1_683' title='bbox 1791 4762 1924 4816; x_wconf 87' lang='lat' dir='ltr'><strong>hora</strong></span> 
     </span>
    </p>
   </div>
   <div class='ocr_carea' id='block_1_97' title="bbox 351 4849 1929 4922">
    <p class='ocr_par' dir='ltr' id='par_1_97' title="bbox 351 4849 1929 4922">
     <span class='ocr_line' id='line_1_97' title="bbox 351 4849 1929 4922; baseline -0.001 -14"><span class='ocrx_word' id='word_1_684' title='bbox 351 4853 512 4909; x_wconf 83' lang='lat' dir='ltr'><strong>tertia</strong></span> <span class='ocrx_word' id='word_1_685' title='bbox 542 4853 757 4922; x_wconf 79' lang='lat' dir='ltr'><strong>excepit</strong></span> <span class='ocrx_word' id='word_1_686' title='bbox 809 4867 904 4907; x_wconf 87' lang='lat' dir='ltr'><strong>eos</strong></span> <span class='ocrx_word' id='word_1_687' title='bbox 959 4853 1049 4921; x_wconf 91' lang='lat' dir='ltr'><strong>qui</strong></span> <span class='ocrx_word' id='word_1_688' title='bbox 1084 4851 1434 4905; x_wconf 90' lang='lat' dir='ltr'><strong>accedebant.</strong></span> <span class='ocrx_word' id='word_1_689' title='bbox 1478 4849 1663 4920; x_wconf 78' lang='lat' dir='ltr'><strong>Neque</strong></span> <span class='ocrx_word' id='word_1_690' title='bbox 1690 4853 1836 4907; x_wconf 88' lang='lat' dir='ltr'><strong>enim</strong></span> <span class='ocrx_word' id='word_1_691' title='bbox 1861 4853 1929 4907; x_wconf 90' lang='lat' dir='ltr'><strong>li-</strong></span> 
     </span>
    </p>
   </div>
   <div class='ocr_carea' id='block_1_98' title="bbox 347 4944 1926 5012">
    <p class='ocr_par' dir='ltr' id='par_1_98' title="bbox 347 4944 1926 5012">
     <span class='ocr_line' id='line_1_98' title="bbox 347 4944 1926 5012; baseline 0.001 -12"><span class='ocrx_word' id='word_1_692' title='bbox 347 4946 510 5001; x_wconf 88' lang='lat' dir='ltr'><strong>cebat</strong></span> <span class='ocrx_word' id='word_1_693' title='bbox 546 4946 1018 5001; x_wconf 88' lang='lat' dir='ltr'><strong>indiscriminatim</strong></span> <span class='ocrx_word' id='word_1_694' title='bbox 1051 4945 1098 5000; x_wconf 90' lang='lat' dir='ltr'><strong>ei</strong></span> <span class='ocrx_word' id='word_1_695' title='bbox 1149 4944 1410 5000; x_wconf 75' lang='lat' dir='ltr'><strong>exhibere</strong></span> <span class='ocrx_word' id='word_1_696' title='bbox 1456 4944 1780 5012; x_wconf 83' lang='lat' dir='ltr'><strong>molestiam,</strong></span> <span class='ocrx_word' id='word_1_697' title='bbox 1823 4946 1926 5002; x_wconf 89' lang='lat' dir='ltr'><strong>nisi</strong></span> 
     </span>
    </p>
   </div>
   <div class='ocr_carea' id='block_1_99' title="bbox 353 5038 1920 5108">
    <p class='ocr_par' dir='ltr' id='par_1_99' title="bbox 353 5038 1920 5108">
     <span class='ocr_line' id='line_1_99' title="bbox 353 5038 1920 5108; baseline 0 -16"><span class='ocrx_word' id='word_1_698' title='bbox 353 5039 408 5092; x_wconf 87' lang='lat' dir='ltr'><strong>in</strong></span> <span class='ocrx_word' id='word_1_699' title='bbox 436 5049 677 5107; x_wconf 86' lang='lat' dir='ltr'><strong>tempore</strong></span> <span class='ocrx_word' id='word_1_700' title='bbox 709 5039 870 5094; x_wconf 82' lang='lat' dir='ltr'><strong>solito</strong></span> <span class='ocrx_word' id='word_1_701' title='bbox 905 5057 916 5092; x_wconf 92' lang='lat'><strong>:</strong></span> <span class='ocrx_word' id='word_1_702' title='bbox 953 5038 1005 5092; x_wconf 90' lang='lat' dir='ltr'><strong>in</strong></span> <span class='ocrx_word' id='word_1_703' title='bbox 1038 5052 1146 5107; x_wconf 88' lang='lat' dir='ltr'><strong>quo</strong></span> <span class='ocrx_word' id='word_1_704' title='bbox 1176 5053 1268 5092; x_wconf 90' lang='lat' dir='ltr'><strong>eos</strong></span> <span class='ocrx_word' id='word_1_705' title='bbox 1314 5038 1405 5108; x_wconf 87' lang='lat' dir='ltr'><strong>qui</strong></span> <span class='ocrx_word' id='word_1_706' title='bbox 1433 5039 1660 5092; x_wconf 87' lang='lat' dir='ltr'><strong>aderant</strong></span> <span class='ocrx_word' id='word_1_707' title='bbox 1688 5040 1920 5104; x_wconf 85' lang='lat' dir='ltr'><strong>primum</strong></span> 
     </span>
    </p>
   </div>
   <div class='ocr_carea' id='block_1_100' title="bbox 337 5119 1920 5204">
    <p class='ocr_par' dir='ltr' id='par_1_100' title="bbox 337 5119 1920 5204">
     <span class='ocr_line' id='line_1_100' title="bbox 337 5119 1920 5204; baseline 0.002 -20"><span class='ocrx_word' id='word_1_708' title='bbox 337 5119 742 5204; x_wconf 80' lang='lat' dir='ltr'><strong>adhortabatur</strong></span> <span class='ocrx_word' id='word_1_709' title='bbox 771 5132 836 5183; x_wconf 90' lang='lat' dir='ltr'><strong>ad</strong></span> <span class='ocrx_word' id='word_1_710' title='bbox 871 5129 1322 5201; x_wconf 79' lang='lat' dir='ltr'><strong>gloriﬁcationem</strong></span> <span class='ocrx_word' id='word_1_711' title='bbox 1351 5145 1364 5195; x_wconf 90' lang='lat'><strong>;</strong></span> <span class='ocrx_word' id='word_1_712' title='bbox 1393 5130 1592 5185; x_wconf 87' lang='lat' dir='ltr'><strong>deinde</strong></span> <span class='ocrx_word' id='word_1_713' title='bbox 1640 5131 1716 5184; x_wconf 89' lang='lat' dir='ltr'><strong>sic</strong></span> <span class='ocrx_word' id='word_1_714' title='bbox 1754 5133 1920 5187; x_wconf 87' lang='lat' dir='ltr'><strong>verbo</strong></span> 
     </span>
    </p>
   </div>
   <div class='ocr_carea' id='block_1_101' title="bbox 346 5219 1923 5292">
    <p class='ocr_par' dir='ltr' id='par_1_101' title="bbox 346 5219 1923 5292">
     <span class='ocr_line' id='line_1_101' title="bbox 346 5219 1923 5292; baseline 0.003 -18"><span class='ocrx_word' id='word_1_715' title='bbox 346 5222 542 5291; x_wconf 76' lang='lat' dir='ltr'><strong>gratia:</strong></span> <span class='ocrx_word' id='word_1_716' title='bbox 576 5219 869 5274; x_wconf 83' lang='lat' dir='ltr'><strong>adhortans</strong></span> <span class='ocrx_word' id='word_1_717' title='bbox 903 5231 956 5275; x_wconf 91' lang='lat' dir='ltr'><strong>et</strong></span> <span class='ocrx_word' id='word_1_718' title='bbox 989 5221 1336 5287; x_wconf 75' lang='lat' dir='ltr'><strong>benedicens,</strong></span> <span class='ocrx_word' id='word_1_719' title='bbox 1375 5235 1818 5292; x_wconf 89' lang='lat' dir='ltr'><strong>unumquemque</strong></span> <span class='ocrx_word' id='word_1_720' title='bbox 1842 5223 1923 5278; x_wconf 85' lang='lat' dir='ltr'><strong>di-</strong></span> 
     </span>
    </p>
   </div>
   <div class='ocr_carea' id='block_1_102' title="bbox 348 5312 1921 5384">
    <p class='ocr_par' dir='ltr' id='par_1_102' title="bbox 348 5312 1921 5384">
     <span class='ocr_line' id='line_1_102' title="bbox 348 5312 1921 5384; baseline 0.001 -16"><span class='ocrx_word' id='word_1_721' title='bbox 348 5315 619 5368; x_wconf 85' lang='lat' dir='ltr'><strong>mittebat.</strong></span> <span class='ocrx_word' id='word_1_722' title='bbox 675 5312 844 5380; x_wconf 88' lang='lat' dir='ltr'><strong>Cujus</strong></span> <span class='ocrx_word' id='word_1_723' title='bbox 899 5315 1114 5382; x_wconf 89' lang='lat' dir='ltr'><strong>quidem</strong></span> <span class='ocrx_word' id='word_1_724' title='bbox 1163 5313 1573 5384; x_wconf 82' lang='lat' dir='ltr'><strong>glorilieationis</strong></span> <span class='ocrx_word' id='word_1_725' title='bbox 1633 5328 1921 5384; x_wconf 74' lang='lat' dir='ltr'><strong>expressas</strong></span> 
     </span>
    </p>
   </div>
   <div class='ocr_carea' id='block_1_103' title="bbox 341 5401 1921 5482">
    <p class='ocr_par' dir='ltr' id='par_1_103' title="bbox 341 5401 1921 5482">
     <span class='ocr_line' id='line_1_103' title="bbox 341 5401 1921 5482; baseline -0.003 -20"><span class='ocrx_word' id='word_1_726' title='bbox 341 5419 562 5476; x_wconf 79' lang='lat' dir='ltr'><strong>quoque</strong></span> <span class='ocrx_word' id='word_1_727' title='bbox 615 5406 684 5460; x_wconf 91' lang='lat' dir='ltr'><strong>ab</strong></span> <span class='ocrx_word' id='word_1_728' title='bbox 733 5419 799 5459; x_wconf 87' lang='lat' dir='ltr'><strong>eo</strong></span> <span class='ocrx_word' id='word_1_729' title='bbox 860 5404 1050 5482; x_wconf 87' lang='lat' dir='ltr'><strong>Iaudes</strong></span> <span class='ocrx_word' id='word_1_730' title='bbox 1095 5405 1338 5459; x_wconf 90' lang='lat' dir='ltr'><strong>dicemus</strong></span> <span class='ocrx_word' id='word_1_731' title='bbox 1368 5416 1577 5472; x_wconf 73' lang='lat' dir='ltr'><strong>postea.</strong></span> <span class='ocrx_word' id='word_1_732' title='bbox 1614 5401 1759 5459; x_wconf 78' lang='lat' dir='ltr'><strong>Lteto</strong></span> <span class='ocrx_word' id='word_1_733' title='bbox 1790 5419 1921 5476; x_wconf 79' lang='lat' dir='ltr'><strong>ergo</strong></span> 
     </span>
    </p>
   </div>
   <div class='ocr_carea' id='block_1_104' title="bbox 346 5495 1922 5567">
    <p class='ocr_par' dir='ltr' id='par_1_104' title="bbox 346 5495 1922 5567">
     <span class='ocr_line' id='line_1_104' title="bbox 346 5495 1922 5567; baseline 0.001 -16"><span class='ocrx_word' id='word_1_734' title='bbox 346 5498 494 5552; x_wconf 87' lang='lat' dir='ltr'><strong>vultu</strong></span> <span class='ocrx_word' id='word_1_735' title='bbox 518 5498 564 5554; x_wconf 80' lang='lat' dir='ltr'><strong>ei</strong></span> <span class='ocrx_word' id='word_1_736' title='bbox 595 5497 685 5567; x_wconf 90' lang='lat' dir='ltr'><strong>qui</strong></span> <span class='ocrx_word' id='word_1_737' title='bbox 738 5497 806 5552; x_wconf 88' lang='lat' dir='ltr'><strong>ad</strong></span> <span class='ocrx_word' id='word_1_738' title='bbox 853 5511 974 5552; x_wconf 89' lang='lat' dir='ltr'><strong>eum</strong></span> <span class='ocrx_word' id='word_1_739' title='bbox 1001 5497 1292 5552; x_wconf 85' lang='lat' dir='ltr'><strong>accedebat</strong></span> <span class='ocrx_word' id='word_1_740' title='bbox 1317 5511 1440 5552; x_wconf 86' lang='lat' dir='ltr'><strong>cum</strong></span> <span class='ocrx_word' id='word_1_741' title='bbox 1478 5495 1600 5558; x_wconf 87' lang='lat' dir='ltr'><strong>lide,</strong></span> <span class='ocrx_word' id='word_1_742' title='bbox 1636 5497 1771 5550; x_wconf 80' lang='lat' dir='ltr'><strong>dixit</strong></span> <span class='ocrx_word' id='word_1_743' title='bbox 1803 5513 1922 5567; x_wconf 80' lang='lat' dir='ltr'><strong>quae</strong></span> 
     </span>
    </p>
   </div>
   <div class='ocr_carea' id='block_1_105' title="bbox 347 5587 1920 5660">
    <p class='ocr_par' dir='ltr' id='par_1_105' title="bbox 347 5587 1920 5660">
     <span class='ocr_line' id='line_1_105' title="bbox 347 5587 1920 5660; baseline -0.001 -14"><span class='ocrx_word' id='word_1_744' title='bbox 347 5599 501 5646; x_wconf 84' lang='lat' dir='ltr'><strong>erant</strong></span> <span class='ocrx_word' id='word_1_745' title='bbox 527 5589 896 5645; x_wconf 83' lang='lat' dir='ltr'><strong>conducibilia</strong></span> <span class='ocrx_word' id='word_1_746' title='bbox 917 5608 930 5646; x_wconf 90' lang='lat'><strong>:</strong></span> <span class='ocrx_word' id='word_1_747' title='bbox 953 5604 1073 5645; x_wconf 89' lang='lat' dir='ltr'><strong>cum</strong></span> <span class='ocrx_word' id='word_1_748' title='bbox 1101 5587 1290 5658; x_wconf 91' lang='lat' dir='ltr'><strong>altero,</strong></span> <span class='ocrx_word' id='word_1_749' title='bbox 1324 5590 1414 5659; x_wconf 90' lang='lat' dir='ltr'><strong>qui</strong></span> <span class='ocrx_word' id='word_1_750' title='bbox 1443 5597 1562 5643; x_wconf 84' lang='lat' dir='ltr'><strong>erat</strong></span> <span class='ocrx_word' id='word_1_751' title='bbox 1590 5587 1920 5660; x_wconf 81' lang='lat' dir='ltr'><strong>incredulus,</strong></span> 
     </span>
    </p>
   </div>
   <div class='ocr_carea' id='block_1_106' title="bbox 414 5771 904 5844">
    <p class='ocr_par' dir='ltr' id='par_1_106' title="bbox 414 5771 904 5844">
     <span class='ocr_line' id='line_1_106' title="bbox 414 5771 904 5844; baseline 0.01 -17"><span class='ocrx_word' id='word_1_752' title='bbox 414 5771 437 5805; x_wconf 84' lang='grc'><em>⁹</em></span> <span class='ocrx_word' id='word_1_753' title='bbox 467 5771 664 5844; x_wconf 82' lang='lat' dir='ltr'><strong>Eplies.</strong></span> <span class='ocrx_word' id='word_1_754' title='bbox 705 5789 776 5841; x_wconf 84' lang='lat' dir='ltr'><strong>vt,</strong></span> <span class='ocrx_word' id='word_1_755' title='bbox 818 5773 904 5832; x_wconf 70' lang='lat' dir='ltr'><strong>I2.</strong></span> 
     </span>
    </p>
   </div>
   <div class='ocr_carea' id='block_1_107' title="bbox 2032 4665 3614 4751">
    <p class='ocr_par' dir='ltr' id='par_1_107' title="bbox 2032 4665 3614 4751">
     <span class='ocr_line' id='line_1_107' title="bbox 2032 4665 3614 4751; baseline 0.011 -33"><span class='ocrx_word' id='word_1_756' title='bbox 2032 4665 2276 4736; x_wconf 76' lang='grc' dir='ltr'>ἔφθασαν</span> <span class='ocrx_word' id='word_1_757' title='bbox 2304 4669 2430 4737; x_wconf 83' lang='grc' dir='ltr'>παρ’</span> <span class='ocrx_word' id='word_1_758' title='bbox 2453 4670 2603 4742; x_wconf 81' lang='grc' dir='ltr'>αὺτῴ</span> <span class='ocrx_word' id='word_1_759' title='bbox 2625 4674 2768 4727; x_wconf 86' lang='grc' dir='ltr'><strong>κατά</strong></span> <span class='ocrx_word' id='word_1_760' title='bbox 2796 4675 2858 4728; x_wconf 72' lang='grc' dir='ltr'><strong>τὸ</strong></span> <span class='ocrx_word' id='word_1_761' title='bbox 2891 4675 3014 4738; x_wconf 72' lang='grc' dir='ltr'>ἔθος</span> <span class='ocrx_word' id='word_1_762' title='bbox 3037 4680 3102 4747; x_wconf 82' lang='grc' dir='ltr'>τῇ</span> <span class='ocrx_word' id='word_1_763' title='bbox 3134 4679 3292 4750; x_wconf 77' lang='grc' dir='ltr'>τρίτῃ</span> <span class='ocrx_word' id='word_1_764' title='bbox 3325 4680 3464 4751; x_wconf 71' lang='grc' dir='ltr'>ὥρα,</span> <span class='ocrx_word' id='word_1_765' title='bbox 3483 4684 3614 4745; x_wconf 74' lang='grc' dir='ltr'>τοὺς</span> 
     </span>
    </p>
   </div>
   <div class='ocr_carea' id='block_1_108' title="bbox 2033 4761 3615 4842">
    <p class='ocr_par' dir='ltr' id='par_1_108' title="bbox 2033 4761 3615 4842">
     <span class='ocr_line' id='line_1_108' title="bbox 2033 4761 3615 4842; baseline 0.011 -33"><span class='ocrx_word' id='word_1_766' title='bbox 2033 4761 2556 4830; x_wconf 87' lang='grc' dir='ltr'>παρατυγχάνοντας</span> <span class='ocrx_word' id='word_1_767' title='bbox 2588 4765 2827 4829; x_wconf 75' lang='grc' dir='ltr'>ἐδέξατο.</span> <span class='ocrx_word' id='word_1_768' title='bbox 2865 4768 3001 4821; x_wconf 78' lang='grc' dir='ltr'><strong>Οὐδὲ</strong></span> <span class='ocrx_word' id='word_1_769' title='bbox 3042 4770 3152 4840; x_wconf 77' lang='grc' dir='ltr'><strong>γάρ</strong></span> <span class='ocrx_word' id='word_1_770' title='bbox 3205 4767 3272 4842; x_wconf 74' lang='grc' dir='ltr'>ἦν</span> <span class='ocrx_word' id='word_1_771' title='bbox 3299 4772 3615 4842; x_wconf 76' lang='grc' dir='ltr'>ἀδιαφόρως</span> 
     </span>
    </p>
   </div>
   <div class='ocr_carea' id='block_1_109' title="bbox 2029 4849 3614 4935">
    <p class='ocr_par' dir='ltr' id='par_1_109' title="bbox 2029 4849 3614 4935">
     <span class='ocr_line' id='line_1_109' title="bbox 2029 4849 3614 4935; baseline 0.011 -33"><span class='ocrx_word' id='word_1_772' title='bbox 2029 4849 2306 4921; x_wconf 79' lang='grc' dir='ltr'>ὀχλεῖσθαι</span> <span class='ocrx_word' id='word_1_773' title='bbox 2335 4853 2520 4918; x_wconf 81' lang='grc' dir='ltr'>αὐτὸν,</span> <span class='ocrx_word' id='word_1_774' title='bbox 2561 4857 2613 4909; x_wconf 80' lang='grc' dir='ltr'>εἰ</span> <span class='ocrx_word' id='word_1_775' title='bbox 2651 4859 2728 4928; x_wconf 78' lang='grc' dir='ltr'>μὴ</span> <span class='ocrx_word' id='word_1_776' title='bbox 2760 4860 2818 4912; x_wconf 82' lang='grc' dir='ltr'>ἐν</span> <span class='ocrx_word' id='word_1_777' title='bbox 2845 4860 2923 4930; x_wconf 80' lang='grc' dir='ltr'><strong>τῷ</strong></span> <span class='ocrx_word' id='word_1_778' title='bbox 2955 4863 3176 4928; x_wconf 87' lang='grc' dir='ltr'>συνήθει</span> <span class='ocrx_word' id='word_1_779' title='bbox 3227 4865 3427 4935; x_wconf 83' lang='grc' dir='ltr'>καιρῷ.</span> <span class='ocrx_word' id='word_1_780' title='bbox 3460 4868 3521 4919; x_wconf 75' lang='grc' dir='ltr'>ὲν</span> <span class='ocrx_word' id='word_1_781' title='bbox 3570 4865 3614 4934; x_wconf 85' lang='grc' dir='ltr'>ᾧ</span> 
     </span>
    </p>
   </div>
   <div class='ocr_carea' id='block_1_110' title="bbox 2030 4943 3610 5026">
    <p class='ocr_par' dir='ltr' id='par_1_110' title="bbox 2030 4943 3610 5026">
     <span class='ocr_line' id='line_1_110' title="bbox 2030 4943 3610 5026; baseline 0.011 -33"><span class='ocrx_word' id='word_1_782' title='bbox 2030 4943 2159 5005; x_wconf 73' lang='grc' dir='ltr'>τοὺς</span> <span class='ocrx_word' id='word_1_783' title='bbox 2210 4944 2489 5015; x_wconf 86' lang='grc' dir='ltr'>παρόντας</span> <span class='ocrx_word' id='word_1_784' title='bbox 2513 4949 2594 5012; x_wconf 83' lang='grc' dir='ltr'><strong>εἰς</strong></span> <span class='ocrx_word' id='word_1_785' title='bbox 2623 4949 2937 5019; x_wconf 81' lang='grc' dir='ltr'>δοξολογίαν</span> <span class='ocrx_word' id='word_1_786' title='bbox 2963 4955 3333 5024; x_wconf 75' lang='grc' dir='ltr'>προετρέπετο</span> <span class='ocrx_word' id='word_1_787' title='bbox 3368 4957 3610 5026; x_wconf 82' lang='grc' dir='ltr'>πρῶτον,</span> 
     </span>
    </p>
   </div>
   <div class='ocr_carea' id='block_1_111' title="bbox 2032 5027 3611 5115">
    <p class='ocr_par' dir='ltr' id='par_1_111' title="bbox 2032 5027 3611 5115">
     <span class='ocr_line' id='line_1_111' title="bbox 2032 5027 3611 5115; baseline 0.01 -30"><span class='ocrx_word' id='word_1_788' title='bbox 2032 5027 2132 5086; x_wconf 83' lang='grc' dir='ltr'>εἷθ’</span> <span class='ocrx_word' id='word_1_789' title='bbox 2163 5033 2338 5100; x_wconf 74' lang='grc' dir='ltr'>οὕτως</span> <span class='ocrx_word' id='word_1_790' title='bbox 2366 5037 2442 5107; x_wconf 82' lang='grc' dir='ltr'>τῷ</span> <span class='ocrx_word' id='word_1_791' title='bbox 2465 5038 2610 5110; x_wconf 83' lang='grc' dir='ltr'>λόγῳ</span> <span class='ocrx_word' id='word_1_792' title='bbox 2660 5041 2760 5110; x_wconf 79' lang='grc' dir='ltr'>τῆς</span> <span class='ocrx_word' id='word_1_793' title='bbox 2801 5044 3021 5113; x_wconf 85' lang='grc' dir='ltr'>χάριτος</span> <span class='ocrx_word' id='word_1_794' title='bbox 3059 5045 3340 5115; x_wconf 88' lang='grc' dir='ltr'>παραινῶν</span> <span class='ocrx_word' id='word_1_795' title='bbox 3375 5047 3611 5100; x_wconf 66' lang='grc' dir='ltr'>ἕκαστον</span> 
     </span>
    </p>
   </div>
   <div class='ocr_carea' id='block_1_112' title="bbox 2032 5125 3611 5206">
    <p class='ocr_par' dir='ltr' id='par_1_112' title="bbox 2032 5125 3611 5206">
     <span class='ocr_line' id='line_1_112' title="bbox 2032 5125 3611 5206; baseline 0.009 -30"><span class='ocrx_word' id='word_1_796' title='bbox 2032 5125 2128 5177; x_wconf 69' lang='grc' dir='ltr'>καὶ</span> <span class='ocrx_word' id='word_1_797' title='bbox 2190 5128 2538 5196; x_wconf 75' lang='grc' dir='ltr'>κατευλογῶν</span> <span class='ocrx_word' id='word_1_798' title='bbox 2579 5132 2877 5196; x_wconf 83' lang='grc' dir='ltr'>ἀπέλυσεν,</span> <span class='ocrx_word' id='word_1_799' title='bbox 2931 5131 3115 5206; x_wconf 80' lang='grc' dir='ltr'>ἧσπερ</span> <span class='ocrx_word' id='word_1_800' title='bbox 3153 5135 3461 5204; x_wconf 79' lang='grc' dir='ltr'>δοξολογίας</span> <span class='ocrx_word' id='word_1_801' title='bbox 3518 5141 3611 5193; x_wconf 75' lang='grc' dir='ltr'>καὶ</span> 
     </span>
    </p>
   </div>
   <div class='ocr_carea' id='block_1_113' title="bbox 2031 5218 3614 5302">
    <p class='ocr_par' dir='ltr' id='par_1_113' title="bbox 2031 5218 3614 5302">
     <span class='ocr_line' id='line_1_113' title="bbox 2031 5218 3614 5302; baseline 0.011 -33"><span class='ocrx_word' id='word_1_802' title='bbox 2031 5218 2155 5281; x_wconf 80' lang='grc' dir='ltr'>τοὺς</span> <span class='ocrx_word' id='word_1_803' title='bbox 2196 5221 2323 5292; x_wconf 80' lang='grc' dir='ltr'>παρ’</span> <span class='ocrx_word' id='word_1_804' title='bbox 2353 5222 2502 5293; x_wconf 82' lang='grc' dir='ltr'>αὐτῷ</span> <span class='ocrx_word' id='word_1_805' title='bbox 2556 5240 2613 5276; x_wconf 85' lang='grc' dir='ltr'><strong>τε</strong></span> <span class='ocrx_word' id='word_1_806' title='bbox 2643 5228 2999 5296; x_wconf 86' lang='grc' dir='ltr'>τυπωμένους</span> <span class='ocrx_word' id='word_1_807' title='bbox 3038 5229 3220 5293; x_wconf 83' lang='grc' dir='ltr'>αἴνους</span> <span class='ocrx_word' id='word_1_808' title='bbox 3260 5232 3340 5292; x_wconf 83' lang='grc' dir='ltr'><strong>είς</strong></span> <span class='ocrx_word' id='word_1_809' title='bbox 3383 5232 3614 5302; x_wconf 77' lang='grc' dir='ltr'>ὕστερον</span> 
     </span>
    </p>
   </div>
   <div class='ocr_carea' id='block_1_114' title="bbox 2031 5309 3613 5393">
    <p class='ocr_par' dir='ltr' id='par_1_114' title="bbox 2031 5309 3613 5393">
     <span class='ocr_line' id='line_1_114' title="bbox 2031 5309 3613 5393; baseline 0.011 -32"><span class='ocrx_word' id='word_1_810' title='bbox 2031 5309 2277 5382; x_wconf 67' lang='grc' dir='ltr'>λέξομεν.</span> <span class='ocrx_word' id='word_1_811' title='bbox 2325 5314 2591 5385; x_wconf 81' lang='grc' dir='ltr'>Χαρίεντι</span> <span class='ocrx_word' id='word_1_812' title='bbox 2653 5315 2748 5372; x_wconf 76' lang='grc' dir='ltr'>οὖν</span> <span class='ocrx_word' id='word_1_813' title='bbox 2785 5323 3061 5393; x_wconf 52' lang='grc' dir='ltr'>προσώπῳ</span> <span class='ocrx_word' id='word_1_814' title='bbox 3087 5322 3164 5392; x_wconf 73' lang='grc' dir='ltr'>τῷ</span> <span class='ocrx_word' id='word_1_815' title='bbox 3212 5324 3350 5391; x_wconf 79' lang='grc' dir='ltr'><strong>μετά</strong></span> <span class='ocrx_word' id='word_1_816' title='bbox 3376 5327 3613 5390; x_wconf 80' lang='grc' dir='ltr'>πίστεως</span> 
     </span>
    </p>
   </div>
   <div class='ocr_carea' id='block_1_115' title="bbox 2031 5406 3614 5487">
    <p class='ocr_par' dir='ltr' id='par_1_115' title="bbox 2031 5406 3614 5487">
     <span class='ocr_line' id='line_1_115' title="bbox 2031 5406 3614 5487; baseline 0.01 -32"><span class='ocrx_word' id='word_1_817' title='bbox 2031 5406 2312 5475; x_wconf 78' lang='grc' dir='ltr'>ἐρχομένῳ</span> <span class='ocrx_word' id='word_1_818' title='bbox 2351 5409 2486 5478; x_wconf 75' lang='grc' dir='ltr'>πρὸς</span> <span class='ocrx_word' id='word_1_819' title='bbox 2508 5411 2672 5464; x_wconf 77' lang='grc' dir='ltr'>αὑτὸν</span> <span class='ocrx_word' id='word_1_820' title='bbox 2697 5413 2986 5482; x_wconf 65' lang='grc' dir='ltr'>πρόσςρορα</span> <span class='ocrx_word' id='word_1_821' title='bbox 3009 5415 3288 5487; x_wconf 75' lang='grc' dir='ltr'>διηλέχθη,</span> <span class='ocrx_word' id='word_1_822' title='bbox 3329 5418 3449 5486; x_wconf 73' lang='grc' dir='ltr'>μηδ’</span> <span class='ocrx_word' id='word_1_823' title='bbox 3474 5419 3614 5480; x_wconf 79' lang='grc' dir='ltr'>ὅλως</span> 
     </span>
    </p>
   </div>
   <div class='ocr_carea' id='block_1_116' title="bbox 2031 5495 3608 5580">
    <p class='ocr_par' dir='ltr' id='par_1_116' title="bbox 2031 5495 3608 5580">
     <span class='ocr_line' id='line_1_116' title="bbox 2031 5495 3608 5580; baseline 0.011 -34"><span class='ocrx_word' id='word_1_824' title='bbox 2031 5495 2108 5564; x_wconf 80' lang='grc' dir='ltr'><strong>τῷ</strong></span> <span class='ocrx_word' id='word_1_825' title='bbox 2145 5496 2316 5566; x_wconf 78' lang='grc' dir='ltr'>ἑτέρῳ</span> <span class='ocrx_word' id='word_1_826' title='bbox 2354 5499 2447 5551; x_wconf 76' lang='grc' dir='ltr'>καὶ</span> <span class='ocrx_word' id='word_1_827' title='bbox 2501 5501 2717 5572; x_wconf 83' lang='grc' dir='ltr'>ἀπίστῳ</span> <span class='ocrx_word' id='word_1_828' title='bbox 2776 5504 2881 5556; x_wconf 72' lang='grc' dir='ltr'>κᾶν</span> <span class='ocrx_word' id='word_1_829' title='bbox 2939 5505 3113 5577; x_wconf 68' lang='grc' dir='ltr'>βραχὺ</span> <span class='ocrx_word' id='word_1_830' title='bbox 3163 5511 3608 5580; x_wconf 76' lang='grc' dir='ltr'>προσομιλήσας·</span> 
     </span>
    </p>
   </div>
   <div class='ocr_carea' id='block_1_117' title="bbox 2033 5587 3608 5672">
    <p class='ocr_par' dir='ltr' id='par_1_117' title="bbox 2033 5587 3608 5672">
     <span class='ocr_line' id='line_1_117' title="bbox 2033 5587 3608 5672; baseline 0.013 -35"><span class='ocrx_word' id='word_1_831' title='bbox 2033 5587 2224 5659; x_wconf 77' lang='grc' dir='ltr'>διόπερ</span> <span class='ocrx_word' id='word_1_832' title='bbox 2253 5591 2389 5658; x_wconf 73' lang='grc' dir='ltr'>μετὰ</span> <span class='ocrx_word' id='word_1_833' title='bbox 2443 5593 2503 5646; x_wconf 86' lang='grc' dir='ltr'>τὸ</span> <span class='ocrx_word' id='word_1_834' title='bbox 2527 5595 2866 5667; x_wconf 82' lang='grc' dir='ltr'>ἀπολυθῆναι</span> <span class='ocrx_word' id='word_1_835' title='bbox 2909 5600 3081 5654; x_wconf 82' lang='grc' dir='ltr'>πλείω</span> <span class='ocrx_word' id='word_1_836' title='bbox 3134 5601 3296 5656; x_wconf 72' lang='grc' dir='ltr'>πάλιν</span> <span class='ocrx_word' id='word_1_837' title='bbox 3353 5602 3608 5672; x_wconf 75' lang='grc' dir='ltr'>ἐλοιδόρει</span> 
     </span>
    </p>
   </div>
  </div>
