3820 6460
337 369 480 437 i391

1517 371 1800 432 MENSIS
1843 369 2358 431 FEBRUABIUS.

3469 367 3615 431 1322

343 497 634 542 etcruccm
673 497 792 553 qua:
815 497 978 554 super
997 482 1249 537 baiulum
1280 483 1474 538 eratin
1511 482 1626 551 ejus
1662 482 1928 545 manibus,

2038 481 2228 552 χερσὶν
2261 480 2425 534 αὐτοῦ
2455 482 2546 533 ἐπί
2578 480 2882 552 βακτηρίας
2914 482 3149 553 σταυρὸν
3182 482 3523 548 ἀποστείλας
3556 488 3622 539 δι’

348 575 583 633 misisset
617 590 712 646 per
752 589 916 629 unum
950 589 1016 628 ex
1062 575 1128 630 iis
1160 574 1251 645 qui
1283 575 1423 644 apud
1455 591 1577 629 eum
1603 588 1924 645 persevera-

345 667 652 735 bant,l‘eeit
711 683 932 725 cessare
981 667 1174 739 puellae
1224 667 1589 732 vexationem,
1625 676 1681 721 et
1743 665 1928 719 docuit

342 775 534 817 omnes
562 760 657 831 qui
689 773 1078 826 conveneram,
1119 774 1223 814 non
1257 768 1512 828 oportere
1568 774 1674 811 non
1725 757 1926 812 habere

345 856 504 912 tidem
533 857 624 911 Dei
654 855 1088 920 admirabilibus,
1120 871 1238 924 qua:
1271 855 1340 909 ab
1372 855 1490 924 ipso
1529 855 1664 908 tiunt
1700 853 1752 908 in
1789 867 1925 906 una-

345 961 560 1017 quaque
615 951 962 1017 generatione
1003 961 1099 1015 per
1149 960 1244 1000 eos
1293 961 1388 1016 per
1428 959 1564 1014 quos
1610 944 1660 998 ei
1693 943 1924 996 videtur.

333 1037 680 1092 tPatriarchaa
717 1036 861 1090 enim
915 1047 973 1091 et
1036 1052 1226 1091 omnes
1261 1037 1560 1106 prophettr,
1589 1044 1644 1090 et
1678 1034 1928 1091 similiter

345 1131 510 1184 etiam
539 1129 794 1199 apostoli,
825 1138 982 1184 erant
1029 1129 1297 1193 homines,
1329 1138 1383 1183 et
1412 1145 1440 1182 a
1487 1127 1669 1183 divina
1716 1125 1926 1182 incitati

347 1223 543 1292 gratia,
603 1221 994 1276 convenienter
1039 1221 1223 1274 divino
1255 1219 1517 1288 Apostolo
1546 1221 1615 1286 “,
1647 1219 1928 1273 exstinxe-

346 1321 474 1366 runt
511 1312 633 1364 -vim
667 1311 830 1380 ignis,
862 1311 1258 1365 obstruxerunt
1298 1326 1392 1366 ora
1427 1312 1666 1374 leonum,
1697 1297 1751 1364 et
1780 1309 1927 1364 fece-

343 1411 475 1456 runt
500 1400 690 1455 omnia
717 1416 834 1468 qua:
862 1400 1120 1468 deinceps
1149 1401 1356 1471 scripta
1393 1411 1540 1456 sunt.
1598 1399 1769 1455 Porro
1800 1415 1928 1454 vero

334 1493 462 1561 ipsa
524 1506 741 1560 quoque
774 1506 879 1545 vox
929 1491 1161 1557 Domini,
1201 1507 1319 1562 qua:
1357 1508 1452 1547 nos
1499 1493 1818 1547 adhortatur
1869 1503 1968 1546 ut‘

345 1583 656 1648 credamus,
689 1583 770 1638 sic
802 1584 932 1637 dicit
965 1598 979 1636 :
1025 1601 1044 1636 ι
1076 1582 1269 1639 Omnia
1294 1597 1625 1652 qutreuuqne
1649 1593 1930 1651 precantes

345 1675 554 1742 petitis,
593 1675 796 1728 credite
826 1673 970 1742 quod
1007 1675 1306 1744 accipietis,
1338 1684 1393 1729 et
1433 1677 1614 1744 erunt;
1637 1675 1788 1729 vobis
1813 1675 1876 1728 “.
1904 1691 1922 1725 ι

346 1766 588 1838 Benigno
624 1766 752 1837 er'go
786 1767 892 1821 Deo
917 1767 1194 1836 prtebente
1220 1766 1438 1835 quando
1471 1766 1580 1819 vult
1600 1776 1654 1820 et
1683 1782 1777 1835 per
1794 1781 1929 1836 quos

2030 575 2150 638 ἑνὸς
2203 573 2313 626 τῶν
2360 575 2925 644 προσκαρτερούντων
2958 574 3131 645 αύτῷ,
3161 577 3482 630 κατέπαυσε
3524 580 3625 648 τὴν

2029 668 2196 738 κόρην
2220 666 2313 720 τοῦ
2345 667 2605 737 ἐλεγμοῦ,
2635 668 2726 720 καὶ
2749 667 3000 730 ἃπαντας
3031 669 3158 731 τοὺς
3182 669 3626 738 συνεληλυθότας

2028 760 2328 822 ἐδίδασκεν,
2365 759 2448 812 ὃτι
2487 761 2546 812 ού
2600 760 2680 812 δεῖ
2713 760 2967 813 ἀπιστεῖν
3018 763 3130 823 τοῖς
3163 761 3497 831 θαυμασίοις
3527 761 3623 814 τοῦ

2030 847 2167 902 Θεοῦ
2195 848 2497 919 γινομένοις
2527 847 2619 901 ὑπ’
2641 848 2805 902 αὑτοῦ
2847 847 2970 900 καθ’
3005 851 3246 918 ἑκάστην
3294 851 3520 918 γενεὰν,
3553 850 3624 902 δι’
3656 891 3662 919 ί

2029 937 2104 995 ὦν
2140 941 2383 994 εὐδοκεῖ·
2431 940 2528 993 καὶ
2560 940 2668 1010 γάρ
2706 940 2754 992 oi
2789 940 3134 1011 πατριάρχαι
3191 944 3288 994 καὶ
3329 945 3539 1003 πάντες
3574 946 3623 995 οί
3657 945 3662 947 “

2029 1035 2308 1105 προφῆται
2365 1031 2565 1101 ὁμοίως
2598 1033 2690 1084 καὶ
2723 1032 2772 1101 οἱ
2829 1031 3126 1086 ἀπόστολοι
3153 1033 3434 1105 ἄνθρωποι
3473 1018 3620 1104 ἦσαν
3659 1053 3667 1064 ι

2030 1126 2134 1179 ὑπὸ
2173 1125 2272 1194 τῆς
2311 1124 2462 1187 Θείας
2493 1125 2882 1197 ὲνεργούμενοι
2907 1128 3129 1196 χάριτος
3163 1129 3304 1180 κατά
3339 1129 3434 1180 τὸν
3473 1128 3622 1180 θεῖον

2032 1213 2376 1277 ’Δπὸστολον,
2409 1214 2642 1269 ἔσϐεσαν
2685 1215 2916 1286 δύναμιν
2947 1216 3142 1286 πυρὸς,
3200 1216 3443 1286 ἔφραξαν
3495 1217 3617 1268 στό-

2030 1325 2177 1379 ματα
2201 1308 2430 1361 λεόντων
2463 1311 2559 1362 καὶ
2594 1309 2771 1363 πάντα
2793 1310 2862 1362 τὰ
2891 1309 3017 1378 ἑξῆς
3045 1311 3413 1379 γεγραμμένα
3438 1310 3618 1362 ἐτέὶεο

2030 1418 2148 1464 σαν,
2191 1403 2284 1454 καὶ
2313 1401 2452 1469 αὑτὴ
2483 1401 2539 1453 δέ
2569 1403 2601 1472 ἡ
2642 1403 2733 1454 τοῦ
2773 1404 2979 1473 Κυρίου
3012 1403 3163 1470 φωνὴ
3193 1403 3616 1472 προτρεπομένη

2029 1483 2176 1564 ἡμᾶς
2206 1492 2482 1544 πιστεύειν
2509 1491 2684 1554 οῦτως
2716 1493 2894 1560 λέγει’
2930 1512 2948 1544 ι
2977 1495 3158 1546 Πάντα
3190 1495 3292 1547 ὅσα
3326 1495 3426 1563 μὲν
3459 1495 3617 1562 εὐχύ-

2032 1601 2183 1654 μενοι
2209 1583 2476 1647 αἰτεῖσθε,
2503 1583 2812 1648 πιστεύετε,
2845 1585 2926 1636 ὅτι
2965 1584 3296 1654 λαμϐάνετε,
3330 1585 3424 1635 καὶ
3457 1584 3613 1635 ἔσται

2030 1679 2210 1747 ὑμῖν.»
2241 1676 2347 1729 Τοῦ
2377 1676 2510 1730 Θεοῦ
2542 1677 2635 1730 οῦν
2657 1677 2986 1747 παρέχοντος
3017 1676 3106 1728 ὅτε
3140 1674 3391 1745 βούλεται
3418 1675 3514 1726 καὶ
3549 1674 3615 1726 δι’

2029 1764 2104 1826 ὧν
2140 1767 2408 1837 βούλεται,
2442 1769 2500 1821 ού
2549 1768 2658 1840 χρὴ
2693 1770 2839 1839 ἡμᾶς
2873 1768 3148 1821 ἀπιστεῖν,
3190 1767 3314 1820 Ἐπὶ
3343 1767 3616 1836 ἐεδομάδα

335 1860 484 1925 ινιιιι,
535 1874 643 1913 non
675 1867 890 1929 oportet
924 1873 1023 1914 nos
1065 1873 1189 1914 esse
1215 1857 1546 1912 incredulos.
1581 1857 1713 1910 Cum
1744 1857 1928 1924 itaque

2038 1859 2208 1911 τοίνυν
2228 1858 2489 1922 κελεύσας
2515 1860 2653 1929 μετά
2682 1859 2791 1912 τῶν
2809 1859 3012 1928 γονέων
3039 1860 3377 1930 παραμεῖναι
3406 1859 3502 1927 τὴν
3528 1858 3615 1907 xo-

348 1965 512 2003 unam
543 1948 939 2004 hebdomadam
967 1947 1478 2017 jussissetpuellam
1535 1961 1757 2002 manere
1802 1964 1924 2002 eum

347 2039 680 2111 parentibus,
718 2042 1031 2109 precatione
1072 2041 1299 2095 armatis
1329 2048 1383 2095 et
1407 2040 1632 2111 jejunio,
1665 2052 1718 2095 et
1758 2041 1926 2110 ipsam

337 2147 536 2188 sanam
587 2133 942 2191 restituisset.
973 2131 1180 2187 dimisit
1221 2147 1318 2186 eos
1369 2132 1420 2186 in
1470 2132 1837 2201 pace,juheus
1869 2145 1926 2187 ut

339 2225 492 2280 irent
518 2223 832 2293 frequenter
864 2223 928 2278 ad
961 2224 1363 2279 sanctissimam
1399 2223 1724 2279 Ecclesiatn.

2035 1967 2153 2019 ρην,
2189 1951 2321 2020 εύχῇ
2352 1954 2445 2004 καὶ
2480 1951 2702 2022 νηστεία
2727 1950 3236 2021 καθωπλισμένους,
3286 1949 3418 2020 ὑγιῆ
3446 1949 3617 2019 αὐτὴν

2034 2043 2498 2113 ἀποκαταστήσας
2526 2044 2585 2095 ἐν
2640 2044 2829 2114 εἰρήνῃ
2889 2043 3180 2108 ἀπέλυσεν,
3223 2040 3616 2114 παρεγγυήσας

2007 2163 2010 2166 λ
2037 2136 2323 2204 συχνάζειν
2354 2135 2551 2197 αὐτοὺς
2585 2137 2649 2206 τῇ
2686 2135 2964 2205 ἁγιωτάτῃ
2993 2133 3280 2204 ἐκκλησίᾳ.

1822 2377 2052 2435 CAPUT
2086 2377 2179 2434 li].

1290 2493 1574 2566 Leprusus,
1601 2494 1954 2565 paralyticos,
1991 2512 2356 2566 energumeua:
2384 2507 2666 2552 sanantur.

411 2634 609 2695 XVIII.
634 2636 854 2706 Aliquot
887 2643 1070 2688 autem
1100 2639 1224 2702 post
1249 2631 1442 2687 diebus
1470 2631 1834 2688 ascenderunt
1859 2634 1926 2686 ad

349 2746 473 2787 eum
501 2730 608 2785 duo
631 2727 849 2799 quidam
880 2725 982 2778 viri
1025 2725 1334 2778 laborantes
1393 2725 1724 2792 elephantia,
1753 2724 1844 2794 qui
1895 2740 1924 2777 a

353 2822 463 2877 Deo
486 2835 581 2892 per
610 2820 784 2889 ipsum
811 2819 1067 2886 petebant
1114 2818 1481 2870 sanationem.
1535 2815 1770 2870 Sanctus
1801 2830 1928 2869 vero

351 2915 486 2970 dicit
529 2911 956 2978 eiszouodnam
1012 2917 1097 2962 est
1127 2918 1366 2963 vestrum
1423 2918 1731 2977 peccatum,
1783 2908 1928 2976 quod

352 3003 644 3076 hmcplaga
684 3004 738 3056 in
789 3015 886 3055 vos
916 3000 1108 3054 incidit
1137 2999 1160 3052 ‘2
1193 2998 1266 3052 llli
1315 3007 1522 3064 autem,
1553 2999 1669 3054 haec
1704 2998 1930 3053 audien-

2106 2631 2213 2686 Ill'.
2248 2633 2381 2687 Μεθ’
2414 2634 2628 2705 ἡμέρας
2663 2632 2720 2685 δέ
2779 2649 2931 2696 τινας
2985 2631 3218 2704 ἀνῆλθον
3260 2633 3391 2703 πρὸς
3450 2635 3613 2689 αὗτδν

2035 2725 2129 2778 δύο
2181 2725 2372 2794 ἄνδρες
2427 2723 2876 2792 ἐλεφαντιῶντες,
2933 2724 3077 2778 ῐασιν
3133 2725 3511 2795 ἐξαιτούμενοι
3545 2728 3612 2782 δι’

2035 2817 2200 2870 αὑτοῦ
2233 2817 2384 2886 παρά
2412 2816 2506 2869 τοῦ
2557 2815 2713 2871 Θεοῦ.
2778 2816 2836 2869 Ὀ
2867 2815 2923 2870 δὲ
2964 2815 3115 2884 λέγει
3145 2818 3363 2880 αὐτοῖς’
3390 2818 3455 2871 Τί
3495 2821 3615 2873 ἐστι

2035 2911 2095 2962 τὸ
2124 2911 2430 2980 ἁμάρτημα
2485 2909 2662 2977 ὑμῶν,
2715 2909 2797 2962 ὅτι
2849 2908 3122 2961 ἐπέπεσεν
3153 2911 3280 2978 ύμῖν
3321 2913 3352 2980 η
3388 2911 3611 2980 τοιαύτη

2036 3003 2252 3072 πληγής
2306 3005 2368 3055 Οἱ
2407 3003 2463 3055 δὲ
2498 3001 2831 3064 ἀκούσαντες
2882 2999 3058 3053 ταῦτα
3090 3001 3436 3071 προσέπεσον
3464 3003 3610 3071 αὐτῷ

353 3103 458 3155 tes,
489 3067 841 3162 prociderunt
866 3091 932 3143 ad
961 3089 1078 3156 ejus
1126 3090 1316 3157 pedes,
1349 3089 1593 3143 dicentes
1625 3105 1638 3142 :
1676 3088 1928 3143 Miserere

2038 3067 2316 3162 λέγοντες·
2387 3093 2636 3163 Ἐλέησον
2691 3093 2860 3162 ἡμᾶς,
2901 3067 3176 3162 ,θεράπων
3223 3091 3318 3145 τοῦ
3349 3067 3609 3162 Χριστοῦ,

343 3183 552 3246 nostri,
590 3195 744 3236 serve
794 3179 1015 3241 Christi,
1045 3188 1099 3232 et
1143 3193 1240 3235 ora
1277 3189 1334 3234 ut
1383 3196 1483 3234 nos
1513 3195 1788 3234 curentur.
1824 3181 1930 3236 Be-

356 3278 631 3346 spondens
655 3287 784 3326 vero
815 3273 1026 3338 beatus,
1054 3269 1187 3325 dicit
1217 3272 1295 3325 eis
1321 3289 1335 3325 :
1373 3269 1489 3327 Hoc
1522 3271 1680 3327 vobis
1710 3273 1927 3339 accidit,

359 3381 394 3420 ο
423 3365 646 3428 fratres,
672 3372 958 3432 prapterea
986 3363 1130 3432 quod
1162 3361 1474 3432 frequenter
1503 3364 1784 3434 jura'retis.
1821 3364 1929 3418 Sed

358 3461 425 3514 de
451 3465 646 3513 cretero
670 3463 882 3526 oportet
914 3471 1010 3510 vos
1047 3457 1309 3510 desistere
1352 3456 1418 3509 ad
1460 3457 1597 3509 iram
1633 3471 1930 3526 provocare

353 3547 644 3604 Dominum
697 3548 863 3602 Deum
920 3557 1178 3603 vestrum.
1239 3546 1368 3614 Quae
1425 3562 1549 3601 cum
1603 3549 1850 3614 dixisset,
1877 3559 1931 3605 et

353 3657 546 3698 omnes
576 3651 722 3697 esset
749 3641 814 3694 ad
839 3640 1166 3708 precandum
1198 3642 1534 3704 adhortatus,
1560 3641 1672 3708 ipse
1717 3656 1930 3711 quoque

351 3735 510 3789 nexis
541 3735 653 3789 suis
713 3735 919 3787 sanctis
935 3733 1163 3800 genibus
1196 3732 1262 3786 ad
1301 3733 1509 3802 aliquot
1544 3738 1732 3797 horas.
1767 3748 1821 3792 et
1843 3735 1926 3790 ef-

343 3826 492 3880 Iusis
545 3824 731 3879 multis
790 3825 920 3878 rivis
980 3823 1381 3892 lacrymarum,
1441 3842 1670 3895 surgens
1722 3829 1928 3898 accepit

340 3917 534 3972 oleum
564 3925 900 3980 sanctorum,
927 3925 982 3970 et
1009 3930 1105 3970 eos
1135 3916 1290 3968 unxit
1333 3930 1364 3970 a
1410 3919 1616 3972 vertice
1662 3934 1831 3988 usque
1861 3920 1928 3974 ad

345 4008 543 4081 pedes,
577 4007 764 4061 dicens
795 4023 807 4059 :
840 4004 1008 4060 Sanat
1032 4020 1128 4060 vos
1162 4004 1319 4061 Jesus
1338 4007 1624 4064 Christus:
1659 4025 1761 4078 ego
1783 4014 1927 4065 enim

345 4112 480 4154 sum
516 4097 680 4150 homo
735 4105 1009 4165 peccator.
1046 4094 1244 4150 Statim
1276 4107 1458 4152 autem
1491 4109 1618 4152 sunt
1646 4102 1846 4167 sanati,
1875 4113 1929 4157 et

353 4195 573 4246 domum
601 4190 877 4242 redierunt
899 4203 1020 4243 cum
1055 4189 1276 4259 gaudio,
1294 4187 1457 4244 Deum
1478 4191 1778 4259 laudantes,
1805 4205 1857 4248 et
1879 4196 1927 4250 ei

351 4283 660 4340 tribuentes
682 4282 934 4352 gloriam,
961 4293 1014 4336 et
1043 4281 1299 4337 omnibus
1338 4283 1710 4340 renuntiantes
1743 4304 1757 4340 :
1786 4285 1928 4341 Vidi-

2033 3187 2125 3238 καὶ
2157 3181 2308 3248 εῦξαι
2337 3183 2427 3236 τοῦ
2465 3185 2678 3254 ἰαθῆναι
2707 3185 2878 3253 ἡμᾶς.
2930 3183 3276 3253 Ἀποκριθεὶς
3306 3180 3402 3236 οῦν
3435 3186 3464 3236 ὁ
3504 3202 3612 3253 μα-

2033 3277 2217 3348 κάριος
2233 3275 2380 3344 λέγει
2404 3276 2608 3338 αὐτοῖς·
2633 3276 2803 3328 Τοῦτο
2822 3277 3166 3345 συμ6έ6ηκεν
3191 3276 3342 3344 ὑμῖν,
3369 3275 3605 3341 ἀδελφοὶ,

2031 3369 2122 3422 διὰ
2146 3369 2244 3436 τῆς
2277 3365 2608 3436 πολυορκίας
2643 3365 2819 3435 ὑμῶν’
2856 3365 2994 3419 ἀλλὰ
3025 3363 3308 3419 παύσασθε
3333 3363 3427 3416 τοῦ
3471 3379 3608 3434 παρ-

2030 3459 2270 3529 οργίζειν
2321 3457 2526 3526 Κύριον
2576 3457 2667 3510 τὸν
2699 3457 2831 3511 Θεὸν
2868 3458 3052 3527 ὑμῶν’
3085 3457 3182 3511 καὶ
3213 3454 3383 3509 ταῦτα
3418 3454 3606 3517 εἰπὼν,

2033 3554 2243 3615 πάντας
2271 3553 2350 3615 είς
2381 3553 2691 3622 προσευχὴν
2718 3551 3191 3621 προτρεψάμενος,
3217 3551 3409 3612 κλίνας
3449 3549 3608 3609 αὐτὸς

2030 3645 2100 3698 τὰ
2129 3644 2331 3712 γόνατα
2353 3645 2445 3698 ἐπί
2465 3643 2612 3712 ὥρας
2634 3647 2848 3708 ἱκανάς,
2879 3645 3118 3714 ὀχετοὺς,
3143 3644 3338 3713 ἐκχέας
3361 3640 3610 3710 δακρύων

2035 3737 2277 3800 ἱκανοὺς,
2307 3737 2544 3796 ἀναστὰς
2579 3733 2772 3788 ἐλαϐεν
2799 3735 2975 3788 ἑλαιον
2996 3735 3105 3786 τῶν
3138 3736 3310 3802 ἁγίων
3345 3733 3440 3786 καὶ
3462 3734 3607 3802 ἠλει-

2030 3829 2133 3898 ψεν
2166 3829 2362 3892 αὐτοὺς
2387 3829 2497 3880 ἀπὸ
2521 3828 2764 3896 κορυφῆς
2793 3826 2898 3890 ἕως
2953 3827 3149 3893 ποδῶν,
3189 3825 3360 3880 εέπὼν
3379 3841 3396 3857 ⁸
3444 3825 3606 3879 Ἰᾶται

2033 3923 2176 3991 ὑμᾶς
2211 3919 2418 3990 Ἰησοῦς
2446 3921 2680 3988 Χριστός
2702 3935 2718 3951 ο
2749 3919 2862 3987 ἐγὼ
2893 3919 3003 3990 γὰρ
3037 3919 3323 3990 ἄνθρωπος
3350 3919 3607 3987 ἀμαρτω-

1995 4035 2000 4044 -
2031 4013 2120 4074 λός
2149 4013 2264 4081 είμι
2287 4027 2300 4043 ⁸
2340 4011 2542 4074 εὐθέως
2578 4010 3033 4080 ἐθεραπεύθησαν
3061 4011 3154 4062 καὶ
3189 4009 3437 4078 ἀπῆλθον
3470 4008 3605 4076 μετά

2031 4107 2208 4175 χαρᾶς
2249 4103 2328 4165 εἰς
2355 4104 2477 4165 τοὺς
2509 4103 2690 4165 οἴκους
2737 4101 2940 4164 αὐτῶν,
2996 4100 3273 4162 αἰνοῦντες
3327 4100 3421 4151 καὶ
3448 4098 3602 4160 δοξά-

2032 4196 2216 4260 ζοντες
2241 4195 2333 4250 τὸν
2361 4195 2493 4248 Θεὸν
2546 4197 2640 4248 καὶ
2669 4193 3102 4260 ἀπαγγέλλοντες
3135 4191 3328 4255 πᾶσιν,
3359 4190 3442 4243 ὅτι
3474 4189 3606 4244 Ἰδο-

2037 4305 2136 4359 μεν
2162 4288 2350 4358 ἄνδρα,
2386 4281 2495 4342 οἷον
2522 4286 2640 4339 οὑδὲ
2673 4288 2732 4339 ἐν
2765 4289 2887 4349 ταῖς
2910 4284 3164 4355 ἀρχαίαις
3196 4286 3411 4352 γενεαῖς
3439 4301 3454 4314 ·
3487 4278 3606 4334 εἷπε

358 4391 481 4432 mus
505 4375 800 4442 hominem,
839 4375 1016 4444 qualis
1051 4389 1149 4430 nec
1205 4373 1304 4430 fuit
1332 4375 1385 4430 iit
1427 4377 1666 4447 antiquis
1697 4393 1928 4447 genera-

2038 4382 2142 4451 γὰρ
2190 4383 2321 4451 ἡμῖν
2380 4383 2558 4434 πάντα
2608 4380 2677 4432 τά
2736 4379 3109 4450 ἡμαρτημένα
3151 4379 3308 4448 ἡμῖν,
3345 4378 3440 4430 καὶ
3468 4377 3607 4446 ὑπὲρ

357 4468 618 4524 tionibus.
651 4466 798 4521 Dixit
824 4467 968 4520 enim
1001 4468 1156 4522 nobis
1202 4469 1382 4524 omnia
1404 4479 1632 4539 peccata
1697 4483 1925 4528 nosua:

357 4571 414 4616 et
437 4575 560 4615 eum
595 4573 691 4628 pro
715 4559 869 4612 nobis
902 4557 1130 4612 multum
1163 4559 1230 4613 ad
1278 4557 1445 4614 Deum
1473 4561 1800 4631 deﬂevisset,
1833 4580 1932 4620 nos

355 4653 568 4710 curavit
593 4667 799 4722 ungens
827 4661 1017 4705 saneto
1045 4652 1186 4706 oleo.

429 4740 572 4798 XlX.
613 4741 826 4797 Rursus
851 4752 1030 4795 autem
1055 4742 1174 4796 duae
1197 4741 1454 4797 mulieres
1487 4746 1550 4797 ad
1579 4746 1750 4816 ipsum
1772 4763 1934 4804 vene-

362 4845 488 4890 runt
521 4851 552 4890 e
587 4831 822 4904 Phrygia
857 4849 872 4887 :
908 4847 1138 4902 quarum
1196 4849 1299 4886 una
1329 4835 1546 4902 quidem
1581 4838 1814 4894 habebat
1837 4854 1933 4894 co-

353 4944 483 4984 .xam
518 4941 830 4998 percussam
864 4926 932 4981 ab
955 4926 1234 4980 immundo
1267 4927 1500 4996 spiritu;
1546 4929 1710 4984 altera
1747 4942 1930 4986 autem

351 5020 596 5074 habebat
628 5019 894 5088 legionem
955 5020 1284 5082 darmonutn,
1327 5033 1444 5089 qua:
1479 5019 1640 5072 etiam
1696 5023 1855 5076 tertio
1900 5037 1930 5076 a

360 5121 546 5167 monte
577 5110 753 5184 lapide
781 5109 946 5178 carpit
971 5108 1211 5164 clamare
1251 5120 1306 5164 et
1356 5112 1538 5167 dicere
1569 5129 1582 5167 :
1612 5112 1752 5178 Quid
1801 5116 1931 5170 mihi

361 5219 538 5262 tecum
605 5206 684 5258 rei
735 5215 838 5270 est,
889 5217 921 5260 ο
952 5205 1205 5270 Auxenti,
1239 5205 1382 5274 quod
1409 5222 1494 5261 me
1521 5210 1793 5278 castigans
1816 5218 1932 5263 tra-

358 5295 490 5353 xisti
519 5311 546 5348 a
569 5293 802 5366 Phrygia
826 5293 848 5346 ?
879 5293 1064 5350 Nescis
1095 5312 1179 5348 me
1205 5312 1324 5350 esse
1347 5296 1651 5366 legionem?
1677 5297 1781 5352 Sed
1822 5300 1932 5355 scis

362 5405 548 5447 rursus
575 5389 842 5460 legionem
885 5390 1199 5458 angelorum
1253 5399 1306 5444 te
1359 5393 1703 5448 circumdare
1746 5405 1932 5449 noctes

359 5493 412 5538 et
441 5486 557 5542 dies
591 5499 605 5537 :
641 5483 731 5553 qui
789 5482 1006 5552 quidem
1061 5481 1336 5551 accipiunt
1406 5493 1524 5539 tuas
1573 5499 1784 5554 preces.
1815 5503 1934 5556 qua:

361 5591 460 5632 nos
495 5587 682 5642 urunt,
707 5586 759 5630 et
789 5591 882 5629 eas
905 5575 1141 5628 olitrunt
1169 5576 1464 5640 Altissituo,
1496 5593 1588 5648 per
1612 5593 1747 5646 quas
1769 5584 1932 5635 etiam

357 5671 636 5740 punimur.
663 5671 800 5725 Ecce
860 5670 1024 5723 e:iam
1069 5677 1186 5738 post
1219 5669 1438 5738 triginta
1470 5684 1640 5727 annos
1669 5685 1750 5726 me
1781 5687 1935 5741 sepa-

393 5805 439 5842 ⁶¹
464 5806 626 5865 Hebr.
658 5824 736 5876 XI,
759 5809 850 5864 54.
931 5810 972 5841 ⁸⁸
997 5807 1166 5864 Marc.
1202 5821 1276 5875 χι,
1305 5805 1395 5862 ει.

2034 4473 2190 4542 ἡμῶν
2215 4472 2601 4541 προσ-κλαύσας
2627 4469 2795 4524 πολλὰ
2816 4470 2893 4539 τῷ
2922 4468 3041 4539 Θεῷ
3069 4469 3438 4539 ἐθεράπευσεν
3460 4471 3607 4538 ἡμᾶς

2032 4565 2258 4634 ἀλείψας
2281 4565 2444 4634 ἐὶαίῳ
2467 4565 2630 4633 ἁγίῳ.

2105 4741 2210 4798 16'.
2250 4742 2416 4796 Πάλιν
2450 4742 2523 4807 δὲ,
2554 4742 2810 4824 γυναῖκες
2864 4740 2958 4794 δύο
3005 4738 3113 4792 ἀπὸ
3145 4738 3386 4808 Φρυγίας
3444 4733 3608 4808 ἦλθον

2035 4837 2169 4908 πρὸς
2195 4834 2378 4900 αὑτὸν,
2417 4836 2449 4905 η
2486 4833 2585 4903 μὲν
2624 4832 2719 4903 μία
2751 4833 2848 4901 τὴν
2880 4832 3044 4898 κόξαν
3093 4830 3460 4899 πεπληγμένη
3503 4828 3611 4881 ύπδ

2032 4927 2346 4998 ἀκαθάρτου
2401 4925 2733 4995 πνεύματος,
2781 4927 2814 4994 ἡ
2847 4925 2903 4978 δὲ
2939 4924 3102 4993 ἐτέρα
3135 4923 3336 4993 ἔχουσα
3366 4922 3608 4990 λεγεῶνα

2033 5021 2332 5089 δαιμόνων·
2385 5018 2418 5089 ἢ
2447 5018 2542 5072 καὶ
2581 5017 2657 5080 ὡς
2686 5015 2794 5068 ἀπὸ
2828 5014 3072 5084 σημείων
3122 5013 3291 5082 τριῶν
3324 5011 3417 5064 τοῦ
3449 5012 3610 5079 ὄρους

2035 5115 2238 5185 ἤρξατο
2269 5112 2494 5184 κράζειν
2527 5111 2621 5163 καὶ
2640 5109 2820 5174 λέγειν
2842 5124 2856 5138 ο
2893 5107 2959 5160 Τί
2991 5107 3115 5178 ἐμοὶ
3155 5109 3249 5159 καὶ
3282 5107 3386 5165 σοὶ,
3411 5104 3610 5167 Afri-fv-

2035 5225 2136 5273 τιε,
2185 5209 2266 5260 ὅτι
2324 5206 2430 5261 ἀπὸ
2481 5205 2723 5276 Φρυγίας
2783 5201 3027 5266 κολάζων
3084 5215 3152 5270 με
3189 5199 3476 5264 εἴλκυσαςς
3509 5198 3610 5249 οὐκ

2034 5299 2203 5368 οἶδας,
2233 5302 2315 5354 ὅτι
2348 5299 2552 5368 λεγεών
2581 5301 2734 5368 εἰμι;
2777 5295 2917 5348 Ἀλλ’
2937 5290 3054 5347 οἶδα
3080 5293 3162 5344 ὅτι
3181 5289 3386 5360 λεγεὼν
3418 5306 3476 5342 σε
3508 5290 3610 5355 άγ-

2035 5395 2207 5464 γέλων
2238 5411 2302 5445 πε
2314 5389 2662 5463 ρικυκλοῦσιν
2693 5392 2750 5443 ἐν
2782 5389 2938 5441 νυκτὶ
2964 5388 3058 5440 καὶ
3084 5386 3142 5436 ἐν
3178 5383 3381 5453 ἡμέρα,
3411 5380 3608 5443 οἵτινες

2034 5487 2280 5558 δέχονταί
2322 5503 2414 5538 σου
2450 5485 2544 5549 τὰς
2593 5484 2808 5553 δεήσεις
2850 5482 2948 5544 τὰς
2981 5478 3430 5547 καταφλεγούσας
3462 5475 3610 5543 ἡμᾶς

2036 5584 2130 5636 καὶ
2163 5579 2534 5652 προσφέρουσι
2559 5578 2635 5648 τῷ
2661 5577 2672 5595 ⁶
2689 5577 2928 5646 Υψίστῳ,
2945 5573 3011 5626 δι’
3034 5568 3108 5625 ὧν
3131 5573 3224 5625 καὶ
3245 5565 3607 5638 κολαζόμεθα.

2050 5673 2179 5729 Ἰδοὺ
2201 5673 2294 5730 διὰ
2331 5674 2625 5744 τριάκοντα
2654 5670 2790 5724 ἐτῶν
2817 5667 3066 5742 μερίζεις
3122 5681 3189 5734 με
3229 5665 3328 5734 τῆς
3360 5662 3503 5715 πλασ
3534 5676 3607 5721 ως
