3820 6510
294 460 435 528 1333

1553 462 1737 529 VITA
1774 465 1836 526 S.
1875 461 2277 527 AUXENTII‘.

3400 457 3541 526 ιευι

286 579 515 650 ταύτης.
575 574 761 634 Ταῦτα
817 575 910 633 οῦν
942 577 1037 633 καὶ
1084 575 1309 634 πλείονα
1362 578 1573 634 τούτων
1626 578 1863 648 λέγουσα

1972 592 2094 638 rant
2127 581 2195 636 ab
2226 581 2328 638 hac
2353 586 2628 636 creatura.
2655 575 2782 635 Haec
2818 589 2950 650 ergo
2972 583 3029 634 et
3052 573 3309 649 hisplura
3326 575 3536 644 dicens,

286 671 527 742 ἔφθασεν
570 669 800 739 ἔγγιστα
829 669 923 725 τοῦ
964 668 1202 738 κελλίου,
1252 671 1310 724 ὲν
1345 664 1391 740 ᾧ
1422 666 1491 743 ἦν
1529 672 1558 725 6
1589 670 1864 742 μακάριος

288 762 768 831 ἑγκεκλεισμένος,
821 762 916 816 καὶ
953 761 1184 835 ἔρρηξεν
1223 762 1388 818 αὐτὸν
1418 764 1477 817 τὸ
1509 763 1728 833 πνεῦμα
1762 762 1862 832 εμ-

287 853 526 925 προσθεν
554 853 651 908 τοῦ
679 854 920 926 θυριδίου
955 855 1053 910 καὶ
1076 855 1359 927 ἐφίμωσεν
1380 855 1553 927 αὐτήν
1577 874 1591 888 ο
1619 858 1648 909 6
1672 855 1729 910 δὲ
1748 854 1864 909 δια-

284 946 469 1017 κύψας
494 946 589 1001 καὶ
618 946 881 1018 ἑωρακὼς
911 947 1107 1021 αὐτὴν,
1133 948 1424 1003 ἐκέλευσεν
1453 949 1535 1001 ἑνὶ
1575 946 1685 1001 τῶν
1716 965 1861 1019 παρ-

285 1037 541 1093 εστώτων
592 1038 775 1093 δοῦναι
832 1042 1015 1111 χεῖρα,
1061 1040 1156 1094 καὶ
1184 1041 1392 1111 ἐγεῖραι
1440 1040 1653 1112 αὐτὴν·
1683 1040 1863 1094 ἔκειτο

285 1130 397 1201 γὰρ
433 1132 526 1186 ἐπὶ
556 1131 649 1186 τοῦ
674 1132 901 1202 ἐδάφους
931 1132 1007 1194 ὡς
1042 1133 1232 1204 νεκρά.
1260 1132 1569 1188 Ἀναστᾶσα
1596 1134 1650 1186 δὲ
1681 1132 1862 1186 ἐδέετο

280 1222 377 1278 τοῦ
406 1224 556 1278 ὁσίου
593 1224 733 1294 μετὰ
767 1225 862 1279 καὶ
910 1226 1009 1294 τῆς
1050 1224 1218 1297 ἄλλης
1254 1225 1539 1293 γυναικὸς,
1576 1225 1861 1279 κλαίουσαι

282 1317 534 1387 σφοδρῶς
558 1318 652 1371 καὶ
683 1318 1079 1385 γονυπετοῦσαι
1111 1317 1298 1383 αὑτὸν,
1322 1316 1418 1371 ἐπὶ
1450 1317 1511 1371 τὸ
1542 1318 1860 1388 δυσωπῆσαι

277 1407 372 1461 τὸν
396 1408 529 1462 Θεδν
556 1407 651 1461 τοῦ
694 1407 877 1461 ἰᾶσθαι
911 1409 1099 1472 αὐτάς.
1137 1410 1203 1461 '0
1226 1409 1283 1462 δέ
1318 1424 1453 1479 φησι
1489 1408 1629 1476 πρὸς
1650 1410 1821 1474 αὐτάς
1842 1426 1857 1442 ⁸

281 1497 454 1550 Πόθεν
486 1497 659 1568 ἦκατε
696 1497 958 1564 ἐνταῦθα,
1006 1500 1102 1553 καὶ
1127 1500 1211 1563 τίς
1233 1500 1365 1570 ὑμῖν
1398 1497 1520 1555 εἷπε
1542 1503 1671 1572 περὶ
1698 1504 1857 1574 ἐμοῦ,

277 1590 362 1641 ὅτι
394 1588 631 1658 δύναμαι
669 1588 1011 1660 θεραπεῦσαι
1040 1591 1223 1662 ὑμᾶςς
1268 1590 1335 1646 Ἠ
1358 1588 1452 1648 οῦν
1477 1593 1861 1666 βεϐλαμμένην

278 1677 481 1749 ἔχουσα
508 1680 607 1751 τὴν
632 1680 796 1745 κόξαν
819 1676 974 1736 εἶπεν
992 1698 1007 1712 ·
1055 1682 1134 1736 Δι’
1155 1683 1575 1755 ἀποκαλύψεως,
1601 1687 1859 1755 δέσποτα,

275 1767 412 1844 ἧκον
462 1773 698 1826 ἐνταῦθα
744 1773 856 1841 ἐγώ
876 1792 891 1804 ·
920 1776 952 1846 ὴ
987 1774 1043 1829 δὲ
1073 1775 1165 1829 τὸν
1198 1775 1445 1845 λεγεῶνα
1482 1777 1681 1851 ἔχουσα
1706 1776 1861 1834 εἶπεν

277 1863 428 1934 αὐτῷ
448 1879 463 1896 ⁸
495 1863 640 1933 Ἐγὼ
670 1867 772 1918 οὐκ
822 1862 964 1930 οἶδα,
1002 1866 1120 1929 πῶς
1148 1862 1312 1937 ἦλθον
1331 1883 1346 1899 ⁸
1373 1868 1456 1922 διὸ
1483 1869 1754 1942 οἴκτειρόν
1791 1888 1858 1941 με

1965 677 2196 731 accessit
2210 672 2455 744 proxime
2471 672 2688 741 cellam,
2708 674 2761 728 in
2798 687 2902 744 qua
2925 671 3118 729 beatus
3135 681 3251 728 erat
3273 671 3538 736 inclusus,

1964 772 2023 819 et
2047 777 2168 817 eam
2199 763 2492 834 discerpsit
2521 762 2748 832 spiritus
2778 771 2907 818 ante
2955 762 3275 829 fenestram,
3307 772 3363 818 et
3407 759 3541 817 fecit

1964 868 2084 910 eam
2116 851 2510 910 obmutescere.
2543 853 2781 909 Sanctus
2810 861 2991 911 autem
3046 868 3171 908 cum
3202 851 3539 922 despexisset

1964 957 2019 1003 et
2046 961 2166 1003 eam
2218 946 2462 1015 vidisset,
2518 945 2684 1017 jussit
2736 946 2831 1002 uni
2884 960 2950 1001 ex
2982 945 3050 1001 iis
3079 947 3173 1016 qui
3212 945 3461 1011 aderant,
3486 945 3538 1001 ei

1964 1038 2098 1092 dare
2148 1052 2366 1092 manum
2418 1046 2475 1093 et
2525 1052 2649 1092 eam
2678 1037 2890 1109 erigere
2923 1053 2941 1094 :
2957 1036 3175 1106 iacebat
3200 1036 3345 1091 enim
3384 1035 3536 1092 humi

1967 1139 2229 1200 tanquam
2254 1140 2495 1185 mortua.
2534 1128 2671 1185 Cum
2730 1143 2861 1183 vero
2909 1127 3260 1189 surrexisset.
3313 1128 3539 1199 rogabat

1963 1230 2216 1276 sanetum
2272 1235 2397 1276 cum
2455 1218 2625 1275 altera
2658 1219 2922 1284 muliere,
2960 1218 3310 1274 vehementer
3344 1218 3537 1274 (lentes

1963 1321 2020 1369 et
2045 1314 2113 1368 ad
2148 1312 2267 1384 ejus
2292 1326 2464 1383 genua
2511 1310 2883 1382 procidentes,
2914 1319 2973 1366 ut
3017 1325 3048 1365 a
3086 1308 3194 1364 Deo
3222 1310 3539 1378 impetraret

1961 1416 2023 1464 ut
2053 1408 2199 1478 ipsas
2232 1417 2473 1463 curaret.
2502 1406 2736 1463 Sanctus
2762 1405 3093 1461 autemdicit
3113 1404 3195 1461 eis
3218 1404 3536 1461 :Undenam

1964 1501 2071 1557 huc
2098 1500 2348 1564 venistis,
2369 1511 2425 1555 et
2449 1499 2572 1568 quis
2595 1498 2662 1554 de
2685 1514 2770 1554 me
2798 1499 2956 1555 vobis
2976 1498 3114 1553 dixit
3147 1497 3288 1567 quod
3316 1512 3536 1571 possum

1963 1606 2060 1648 vos
2085 1606 2280 1647 sanare
2302 1590 2326 1645 ?
2348 1591 2477 1657 Quae
2497 1605 2627 1646 vero
2645 1590 2830 1647 laesam
2853 1590 3091 1646 habebat
3110 1603 3333 1655 coxam,
3358 1587 3493 1643 dixit
3517 1604 3535 1643 :

1962 1685 2095 1756 Ego,
2125 1699 2159 1741 ο
2185 1683 2421 1749 domine,
2482 1685 2590 1740 huc
2646 1684 2767 1740 veni
2824 1697 2922 1752 per
2965 1680 3374 1737 revelationem.
3406 1679 3538 1747 Qum

1963 1784 2143 1833 autem
2172 1775 2408 1831 habebat
2432 1775 2724 1844 legionem,
2750 1773 2889 1829 dixit
2921 1772 2970 1828 ei
3005 1789 3019 1826 :
3057 1771 3167 1840 Ego
3194 1768 3381 1826 nescio
3397 1784 3539 1839 qno~

1964 1867 2126 1922 modo
2156 1867 2423 1922 venerim.
2458 1865 2826 1933 Quamobrem
2859 1863 3123 1920 miserere
3156 1862 3284 1925 mei.
3313 1862 3405 1933 qui
3438 1861 3539 1916 tri-

279 1955 378 2024 τὴν
417 1954 824 2026 χειμαζομένην
854 1957 1148 2026 τριάκοντα
1173 1957 1268 2027 ἔτη
1313 1958 1418 2012 ὑπὸ
1437 1937 1724 2029 λεγεῶνας.
1750 1937 1862 2015 Καὶ

1972 1958 2115 2028 ginta
2140 1971 2313 2012 annos
2344 1972 2512 2012 vexor
2537 1972 2569 2012 a
2601 1956 2831 2027 legione.
2861 1955 3066 2010 Earum
3106 1954 3294 2024 itaque
3346 1952 3539 2007 miser-

278 2046 703 2116 σπλαγχνισθεὶς
748 2050 839 2102 ἐπ’
864 2050 1057 2113 αὐταῖς
1086 2050 1181 2104 καὶ
1222 2051 1669 2123 προσευξάμενος
1703 2055 1859 2107 tm-

276 2139 385 2202 νῶς
410 2139 490 2210 τῷ
522 2139 642 2211 Θεῷ
673 2140 815 2211 μετὰ
857 2140 1133 2213 δακρύων,
1169 2142 1543 2215 ἐθεράπευσεν
1573 2146 1764 2209 αὐτάς.
1796 2146 1862 2199 Al

275 2231 334 2285 δὲ
364 2232 433 2284 δι’
463 2230 772 2300 ύπρὸολὴν
822 2233 1246 2304 εὐγνωμοσύνης
1282 2234 1768 2308 προσπαρέμειναν
1804 2238 1862 2290 ὲν

274 2323 358 2396 τῷ
384 2323 524 2396 ὄρει·
556 2326 657 2396 τῆς
693 2323 896 2391 Ὀξίας.
949 2327 1007 2379 ὲν
1035 2318 1080 2393 ᾧ
1108 2321 1178 2398 ἦν
1211 2326 1385 2392 ἑστὼς
1408 2329 1435 2382 6
1465 2330 1754 2401 μακάριος,
1786 2329 1862 2403 μὴ

277 2415 693 2487 ὑποστρέψασαι
730 2419 809 2481 είς
831 2417 900 2471 τὰ
925 2418 1124 2471 οίκεῖα.

350 2503 437 2561 κ’.
473 2507 665 2571 Ἀλλος
697 2506 756 2560 δέ
804 2524 889 2571 τις
937 2507 1252 2578 παράλυτος
1312 2508 1657 2581 προσηνέχθη
1712 2510 1863 2581 αὐτῷ

281 2596 537 2668 κείμενος
568 2598 662 2651 ἐπὶ
694 2598 937 2669 ἁμάξης.
967 2599 1030 2652 Οἱ
1062 2594 1156 2653 οῦν
1198 2602 1378 2667 γονεῖς
1431 2600 1597 2654 αὐτοῦ
1663 2601 1861 2658 ἔπεσον

280 2687 379 2739 ἐπὶ
405 2686 696 2757 πρόσωπον
728 2687 1110 2751 δυσωποῦντες
1164 2688 1257 2741 τὸν
1291 2690 1562 2761 μακάριον
1599 2691 1739 2762 μετὰ
1764 2708 1863 2761 με-

276 2776 448 2845 γάλου
488 2776 794 2846 κλαυθμοῦ,
823 2776 965 2831 ὥστε
992 2777 1323 2848 κατελεῆσαι
1348 2779 1543 2841 αὐτοὺς
1578 2781 1671 2835 καὶ
1708 2782 1862 2836 ἰάσα-Δ

277 2855 406 2920 σθαι
428 2868 897 2937 αὑτὸν,λὲγοντες,
924 2871 1006 2924 ὅτι
1037 2869 1136 2923 Διά
1158 2871 1257 2933 τὰς
1283 2871 1483 2934 πολλὰς
1501 2873 1658 2941 ἡμῶν
1680 2874 1865 2944 ἁμαρ-

273 2961 399 3023 τίας
418 2959 574 3012 τοῦτο
595 2960 792 3033 συνέϐη
809 2960 887 3031 τῷ
916 2961 1089 3031 τέκνῳ
1112 2962 1290 3030 ήμῶν.
1337 2961 1397 3015 Ὀ
1418 2962 1473 3016 δὲ
1494 2964 1637 3027 ὅσιος
1660 2964 1866 3030 A6503)-

274 3066 390 3114 τιος
423 3048 576 3104 εἶπεν
598 3051 781 3116 αὐτοῖς
801 3067 814 3082 ⁸
846 3053 958 3105 Καὶ
988 3052 1276 3106 πιστεύετε
1311 3053 1393 3107 ὅτι
1412 3053 1480 3107 δι’
1499 3055 1632 3125 ἐμοῦ
1653 3055 1744 3108 τοῦ
1772 3058 1865 3110 εὐ-

273 3140 462 3205 τελοῦς
498 3142 720 3198 δύναται
744 3147 771 3198 6
806 3144 1009 3216 Κύριος
1034 3144 1370 3214 θεραπεῦσαι
1396 3147 1598 3215 αὑτόν;
1627 3150 1686 3202 Ol
1715 3149 1772 3202 δὲ
1791 3145 1867 3203 εἷ-

275 3248 410 3287 πον·
443 3234 575 3301 Ναὶ,
606 3235 805 3303 ἄγγελε
821 3236 916 3289 τοῦ
948 3235 1106 3302 Θεοῦ,
1135 3238 1214 3298 εἰς
1242 3236 1342 3308 τὴν
1374 3237 1651 3310 ἡμετέραν
1686 3257 1863 3312 σωτη-

1963 2059 2051 2105 tus
2079 2050 2291 2114 beatus,
2312 2062 2435 2104 cum
2465 2048 2633 2103 Deum
2675 2047 3030 2104 vehementer
3071 2055 3284 2101 orasset
3310 2059 3432 2099 cum
3457 2041 3539 2096 la-

1965 2139 2188 2212 crymis,
2221 2154 2312 2194 eas
2360 2140 2598 2195 curavit.
2628 2137 2738 2194 Illa:
2770 2149 2951 2195 autem
3003 2147 3227 2209 propter
3269 2136 3536 2208 insignem

1963 2248 2122 2289 suam
2149 2232 2288 2303 grati
2319 2232 2493 2287 animi
2513 2231 2796 2296 virtutem,
2821 2237 3243 2300 permanserunt
3271 2229 3325 2283 in
3354 2238 3541 2285 monte

1964 2324 2147 2393 Oscae,
2195 2324 2251 2380 iu
2296 2338 2405 2394 quo
2458 2321 2637 2379 stabat
2688 2322 2902 2390 beatus,
2946 2321 3168 2378 domum
3215 2336 3322 2377 non
3353 2335 3547 2377 rever-

1966 2426 2168 2472 ιεηιοε.

2036 2506 2157 2562 XX.
2188 2506 2417 2575 Quidam
2443 2524 2571 2566 vero
2600 2510 2741 2565 alius
2777 2508 3107 2580 paralyticus
3153 2507 3221 2562 ad
3273 2521 3397 2561 eum
3456 2516 3540 2563 est

1966 2600 2183 2666 allatus,
2209 2600 2402 2669 iacens
2434 2615 2599 2671 super
2639 2616 2880 2656 currum.
2919 2600 3179 2654 Parentes
3206 2607 3385 2653 autem
3421 2600 3540 2669 ejus

1964 2692 2122 2764 proni
2165 2693 2503 2758 ceciderunt,
2529 2702 2781 2762 rogantes
2809 2692 3026 2747 beatum
3044 2690 3373 2746 Auxentium
3413 2704 3539 2745 cum
3570 2706 3579 2719 π

1966 2799 2159 2855 magno
2185 2783 2332 2848 ﬂetu,
2362 2792 2421 2843 ut
2446 2798 2633 2839 eorum
2658 2784 3031 2846 misereretur,
3064 2788 3117 2837 et
3144 2795 3268 2835 eum
3301 2786 3539 2842 curaret.

1966 2877 2208 2932 dicentes
2235 2895 2248 2931 :
2281 2874 2510 2945 Propter
2541 2874 2922 2945 multaJnostra
2964 2883 3184 2943 peccata
3213 2872 3317 2927 hoc
3340 2869 3542 2928 accidit

1969 2967 2081 3022 lilio
2116 2970 2340 3025 nostro.
2361 2965 2595 3022 Sanctus
2616 2976 2797 3021 autem
2832 2966 3135 3036 Auxentius
3160 2964 3293 3018 dixit
3323 2963 3402 3018 eis
3429 2981 3443 3019 :
3474 2963 3540 3018 Et

1967 3060 2217 3124 creditis,
2240 3059 2381 3131 quod
2412 3071 2511 3129 per
2566 3074 2651 3113 me
2690 3059 2945 3114 humilem
2974 3066 3029 3113 et
3060 3058 3330 3128 abiectum
3362 3064 3543 3126 potest

1967 3151 2111 3207 Dens
2127 3166 2250 3207 eum
2278 3152 2520 3207 curare?
2554 3150 2634 3206 Illi
2665 3165 2795 3206 vero
2830 3147 3325 3215 dixerunt:Certe,
3354 3145 3544 3218 angelo

1969 3244 2085 3299 Dei.
2105 3244 2278 3301 Fuisti
2293 3245 2438 3301 enim
2478 3243 2679 3301 missus
2698 3243 2766 3300 ad
2799 3253 3043 3299 nostram
3073 3242 3329 3305 salutem,
3351 3249 3406 3295 et
3421 3253 3544 3296 cre-

281 3324 405 3397 ρίαν
443 3327 871 3398 κατεπέμφθης*
924 3329 1276 3396 πιστεύομεν,
1308 3330 1390 3383 ὅτι
1442 3331 1622 3386 πάντα
1659 3332 1861 3387 δυνατὰ

1972 3335 2142 3392 dimus
2171 3338 2351 3393 omnia
2380 3337 2520 3407 apud
2586 3337 2751 3392 Deum
2810 3351 2932 3393 esse
2964 3335 3265 3406 possibilia.
3310 3332 3542 3389 Sanctus

278 3419 431 3491 παρὰ
464 3420 541 3488 τῷ
559 3419 697 3489 Θεῷ.
727 3420 785 3475 Ὀ
800 3420 858 3474 δὲ
873 3419 976 3490 ἔφη
998 3437 1013 3451 ο
1037 3423 1192 3475 Κατὰ
1203 3422 1303 3492 τὴν
1318 3422 1498 3477 πίστιν
1526 3424 1553 3478 ὑ
1561 3424 1676 3494 μῶν
1695 3441 1862 3498 γενη-

277 3510 428 3581 θήτω
447 3512 575 3580 ὑμῖν
594 3528 608 3543 ν
633 3512 727 3566 καὶ
748 3511 931 3567 λαϐὼν
957 3512 1136 3568 ἔλαιον
1150 3513 1257 3567 τῶν
1272 3516 1462 3584 ἁγίων,
1485 3516 1609 3571 ὅλον
1619 3517 1681 3570 τδ
1700 3517 1859 3585 σῶμα

277 3602 445 3659 αὐτοῦ
475 3602 700 3673 ἀλείψας
721 3604 793 3657 δι’
815 3605 1043 3672 ἑαυτοῦ,
1065 3606 1194 3676 ὑγιῆ
1220 3607 1862 3681 ἁποκαταστήσας.παρ-

278 3695 481 3750 έδωκεν
522 3697 685 3750 αὐτὸν
716 3699 829 3760 τοῖς
876 3697 1126 3765 γονεῦσιν
1162 3698 1353 3766 αὑτοῦ,
1384 3701 1582 3764 οἵτινες
1621 3701 1864 3770 ἀπῆλθον

277 3786 562 3858 χαίροντες
623 3788 703 3850 είς
748 3789 838 3842 τδν
870 3786 1017 3842 οἷκον
1049 3789 1251 3855 αὐτῶν,
1283 3790 1559 3855 αἰνοῦντες
1591 3790 1685 3845 καὶ
1707 3791 1866 3855 δοξά-

277 3878 462 3945 ζοντες
484 3880 575 3933 τὸν
609 3878 762 3944 Θεὸν,
788 3881 872 3949 ἐφ’
896 3874 978 3944 οἷς
1000 3881 1259 3950 εποίησεν
1302 3881 1614 3951 μεγαλείοις
1643 3881 1733 3936 διὰ
1760 3881 1856 3936 τοῦ

282 3972 618 4044 θεράποντος
642 3973 809 4027 αὐτοῦ
840 3973 919 4036 εἰς
939 3976 1031 4027 τὸν
1059 3975 1324 4045 μονογενῆ
1353 3976 1533 4030 αὐτῶν
1560 3977 1696 4031 υίόν.

353 4064 486 4122 KA'.
525 4067 663 4122 Μεθ’
688 4068 904 4140 ἡμέρας
933 4067 989 4120 δὲ
1030 4068 1215 4135 ὀλίγας
1240 4070 1378 4140 γυνή
1416 4086 1501 4133 τις
1536 4070 1646 4124 ἀπὸ
1680 4069 1863 4123 Κλαυ-

278 4158 631 4225 διουπὸλεως,
677 4159 926 4229 θυγάτηρ
970 4161 1389 4231 πολιτευομένου
1428 4202 1443 4224 ,
1504 4159 1703 4231 ἔχουσα
1745 4160 1866 4215 δαί-

287 4268 426 4322 μονα
453 4251 934 4323 δρακοντόμορςςον
981 4249 1116 4323 ἦλθε
1151 4255 1289 4325 πρὸς
1327 4253 1513 4318 αὐτὸν,
1569 4253 1866 4323 συρίζουσα

288 4340 451 4410 μόνον
497 4343 591 4394 καὶ⁸
646 4342 722 4413 μὴ
757 4343 1034 4413 δυναμένη
1073 4341 1354 4395 λαλεῖσθαι
1406 4341 1546 4413 πλὴν
1589 4343 1666 4406 ὡς
1693 4342 1864 4406 κύων,

284 4432 421 4491 διάει
476 4433 778 4504 ἠρήμωσεν
838 4436 1010 4506 αὐτὴν
1045 4437 1072 4488 6
1116 4435 1404 4499 Σατανᾶς·
1448 4432 1516 4505 ἢν
1554 4432 1677 4487 ἰδὼν
1707 4434 1734 4486 6
1768 4433 1865 4485 τοῦ

285 4523 422 4577 Θεοῦ
453 4522 733 4595 θεράπων,
767 4524 1034 4579 ἔκλαυσεν
1062 4525 1277 4597 πικρῶς
1305 4525 1480 4595 λέγων
1508 4540 1522 4557 ο
1566 4525 1690 4590 Πῶς
1717 4525 1867 4579 ἐδου-

287 4613 437 4681 λώθη
480 4614 540 4670 τὸ
571 4616 727 4685 γένος
784 4618 892 4670 τῶν
931 4618 1237 4689 ἀνθρώπων
1284 4619 1363 4691 τῷ
1398 4620 1698 4691 ἀλλοτρίως
1729 4618 1867 4689 αῦτη

1966 3434 2145 3482 autem
2204 3427 2378 3482 dixit:
2410 3426 2717 3482 Secundum
2770 3426 2929 3483 fidem
2966 3436 3199 3481 vestram
3232 3425 3496 3481 tiatvohis
3525 3444 3540 3479 :

1968 3527 2022 3573 et
2059 3526 2280 3586 accepto
2332 3514 2451 3572 oleo
2490 3527 2822 3582 sanctorum,
2845 3529 2967 3570 cum
3001 3524 3172 3570 totum
3194 3528 3391 3583 corpus
3416 3512 3540 3582 eius

1967 3624 2066 3681 per
2122 3623 2180 3663 se
2217 3608 2483 3673 unxisset,
2514 3618 2568 3663 et
2618 3621 2742 3661 eum
2769 3621 2963 3663 sanum
2996 3604 3341 3670 reddidisset,
3372 3605 3546 3659 tradi-

1970 3701 2048 3756 dit
2069 3714 2191 3754 eum
2210 3700 2324 3755 suis
2348 3700 2679 3771 pereuntibus.
2708 3698 2809 3765 Qui
2831 3696 3046 3766 quidem
3071 3697 3324 3751 abierunt
3354 3696 3459 3751 laeti
3488 3697 3547 3752 in

1970 3791 2188 3845 domum
2224 3805 2401 3854 suam,
2429 3788 2713 3844 laudantes
2741 3789 2906 3843 Deum
2938 3797 2991 3843 et
3030 3787 3399 3859 gloriﬁcantes
3422 3800 3547 3857 pro-

1971 3891 2089 3952 pter
2130 3882 2402 3952 magnalia
2438 3896 2558 3951 qua:
2579 3880 2706 3936 fecit
2741 3896 2838 3950 per
2859 3891 3106 3937 Sanctum
3133 3894 3349 3935 servum
3380 3894 3548 3935 suum

1971 3977 2300 4032 Auxentium
2332 3977 2385 4030 in
2412 3976 2579 4031 lilium
2602 3990 2788 4031 eorum
2830 3975 3189 4047 unigenitum.

2040 4068 2183 4124 XXI.
2220 4068 2416 4125 Paucis
2435 4078 2613 4123 autem
2641 4077 2765 4139 post
2803 4067 2995 4123 diebus
3016 4067 3164 4122 venit
3182 4065 3377 4121 mulier
3398 4079 3548 4135 qum-

1969 4165 2091 4219 dam
2144 4177 2213 4218 ex
2247 4162 2585 4233 Claudiopoli
2643 4161 2743 4230 (5),
2779 4161 2888 4217 illia
2933 4158 3213 4230 cujusdam
3237 4158 3394 4222 civis,
3427 4172 3547 4227 qua

1973 4252 2233 4309 habehat'
2263 4256 2585 4319 dmmonem,
2637 4253 2824 4308 formae
2870 4252 3139 4320 serpentis
3178 4250 3433 4311 similem,
3488 4257 3552 4302 ut-

1973 4358 2095 4412 quae
2151 4341 2397 4398 sibilaret
2447 4342 2648 4406 solum,
2677 4351 2730 4397 et
2767 4357 2875 4397 non
2925 4351 3109 4412 posset
3152 4340 3325 4409 loqui,
3357 4339 3548 4395 nisiut

1975 4433 2147 4498 canis,
2216 4443 2500 4504 propterea
2559 4433 2704 4502 quod
2762 4446 2882 4486 eam
2937 4430 3233 4486 desolasset
3291 4432 3543 4486 Satanas.

1975 4523 2149 4592 Quam
2195 4540 2317 4580 cum
2360 4525 2585 4579 vidisset
2647 4523 2741 4578 Dei
2801 4537 2993 4578 servus
3037 4522 3362 4587 Auxentius,
3404 4519 3552 4578 ﬂevit

1978 4617 2198 4683 acerbe,
2226 4618 2451 4673 dicens:
2492 4616 2590 4672 Hel
2642 4615 2799 4683 mihi,
2835 4616 3101 4684 quomodo
3158 4613 3438 4667 redactum
3467 4622 3552 4669 est

280 4708 399 4778 73:9
453 4709 516 4763 οὐ
549 4710 695 4764 κατὰ
746 4710 845 4774 τὰς
883 4712 1162 4783 ἁμαρτίας
1190 4712 1363 4784 αὐτῆς
1409 4713 1648 4767 πέπονθε
1685 4711 1864 4779 τοῦτο,

1979 4723 2148 4779 genus
2200 4708 2479 4763 hominum
2541 4708 2596 4764 in
2658 4708 2975 4763 servitutem
3003 4704 3352 4775 alicni?lpsa
3403 4706 3550 4760 enim

288 4798 428 4852 ἀλλὰ
466 4800 608 4853 κατὰ
664 4800 866 4870 πολλὴν
910 4803 1329 4873 μισανθρωπίαν
1358 4803 1454 4857 τοῦ
1490 4804 1870 4876 ἀντικειμένου

288 4886 508 4957 ἐχθροῦ.
546 4888 656 4941 Καὶ
701 4888 922 4955 κλείσας
969 4892 1030 4945 τὸ
1059 4892 1298 4963 θυρίδιον
1352 4892 1446 4948 τοῦ
1488 4894 1723 4961 κελλίου,
1779 4895 1872 4948 ἐπὶ

290 4976 506 5046 ἡμέρας
554 4981 704 5049 τρεῖς
755 4981 818 5034 οὐ
852 4983 1144 5053 συνέτυχεν
1173 5002 1300 5049 τινι,
1348 4986 1462 5039 ἀλλ’
1520 4981 1589 5057 ἦν
1618 4987 1872 5056 δεόμενος

290 5068 387 5121 τοῦ
409 5069 570 5136 Θεοῦ,
601 5071 691 5125 ἵνα
713 5072 812 5144 τὴν
840 5075 1133 5145 τυραννίδα
1168 5076 1264 5130 τοῦ
1302 5079 1596 5147 δράκοντες
1623 5095 1875 5134 καταπα-

292 5160 458 5231 τήσῃ.
530 5162 984 5233 Προσευχομένου
1044 5165 1100 5219 δὲ
1166 5166 1337 5221 αὐτοῦ
1397 5167 1566 5233 ἔνδον,
1607 5168 1810 5239 ἤρξατο
1847 5170 1877 5221 6

293 5251 516 5323 δράκων
542 5252 748 5320 λαλεῖν,
784 5256 1002 5327 βρύχων
1028 5260 1085 5312 ἐν
1107 5262 1173 5330 τῇ
1199 5260 1422 5327 γυναικὶ
1447 5262 1540 5315 καὶ
1565 5261 1740 5329 λέγων
1759 5278 1775 5294 ·
1805 5257 1877 5314 Ὦ

270 5345 410 5397 ’ἀπὸ
432 5345 533 5414 τῆς
571 5348 788 5418 μήτρας
808 5350 907 5420 τῆς
931 5351 1274 5422 γεννησάσης
1305 5369 1364 5406 σε
1395 5355 1516 5409 κατ’
1574 5353 1730 5424 ἐμοῦ,
1765 5354 1876 5409 Αὐ-

298 5433 494 5500 ξέντιε,
524 5437 642 5500 πῶς
668 5439 730 5491 οὐ
767 5439 1121 5505 κατέπαυσας
1165 5440 1265 5512 τὴν
1306 5442 1594 5504 τεκοῦσαν.
1627 5442 1744 5495 ἀλλ’
1795 5444 1877 5507 είς

297 5525 438 5598 ἐμὴν
491 5527 750 5594 ἐξώλειαν
788 5533 1127 5604 ὲγεννήθης;
1183 5535 1233 5587 οί
1267 5534 1378 5604 γὰρ
1407 5534 1587 5605 ὀχετοὶ⁹
1647 5534 1757 5588 τῶν
1785 5534 1876 5588 δα-

294 5616 483 5691 κρύων
510 5636 605 5674 σου
657 5622 1053 5679 κατακαίουσίν
1099 5641 1188 5697 με,
1240 5628 1334 5677 καλ¹
1366 5626 1401 5695 ἡ
1447 5626 1729 5696 προσευχή
1753 5642 1869 5691 σου,

372 5797 457 5886 (ξ),
482 5799 851 5886 ςιουιιξρροιίε
876 5810 996 5886 erat
1022 5800 1709 5886 metrOpo-l‘is-llonoriadis,
1746 5822 1868 5886 qua:

297 5867 366 5925 ad
394 5867 620 5928 Pontum
648 5867 918 5930 Euxinum
951 5875 1124 5931 vicina
1147 5867 1229 5934 est
1258 5874 1523 5947 Bithyniae
1552 5867 1869 5949 provinciae,

1981 4815 2086 4855 non
2121 4808 2205 4855 est
2238 4801 2342 4856 hoc
2401 4814 2557 4870 passa
2602 4808 2820 4870 propter
2873 4813 2969 4853 sua
3007 4808 3249 4867 peccata,
3279 4799 3373 4853 sed
3426 4810 3555 4868 pro-

1983 4902 2103 4961 pter
2138 4897 2365 4946 multam
2386 4891 2653 4947 saavitiam
2678 4901 2731 4947 et
2757 4890 2811 4945 in
2838 4890 3089 4945 homines
3116 4889 3549 4944 malevolentiam

1981 4982 2276 5037 adversarii
2322 5000 2335 5036 :
2378 4994 2432 5037 et
2498 4981 2682 5037 clausa
2761 4979 3000 5035 fenestra
3061 4977 3247 5041 cellre,
3318 4978 3552 5048 spatium

1982 5074 2143 5129 trium
2172 5075 2406 5137 dierum,
2443 5089 2550 5130 non
2589 5072 2842 5128 convenit
2897 5071 3159 5142 aliquem,
3200 5070 3295 5127 sed
3334 5069 3557 5141 rogabat

1980 5166 2273 5235 benignum
2302 5165 2499 5229 Deum,
2545 5172 2603 5219 ut
2643 5162 2991 5218 conculcaret
3047 5161 3387 5233 tyrannidem
3433 5161 3558 5214 dra-

1981 5258 2154 5311 conis.
2192 5256 2269 5311 Eo
2301 5263 2484 5310 autem
2510 5263 2701 5309 orante
2722 5253 2772 5307 in
2804 5252 2959 5319 cella,
2984 5238 3161 5323 coepit.
3188 5254 3355 5308 draco
3388 5249 3554 5320 loqui,

1984 5348 2208 5416 rugiens
2259 5348 2312 5401 in
2376 5346 2621 5411 muliere,
2644 5356 2695 5400 et
2738 5345 2928 5403 dicens
2959 5362 2972 5401 :
3011 5344 3055 5402 Ο
3078 5346 3146 5400 ah
3178 5357 3355 5407 utero,
3382 5342 3474 5411 qui
3507 5351 3558 5396 te
3588 5392 3594 5399 .

1981 5441 2174 5507 edidit,
2200 5440 2331 5495 mihi
2361 5440 2557 5495 infeste
2577 5438 2836 5506 Auxenti,
2875 5438 3148 5508 quomodo
3171 5453 3274 5492 non
3299 5433 3555 5490 combus-

1983 5533 2104 5587 sisti
2165 5540 2316 5587 tuam
2342 5542 2353 5547 ‘
2378 5542 2683 5601 parentem,
2720 5531 2815 5586 sed
2842 5540 2999 5584 natus
3037 5544 3098 5584 es
3128 5528 3195 5582 ad
3228 5525 3334 5583 mei
3371 5534 3557 5586 exter,-

1982 5624 2385 5682 minationem‘!
2418 5623 2542 5679 Rivi
2587 5624 2733 5681 enim
2780 5633 2993 5680 tuarum
3048 5622 3409 5692 lacrymarum
3468 5630 3557 5675 me

1980 5807 2133 5879 cuius
2169 5816 2298 5863 tunc
2325 5816 2442 5864 erat
2465 5806 2763 5879 Galogerus
2800 5804 3216 5879 episeopus,qui
3251 5801 3555 5863 Chalcede-

1983 5877 2136 5935 ncusi
2174 5879 2406 5937 concilio
2439 5877 2781 5949 subscripsit.
2836 5877 2859 5922 ’-
