3820 6472
260 1559 304 1764 l

285 1783 297 1820 ὁ

319 433 456 498 1335

1487 432 1770 493 MENSIS
1811 429 2334 492 FEBIIUARIUS.

3421 427 3563 494 1396

311 546 666 610 comburunt,
697 550 750 598 et
779 555 966 612 preces
1021 550 1126 598 tua:
1159 549 1412 612 tanquam
1458 546 1560 597 tela
1593 557 1773 609 rcus,
1811 543 1893 597 di-

2010 541 2068 604 b;
2102 541 2254 606 τόξον
2315 539 2500 610 emat,
2567 537 2842 610 ἑσπάραξε
2873 537 2940 591 τά
2971 537 3175 606 ἔγκατά
3234 554 3335 606 μου
3359 553 3373 566 ·
3405 539 3466 590 οὐ
3494 538 3578 589 δυ-

310 643 661 707 scerpserunt
694 649 814 690 mea
839 633 1114 690 intestina.
1146 633 1263 690 Non
1311 644 1464 704 potes
1518 649 1604 688 me
1633 649 1890 704 separare

313 733 381 785 ab
414 731 517 786 hac
541 739 816 785 creatura.
846 727 982 782 Nam
1007 726 1162 783 valde
1184 741 1306 782 amo
1326 726 1443 798 ejus
1469 727 1671 792 crines,
1695 736 1751 781 et
1771 726 1892 797 eius

311 830 558 889 :etatem,
587 830 642 876 et
661 822 724 878 de
747 829 944 876 caetero
968 834 1036 876 ex
1061 833 1125 874 ea
1156 833 1260 874 non
1286 821 1556 890 egredior.
1593 819 1887 888 Compres-

313 927 406 966 sus
433 921 614 967 autem
640 912 824 968 statim
856 911 956 966 fuit
981 925 1096 975 aer,
1127 910 1560 980 exstiteruntque
1582 911 1792 982 fulgura
1836 920 1892 967 et

315 1004 576 1069 tonitrua,
617 1012 672 1071 e_t
715 1001 873 1057 valde
920 1017 1149 1072 magnus
1188 999 1384 1056 imber.
1435 1000 1714 1057 Nulierem
1760 1014 1889 1055 vero

315 1097 634 1164 discerpens
661 1095 850 1156 draco,
889 1103 944 1148 et
977 1094 1025 1149 ei
1053 1108 1114 1149 os
1143 1093 1462 1157 obstruens,
1490 1107 1610 1148 eam
1661 1092 1891 1163 proiecit

312 1187 487 1252 humi,
516 1188 583 1242 ab
610 1201 672 1241 ea
708 1200 982 1256 egressus.
1018 1184 1154 1241 Cum
1201 1183 1494 1240 fenestram
1558 1195 1740 1240 autem
1763 1200 1891 1255 ape-

310 1259 506 1336 ruisset
569 1279 762 1334 beatus
813 1288 932 1349 post
959 1289 1068 1333 tres
1109 1278 1248 1342 dies,
1289 1277 1423 1332 vidit
1461 1294 1581 1332 eam
1613 1278 1886 1348 iacentem

312 1381 571 1438 tanquam
637 1379 903 1424 mortuam
943 1386 957 1423 :
997 1380 1050 1424 et
1082 1382 1203 1422 cum
1231 1368 1492 1438 iussisset
1523 1370 1590 1424 iis
1619 1371 1709 1440 qui
1737 1381 1885 1428 asta-

311 1459 464 1524 bant,
499 1474 619 1514 eam
652 1460 884 1530 erigere,
907 1467 963 1513 et
1007 1458 1176 1513 solam
1229 1458 1519 1526 reclinare,
1571 1462 1890 1518 adhortatus

318 1564 500 1604 omnes
534 1550 601 1604 ad
628 1550 955 1615 orationem,
982 1564 1106 1604 cum
1128 1556 1348 1603 sanctas
1371 1564 1502 1605 suas
1523 1566 1717 1606 manus
1747 1553 1890 1607 mul-

322 1657 398 1697 .as
421 1643 584 1697 horas
612 1643 942 1707 sustulisset,
973 1644 1245 1701 clamabat
1278 1660 1401 1700 cum
1421 1645 1677 1700 omnibus
1713 1665 1726 1700 :
1759 1645 1889 1701 Glo-

314 1732 396 1787 ria
444 1734 566 1799 tibi,
615 1731 842 1789 Domine
866 1775 882 1802 ,
916 1735 1084 1806 gloria
1119 1737 1236 1801 tibi,
1270 1735 1530 1804 Domine,
1563 1737 1732 1809 gloria
1767 1739 1887 1804 tibi,

317 1822 566 1879 Domine.
608 1824 801 1880 Mulier
838 1839 1019 1881 autem
1044 1827 1260 1896 iacebat
1290 1838 1585 1893 mnta,non
1617 1829 1753 1883 dans
1793 1829 1892 1883 ho-

1995 634 2132 704 νήσῃ
2165 651 2232 703 με
2261 631 2600 702 ἀπομερίσαι
2629 633 2727 702 τῆς
2775 630 3026 694 πλάσεως
3068 629 3296 700 ταύτης,
3321 629 3406 683 ὅτι
3432 629 3576 683 πάνυ

1994 726 2240 796 ἠράσθην
2293 725 2400 778 τῶν
2432 724 2727 793 πλοκάμων
2772 723 2985 790 καὶτῆς
3012 721 3230 791 ἡλικίας
3254 720 3452 789 αὐτῆς,
3483 722 3578 774 καὶ

1993 821 2096 874 οὐκ
2163 818 2461 889 ἐξέρχομαι
2520 816 2616 870 ἀπ’
2684 814 2880 885 αὐτῆς.
2933 812 3236 884 Συνεσχέθη
3308 814 3366 867 δὲ
3419 807 3576 876 αὖθις

1992 913 2022 964 ό
2079 910 2186 980 ἀὴρ
2245 913 2339 963 καὶ
2396 908 2650 978 γεγόνασι
2687 906 2927 976 βρονταὶ,
2970 905 3064 957 κοιλ⁸
3122 904 3428 975 ἀστραπαὶ,
3465 903 3562 955 καὶ

1995 1003 2163 1075 βροχὴ
2218 1001 2428 1074 μεγάλη
2471 1001 2612 1056 λίαν.
2674 997 2967 1068 Σπαράξας
3019 998 3076 1050 δὲ
3114 997 3212 1066 τὴν
3265 997 3506 1064 γυναῖκα
3546 995 3576 1046 ὁ

1991 1095 2234 1166 δράκων,
2275 1097 2368 1148 καὶ
2404 1091 2656 1163 φιμώσας
2687 1091 2856 1161 αὐτὴν
2893 1089 3118 1162 ερῤιψεν
3142 1088 3235 1140 ἐπὶ
3265 1087 3327 1140 τὸ
3352 1087 3575 1154 ἔδαφος,

1993 1185 2227 1252 ἐξελθὼν
2261 1185 2357 1238 ἀπ’
2410 1184 2606 1252 αὐτῆς.
2674 1181 2923 1246 Ἀνοίξας
2975 1180 3030 1233 δὲ
3081 1179 3142 1233 es
3172 1178 3411 1250 θυρίδων
3435 1180 3578 1248 μετά

1991 1282 2140 1350 τρεῖς
2165 1279 2374 1350 ἡμέρας
2402 1281 2429 1332 ό
2463 1275 2756 1347 μακάριος,
2788 1275 2898 1328 ῖδεν
2931 1273 3100 1343 αὐτὴν
3129 1273 3475 1342 ἐρριμμένην
3499 1270 3577 1329 ὡς

1990 1365 2213 1443 νεκράν,
2249 1371 2344 1425 καὶ
2376 1369 2591 1424 κελεύει
2620 1371 2734 1429 τοῖς
2764 1364 3114 1431 παρεστῶσιν
3161 1365 3368 1434 ἐπᾶραι
3399 1364 3575 1432 αὐτὴν

1993 1465 2086 1518 καὶ
2136 1461 2290 1530 παρά
2350 1460 2481 1530 μίαν
2537 1457 2827 1513 άνακλίναι
2863 1456 3316 1528 προτρεψάμενος
3365 1452 3578 1515 πάντας

1993 1558 2074 1620 είς
2113 1553 2304 1624 εὐχὴν,
2345 1554 2441 1606 καὶ
2472 1553 2684 1621 ἐπάρας
2729 1551 2830 1612 τὰς
2865 1550 3016 1612 ὁσίας
3067 1546 3235 1601 αὑτοῦ
3266 1550 3456 1617 χεῖρας
3486 1546 3579 1597 ἐπὶ

1994 1647 2144 1718 ὥρας
2185 1646 2386 1708 πολλάς
2442 1643 2580 1714 μετὰ
2610 1643 2829 1696 πάντων
2859 1641 2990 1694 ἐϐόα
3010 1656 3026 1673 ο
3078 1639 3218 1704 Δόξα
3249 1656 3352 1701 σοι,
3382 1638 3577 1707 Κύριε,

1995 1740 2120 1804 δόξα
2169 1756 2276 1803 σοι,
2311 1739 2506 1808 Κύριε,
2533 1736 2658 1802 δόξα
2692 1751 2796 1796 σοι,
2834 1733 3029 1804 Κύριε.
3072 1731 3136 1784 ⁹11
3173 1732 3230 1784 δὲ
3271 1731 3411 1800 γυνὴ
3445 1747 3580 1782 κατ-

1994 1831 2173 1884 ἔκειτο
2230 1830 2463 1899 ἄφωνος,
2531 1827 2605 1897 μὴ
2659 1826 2878 1890 διδοῦσα
2938 1823 3215 1893 ἀνθρώπῳ
3257 1823 3575 1891 ἀπόκρισιν.

315 1915 446 1970 mini
476 1929 820 1986 responsum.
855 1917 980 1971 Post
1007 1933 1196 1987 preces
1218 1933 1346 1973 vero
1371 1918 1532 1987 jussit
1553 1936 1671 1974 eam
1700 1936 1885 1975 coram

2010 1923 2150 1977 Πετά
2171 1923 2227 1974 δε
2254 1920 2351 1992 τὴν
2383 1919 2547 1989 εὐχὴν
2573 1919 2862 1971 ἐκέλευσεν
2911 1916 3082 1984 αὐτὴν
3125 1913 3411 1982 ἐνεχθῆναι
3432 1929 3444 1940 ⁶
3484 1912 3583 1964 καὶ

314 2019 375 2060 se
441 2003 621 2059 afferri
655 2024 669 2061 :
707 2015 758 2061 et
790 2021 911 2060 cum
949 2006 1189 2062 dedisset
1217 2008 1266 2061 ei
1310 2020 1494 2076 potum
1525 2024 1588 2062 ex
1622 2009 1740 2064 oleo
1765 2025 1890 2064 san-

315 2109 548 2162 ctorum,
578 2099 760 2152 statim
799 2099 972 2158 locuta
1002 2110 1086 2154 est
1117 2117 1129 2154 :
1158 2110 1210 2154 et
1241 2116 1365 2154 cum
1389 2103 1739 2167 surrexisset,
1773 2118 1892 2156 am-

315 2189 541 2256 bulavit,
563 2204 736 2259 usque
759 2191 824 2242 ad
849 2205 998 2244 suam
1025 2201 1357 2245 senectutem
1391 2207 1420 2245 a
1447 2203 1629 2246 monte
1668 2208 1774 2246 non
1809 2208 1896 2247 se-

314 2290 529 2348 parata,
574 2285 669 2335 sed
698 2281 949 2351 precibus
988 2290 1042 2334 et
1076 2293 1268 2336 sancto
1307 2294 1570 2353 perpetuo
1627 2285 1896 2352 assidens,

317 2381 370 2425 et
396 2371 508 2426 Deo
541 2386 706 2442 agens
729 2372 954 2442 gratias.
988 2374 1077 2443 qui
1109 2389 1227 2429 eam
1267 2375 1499 2429 sanavit.

1989 2015 2237 2078 δεδωκὼς
2272 2015 2408 2083 αὐτῇ
2435 2014 2505 2065 ’ἐκ
2527 2010 2620 2066 τοῦ
2652 2010 2834 2063 ἐλαίου
2865 2008 2972 2061 τῶν
3004 2007 3175 2074 ἁγίων
3212 2007 3376 2065 πιεῖν,
3403 2019 3582 2072 παραο

1995 2108 2188 2178 χρῆμα
2211 2105 2496 2174 ἐλάλησεν,
2529 2105 2626 2158 καὶ
2647 2102 2931 2156 ἀναστᾶσα
2963 2099 3314 2168 περιεπάτει,
3344 2096 3451 2154 ἓως
3476 2095 3583 2163 γή-

2000 2216 2129 2270 ρους
2170 2199 2342 2266 αὐτῆς
2396 2197 2472 2265 μὴ
2505 2194 2842 2266 χωρισθεῖσα
2895 2190 2992 2245 τοῦ
3034 2191 3219 2261 ὅρους,
3249 2187 3386 2242 ἀλλὰ
3413 2201 3584 2256 προσ·

2003 2290 2304 2360 εδρεὺουσα
2325 2291 2444 2350 ταῖς
2486 2289 2672 2358 εὐχαῖς
2701 2288 2795 2340 καὶ
2816 2285 2894 2352 τῷ
2925 2284 3204 2352 μακαρίῳ,
3239 2281 3335 2334 καὶ
3365 2279 3584 2347 εὐχαρι-

2009 2378 2211 2432 σεοῦσα
2245 2377 2321 2448 τῷ
2353 2377 2636 2448 ίασαμὲνῳ
2676 2374 2847 2445 αὑτὴν
2873 2372 3017 2441 Θεῷ.

1819 2531 2043 2588 CAPUT
2090 2533 2179 2589 IV.

876 2670 1140 2728 Evocatur
1167 2673 1228 2729 S.
1260 2674 1558 2730 Auxentius
1584 2675 1653 2728 ad
1694 2676 1977 2729 concilium
2011 2676 2453 2732 Chalcedonense.
2499 2675 2764 2730 Miracula
2795 2676 2848 2728 in
2882 2676 2983 2728 ria.

389 2810 554 2866 XXII.
593 2811 720 2868 Post
775 2813 964 2869 decem
1017 2823 1112 2869 aut
1167 2815 1388 2870 circiter
1419 2831 1614 2882 annos,
1645 2816 1896 2884 cumiam

319 2907 647 2963 decessisset
713 2907 1063 2964 fidelissimus
1105 2917 1160 2962 et
1208 2909 1544 2963 orthodoxus
1605 2909 1901 2979 imperator

324 2994 668 3051 Theodosius
724 2996 923 3063 minor,
979 2997 1405 3066 imperassetqne
1453 3003 1798 3054 venerandus
1846 3013 1901 3055 et

320 3088 524 3143 Christi
563 3102 754 3142 amans
812 3085 1142 3151 Marcianus,
1181 3087 1284 3141 fuit
1337 3104 1530 3157 magna
1567 3090 1816 3144 confusio
1845 3100 1901 3145 et

318 3178 660 3251 perturbatio
713 3179 862 3234 circa
916 3179 1107 3249 dogma
1155 3194 1296 3234 verre
1331 3191 1532 3235 nostra:
1582 3182 1729 3247 fidei,
1759 3181 1902 3236 sicut

2082 2818 2208 2876 ΚΠ.
2245 2819 2416 2873 Τοῦτο
2461 2818 2524 2886 δὴ
2587 2818 2725 2888 πρδς
2782 2819 2895 2880 τοῖς
2929 2815 3060 2869 δέκα
3120 2813 3256 2883 μετά
3291 2811 3386 2864 καὶ
3423 2811 3583 2880 ἕτερα

2008 2914 2101 2984 ἔτη
2142 2914 2234 2967 τοῦ
2269 2913 2591 2966 πιστοτάτου
2646 2910 2915 2981 βασιλέως
2971 2907 3447 2975 τετελευτηκότος.
3491 2907 3582 2958 καί

2005 3000 2100 3052 τοῦ
2167 2999 2519 3069 φιλοχριστοῦ
2574 2997 2896 3068 Μαρκιανοῦ
2958 2995 3427 3066 βεϐασιλευκότος,
3462 2992 3586 3047 πολ-

2007 3092 2073 3159 λὴ
2130 3091 2344 3162 ταραχὴ
2400 3092 2528 3161 περὶ
2586 3090 2647 3143 τδ
2700 3089 2876 3158 δόγμα
2921 3088 3020 3156 τῆς
3062 3087 3296 3155 ἀληθοῦς
3353 3085 3583 3149 πίστεως

2009 3185 2241 3252 ἐγένετο,
2287 3183 2362 3247 ὡς
2393 3185 2489 3236 καὶ
2521 3183 2784 3252 ἀνωτέρω
2812 3179 3166 3251 άνηρξάμεθα
3192 3180 3372 3246 λέγειν
3425 3181 3480 3232 ἐν
3510 3177 3583 3247 τῷ

320 3272 489 3327 etiam
525 3271 792 3341 coepimus
837 3271 1022 3328 dicere
1058 3272 1333 3341 superius,
1366 3287 1490 3327 cum
1535 3285 1679 3328 esset
1709 3275 1897 3331 beatus

2012 3277 2226 3346 μέλλειν
2256 3277 2348 3329 τὸν
2385 3276 2657 3346 μακάριον
2701 3273 2992 3338 Αὑξέντιον
3043 3272 3430 3341 ὑπαναχωρεῖν
3476 3270 3584 3322 τῶν

320 3365 622 3420 Auxentium
671 3379 991 3420 recessurus
1020 3379 1050 3418 a
1083 3365 1245 3420 rebus
1287 3365 1448 3435 huius
1493 3367 1634 3421 vitae.
1669 3368 1897 3435 Quidam

320 3457 466 3511 enim
490 3456 762 3527 Eutyches
792 3458 1080 3528 presbyter
1103 3468 1157 3512 et
1185 3458 1610 3513 archimandrita
1643 3461 1801 3514 unius
1830 3475 1896 3515 ex

321 3549 672 3604 monasteriis
709 3550 861 3604 urbis
919 3550 1099 3617 regis,
1134 3551 1436 3605 conabatur
1465 3566 1731 3607 renovare
1759 3551 1898 3607 deli-

321 3650 567 3696 ramenta
589 3650 643 3696 et
671 3641 831 3696 verba
863 3657 985 3711 qua:
1013 3643 1231 3696 fuerant
1274 3641 1508 3698 refutata
1542 3652 1597 3698 et
1639 3644 1841 3699 abolita
1872 3659 1900 3698 a

323 3741 526 3786 sanctae
551 3741 607 3788 et
633 3731 806 3787 beatae
859 3735 1137 3788 memoria!
1164 3733 1460 3804 episcopis,
1491 3750 1518 3787 a
1548 3733 1772 3802 Basilio,
1815 3735 1898 3788 in-

323 3837 485 3890 quam
505 3864 522 3887 ,
552 3839 748 3892 magno
774 3823 1040 3893 beatoque
1070 3833 1124 3880 et
1171 3826 1426 3880 luminari
1463 3827 1612 3881 orbis
1643 3837 1820 3890 terrze,
1849 3837 1905 3882 et

323 3913 588 3983 Gregorio
620 3915 820 3986 inclyto
843 3916 1113 3986 theologo,
1147 3925 1202 3970 et
1248 3915 1460 3972 Joanne
1491 3918 1902 3990 Chrysostomo,

324 4014 380 4061 et
410 4007 478 4061 iis
517 4006 814 4062 similibus.
849 4008 985 4061 Cum
1017 4023 1146 4076 ergo
1175 4009 1264 4061 alii
1301 4009 1519 4077 quidem
1552 4010 1673 4080 eius
1711 4013 1902 4082 dogma

324 4108 713 4167 sequerentur,
780 4099 871 4152 alii
912 4113 1038 4153 vero
1096 4101 1284 4154 eadem
1340 4101 1605 4156 sentirent
1635 4119 1758 4173 qua:
1797 4103 1906 4158 Ne-

324 4189 548 4255 storius,
577 4190 716 4244 adeo
743 4200 799 4243 ut
830 4192 1078 4247 venirent
1123 4194 1176 4246 in
1226 4193 1525 4262 periculum
1553 4195 1803 4261 dogmata
1837 4196 1903 4249 II-

325 4281 410 4336 dei
443 4283 752 4348 catholicae,
781 4283 972 4338 videns
1004 4301 1234 4356 magnus
1272 4295 1327 4341 et
1357 4286 1699 4343 orthodoxns
1736 4288 1906 4358 impe-

325 4383 478 4428 rator
503 4374 812 4432 Marcianus
860 4376 1162 4433 Ecclesiam
1196 4379 1248 4432 in
1280 4394 1473 4450 magna
1507 4379 1827 4436 confusione
1850 4390 1906 4436 et

2014 3369 2287 3440 βιωτικῶν
2312 3368 2677 3439 πραγμάτων.
2697 3368 2944 3436 Εὑτυχὴς
2967 3365 3072 3436 γάρ
3104 3381 3188 3426 τις
3216 3362 3586 3433 πρεσῆὑτερος

2011 3461 2106 3512 καὶ
2130 3457 2562 3528 άρχιμανδρίτης
2595 3455 2712 3519 ἑνὸς
2758 3455 2856 3507 τῶν
2891 3453 3273 3525 μοναστπρίων
3300 3451 3399 3520 τῆς
3432 3452 3586 3521 βασι-

2010 3551 2274 3621 λευούσης
2294 3549 2364 3603 τὰ
2407 3548 2782 3618 Ἀπολιναρίου
2811 3548 3134 3617 παραφρονή
3145 3561 3291 3614 ματα
3320 3543 3390 3596 τά
3422 3543 3587 3595 πάλαι

2011 3643 2408 3714 κατηργημένα
2442 3643 2548 3695 ὑπὸ
2581 3640 2693 3693 τῶν
2720 3640 2819 3709 τὴν
2867 3641 3024 3692 ὁσίαν
3074 3639 3299 3707 μνήμην
3349 3635 3587 3702 θεοφιλε-

2014 3737 2226 3790 στάτων
2248 3733 2586 3800 ἐπισκόπων,
2619 3731 2901 3785 Βασιλείου
2932 3748 2990 3783 τε
3019 3731 3114 3783 καὶ
3143 3728 3469 3799 Γρηγορίου,
3491 3727 3589 3778 καὶ

2011 3830 2120 3883 τῶν
2173 3827 2513 3888 κατάὐτοῦς
2567 3823 2944 3887 ἀνακαινίζειν
3007 3824 3299 3892 ἐπιχειρεῖ.
3344 3820 3466 3872 Τῶν
3489 3820 3589 3889 μὲν

2013 3916 2105 3972 οὖν
2144 3919 2210 3971 τά
2249 3917 2438 3970 τούτου
2463 3916 2765 3987 ἑπομένων,
2790 3917 2899 3967 τῶν
2923 3914 2980 3966 δὲ
3013 3913 3082 3966 τὰ
3124 3911 3427 3980 Νεστορίου
3457 3925 3588 3980 φρο-

2010 4009 2268 4070 νούντων,
2295 4009 2370 4072 ὼς
2397 4006 2729 4062 κινδυνεύειν
2781 4005 2873 4059 ἐπὶ
2921 4005 2990 4058 τά
3033 4006 3130 4073 τῆς
3162 4003 3460 4072 καθολικῆς
3494 3999 3588 4053 πί-

2014 4119 2185 4165 στεως
2211 4101 2460 4172 δόγματα
2492 4099 2587 4152 καὶ
2615 4100 2672 4154 ὲν
2695 4098 2958 4166 συγχύσει
2987 4096 3156 4166 πολλῇ
3199 4095 3300 4164 τὴν
3359 4091 3590 4162 Ἐκκλη-

2013 4195 2137 4248 σίαν
2163 4195 2316 4264 όρᾷν,
2351 4195 2378 4247 ὁ
2409 4192 2467 4246 δὲ
2497 4191 2752 4262 βασιλεὺς
2777 4188 3026 4253 θεσπίζει
3063 4190 3190 4251 τοὺς
3213 4187 3312 4253 τῆς
3336 4185 3588 4255 οἰκουμέ-

2011 4305 2110 4359 νης
2169 4289 2358 4359 σχεδὸν
2433 4288 2654 4357 άπάσης
2717 4283 3170 4354 θεοφιλεστάτους
3254 4281 3590 4341 ἐπισκόπους

2011 4381 2325 4448 ἀπαντῆσαι
2356 4382 2412 4432 ὲν
2444 4377 2772 4450 Καλχηδόνι,
2803 4376 3032 4448 πολίχνῃ
3062 4375 3160 4444 τῆς
3187 4372 3462 4434 Βιθυνίας.

323 4470 776 4538 perturbatione,
827 4469 1078 4526 decernit
1131 4481 1192 4524 ut
1235 4471 1476 4542 episcopi
1558 4472 1725 4528 totius
1793 4472 1897 4528 fere

2010 4473 2278 4530 llistcrrze
2337 4474 2586 4526 venirent
2664 4469 3089 4533 Chalccdmtem,
3150 4466 3425 4522 civitatein
3487 4462 3589 4516 Bi-

321 4564 545 4636 thyniaa.

395 4656 582 4711 XXIII.
624 4657 760 4712 Cum
803 4671 992 4712 omnes
1030 4672 1162 4725 ergo
1193 4657 1584 4712 convenissent
1639 4657 1897 4724 episcopi,

2080 4657 2209 4710 Kl".
2235 4655 2461 4709 Πάντων
2484 4654 2663 4714 τοίνυν
2687 4651 3146 4722 συνεληλυθότων,
3173 4651 3268 4704 καὶ
3293 4651 3385 4705 τὸν
3415 4653 3587 4722 μακά·

323 4752 458 4805 adeo
492 4760 550 4804 ut
589 4761 771 4806 essent
808 4765 1037 4805 numero
1060 4751 1306 4806 sexcenti
1338 4750 1588 4818 triginta,
1621 4749 1902 4816 jusserunt

315 4845 485 4898 etiam
535 4843 828 4898 convenire
880 4843 1100 4897 beatum
1148 4843 1480 4896 Auxentium
1523 4843 1819 4913 imperator
1847 4852 1903 4897 et

321 4937 585 5006 episcopi.
615 4937 748 4992 Cum
777 4946 958 4991 autem
993 4951 1224 5006 magnus
1253 4946 1306 4989 et
1333 4935 1556 4990 divinus
1593 4937 1754 4990 Pater
1805 4953 1904 4990 no-

323 5039 437 5083 ster
473 5029 776 5085 Auxentius
809 5030 1113 5092 resisteret,
1137 5038 1193 5083 et
1236 5028 1402 5083 nollet
1433 5030 1785 5094 descendere,
1819 5029 1905 5083 di-

327 5137 458 5177 crns
487 5137 592 5175 non
637 5138 758 5178 esse
786 5123 1176 5177 monachorum
1225 5123 1441 5182 docere,
1480 5123 1573 5175 sed
1599 5123 1776 5191 potius
1804 5123 1904 5176 do-

322 5215 460 5278 ceri,
512 5213 613 5266 hoc
645 5228 774 5267 vero
805 5213 870 5268 iis
910 5212 1042 5268 solis
1071 5213 1388 5275 convenire,
1419 5212 1511 5282 qui
1544 5222 1673 5267 sunt
1731 5213 1905 5267 hono-

325 5305 426 5358 rati
461 5301 800 5374 pontificatu:
826 5303 971 5357 misit
997 5303 1292 5373 imperator
1305 5302 1612 5357 Marcianus
1641 5307 1902 5372 quosdam

326 5411 394 5449 ex
458 5395 739 5450 monachis
784 5404 838 5448 et
897 5395 1136 5459 clericis,
1173 5395 1263 5465 qui
1329 5403 1485 5448 erant
1525 5396 1906 5456 circumcirca,

323 5487 486 5542 simul
543 5503 667 5544 cum
724 5486 1012 5551 militibus,
1065 5502 1150 5540 res
1217 5486 1334 5554 eius
1379 5497 1816 5556 cognoscentes:
1853 5496 1908 5540 et

319 5578 504 5651 iussit,
540 5590 595 5634 ut
622 5580 727 5636 nisi
753 5580 914 5636 vellet
960 5593 1054 5632 sua
1091 5590 1283 5647 sponte
1318 5581 1502 5634 venire
1531 5595 1652 5634 cum
1685 5579 1790 5642 eis,
1821 5580 1904 5632 in-

327 5675 494 5727 vitum
551 5673 908 5728 adducerent.
963 5672 1039 5726 Illi
1105 5683 1286 5724 autem
1351 5687 1472 5724 cum
1511 5672 1898 5735 accessissent,

321 5777 444 5818 eum
470 5765 704 5820 maxime
727 5776 1002 5836 urgentes,
1023 5779 1364 5834 nequaquam
1403 5780 1741 5833 pet-suasere.
1769 5765 1904 5819 adeo

326 5867 382 5912 ut
409 5861 658 5916 conversi
701 5859 805 5916 sint
843 5861 910 5915 ad
942 5864 1064 5916 edtn
1130 5859 1510 5916 incessendum
1572 5859 1902 5926 maledictis,

2013 4767 2128 4821 ριον
2158 4749 2449 4814 Αὐξέντιον
2475 4746 2905 4819 παρεκελεύοντο
2937 4745 3317 4816 συνέρχεσθαι,
3345 4746 3372 4798 ὅ
3399 4763 3457 4797 τε
3493 4746 3591 4815 .8:-

2017 4839 2199 4902 σιλεὺς
2248 4841 2343 4893 καὶ
2401 4839 2452 4892 oi
2508 4837 2796 4909 ἐπιχώριοι
2853 4838 2964 4890 τῶν
3003 4837 3339 4890 ἐπισκόπων.
3397 4837 3484 4899 Ὠς
3533 4837 3590 4889 δὲ

2014 4936 2262 5005 ἀντεῖχεν
2291 4935 2382 4987 καὶ
2404 4935 2504 4986 οὐκ
2532 4933 2796 5003 ἧόούλετο
2819 4931 3086 4994 κατίεναι,
3110 4930 3339 4997 φάσκων
3359 4931 3433 5000 μὴ
3453 4925 3590 4982 εἶναι

2019 5026 2268 5096 μοναχῶν
2296 5026 2356 5078 τὸ
2389 5025 2685 5090 διδάσκειν,
2717 5024 2852 5077 ἀλλὰ
2896 5023 3098 5093 μᾶλλον
3126 5023 3187 5075 τὸ
3215 5020 3589 5085 διδάσκεσθαι,

2020 5121 2204 5190 μόνοις
2234 5119 2288 5172 δὲ
2328 5123 2441 5181 τοῖς
2469 5119 2824 5190 ἀρχιερατείᾳ
2865 5117 3250 5188 τετιμημένοις
3277 5115 3438 5169 τοῦτο
3463 5117 3598 5184 πρέ-

2017 5229 2163 5279 πειν,
2202 5213 2532 5275 ἀποστείλας
2563 5213 2590 5264 ό
2640 5211 2893 5281 βασιλεὺς
2940 5209 3259 5281 Μαρκιανός
3303 5225 3457 5270 τινας
3485 5207 3595 5259 τῶν

2009 5306 2174 5376 πέριξ
2208 5305 2460 5376 μοναχῶν
2491 5322 2550 5358 τε
2582 5306 2672 5358 καὶ
2696 5302 2975 5373 κληρικῶν
3009 5303 3144 5369 μετὰ
3177 5303 3272 5355 καὶ
3326 5316 3592 5370 στρατιω-

2009 5399 2119 5451 τῶν
2141 5399 2428 5452 ἐκέλευσεν
2460 5399 2688 5465 γνόντας
2716 5397 2783 5449 τά
2810 5395 2932 5448 κατ’
2955 5395 3138 5457 αὐτὸν,
3167 5394 3218 5445 εί
3243 5392 3316 5462 μὴ
3351 5390 3592 5461 βούλοιτο

2012 5490 2278 5553 ἑκουσίως
2341 5489 2618 5543 συνελθεῖν
2653 5489 2862 5552 αὐτοῖς,
2893 5487 3100 5540 ἄκοντα
3130 5484 3500 5555 παραστῆναι.
3529 5481 3593 5535 Oi

2015 5583 2071 5635 δὲ
2122 5583 2391 5653 παρόντες
2451 5581 2677 5635 πλεῖστα
2726 5577 3246 5646 καταναγκάσαντες
3301 5575 3466 5630 αὐτόν
3495 5577 3593 5630 οὐκ

2016 5675 2256 5739 ἔπειθον,
2287 5675 2361 5738 ὡς
2393 5674 2489 5728 καὶ
2513 5673 2804 5743 λοιδορίαις
2829 5671 3028 5732 αὐτοὺς
3061 5669 3340 5740 τραπῆναι
3375 5671 3473 5722 καὶ
3509 5669 3592 5722 λέ-

2017 5785 2134 5836 γειν
2165 5767 2237 5838 μὴ
2273 5770 2490 5837 φρονεῖν
2522 5767 2684 5820 αὑτὸν
2727 5763 2904 5834 ὀρθῶς
2953 5759 3434 5815 διαϐεϐαιοῦσθαι·
3471 5760 3590 5812 ὅθεν

2018 5861 2334 5933 ἐπεχείρουν
2357 5861 2448 5915 καὶ
2478 5859 2614 5932 μετὰ
2644 5858 2766 5931 βίας
2787 5858 2948 5911 αὐτὸν
2975 5851 3235 5922 ἐξωθοῦν.
3255 5855 3312 5908 Ὀ
3331 5853 3384 5908 δὲ
3423 5853 3586 5907 ἐνεδί-
