3820 6534
319 415 468 486 1307

1598 427 1779 490 VITA
1816 426 1875 486 S.
1912 425 2253 487 AUXEN'I‘I
2271 427 2287 481 l
2303 473 2315 488 .

3447 420 3588 488 1‘398

311 527 411 583 δου
440 527 541 599 μὲν
593 527 799 596 αὐτοῖς,
859 527 977 583 ἀλλ’
1003 527 1159 585 οὔπω
1209 528 1393 603 τελείᾳ
1423 530 1622 604 γνώμῃ
1652 533 1780 587 ἄνευ
1809 530 1905 601 τῆς

2019 541 2073 585 et
2099 531 2431 585 allirtttat'cnf
2454 545 2578 584 eum
2612 545 2715 586 non
2747 544 2959 601 sapere.
2989 530 3343 588 Conabantur
3403 534 3589 604 itaque

312 618 529 673 ἄνωθεν
590 618 786 690 ῥοπῆς.
848 618 1179 690 ’Δγαγόντες
1229 621 1340 693 γὰρ
1390 622 1644 694 τεχνίτας
1678 623 1816 693 πρδς
1842 623 1904 676 τὸ

310 712 476 767 λῦσαι
498 712 594 766 τὸν
617 711 897 780 ⁵κλουόὸν,
925 715 984 768 ὲν
1008 706 1053 783 ᾧ
1079 709 1170 784 ἦν,
1192 715 1323 785 ὃλην
1345 715 1443 785 τὴν
1466 716 1683 787 ἡμέραν
1719 733 1903 787 παρα-

314 802 630 872 μείναντες,
650 800 806 856 οὐδὲν
833 802 1085 874 ἴσχυσαν,
1105 805 1201 859 καὶ
1226 807 1294 876 τῇ
1318 804 1489 860 ’έωθεν
1515 804 1662 875 λέγει
1693 805 1899 869 αὐτοῖς’

310 893 526 949 Εἴπατέ
559 911 672 966 μοι,
705 895 765 948 ὲν
809 894 918 949 τίνι
947 896 1134 960 κακῶς
1167 897 1436 961 πιστεύω,
1474 900 1568 952 καὶ
1595 894 1695 952 εἶθ’
1726 896 1901 961 οὕτως

314 984 549 1058 προνοίᾳ
601 984 739 1040 Θεοῦ
792 986 887 1040 καὶ
925 989 955 1041 ὁ
987 987 1220 1054 κλουόὸς
1272 989 1683 1061 ἁνοιχθήσεται.
1733 989 1798 1043 Ol
1843 988 1903 1043 δὲ

312 1077 570 1149 ἔφησαν·
625 1078 758 1134 Ὅτε
824 1077 922 1134 τοῦ
985 1080 1384 1148 εὐσεϐεστάτου
1441 1081 1707 1154 βασιλέως
1772 1081 1901 1147 τοὺς

317 1172 701 1244 ἁπανταχόθεν
761 1170 1033 1243 θεοφιλεῖς
1083 1175 1424 1239 ἐπισκόπους
1475 1176 1568 1230 ἐπὶ
1620 1173 1902 1245 διασκέψει

312 1263 425 1318 τῶν
447 1266 543 1335 τῆς
574 1264 891 1335 ἁγιωτάτης
959 1265 1294 1337 Ἐκκλησίας
1342 1267 1633 1337 δογμάτων
1663 1282 1904 1334 συναγαο

314 1356 529 1425 γόντος,
580 1357 746 1422 αὐτὸς
793 1358 856 1413 ού
893 1357 1078 1429 βούλει
1131 1359 1443 1414 συνελθεῖνο
1474 1355 1632 1415 οἶσθα
1657 1360 1769 1432 γὰρ
1802 1359 1900 1433 τὴν

314 1449 629 1526 κρατοῦσαν
680 1449 969 1520 σύγχυσιν,
1028 1448 1141 1505 τῶν
1174 1450 1274 1521 μὲν
1316 1450 1412 1505 τοῦ
1441 1450 1739 1522 Νεστορίου
1769 1468 1901 1522 φρο-

313 1538 551 1594 νούντων
606 1541 703 1595 καὶ
762 1540 976 1612 σχίσμα
1009 1541 1377 1597 ἐπινοούντων
1411 1541 1503 1596 διά
1555 1543 1617 1597 τὸ
1651 1544 1898 1615 ἀναιρεῖν

313 1632 455 1705 τὴν*
476 1633 765 1701 Θεοτόκος
828 1634 1019 1706 φωνὴν
1048 1635 1159 1689 ἀπὸ
1184 1635 1287 1706 τῆς
1340 1634 1515 1705 ἁγνῆς
1560 1637 1657 1691 καὶ
1689 1637 1900 1708 σεμνῆς

315 1721 595 1792 Παρθένου
625 1724 722 1777 καὶ
745 1722 972 1796 Μητρὸς
997 1723 1093 1778 τοῦ
1125 1724 1333 1796 Κυρίου
1359 1740 1373 1755 ·
1401 1723 1512 1778 τῶν
1530 1724 1588 1780 δὲ
1620 1726 1688 1780 τὰ
1727 1726 1901 1780 Εὐτυ-

315 1810 468 1882 χοῦς,
494 1810 696 1882 μᾶλλον
723 1812 781 1866 δὲ
812 1814 883 1868 τὰ
923 1813 1299 1886 ’Δπολιναρίου
1334 1814 1772 1886 δογματιζόντων
1796 1818 1890 1872 καὶ

318 1904 397 1976 μὴ
422 1904 644 1968 τελείως
679 1905 1063 1976 σεσαρκῶσθαι
1091 1907 1184 1959 τὸν
1235 1904 1443 1978 Κύριον
1492 1906 1902 1978 ὁμολογούντων

315 1998 383 2051 ὲκ
415 1998 731 2069 σπέρματος
763 1999 951 2063 Δασὶδ,
992 1999 1132 2054 ἀλλὰ
1155 2001 1376 2073 δοκήσει
1424 2002 1586 2057 αὑτὸν
1616 2002 1902 2058 ἐνννθοωο

316 2091 540 2147 πικέναι
571 2092 1046 2164 τερατευομένων.

390 2347 514 2405 KA'.
545 2350 734 2407 Ταῦτα
763 2353 1006 2418 ἀκούσας
1038 2357 1066 2409 ὁ
1100 2358 1375 2428 μακάριος
1425 2357 1531 2428 ἔφη
1554 2373 1569 2388 ·
1639 2357 1782 2427 Ἐγὼ
1816 2375 1905 2411 τε-

318 2439 481 2504 λείως
514 2444 865 2513 σαρκωθέντα
921 2446 986 2499 ὲκ
1043 2449 1144 2518 τῆς
1192 2449 1573 2520 ἁπειρογάμου
1603 2449 1694 2505 τὸν
1726 2450 1903 2517 Λόγον

317 2534 568 2604 ὁμολογῶ
605 2538 701 2590 καὶ
724 2536 851 2591 Υἰδν
885 2540 1157 2610 μονογενῆ
1209 2540 1400 2594 τοῦτον
1426 2541 1558 2596 δντα
1586 2541 1900 2613 προσκυνῶ,

323 2631 424 2682 σὺν
455 2629 677 2701 ἀνάρχῳ
708 2630 809 2700 μὲν
837 2632 1155 2704 ὑπάρχοντα
1183 2633 1260 2704 τῷ
1282 2635 1458 2706 Πατρὶ
1488 2634 1628 2689 κατὰ
1648 2636 1747 2707 τὴν
1782 2635 1902 2690 οεά-

324 2738 487 2791 τητα,
521 2723 609 2775 ἐπ’
650 2724 896 2794 ἐσχάτων
933 2726 990 2780 δὲ
1034 2727 1270 2795 ὀφθέντα
1323 2727 1383 2793 ἐξ
1426 2728 1600 2799 αὐτῆς
1633 2730 1776 2784 κατὰ
1802 2731 1903 2802 τὴν

318 2811 721 2883 ἀνθρωπότητα
739 2832 753 2846 α
777 2815 931 2885 ψιλὸν
955 2817 1065 2889 γάρ
1093 2806 1402 2889 ἄνθρωπον,
1439 2819 1515 2884 ὦς
1546 2838 1691 2885 τινες
1720 2823 1905 2895 ληρῳ-

316 2903 476 2957 δοῦσι
504 2904 595 2959 τὸν
622 2905 751 2961 Υίδν
781 2907 875 2961 τοῦ
904 2908 1039 2962 Θεοῦ
1067 2909 1370 2981 ὁμολογεῖν,
1402 2912 1621 2977 ἀσεϐέςο
1643 2913 1821 2969 ταῦτά
1844 2932 1905 2971 τε

320 2995 566 3067 εἰρηκὼς
592 2998 688 3052 καὶ
721 2999 820 3068 τὴν
853 3000 1104 3055 ἔνστασιν
1143 3002 1323 3057 αὐτῶν
1354 3004 1638 3076 ἑωρακὼς,
1668 3007 1764 3072 τὰς
1790 3012 1903 3081 χεῖ·

324 3106 427 3159 ρας
448 3090 528 3154 είς
557 3090 651 3144 τὸν
679 3092 908 3163 οὐρανὸν
937 3094 1230 3160 ἀνατείνας
1256 3098 1349 3150 καὶ
1396 3097 1562 3169 εὐχὴν
1587 3100 1785 3170 ἐκτενῆ
1813 3118 1907 3169 γε-

2007 639 2129 678 eum
2170 624 2215 678 vi
2243 624 2553 681 exturbare.
2600 624 2830 679 Sanctus
2862 634 3044 680 autem
3078 626 3160 681 eis
3193 627 3447 693 cedebat,
3481 630 3578 684 sed

2008 716 2243 769 nondum
2276 714 2515 786 perfecta
2554 724 2760 781 mente,
2781 715 2987 785 absque
3024 731 3259 786 superna
3280 718 3581 772 voluntate.

2005 803 2138 858 Nam
2170 820 2294 860 cum
2326 806 2615 860 duxissent
2642 805 2885 861 artifices
2925 806 2991 859 ad
3019 820 3199 862 seram
3223 806 3372 862 cellae
3392 807 3444 863 in
3476 823 3584 877 qua

2004 903 2124 947 erat
2162 894 2504 961 solvendam,
2534 903 2591 949 et
2625 904 2794 949 totum
2850 897 2991 951 diem
3022 898 3476 966 permansissent,
3501 899 3584 952 ni~

2005 984 2081 1040 bil
2115 995 2407 1055 potuerunt
2445 986 2645 1041 facere.
2714 985 2873 1042 Mane
2903 1002 3033 1043 vero
3068 987 3201 1043 dicit
3247 989 3332 1044 eis
3364 1007 3378 1045 :
3417 988 3586 1045 Dicite

2005 1078 2164 1144 mibi,
2222 1076 2421 1134 fratres
2443 1087 2495 1133 et
2539 1087 2744 1149 patres,
2775 1080 2831 1134 in
2860 1094 3096 1148 quanam
3126 1096 3185 1137 re
3210 1080 3353 1135 male
3374 1081 3539 1136 credo
3568 1099 3580 1134 :

2004 1181 2058 1229 et
2075 1172 2269 1228 deimle
2296 1172 2377 1230 sic
2416 1168 2757 1244 providentia
2789 1172 2883 1229 Dei
2906 1190 3030 1230 sera
3056 1176 3348 1245 aperietur.
3376 1174 3455 1230 llli
3484 1191 3584 1228 au-

2007 1273 2114 1320 tem
2141 1264 2393 1319 dixerunt
2424 1280 2440 1319 :
2472 1265 2626 1331 Quod
2660 1279 2783 1319 cum
2813 1265 2936 1335 pius
2965 1265 3258 1336 imperator
3280 1265 3585 1320 Marcianus

2006 1356 2152 1426 pios,
2184 1355 2276 1426 qui
2317 1356 2519 1425 ubique
2548 1367 2697 1424 sunt,
2732 1357 3019 1428 episcopos
3055 1357 3465 1428 congregaverit
3514 1359 3581 1410 ad

2012 1446 2201 1500 utilem
2232 1446 2730 1501 considerationem
2749 1448 3063 1517 dogmatum
3095 1447 3452 1502 sanctissimae
3482 1446 3586 1501 Ec-

2001 1538 2206 1605 clesia,
2238 1545 2295 1593 tu
2324 1553 2431 1594 non
2464 1538 2547 1595 vis
2581 1540 2789 1595 venire.
2819 1538 2940 1593 Scis
2967 1538 3113 1593 enim
3134 1555 3275 1605 eam,
3296 1554 3413 1609 qua:
3444 1554 3585 1594 nunc

2002 1640 2106 1697 est,
2141 1630 2519 1687 confusionem
2548 1650 2562 1687 :
2598 1647 2720 1688 cum
2755 1630 2844 1684 alii
2879 1632 3100 1700 quidem
3163 1631 3405 1686 sentiant
3460 1646 3584 1686 cum

2000 1721 2254 1779 Nestorio
2281 1734 2336 1780 et
2364 1725 2606 1781 sebisma
2638 1724 2959 1789 moliantur,
2995 1733 3283 1794 propterea
3315 1723 3459 1793 quod
3490 1738 3580 1779 vo-

2011 1830 2128 1874 cem
2185 1815 2285 1871 Dei
2334 1816 2581 1871 Parentis
2615 1815 2865 1872 auferant
2903 1830 2932 1869 a
2964 1824 3116 1872 casta
3184 1824 3241 1871 et
3275 1816 3584 1879 veneranda

1933 1883 1976 1940 Β
2012 1910 2230 1979 Virgine
2285 1921 2340 1965 et
2403 1909 2578 1964 Matre
2643 1909 2856 1964 Domini
2890 1926 2905 1963 :
2935 1908 3022 1963 alii
3079 1921 3208 1962 vero
3247 1906 3504 1977 Eutycltis
3530 1917 3586 1960 et

2005 2001 2339 2073 Apollinaris
2370 2002 2550 2073 potius
2586 2011 2807 2057 tuentur
2845 2000 3121 2071 dogmata,
3156 2006 3212 2053 et
3258 1998 3587 2054 confitentur

2004 2092 2292 2149 Dominum
2346 2092 2533 2148 Jesum
2591 2091 2872 2147 Christum
2926 2105 3035 2145 non
3092 2090 3332 2160 perfecte
3360 2102 3581 2144 carnem

2006 2184 2309 2254 suscepisse
2345 2199 2409 2240 ex
2438 2183 2646 2242 semine
2679 2183 2873 2251 David,
2894 2183 2987 2239 sed
3020 2181 3229 2238 visione
3259 2194 3382 2236 eum
3416 2181 3584 2237 fuisse

2007 2276 2307 2344 hominem,
2332 2276 2645 2346 prodigiose
2676 2284 2949 2331 asserunt.

2077 2368 2267 2425 XXIV.
2310 2370 2439 2425 Haec
2460 2385 2583 2424 cum
2621 2374 2816 2424 beatus
2840 2366 3102 2423 audiisset
3143 2364 3468 2430 Auxentius,
3505 2363 3591 2419 di-

2006 2462 2082 2516 xit
2124 2478 2138 2515 :
2166 2460 2279 2530 Ego
2307 2462 2572 2515 confiteor
2605 2458 2835 2516 Verbum
2871 2457 3112 2529 perfecte
3135 2471 3358 2512 carnem
3394 2469 3580 2510 susce-

2006 2551 2152 2623 pisse
2174 2566 2240 2607 ex
2268 2550 2513 2622 Virgine,
2554 2565 2662 2605 non
2716 2559 2942 2618 experta
2980 2563 3116 2619 Opus
3148 2547 3457 2615 nuptiarum
3490 2562 3504 2598 :
3532 2554 3589 2599 et

2007 2644 2182 2714 ipsum
2211 2642 2399 2709 adoro,
2433 2653 2492 2697 ut
2531 2643 2624 2714 qui
2661 2643 2732 2697 sit
2769 2642 2939 2697 Filius
2967 2640 3301 2711 unigenitus,
3327 2639 3417 2709 qui
3456 2645 3581 2691 eum

2005 2737 2169 2793 Patre
2198 2736 2416 2807 quidem
2441 2744 2527 2791 est
2547 2750 2746 2806 expers
2793 2732 3072 2803 principii,
3107 2732 3249 2801 quod
3295 2729 3488 2784 attinet
3517 2728 3584 2782 ad

2009 2829 2391 2896 divinitatem;
2428 2828 2481 2881 in
2523 2827 2728 2881 ultimis
2768 2835 2949 2880 autem
2996 2823 3188 2879 diebus
3213 2838 3278 2879 ex
3313 2836 3378 2876 ea
3435 2820 3587 2876 visus

2007 2931 2112 2989 est,
2146 2922 2292 2993 quod
2325 2930 2533 2991 spectat
2557 2920 2621 2974 ad
2649 2917 3064 2973 humanitatem.
3096 2914 3282 2972 Solum
3310 2914 3454 2969 enim
3486 2914 3586 2967 ito-

2009 3014 2239 3078 minem,
2269 3020 2328 3067 ut
2357 3011 2602 3068 nonnulli
2633 3017 2927 3080 uugantur,
2965 3007 3158 3063 Filium
3187 3005 3280 3061 Dei
3310 3004 3584 3068 confiteri,

2009 3116 2093 3162 est
2143 3105 2390 3174 impium.
2417 3102 2547 3159 llaec
2577 3118 2699 3157 cum
2760 3102 3010 3167 dixisset,
3036 3110 3090 3155 et
3119 3114 3216 3155 eos
3248 3098 3476 3153 vidisset
3503 3095 3587 3150 in-

324 3185 512 3241 νέσθαι
551 3189 982 3260 παρασκευάσας
1030 3192 1275 3247 ἐπεδίδου
1300 3194 1495 3249 ἑαυτόν
1513 3211 1527 3226 ⁸
1555 3196 1665 3250 τῶν
1687 3197 1744 3252 δὲ
1769 3197 1904 3271 θρα-

2013 3207 2182 3261 stare,
2217 3208 2271 3252 et
2292 3196 2548 3251 manibus
2573 3194 2625 3249 in
2654 3193 2853 3250 emlum
2886 3192 3113 3248 sublatis
3131 3190 3388 3261 iussisset
3410 3187 3588 3242 inten-

326 3277 639 3348 συνομένων
674 3281 769 3334 καὶ⁵
799 3283 964 3337 πάλιν
986 3284 1079 3339 τὸν
1107 3285 1338 3341 κλουϐδν
1366 3289 1661 3344 καταλύειν
1691 3292 1906 3364 ἐπιχει-

329 3369 569 3441 ρούντων
618 3373 714 3426 καὶ
784 3374 918 3444 μηδὲ
964 3375 1102 3441 ὅλως
1169 3379 1485 3450 ἰσχυόντων,
1549 3382 1579 3435 ό
1638 3384 1909 3455 μακάριος

329 3463 636 3534 σφραγίσας
688 3467 781 3520 τὸν
828 3467 1058 3523 κλουϐδν
1095 3471 1192 3524 καὶ
1242 3473 1426 3543 τρίτον
1458 3476 1539 3539 τὸ,
1598 3476 1910 3547 Εὐλογητὸς

327 3553 733 3626 Κύριος,είπὼν
752 3559 955 3630 πραείᾳ
976 3563 1042 3633 τῇ
1072 3565 1222 3634 φωνῇ
1246 3565 1359 3627 τοῖς
1382 3565 1654 3636 τεχνίταις
1681 3569 1911 3623 ἐπέτατ-

326 3665 441 3714 τεν,
466 3652 560 3705 καὶ
582 3647 757 3716 οὕτως
786 3654 929 3708 κατὰ
951 3654 1178 3726 γνώμην
1206 3655 1375 3710 αὐτοῦ
1406 3655 1507 3721 τὰς
1539 3658 1671 3729 περὶ
1713 3658 1773 3713 τὸ
1812 3657 1910 3713 θυ-

329 3741 496 3811 ρίδιον
523 3744 688 3799 αὐτοῦ
721 3745 1112 3817 άφηλὼσαντες
1142 3748 1389 3814 σανίδας,
1420 3748 1662 3818 ἐξέωσαν
1688 3751 1853 3804 αὐτόν

402 3921 531 3979 κε’.
571 3925 761 3995 κτήνη
816 3926 874 3980 δὲ
915 3928 1273 4001 παρέστησαν
1330 3931 1427 3984 καὶ
1464 3931 1684 4004 ἄμαξαν
1740 3932 1787 3987 δ’
1843 3933 1914 3989 ἂν

330 4011 592 4083 βούληται
619 4014 891 4072 ἐπιϐάντα
923 4019 1191 4073 κατιέναι·
1215 4020 1310 4075 καὶ
1342 4019 1408 4092 δὴ
1429 4023 1522 4075 ἐπὶ
1545 4022 1743 4093 κτῆνος
1769 4039 1914 4096 παρα

330 4104 703 4175 αιτησαμένου
761 4109 818 4161 ἐν
855 4111 922 4181 τῇ
955 4110 1142 4183 άμάξῄ
1174 4114 1597 4184 σταυρώσαντες
1622 4115 1910 4171 ἀνέκλιναν

330 4199 422 4251 τὸν
454 4199 746 4269 μακάριον.
783 4196 891 4256 Ἦν
931 4202 1039 4273 γὰρ
1074 4204 1265 4270 ἄτονος
1292 4207 1415 4270 ὅλος
1445 4206 1523 4277 τῷ
1565 4206 1783 4278 σώματι
1816 4209 1912 4264 καὶ

328 4293 800 4363 τεταπεινωμένος
834 4295 899 4347 ἐκ
937 4296 1032 4364 τῆς
1062 4297 1388 4367 ἀσκήσεως·
1443 4298 1541 4351 καὶ
1583 4299 1815 4367 μάλιστα
1847 4301 1911 4352 ἐκ

328 4383 439 4436 τῶν
468 4384 666 4449 πόνων,
720 4386 796 4448 ὼς
832 4386 928 4440 καὶ
961 4387 1163 4457 ἰχῶρας
1220 4389 1425 4456 ἐξιέναι
1479 4391 1574 4443 σὺν
1599 4390 1871 4460 σκώληξιν
1894 4409 1906 4422 ·

330 4478 388 4528 ὲν
447 4471 527 4538 οἷς
570 4478 827 4547 Θεόφιλός
885 4497 968 4541 τις
1019 4481 1264 4550 ὀνόματι,
1320 4481 1617 4554 θερμότητι
1674 4483 1909 4551 πίστεως

2008 3306 2124 3348 sam
2146 3289 2259 3345 fieri
2284 3289 2673 3359 precationem,
2694 3301 2802 3340 non
2824 3284 3045 3339 tradidit
3067 3284 3327 3352 seipsum.
3352 3279 3462 3335 lllis
3490 3295 3586 3334 au-

2009 3394 2117 3440 tem
2138 3383 2619 3447 insultantibus,et
2646 3379 2836 3436 cellam
2863 3378 3160 3435 dissolvere
3177 3391 3364 3432 rursus
3395 3390 3587 3447 aggre-

2009 3475 2300 3539 dientibus,
2334 3483 2391 3528 et
2420 3472 2789 3527 nibilomnino
2811 3468 3115 3525 valentibus
3144 3468 3374 3534 efﬁcere,
3401 3466 3590 3522 beatus

2010 3582 2132 3622 cmn
2190 3568 2463 3638 signasset
2504 3580 2705 3630 seram,
2734 3572 2788 3619 et
2820 3571 2903 3617 ter
2957 3562 3204 3624 dixisset,
3261 3559 3589 3616 Benedictus

2013 3660 2296 3725 Dominus,
2329 3661 2443 3716 miti
2466 3676 2599 3716 voce
2626 3659 2913 3729 imperavit
2937 3655 3262 3721 artificibus,
3287 3663 3341 3708 et
3368 3653 3446 3708 sic
3470 3652 3590 3722 eius

2015 3750 2289 3806 voluntate
2341 3749 2570 3805 sublatis
2611 3748 2833 3810 tabulis,
2866 3761 2986 3817 quae.
3014 3756 3169 3801 erant
3225 3742 3391 3799 clavis
3419 3740 3590 3796 affixa:

2013 3844 2133 3916 ejus
2165 3841 2437 3906 fenestrae,
2460 3856 2584 3897 eum
2616 3840 2918 3911 eiecerunt.

2084 3931 2251 3990 XXV.
2291 3933 2736 3987 Astiteruntvero
2768 3930 3011 4001 jumeuta
3032 3936 3084 3984 et
3115 3942 3330 3993 currus,
3359 3935 3418 3981 ut
3459 3940 3585 3981 eum

2014 4026 2367 4091 collocarent,
2398 4023 2487 4077 ubi
2514 4020 2674 4077 vellet
2709 4020 3027 4075 ascendere.
3059 4017 3193 4073 Cum
3217 4028 3397 4073 autem
3432 4030 3589 4071 recu-

2014 4125 2195 4172 sasset
2229 4112 2396 4170 locari
2428 4126 2593 4183 super
2633 4111 2962 4179 jumentnm,
3019 4118 3193 4166 strato
3227 4121 3413 4173 curru,
3459 4122 3588 4161 sau-

2015 4219 2161 4264 ctmn
2200 4208 2251 4261 in
2291 4222 2356 4262 eo
2387 4205 2724 4261 reclinaruut
2750 4204 2895 4274 (erat
2918 4205 3061 4258 enim
3093 4199 3398 4256 imbecillus
3417 4210 3469 4254 et
3494 4200 3590 4252 de-

2010 4302 2191 4370 jectus
2218 4308 2331 4354 toto
2356 4312 2609 4367 corpore,
2640 4310 2706 4350 ex
2736 4295 2901 4350 nimia
2947 4293 3357 4359 exercitatione,
3391 4301 3445 4346 et
3476 4306 3589 4345 ma-

2016 4392 2159 4444 xime
2186 4405 2253 4443 ex
2291 4387 2593 4452 laboribus,
2632 4386 2768 4440 adeo
2786 4394 2843 4438 ut
2871 4384 3046 4439 exiret
3085 4383 3264 4438 sanies
3308 4398 3428 4437 cunt
3461 4395 3586 4436 ver-

2015 4483 2237 4553 mibus).
2265 4481 2410 4535 inter
2435 4493 2569 4549 quos
2603 4477 2843 4548 quidam,
2865 4477 3080 4530 nomine
3103 4474 3451 4544 TlteOpltilus,
3471 4473 3585 4530 acri

331 4567 727 4639 προσδραμὼν,
752 4569 827 4634 ὡς
854 4567 994 4623 εἶδεν
1021 4572 1288 4642 ἐκρυέντα
1312 4575 1404 4627 τὸν
1436 4574 1597 4628 αὐτοῦ
1630 4574 1797 4647 ὄνυχα
1816 4576 1905 4629 τοῦ

2016 4572 2122 4628 fide
2145 4585 2465 4634 accurreus,
2487 4585 2610 4623 cum
2644 4569 2869 4623 vidisset
2898 4565 3171 4621 effluxisse
3197 4580 3429 4634 unguem
3469 4581 3588 4618 ma-

334 4658 575 4725 μεγάλου
605 4660 877 4715 δακτύλου
909 4661 1002 4715 τοῦ
1024 4663 1201 4728 δεξιοῦ
1232 4664 1394 4727 ποδὸς
1426 4665 1594 4719 αὐτοῦ
1626 4668 1905 4735 άφείλατο.

344 4749 402 4802 '0
436 4749 492 4803 δὲ
517 4751 671 4820 ἅγιος
700 4753 946 4821 ἀλγήσας
995 4753 1101 4823 ἔφη
1146 4753 1295 4825 αύτῴ
1315 4770 1327 4783 ·
1366 4756 1538 4823 Κάγὼ
1570 4757 1909 4829 ὁμοιοπαθὴς

331 4843 620 4913 ἄνθρωπός
659 4846 799 4915 εἰμι,
831 4848 927 4901 καὶ
961 4848 1033 4917 μή
1074 4866 1164 4919 μοι
1200 4850 1403 4913 κόπους
1458 4851 1775 4923 παρείχετε.
1821 4852 1908 4915 Ὠς

329 4934 389 4987 δὲ
431 4933 569 5004 μετὰ
594 4934 839 4999 πλείονος
868 4937 1100 5005 θορύϐου
1122 4941 1235 5003 τοῖς
1272 4938 1460 5010 βουσὶν
1491 4942 1786 4995 ἐπέταττον
1815 4942 1907 4995 τοῦ

330 5026 664 5098 ἀποκινῆσαι
717 5028 817 5100 τὴν
877 5029 1116 5099 ἅμαξαν,
1175 5033 1225 5086 οἱ
1283 5033 1689 5105 ἀπεσταλμένοι
1759 5035 1909 5087 οὐδὲν

331 5123 527 5193 ήνυον·
570 5123 846 5194 ἀκινήτων
902 5126 995 5176 ἐπὶ
1049 5126 1185 5179 πολὺ
1230 5127 1502 5196 μενόντων
1530 5128 1638 5182 τῶν
1670 5127 1905 5198 κτηνῶν,

329 5216 573 5280 ἁπεινῶς
625 5216 852 5272 τύπτειν
902 5218 1223 5290 ἐπεχείρουν
1255 5221 1347 5273 καὶ
1379 5224 1488 5284 τοῖς
1535 5222 1780 5292 κέντροις
1811 5222 1909 5293 τὴν

330 5309 492 5378 δορὰν
516 5309 695 5364 αὐτῶν
722 5312 1067 5382 τιτρώσκειν.
1118 5313 1385 5378 Ἀνιαθεὶς
1435 5316 1614 5368 τοίνυν
1665 5316 1693 5368 ὁ
1725 5314 1908 5386 μακά-

333 5419 449 5472 ριος
488 5402 585 5457 καὶ
617 5403 933 5456 παύσασθαι
988 5409 1411 5477 παρεγγυήσας,
1446 5406 1522 5477 τῷ
1581 5407 1803 5477 σταυρῷ
1833 5406 1910 5476 τῷ

333 5492 577 5565 συνήθως
629 5495 689 5548 ἐν
715 5495 907 5565 χερσὶν
936 5496 1104 5570 αὑτοῦ
1155 5499 1225 5552 τά
1271 5501 1444 5570 κτήνη
1477 5498 1788 5567 σφραγίσας
1816 5500 1910 5553 καὶ

328 5585 515 5658 ⁴ἡρέμα
539 5585 724 5650 αὐτοῖς
755 5567 1041 5656 ἐπιτάξας,
1075 5588 1175 5660 τὴν
1217 5592 1439 5662 πορείαν
1472 5591 1728 5645 ἐποιεῖτο.

403 5764 551 5832 ΚΤ.
585 5765 743 5820 Κατὰ
772 5766 829 5820 δὲ
859 5768 958 5839 τὴν
992 5768 1109 5823 ea»;
1140 5768 1441 5824 ύπαντᾶται
1487 5770 1752 5840 γεωργοῖς
1783 5768 1906 5824 ὀδυ-

335 5855 589 5929 ρομένοις
626 5861 721 5914 καὶ
776 5860 1055 5917 κλαίουσιν
1106 5862 1194 5916 διὰ
1248 5862 1316 5916 τὶ
1364 5860 1531 5930 ἄλογα
1572 5860 1772 5932 αὐτῶν,
1823 5863 1904 5917 ὅτι

2013 4666 2102 4735 gui
2132 4664 2280 4735 digiti
2313 4662 2519 4718 dexteri
2551 4660 2669 4732 ejus
2724 4661 2896 4731 pedis,
2930 4674 3051 4714 eum
3079 4658 3319 4713 abstulit.
3357 4657 3588 4712 Sanctus

2015 4772 2143 4812 vero
2175 4757 2368 4813 dolens
2398 4754 2575 4810 dixit:
2609 4753 2821 4817 Frater,
2857 4743 2956 4820 ego
2987 4766 3201 4821 quoque
3243 4767 3360 4806 sum
3396 4752 3581 4816 homo,

2015 4849 2286 4905 obnoxius
2312 4849 2503 4903 iisdem
2529 4846 2728 4917 quibus
2759 4861 2854 4900 vos
2903 4843 3307 4910 aﬂeeliouibus,
3335 4859 3402 4898 ne
3452 4844 3585 4898 mihi

2013 4942 2322 4999 exbibeatis
2360 4940 2692 4996 moleStiam.
2726 4938 2857 4993 Cum
2887 4947 3069 4991 autem
3123 4951 3246 4989 cum
3284 4950 3477 5005 magno
3503 4945 3591 4989 tu-

2016 5036 2186 5091 multu
2244 5036 2577 5105 imperarent
2638 5030 2810 5086 bobus
2847 5031 2878 5083 ii
2913 5030 3002 5097 qui
3063 5029 3211 5083 missi
3263 5026 3497 5088 fuerant,
3532 5037 3589 5081 ut

2015 5136 2328 5183 emoverent
2355 5141 2595 5188 currum,
2646 5135 2700 5179 et
2750 5123 2880 5178 Itiltil
2912 5121 3208 5186 efﬁcerent,
3245 5122 3331 5175 diu
3381 5121 3590 5174 anima-

2016 5219 2156 5273 libus
2208 5219 2556 5273 maneutibus
2587 5216 2977 5279 immobilibus,
3007 5223 3287 5285 creperum
3322 5228 3417 5269 eos
3466 5228 3592 5265 cru-

2014 5312 2208 5365 deliter
2232 5313 2545 5374 verberare,
2567 5320 2620 5364 et
2639 5307 2874 5363 stimulis
2896 5307 3083 5378 pellem
3110 5321 3296 5361 eorum
3319 5305 3586 5360 sauciare.

2014 5403 2181 5476 Egre
2214 5404 2393 5459 ferens
2412 5417 2542 5473 ergo
2573 5403 2785 5466 beatus,
2812 5415 2932 5455 cum
2956 5400 3206 5469 iussisset
3229 5415 3323 5454 eos
3347 5412 3586 5458 cesSare.

2014 5507 2067 5550 et
2103 5511 2284 5559 cruce,
2310 5511 2494 5565 quam,
2526 5504 2580 5549 ut
2606 5494 2829 5553 solebat.
2862 5495 3094 5548 habebat
3126 5494 3176 5546 in
3209 5490 3479 5555 manibus,
3510 5490 3588 5544 si-

2013 5596 2234 5654 gnasset
2267 5587 2544 5653 animalia,
2576 5597 2631 5640 et
2660 5586 2739 5641 eis
2782 5586 2962 5641 sratim
3000 5586 3349 5652 imperasset,
3366 5594 3428 5635 ea
3461 5578 3590 5635 fecit.

2012 5675 2105 5730 iter
2138 5675 2368 5741 ingredi.

2084 5759 2276 5822 XXVI.
2311 5767 2367 5822 ln
2390 5767 2472 5822 via
2498 5775 2676 5822 autem
2708 5765 2942 5822 occurrit
2977 5762 3228 5833 agricolis
3271 5761 3589 5818 dedentibus

2013 5868 2064 5918 et
2087 5859 2515 5917 lamentantibus
2554 5868 2775 5932 promer
2801 5872 2932 5915 suas
2956 5855 3180 5921 bestias,
3210 5853 3352 5926 quod
3376 5853 3585 5911 scilicet
