3820 6534
206 471 354 535 lin?)

1478 480 1658 543 VITA
1698 483 1761 544 S.
1806 484 2205 568 AUXENTII.

3335 484 3477 556 ιιιοο

203 586 628 660 ἀναλεγόμενος,
664 589 825 644 πάλιν
875 588 969 642 ἐπὶ
1020 590 1088 644 τὰ
1115 590 1250 660 ἕλκη
1274 591 1535 649 ἐπετίθει.
1581 593 1797 667 Ἐπειδὴ

1907 598 2045 652 niam
2081 610 2261 655 autem
2285 614 2418 670 puer
2438 613 2468 654 a
2495 605 2684 654 sancto
2703 599 2893 672 jussus
2918 599 3117 655 nomini
3143 600 3327 657 dicere
3355 616 3478 671 quae

204 681 269 736 δὲ
307 680 690 754 παραγγελθὲν
714 681 777 733 τὸ
808 681 1045 747 παιδίον,
1084 683 1277 754 μηδενὶ
1318 684 1525 755 φράσαι
1549 685 1586 740 ἃ
1620 683 1798 755 ἐώρα-

208 791 277 832 κι
293 793 335 840 ι,
375 773 928 845 καταναγκαζόμενον
981 775 1216 841 ἐξεῖπεν,
1248 773 1403 843 αὖθις
1453 779 1675 851 πυρετῷ
1703 779 1800 852 λη-

204 864 392 936 φθεὶς,
429 862 569 935 μετὰ
596 863 697 934 τὴν
729 864 859 933 μίαν
885 863 1264 936 ἐτελεύτησεν.

280 958 425 1024 AG".
462 953 679 1009 Τούτων
707 954 763 1009 δὲ
794 957 1127 1025 γενομένων,
1170 959 1420 1030 κατήχθη
1462 961 1491 1014 δ
1524 960 1800 1032 μακάριος

198 1048 324 1105 ὑπό
346 1065 408 1103 τε
456 1048 566 1103 τῶν
612 1048 897 1121 κληρικῶν
926 1051 1023 1104 καὶ
1048 1049 1252 1106 λαῖκῶν
1278 1051 1373 1106 καί
1405 1068 1569 1106 τινων
1595 1054 1798 1126 ἑτέρων

196 1139 486 1213 λαμπρῶν
533 1140 745 1212 ἀνδρῶν
808 1144 869 1195 ὲν
934 1142 1341 1213 Ῥουφίνιαναῖς
1406 1146 1636 1218 πλησίον
1688 1148 1801 1203 τῶν

199 1230 554 1286 Ἀποστόλων
570 1233 629 1286 ὲν
644 1232 723 1305 τῷ
749 1235 1098 1306 μοναστηρίῳ
1118 1236 1212 1289 τοῦ
1238 1237 1511 1308 μακαρίου
1536 1239 1801 1295 ’Υπατίου

205 1323 543 1394 ἐπιτραπεὶς
595 1324 892 1394 ήσνχάσαι.
968 1324 1330 1393 ’Υπεδέξτιντο
1371 1329 1430 1383 δὲ
1467 1329 1631 1384 αὐτὸν
1661 1330 1801 1402 μετά

207 1415 463 1479 πλείονος
488 1416 666 1486 χαρᾶς
688 1418 735 1470 oi
768 1417 960 1471 αὐτόθι
990 1420 1214 1489 μοναχοὶ
1246 1422 1342 1475 σὺν
1378 1420 1457 1489 τῷ
1491 1423 1799 1494 ἡγουμένῳ,

205 1507 373 1578 ἀνδρὶ
401 1507 469 1561 τὰ
498 1509 676 1563 πάντα
698 1510 940 1580 ὲναρέτῳ
958 1510 1054 1565 καὶ
1077 1511 1297 1582 χάριτος
1320 1512 1456 1566 Θεοῦ
1485 1513 1799 1585 ἠξιωμένῳ,

201 1597 289 1663 ὡς
317 1598 433 1653 δντι
462 1598 680 1671 μαθητῇ
713 1599 808 1653 τοῦ
862 1601 1137 1670 Χριστοῦ·
1198 1604 1292 1657 καὶ
1346 1603 1455 1658 ἀπὸ
1504 1604 1605 1673 τῆς
1649 1605 1801 1676 ὥρας

203 1690 433 1759 ἐκείνης
453 1693 554 1746 οὐκ
589 1692 845 1747 ἔκλεισαν
869 1694 969 1764 τὴν
993 1693 1166 1766 θύραν
1196 1694 1293 1748 τοῦ
1325 1696 1689 1767 μοναστηρίου
1712 1697 1801 1754 διὰ

203 1784 274 1838 τὸ
298 1784 501 1856 πλῆθος
553 1785 663 1839 τῶν
717 1787 1065 1856 εἰσρεόντων,
1113 1788 1273 1843 τοῦτο
1314 1790 1413 1861 μὲν
1451 1789 1560 1843 τῶν
1595 1792 1797 1861 ἐπιχω-

1904 688 2134 752 viderat,
2159 706 2348 747 rursus
2377 700 2601 747 coactus
2630 689 2806 748 fuerat
2834 692 3011 758 effari,
3037 690 3186 748 febre
3203 701 3476 763 arreptus,

1904 795 2013 835 uno
2044 791 2166 851 post
2190 782 2277 838 die
2310 783 2570 839 decessit.

1974 959 2221 1017 XXXVI.
2251 961 2388 1018 Cum
2417 961 2536 1019 haec
2575 971 2755 1018 autem
2802 962 2942 1019 facta
2972 972 3177 1030 essent,
3215 963 3478 1019 deductus

1901 1054 2002 1108 fuit
2028 1069 2057 1107 a
2096 1054 2382 1109 monachis
2417 1064 2469 1109 et
2498 1055 2733 1120 clericis,
2760 1065 2814 1110 et
2845 1056 3163 1126 quibusdam
3191 1055 3314 1112 aliis
3341 1055 3478 1111 viris

1901 1146 2177 1215 pmclnris
2207 1146 2275 1200 ad
2311 1144 2667 1217 Itutiiuianas,
2696 1161 2863 1218 pr0pe
2893 1146 3124 1203 Sanctus
3169 1147 3478 1216 Apostolus,

1900 1240 1956 1295 in
1991 1238 2323 1294 monasterio
2373 1238 2514 1293 beati
2568 1235 2809 1310 Ilypatii,
2851 1237 2961 1293 illic
2989 1236 3187 1307 jussus
3215 1253 3376 1308 agere
3402 1238 3481 1293 si-

1901 1329 2156 1385 lentium.
2194 1328 2329 1385 Cum
2360 1344 2554 1398 magno
2585 1344 2716 1384 vero
2749 1328 2945 1397 gaudio
2976 1344 3096 1382 eum
3123 1337 3474 1398 exceperunt,

1900 1424 1992 1494 qui
2025 1422 2135 1479 illic
2161 1431 2319 1477 erant
2368 1421 2621 1476 monachi
2670 1437 2795 1477 cum
2826 1436 3013 1477 earum
3044 1421 3325 1490 praefecto,
3359 1421 3479 1475 viro

1900 1515 2252 1584 undiquaqne
2303 1514 2509 1582 optimo
2560 1523 2616 1567 et
2667 1513 2843 1578 gratia
2904 1512 2999 1568 Dei
3032 1515 3274 1585 dignata,
3305 1512 3480 1583 utqui

1899 1617 2043 1663 esset
2064 1606 2267 1662 Christi
2298 1605 2618 1676 discipulus.
2651 1605 2734 1659 Ab
2765 1605 2857 1660 illo
2884 1617 3063 1660 autem
3096 1615 3340 1674 tempore
3373 1621 3478 1661 non

1903 1699 2220 1755 clauserunt
2252 1697 2397 1751 fores
2432 1696 2774 1762 monasterii,
2804 1707 3025 1765 propter
3076 1696 3479 1752 multitudinem

1901 1803 2092 1844 eorum
2133 1788 2225 1859 qui
2253 1786 2566 1850 amuebant,
2600 1789 2795 1858 partim
2827 1802 2895 1842 ex
2926 1787 3028 1856 hac
3075 1787 3318 1857 regione,
3352 1800 3480 1856 par-

204 1876 367 1947 ρίων,
419 1877 580 1931 τοῦτο
631 1878 687 1931 δὲ
716 1880 811 1932 καὶ
843 1881 944 1950 τῆς
989 1880 1423 1953 πανευδαίμονος
1451 1884 1797 1937 Κιονσταντι-

1907 1883 1997 1936 tim
2054 1892 2241 1936 autem
2291 1896 2356 1935 ex
2396 1881 2552 1952 longe
2612 1880 2923 1936 beatissima
2955 1879 3477 1948 Constantinopoli:

202 1972 538 2033 ventilet»;
569 1972 913 2044 Φιλοφρόνως
953 1969 1047 2028 οῦν
1070 1976 1279 2039 πάντας
1309 1975 1633 2046 ὑπεδέχοντο
1660 1991 1795 2040 προ-

204 2061 423 2132 θύμως,
479 2064 743 2128 πλείστας
799 2066 898 2136 μὲν
957 2069 1343 2138 καρποφορίας
1399 2069 1794 2138 κομιζόμενον

205 2153 414 2222 πολλὴν
444 2154 499 2207 δὲ
529 2156 622 2209 ἐπὶ
651 2159 718 2227 τῇ
745 2157 927 2227 διαίτῃ
952 2158 1049 2227 τὴν
1073 2158 1434 2229 παρασκευὴν
1456 2158 1795 2230 ποιούμενοι.

202 2243 354 2298 ὥστε
384 2246 639 2314 γενέσθαι
661 2251 722 2299 τὸ
748 2253 1115 2321 μοναστήριον
1143 2252 1323 2304 ἐκεῖνο
1355 2251 1432 2316 ὡς
1460 2251 1557 2322 τὴν
1591 2252 1799 2323 σκηνὴν

201 2334 305 2386 τοῦ
352 2335 608 2407 Ἀϐραάμ
629 2352 641 2366 ·
669 2336 915 2399 ἅπαντας
949 2339 1059 2406 γὰρ
1092 2340 1278 2408 σχεδὸν
1310 2341 1424 2393 εἴτε
1459 2342 1665 2408 ἀξίους,
1689 2343 1798 2395 εἴτε

204 2425 486 2491 ἀναξίους,
511 2427 586 2490 ὼς
621 2426 889 2494 ἀγγέλους
919 2428 1245 2494 ἐδεξιοῦντο.
1299 2432 1404 2485 Τὸν
1435 2432 1490 2486 δὲ
1526 2434 1799 2503 μακάριον

202 2516 267 2568 ἐν
302 2516 563 2585 τρικλίνῳ
591 2515 781 2586 ὑψηλῷ
817 2518 1292 2585 περικλείσαντες,
1324 2521 1510 2589 ἠξίουν
1559 2524 1798 2593 προσεύ-

207 2606 411 2675 χεσθαι
448 2607 590 2677 ὑπὲρ
645 2611 742 2676 τῆς
789 2611 882 2662 τοῦ
917 2610 1124 2679 κόσμου
1157 2611 1251 2663 καὶ
1290 2613 1469 2666 αὐτῶν
1500 2615 1794 2684 σωτηρίας,

207 2700 396 2754 πᾶσαν
420 2717 481 2753 τε
514 2701 663 2771 αὐτῷ
694 2702 972 2756 διακονίαν
999 2704 1093 2757 καὶ
1120 2706 1232 2765 τοῖς
1274 2705 1660 2777 συντρέχουσιν
1703 2709 1799 2761 ἀό-

205 2809 357 2857 κνως
388 2793 810 2864 προσφέροντες,
837 2795 926 2849 διὰ
947 2795 1044 2867 τὴν
1058 2797 1198 2868 ὑπὲρ
1229 2799 1408 2869 πάσης
1436 2799 1800 2872 ἅγαθοεργίας

202 2883 630 2954 ἐπηγγελμένην
662 2886 815 2956 παρὰ
839 2886 958 2956 Θεῷ
984 2887 1437 2955 μισθαποδοσίαν.

280 2974 402 3031 ΛΖ¹.
433 2976 627 3030 Πολλοὶ
654 2976 763 3047 γὰρ
794 2977 1082 3049 πνεύματα
1127 2982 1414 3053 ἀκάθαρτα
1440 2980 1676 3052 ἔχοντες,
1705 2982 1799 3036 καὶ

207 3068 678 3141 σεληνιαζόμενοι,
713 3070 809 3124 καὶ
832 3071 1079 3137 ἀσθενεῖς
1112 3075 1208 3126 καὶ
1239 3076 1602 3147 παραλυτικοὶ
1632 3093 1801 3147 προσ⁸

204 3162 461 3233 ήδρευον,
500 3162 723 3215 κάκεῖσε
770 3166 868 3233 τὴν
912 3163 1065 3232 παρᾶ
1092 3164 1188 3241 τοῦ
1220 3164 1357 3219 Θεοῦ
1396 3166 1540 3220 ίασιν
1578 3167 1668 3222 διὰ
1699 3166 1796 3221 τοῦ

1900 1974 1993 2027 sed
2021 1987 2212 2028 omnes
2242 1973 2476 2042 benigne
2501 1971 2848 2042 excipiebant
2884 1981 3239 2042 promptoque
3271 1980 3325 2025 et
3361 1969 3479 2025 ala-

1899 2065 1978 2119 cri
2029 2065 2237 2128 animo,
2283 2063 2544 2132 plurimas
2604 2063 2935 2132 accipientes
2984 2062 3333 2117 oblationes:
3367 2077 3484 2116 ma-

1900 2172 2063 2226 gnum
2120 2170 2252 2211 vero
2310 2163 2532 2225 prapter
2591 2154 2794 2209 victum
2838 2153 3099 2209 facientes
3132 2165 3477 2222 apparatum,

1900 2251 2034 2303 adeo
2059 2259 2116 2301 ut
2150 2248 2304 2301 ﬂeret
2349 2247 2477 2300 illud
2535 2245 2921 2300 monasterium
2962 2255 3217 2314 tanquam
3243 2244 3481 2298 Abrahae

1901 2339 2333 2399 tabernaculum.
2366 2337 2567 2394 Omnes
2598 2339 2739 2390 enim
2772 2336 2907 2402 fere,
2933 2351 3027 2390 seu
3052 2335 3243 2404 dignos
3271 2351 3366 2389 seu
3392 2334 3477 2388 in-

1899 2433 2117 2502 dignos,
2149 2440 2405 2501 tanquam
2457 2429 2678 2499 angelos
2722 2427 2817 2483 Dei
2849 2428 3208 2498 accipiebant.
3251 2426 3476 2481 Beatum

1899 2533 2079 2578 autem
2139 2521 2469 2576 Auxentium
2529 2537 2654 2577 cum
2718 2520 2769 2574 in
2806 2520 2918 2575 alto
2968 2520 3205 2573 triclinio
3238 2518 3483 2573 cancello

1902 2615 2274 2680 inclusissent,
2303 2616 2562 2685 rogabant
2590 2623 2646 2667 ut
2675 2624 2856 2667 oraret
2898 2627 2995 2681 pro
3035 2612 3217 2665 mundi
3249 2620 3303 2666 et
3336 2611 3479 2679 ipso-
3561 2640 3572 2663 δ

1902 2724 2022 2763 rum
2052 2707 2251 2772 salute,
2273 2721 2434 2763 onme
2464 2706 2515 2761 ei
2543 2705 2906 2760 ministerium
2931 2715 2980 2759 et
3005 2705 3070 2758 iis
3100 2704 3190 2773 qui
3216 2704 3282 2756 ad
3303 2702 3480 2771 ipsum

1898 2799 2293 2856 concurrebant
2332 2797 2561 2868 impigre
2610 2794 2921 2855 oﬂ‘ereutes,
2973 2803 3192 2863 propter
3239 2792 3480 2859 cujusvis

1899 2891 2026 2947 boni
2057 2889 2240 2960 operis
2283 2906 2309 2944 a
2349 2889 2460 2944 lico
2489 2889 2811 2958 promissam
2848 2886 3374 2942 remunerationem.

1970 2980 2236 3039 XXXVII.
2258 2981 2409 3037 Multi
2442 2984 2585 3037 enim
2616 2983 2707 3053 qui
2734 2980 3044 3036 immundos
3084 2976 3483 3047 habebantspi-

1899 3077 2060 3140 ritus,
2086 3084 2142 3130 et
2172 3074 2420 3138 lunatici,
2469 3074 2779 3143 inlirmique
2810 3082 2868 3126 et
2918 3069 3201 3142 paralytici
3257 3067 3365 3123 illic
3392 3081 3483 3122 as—

1900 3170 2172 3235 sidebant,
2198 3178 2253 3224 et
2305 3167 2417 3223 illic
2446 3166 2783 3222 curationem
2820 3171 3087 3234 petentes,
3128 3176 3222 3231 per
3250 3174 3469 3216 servum

203 3252 401 3306 δούλου
433 3253 598 3307 αὑτοῦ
630 3253 923 3321 Αύξεντίου
957 3256 1334 3327 ἐξαιτούμενοι
1370 3259 1792 3332 ἐθεραπεύοντο.

1907 3261 1996 3316 Dei
2047 3233 2380 3316 Auxentium
2437 3271 2632 3313 omnes
2694 3233 3046 3311 curabantur.
3103 3253 3256 3310 Unde
3311 3252 3480 3307 etiam

207 3346 537 3416 Κομήτισσα
580 3346 636 3400 δέ
670 3366 750 3411 τις
782 3348 1067 3404 ἀκούσασα
1093 3350 1162 3403 τὰ
1202 3352 1331 3422 περὶ
1361 3350 1456 3405 τοῦ
1490 3352 1791 3424 μακαρίου,

207 3436 472 3492 ἔσπευδεν
520 3439 777 3493 ἀπελθεῖν
825 3442 920 3494 καὶ
964 3442 1343 3512 προσκυνῆσαι
1382 3443 1553 3512 αὐτῷ.
1585 3439 1793 3498 Ἶίλθεν

208 3525 309 3583 οὖν
338 3529 446 3583 ἀπὸ
472 3531 817 3603 Καλχηδόνος
848 3534 906 3586 ὲν
933 3529 1257 3604 βαστερνίῳ,
1278 3534 1372 3586 καὶ
1396 3532 1460 3605 δὴ
1489 3535 1793 3605 πλησιάσα-

214 3639 289 3676 σα
312 3624 425 3682 τοῖς
458 3624 672 3692 Ἀγίοις
704 3621 1049 3688 Ἀποστόλοις
1076 3624 1347 3694 κατῆλθεν
1372 3628 1434 3679 ἐκ
1461 3627 1555 3680 τοῦ
1575 3627 1797 3700 βαστερ·

208 3716 351 3777 νίου,
382 3716 476 3768 καὶ
496 3714 697 3786 ἧρχετο
724 3716 783 3768 ὲν
806 3714 883 3786 τῷ
925 3715 1295 3787 μοναστηρίῳ.
1343 3716 1441 3780 Ὦς
1474 3716 1532 3770 δὲ
1561 3718 1796 3789 ἦμελλεν

208 3807 440 3868 ἀνιέναι,
477 3807 608 3859 ἔνθα
630 3800 700 3877 ἦν
726 3808 755 3860 ὁ
780 3806 1077 3878 μακάριος,
1101 3807 1444 3879 διαῤῥήξασα
1467 3809 1568 3880 τὴν
1592 3810 1796 3884 ἐσθῆτα

209 3900 310 3954 καὶ
335 3898 689 3952 ἀποϐαλοῦσα
735 3900 805 3951 τὰ
834 3899 1039 3969 κόσμια
1066 3898 1259 3969 αὐτῆς,
1290 3899 1499 3970 ἤρξατο
1533 3900 1662 3974 βοᾷν
1684 3920 1698 3936 ο
1730 3904 1796 3959 Τί

208 3993 337 4063 ἐμοὶ
372 3991 467 4045 καὶ
524 3992 588 4045 σὺ
638 3991 774 4061 (leg.
827 3990 971 4060 σοὶ),
1026 3989 1306 4058 Αύξέντιε,
1362 3992 1795 4064 σκωληκόπους;

216 4084 402 4146 καλῶς
432 4080 849 4155 ὲνεκρυπτὸμην
899 4084 956 4136 ἐν
986 4084 1098 4147 τοῖς
1165 4082 1418 4152 ὲγκάτοις
1471 4086 1666 4152 αὐτῆς,
1700 4087 1797 4140 καὶ

220 4176 357 4238 ἰδοὺ,
390 4173 668 4246 ἀνήγαγες
704 4192 769 4242 με
802 4173 869 4225 δι’
899 4172 1162 4229 ἐνιαυτῶν
1192 4174 1388 4230 εἴκοσι.
1414 4176 1796 4243 Δωδεκαετοῦς

210 4268 383 4339 αὐτῆς
432 4266 599 4336 οῦσης
631 4265 908 4336 εἰσῆλθον,
947 4266 1042 4319 καὶ
1085 4267 1338 4335 χωρίζεις
1372 4284 1439 4336 με
1467 4269 1670 4324 ἄκοντα
1699 4272 1795 4324 ἀπ’

209 4363 403 4432 αὐτῆς.
446 4361 810 4429 Ἐπιτιμήσας
837 4353 929 4412 οῦν
953 4358 1033 4427 τῷ
1061 4358 1361 4429 ἀκαθάρτῳ
1385 4360 1682 4430 πνεύματι,
1700 4364 1796 4417 καὶ

211 4453 607 4525 παρεγγυήσας
634 4450 951 4521 φιμωθῆναι
975 4450 1070 4503 καὶ
1105 4451 1179 4520 μὴ
1209 4451 1508 4522 ὲνραγῆναι
1539 4456 1605 4523 τῇ
1655 4455 1795 4508 πλά-

216 4564 319 4608 σει.
358 4546 567 4599 ἱκέτευε
600 4545 691 4597 τὸν
721 4543 874 4609 Θεὸν,
910 4546 1136 4614 ποιῆσαι
1187 4543 1247 4595 τὸ
1280 4543 1429 4606 ἕλεος
1476 4546 1642 4599 αὑτοῦ
1677 4559 1795 4619 μετ’

213 4637 408 4707 αὐτῆς.
433 4638 568 4700 Δοὺς
590 4632 683 4689 οὖν
714 4633 881 4689 αιἰτοῦ
910 4633 1003 4687 τοῦ
1030 4632 1209 4686 ελαίου
1243 4634 1352 4686 τῶν
1382 4635 1553 4703 ἁγίων
1585 4640 1679 4691 καὶ
1710 4641 1801 4693 ἐπὶ

213 4729 624 4799 τεσσαράκοντα
679 4727 895 4798 ἡμέρας
924 4725 1234 4796 ’νηστεῦσαι
1293 4730 1630 4799 προστάξας,
1671 4732 1800 4801 ὑγιῆ

213 4820 484 4874 ἀπέλυσεν
510 4823 539 4873 ὁ
565 4821 826 4890 Χριστὸς,
852 4819 940 4872 διὰ
974 4818 1075 4888 τῆς
1101 4818 1266 4871 αὑτοῦ
1294 4823 1604 4891 προσευχῆς
1645 4825 1801 4878 ἰασά-

218 4931 376 4982 μενος
406 4914 595 4984 σύτήν.
649 4911 829 4965 Πολλά
879 4911 935 4965 δὲ
975 4910 1251 4981 παρέσχεν
1286 4914 1398 4975 τοῖς
1428 4919 1665 4986 πτωχοῖς
1704 4919 1799 4970 καὶ

213 5005 293 5076 τῷ
319 5005 670 5076 μοναττηρίῳ
706 5002 801 5057 τοῦ
833 5002 991 5071 ἁγίου
1026 5003 1315 5058 Ὑπατίου.

1902 3354 2148 3425 quaedam
2202 3352 2507 3415 comitissa,
2557 3365 2680 3404 cum
2733 3347 2801 3403 de
2850 3348 2951 3403 hoc
2999 3345 3156 3401 beato
3189 3345 3485 3399 audivisset

1897 3445 2197 3508 Auxentio,
2229 3441 2514 3498 contendit
2569 3440 2758 3495 venire
2785 3449 2840 3494 et
2887 3454 3012 3493 eum
3047 3436 3297 3491 adorare.
3321 3434 3485 3490 Chal-

1901 3536 2110 3593 cedone
2173 3550 2306 3604 ergo
2361 3533 2535 3596 venit,
2593 3546 2734 3601 equo
2773 3539 2950 3584 vecta.
2983 3526 3051 3583 Et
3108 3542 3231 3583 cum
3289 3526 3487 3581 fuisset

1901 3643 2070 3698 prope
2100 3625 2332 3681 Sanctos
2359 3622 2669 3692 Apostolus,
2694 3619 2976 3677 descendit
3004 3635 3070 3675 ex
3112 3633 3273 3690 equo,
3304 3626 3355 3671 et
3391 3631 3486 3688 pe-

1904 3723 1999 3778 des
2032 3721 2182 3776 venit
2208 3719 2264 3775 iu
2296 3717 2707 3773 monasterium.
2735 3713 2870 3769 Cum
2906 3722 3087 3769 autem
3111 3722 3256 3768 esset
3290 3725 3486 3766 ascen-

1901 3826 2029 3868 sura
2058 3812 2145 3867 ubi
2176 3818 2294 3866 erat
2340 3809 2554 3873 beatus,
2594 3816 2750 3878 rupta
2784 3814 2935 3862 veste
2970 3816 3025 3860 et
3054 3803 3282 3874 abiectis
3309 3816 3477 3859 orna-

1904 3903 2105 3960 mentis
2130 3902 2269 3967 suis,
2300 3900 2466 3970 ctepit
2496 3898 2736 3953 clamare
2768 3914 2784 3952 :
2823 3896 2965 3965 Quid
2999 3897 3130 3952 mihi
3174 3897 3249 3951 rei
3301 3906 3478 3949 tecum

1902 4004 2010 4059 est,
2045 3992 2276 4047 Anxenti
2301 3989 2573 4057 Vermipes
2595 3990 2619 4042 ἲ
2645 3988 2867 4059 pulchre
2885 3985 3258 4041 abscondebar
3282 3984 3337 4039 in
3356 3982 3478 4053 ejus

1904 4086 2181 4142 intestinis
2214 4101 2231 4143 ;
2260 4093 2311 4139 et
2342 4098 2471 4138 ecce
2499 4097 2583 4136 me
2610 4079 2845 4135 eduxiin
2889 4087 3008 4149 post
3052 4076 3241 4148 viginti
3283 4090 3477 4134 annos.

1905 4178 2038 4234 Eam
2073 4179 2217 4233 enim
2254 4178 2532 4246 ingressus
2559 4189 2704 4238 sum,
2729 4180 2853 4227 eum
2886 4181 3030 4226 esset
3060 4168 3345 4225 duodecim
3378 4182 3477 4222 an-

1904 4284 2006 4326 nos
2038 4280 2186 4335 nata,
2228 4282 2327 4323 nec
2370 4282 2456 4322 me
2489 4266 2743 4333 cognovit
2765 4263 3038 4334 quiSpiaut
3073 4262 3140 4317 ad
3177 4262 3279 4316 hoc
3312 4273 3486 4328 usque

1906 4372 2141 4430 tempus,
2187 4370 2241 4416 et
2293 4375 2380 4414 me
2441 4359 2670 4412 invitum
2726 4358 2794 4411 ab
2853 4371 2916 4409 ea
2959 4368 3207 4422 separas.
3244 4350 3486 4423 Signifer

1904 4470 2033 4510 vero
2063 4465 2116 4508 et
2146 4466 2374 4521 magnus
2405 4450 2573 4504 Pater
2596 4446 3123 4510 nosterAuxentius,
3150 4454 3271 4498 cum
3297 4444 3481 4498 incre~

1905 4554 2087 4615 passet
2109 4542 2404 4612 malignum
2427 4550 2479 4595 et
2500 4538 2838 4594 immundum
2859 4537 3131 4608 spiritum,
3156 4545 3211 4590 et
3222 4534 3483 4605 jnssisset

1904 4655 2029 4693 eum
2062 4637 2464 4700 obmutescere,
2528 4643 2637 4688 ette
2665 4641 2916 4686 creatura
2954 4645 3060 4684 non
3117 4641 3424 4697 erumpere,
3449 4640 3482 4681 ο

1905 4728 2016 4784 Deo
2071 4728 2291 4797 supplex
2325 4727 2481 4797 petiit
2512 4734 2570 4778 ut
2600 4723 2805 4778 faceret
2828 4738 2979 4777 suam
3008 4736 3129 4775 cum
3167 4735 3230 4775 ea
3261 4718 3483 4774 miseri-

1905 4821 2170 4876 cordiam.
2196 4818 2332 4875 Cum
2364 4832 2547 4874 autem
2577 4817 2814 4873 dedisset
2834 4815 2884 4870 ei
2907 4815 2972 4870 de
2996 4813 3118 4870 oleo
3140 4821 3482 4877 sanctorum,

1905 4924 1960 4970 et
1987 4929 2107 4969 eam
2129 4912 2379 4982 ieiunare
2411 4911 2667 4979 iussisset
2711 4908 3070 4981 quadraginta
3121 4909 3258 4975 dies,
3291 4920 3481 4961 sanam

1908 5022 2026 5060 eam
2054 5005 2254 5060 dimisit
2281 5004 2554 5066 Christus,
2587 5019 2707 5059 eam
2743 5017 2942 5057 curans
2972 5016 3066 5071 per
3099 4999 3220 5071 ejus
3276 4998 3484 5055 oratio-

1907 5113 2054 5152 nem.
2090 5096 2252 5151 Multa
2281 5113 2406 5152 veru
2431 5096 2662 5166 praebuit
2694 5095 3019 5165 pauperibus
3047 5101 3102 5149 et
3146 5090 3482 5148 monasterio

1908 5192 1968 5246 S.
2003 5193 2243 5263 liypatii.

1683 5301 1916 5358 CAI'UT
1963 5306 2000 5358 ν

1683 5302 1810 5356 CAI‘
1853 5303 1916 5358 'T
1988 5306 2000 5331 ⁷

780 5386 1115 5458 Colloquium
1138 5387 1197 5443 S.
1228 5388 1481 5445 Arruntii
1507 5406 1625 5444 cum
1649 5302 1930 5451 Marcii:er
1954 5306 2100 5469 .ititp.
2125 5399 2396 5470 Prolessio
2425 5399 2549 5470 ﬁdei
2580 5398 2905 5454 ortlzodoxa’.

288 5504 419 5557 ΑΠ’.
458 5503 615 5558 Μετὰ
645 5503 737 5558 οῦν
770 5504 928 5557 τοῦτο
984 5505 1316 5570 ἀποστείλας
1343 5509 1371 5562 ὁ
1405 5508 1798 5575 εὐσεϐέστατος

219 5595 475 5668 βασιλεὺς
529 5598 784 5670 δρόμωνα
816 5597 925 5652 ἀπὸ
978 5597 1073 5650 τοῦ
1128 5598 1390 5665 Έόδύμου
1421 5600 1509 5653 διὰ
1529 5601 1589 5654 τὸ
1615 5604 1797 5657 ἐκεῖσε

217 5693 518 5763 πρόκενσον
570 5690 731 5758 εἶναι,
796 5692 1179 5763 μετεστείλατο
1223 5693 1316 5747 τὸν
1365 5694 1635 5767 μακάριον
1666 5699 1798 5771 παρ’

281 5806 364 5878 (8}
386 5805 460 5860 Ita
482 5808 757 5862 Ccdronus
790 5809 854 5862 ad
884 5825 973 5863 an.
991 5807 1060 5862 2‘2
1084 5807 1229 5878 regni
1254 5807 1540 5864 Iustiniani
1559 5810 1803 5866 meminit

216 5875 515 5946 προκενσου
565 5881 853 5948 γενομένου
909 5880 967 5930 ὲν
1035 5879 1110 5948 τῷ
1154 5875 1421 5947 Ἕϐὁόμῳ.
1474 5882 1565 5935 list
1614 5892 1794 5936 attlcnt

230 5963 546 6019 procensus,
581 5965 869 6020 processus
905 5950 1104 6019 regius,
1134 5949 1247 6006 sive
1294 5950 1358 6004 ad
1400 5950 1653 6020 pietatem
1681 5952 1796 6007 sive

1982 5513 2274 5570 XXXVIII.
2306 5514 2436 5570 Post
2468 5516 2571 5571 huc
2602 5525 2778 5569 autem
2815 5514 2934 5585 pius
2984 5522 3279 5585 superator,
3314 5508 3496 5567 misso

1904 5607 2169 5663 drmuone
2215 5623 2281 5661 ex
2343 5606 2647 5672 Hebdomo,
2696 5608 2842 5676 quod
2906 5606 3018 5662 illic
3061 5614 3208 5662 esset
3249 5618 3481 5674 proccu-

1903 5713 1997 5753 sus
2032 5697 2134 5770 (8),
2162 5701 2227 5753 ad
2258 5713 2322 5753 se
2353 5700 2606 5755 accersiit
2631 5699 2848 5753 beatum
2874 5698 3200 5752 Auxentium
3234 5712 3250 5750 :
3277 5705 3484 5752 etcum

1910 5816 1975 5866 ad
1998 5814 2167 5868 solum
2202 5829 2472 5886 pompam.
2500 5814 2735 5885 ngttnr
2770 5813 2849 5869 (lo
2871 5828 2913 5867 .r
2953 5812 3005 5867 in
3037 5825 3155 5882 cap.
3212 5810 3278 5867 15
3303 5808 3483 5869 Curo—

1909 5886 2120 5954 palatu‘,
2159 5902 2212 5939 ιι.
2250 5887 2301 5941 6.
3408 5922 3413 5927 ο
