3820 6476
416 376 547 440 1407

1566 395 1849 460 MENSIS
1887 399 2404 468 FEBRUARIUS.

3544 408 3679 485 μοι

410 510 531 549 cum
557 495 780 552 vidisset
798 506 911 554 toto
934 514 1161 573 corpore
1186 504 1439 563 afflictum
1473 524 1537 567 cx
1564 515 1967 582 exercitatione1

2080 519 2278 594 ἑαυτῷ.
2310 522 2660 596 ϐιασάμενος
2685 525 2737 581 δὲ
2759 525 2921 581 αὑτὸν
2946 526 3108 583 παντὶ
3150 527 3229 600 τῷ
3257 525 3480 600 σώματι
3510 544 3680 582 κατα-

413 601 667 655 magnam
731 588 782 643 in
810 605 931 644 eum
985 595 1276 652 ostendens
1304 604 1688 673 reverentiam,
1731 607 1855 664 dicit
1889 611 1937 665 ei
1967 627 1984 670 :

2088 615 2468 687 πεπονημένον
2504 618 2568 672 ἐκ
2586 620 2684 690 τῆς
2714 621 3024 692 ἀσκήσεως,
3086 624 3293 693 σφόδρα
3327 622 3679 693 κατευλαϐηο

412 675 541 733 Scio
589 689 640 735 te
665 696 786 737 esse
816 681 911 738 Dei
939 700 1179 754 servum,
1219 691 1439 746 domine
1465 695 1715 762 Auxenti,
1740 710 1794 756 et
1817 703 1967 760 debet

2086 700 2200 764 θεὶς
2229 702 2375 773 λέγει
2405 706 2583 778 αὐτῷ·
2615 710 2812 765 Δοῦλον
2838 712 2932 766 τοῦ
2967 713 3103 768 Θεοῦ
3142 714 3425 785 ὑπάρχειν
3460 730 3521 767 σε
3573 713 3673 765 ἐπ·

409 774 722 828 consentire
775 783 978 831 sancta:
1011 789 1065 833 et
1113 785 1464 840 meumenicze
1517 789 1724 859 synodo
1758 793 1823 847 ad
1857 795 1981 862 hoc,

411 877 479 917 ne
516 872 568 916 tu
604 863 699 919 fias
725 879 914 923 auctor
942 869 1258 929 oﬂ‘ensionis
1283 876 1348 930 iis
1375 879 1464 947 qui
1511 894 1628 935 eam
1664 885 1855 942 volunt
1885 889 1982 943 ad-

410 955 647 1011 mittere.
701 957 934 1017 Sanctus
962 975 1138 1019 autem
1185 973 1540 1039 respondens,
1579 976 1710 1031 dicit
1744 979 1977 1046 impera-

409 1046 509 1100 tori
541 1065 555 1101 :
584 1048 716 1114 Quis
746 1067 865 1106 sum
922 1068 1025 1124 ego
1087 1058 1240 1113 canis
1290 1073 1565 1132 mortuus,
1592 1070 1734 1138 quod
1769 1081 1829 1126 ut
1854 1087 1976 1128 cum

405 1138 609 1193 sanctis
637 1144 945 1209 pastoribus
985 1162 1369 1218 connumerer,
1396 1153 1551 1224 jubet
1589 1168 1676 1213 tua
1713 1166 1975 1233 potentia,

404 1231 495 1296 qui
529 1246 634 1286 non
670 1249 861 1291 recuso
888 1240 1060 1308 pasci,
1101 1253 1154 1296 et
1206 1245 1451 1301 doctrina
1483 1252 1657 1319 egeo?
1680 1254 1980 1325 Imperator

406 1336 535 1377 vero
558 1332 842 1395 postquam
863 1330 1092 1398 plurima
1124 1349 1248 1389 eum
1275 1352 1338 1393 co
1376 1352 1519 1396 esset
1544 1344 1779 1409 locutus,
1803 1350 1973 1406 dixit:

403 1414 697 1475 Considera
722 1424 850 1493 quid
873 1427 1143 1495 expediat,
1173 1439 1225 1484 et
1257 1445 1324 1486 ne
1360 1448 1456 1487 nos
1474 1435 1677 1493 adicias
1703 1440 1974 1500 molestia.

401 1506 534 1562 Nam
584 1526 683 1567 nec
742 1530 841 1569 nos
901 1517 1118 1585 quidem
1181 1522 1472 1593 quidquam
1508 1541 1705 1596 praeter
1741 1532 1791 1586 id
1831 1537 1975 1604 quod

401 1614 632 1670 oportet,
665 1606 758 1662 sed
787 1610 1037 1678 utdecet,
1064 1615 1130 1666 ad
1151 1618 1512 1674 sanctissima:
1544 1622 1803 1680 Ecclesia:
1821 1629 1975 1684 unio-

404 1710 551 1759 nem,
581 1706 633 1752 et
689 1714 799 1755 non
844 1702 1298 1773 deSIrnctionem,
1352 1714 1641 1769 concilium
1673 1733 1972 1791 congrega-

403 1785 598 1843 rimus.
632 1787 757 1846 "an:
807 1808 928 1849 cum
963 1798 1183 1854 dixisset
1241 1803 1561 1873 imperator,
1591 1820 1646 1865 et
1692 1825 1879 1880 preces
1906 1813 1974 1868 ab

401 1893 466 1933 eo
504 1884 780 1952 petiisset,
814 1903 936 1944 cum
975 1893 1203 1950 dimisit.

479 2056 726 2118 XXXIX.
759 2063 892 2121 Cum
942 2083 1072 2125 vero
1103 2074 1343 2132 venisset
1367 2076 1559 2135 lwatus
1586 2083 1888 2140 Auxentius
1921 2087 1972 2142 in

400 2156 789 2209 monasterium
829 2157 1013 2215 Sancti
1046 2162 1264 2232 llypatii
1307 2167 1359 2221 in
1394 2169 1713 2229 Rufiinianis
1755 2175 1884 2247 (εν),
1919 2188 1973 2232 ct

401 2244 625 2299 vidisset
651 2247 777 2304 illuc
808 2264 1060 2322 magnam
1092 2254 1361 2314 amuxisse
1403 2244 1973 2335 multitudinem,cm-

400 2335 477 2404 pit
500 2337 755 2395 omnibus
789 2344 1087 2411 praecipere
1121 2358 1176 2400 ut
1202 2348 1542 2407 abstinerent
1569 2370 1598 2407 a
1631 2355 1884 2423 theatris,
1916 2370 1975 2416 ut

400 2443 521 2495 qua:
542 2439 727 2485 essent
757 2447 920 2487 causa
954 2436 1329 2507 impudicitim,
1357 2443 1753 2504 adulteriorum
1779 2462 1834 2506 et
1853 2452 1970 2508 falsi

407 2521 726 2586 testimonii,
760 2524 1093 2597 perjuriique
1126 2541 1181 2585 et
1234 2532 1606 2605 blasphemiae,
1636 2550 1692 2597 et
1727 2545 1969 2600 omnium

398 2609 632 2679 denique
657 2629 774 2683 qua!
797 2626 925 2671 sunt
949 2622 1219 2686 prohibita
1242 2636 1290 2678 et
1326 2625 1436 2681 Deo
1464 2630 1685 2686 minime
1707 2634 1922 2702 placent
1952 2654 1966 2691 :

399 2699 720 2759 hortabatur
744 2716 924 2763 autem
949 2710 1160 2768 sincrre
1178 2716 1398 2771 credere
1420 2720 1472 2773 in
1511 2734 1754 2778 sanctam
1785 2735 1973 2797 etquae

395 2803 476 2848 ost
502 2796 743 2866 ejusdem
766 2803 1019 2856 essentiaa
1038 2803 1384 2874 Trinitatem,
1419 2821 1474 2866 et
1508 2815 1754 2870 confiteri
1787 2796 1971 2875 Domi-

394 2901 525 2941 num
548 2899 794 2945 nostrum
821 2890 1004 2948 Jesum
1027 2895 1299 2953 Christum
1332 2906 1637 2974 suscepisse
1664 2923 1882 2965 carnem
1905 2926 1971 2965 ex

393 2990 586 3036 sancto
610 2981 815 3052 Spiritu
829 2996 882 3039 et
901 2986 1064 3042 Maria
1086 3006 1301 3062 semper
1316 2992 1542 3065 Virgine
1562 3008 1614 3053 et
1632 2999 1968 3070 Deiparente,
2000 3034 2005 3037 ι

392 3080 450 3125 ct
478 3072 720 3128 assidere
742 3078 1106 3134 sanctissimis
1140 3083 1405 3152 ccclesiis,
1440 3089 1490 3141 in
1526 3090 1749 3159 psalmis
1781 3104 1836 3149 et
1873 3095 1973 3166 hy-

2088 792 2334 865 ίσταμαι,
2361 796 2486 866 κύρι
2524 798 2802 865 Αὖξὲντιε.
2843 804 2935 856 καὶ
2978 805 3214 874 ὀφείλεις
3254 801 3580 858 συναινέσαι
3611 802 3676 874 τῇ

2084 886 2225 956 ἁγίῳ
2252 888 2345 941 καὶ
2367 890 2716 965 οἰκουμενικῇ
2751 895 2954 969 συνόδῳ
2974 937 2988 959 ,
3024 898 3162 968 πρὸς
3181 898 3243 952 τδ
3265 897 3343 969 μὴ
3372 896 3676 968 παραίτιον

2083 979 2332 1046 γενέσθαι
2388 984 2690 1039 σκανδάλου
2748 989 2861 1051 τοῖς
2926 989 3095 1061 αὐτὴν
3151 989 3525 1060 ἀποδέχεσθαι
3597 988 3673 1058 μὴ

2083 1068 2450 1142 βουλομένοις.
2485 1073 2544 1127 Ὀ
2568 1076 2623 1129 δὲ
2650 1077 2975 1146 άποκριθείς
3005 1099 3138 1151 φησι
3162 1081 3300 1151 πρὸς
3335 1081 3538 1133 αὐτόν’
3576 1080 3675 1145 Τίς

2079 1161 2198 1227 εἶμι
2254 1162 2364 1231 ἐγὼ
2394 1166 2421 1217 6
2472 1166 2620 1221 κύων
2649 1169 2678 1221 6
2709 1168 3008 1241 τεθνηκὼς,
3058 1171 3142 1226 ὅτι
3173 1171 3397 1239 ποιμέσι
3432 1188 3504 1242 με
3545 1188 3674 1224 συνσ

2079 1251 2431 1323 αριθμεῖσθαι
2481 1260 2810 1329 προστάττει
2850 1262 2911 1316 τὸ
2941 1264 3146 1333 κράτος
3170 1281 3284 1329 σου,
3317 1264 3412 1317 τὸν
3441 1262 3672 1331 ποιμαί-

2078 1345 2259 1399 νεσθαι
2296 1348 2371 1419 μὴ
2403 1352 2837 1423 παραιτούμενον
2867 1356 2962 1409 καὶ
2982 1356 3332 1411 διδασκαλίας
3368 1356 3669 1425 ἐπιδεόμε-

2079 1454 2198 1501 νον;
2236 1439 2292 1493 Ὀ
2324 1440 2381 1494 δὲ
2417 1441 2675 1511 βασιλεὺς
2710 1447 2849 1514 μετὰ
2878 1448 2938 1502 τὸ
2964 1448 3194 1503 πλεῖστα
3227 1449 3367 1519 πρὸς
3388 1448 3455 1502 τὸ
3488 1448 3665 1501 διαλε-

2077 1528 2271 1599 χθῆναι
2298 1531 2445 1601 αὐτῷ
2462 1532 2601 1603 ἔφηι·
2624 1535 2827 1605 Σκέψαι
2849 1537 2910 1590 τὸ
2928 1538 3233 1609 συμφέρον,
3263 1540 3357 1592 καὶ
3383 1540 3462 1609 μὴ
3488 1539 3667 1609 λυπήο

2078 1636 2177 1694 σῃς
2208 1623 2356 1692 ἡμᾶς
2383 1640 2398 1655 ⁸
2426 1624 2559 1679 διότι
2589 1628 2681 1681 καὶ
2713 1632 2876 1697 ἡμεῖς
2901 1631 3053 1686 οὐδὲν
3076 1633 3230 1698 παρὰ
3264 1632 3327 1685 τὸ
3357 1633 3506 1698 δέον,
3530 1632 3665 1686 ἀλλὰ

2076 1712 2219 1766 κατὰ
2245 1713 2303 1766 τδ
2323 1715 2532 1785 πρέπον
2562 1717 2617 1768 ὲν
2654 1721 2721 1788 τῇ
2750 1719 2965 1785 ὲνὼσει,
2991 1721 3087 1774 καὶ
3115 1723 3176 1774 ού
3209 1722 3535 1793 καθαιρέσει
3566 1725 3661 1792 τῆς

2081 1806 2393 1876 ἁγιωτάτης
2456 1807 2782 1880 Ἐκκλησίας
2842 1812 2942 1881 τὴν
3006 1795 3230 1866 σύνοδον
3283 1815 3661 1882 πεποιήμεθα.

2078 1895 2264 1949 Ταῦτα
2299 1897 2468 1950 εἰπὼν
2497 1899 2590 1952 καὶ
2611 1900 2776 1970 εὐχὴν
2807 1902 3034 1973 αἰτήσας
3081 1904 3213 1973 παρ’
3256 1903 3425 1957 αὑτοῦ
3456 1905 3661 1957 ἀπέλυ-

2080 2004 2173 2041 σεν
2205 1989 2392 2044 αὐτόν.
2417 2019 2420 2022 ~

2145 2078 2270 2133 AG’.
2304 2078 2507 2135 Ἐλθὼν
2528 2077 2621 2135 οὖν
2648 2084 2676 2136 6
2708 2083 2975 2152 μακάριος
3000 2084 3058 2138 ἐν
3080 2085 3158 2156 τῷ
3183 2087 3537 2159 μοναστηρίῳ
3567 2087 3661 2141 τοῦ

2074 2170 2233 2238 ἁγίου
2279 2170 2539 2227 Ὕπατίου
2600 2175 2658 2227 ἐν
2723 2176 3147 2244 Ῥυυφινιαναῖς,
3177 2180 3273 2232 καὶ
3320 2179 3660 2247 θεασάμενος

2076 2262 2278 2332 πλῆθος
2338 2264 2473 2317 πολὺ
2524 2266 2929 2338 συνδραμόντας
2987 2269 3137 2338 αὐτῷ
3193 2273 3398 2337 ἐκεῖσε,
3457 2272 3660 2343 ἤρξατο

2075 2356 2209 2409 πᾶσι
2239 2359 2561 2431 παρεγγυᾷν
2590 2359 2669 2430 τῷ
2693 2360 2997 2430 ἀπέχεσθαι
3024 2361 3132 2415 τῶν
3154 2363 3402 2430 θεάτρων
3427 2365 3501 2425 ὡς
3526 2368 3657 2419 ἀκοο

2073 2445 2265 2511 λασίας
2300 2450 2485 2502 αἰτίων
2512 2452 2768 2520 μοιχειῶν
2798 2468 2858 2504 τε
2884 2453 2978 2504 καὶ
3004 2452 3518 2524 ψευδομαρτυριῶν,
3563 2455 3657 2509 καὶ

2075 2538 2295 2593 πάντων
2324 2540 2433 2594 τῶν
2481 2543 2953 2613 ἀπηγορευμένων
3006 2545 3096 2598 καὶ
3123 2544 3241 2615 Θεῷ
3272 2544 3348 2616 μὴ
3393 2546 3660 2615 ἀρεσκόν-

2073 2649 2203 2696 των,
2221 2635 2497 2689 πιστεύειν
2518 2636 2575 2689 δὲ
2595 2636 2906 2708 εἰλικρινῶς
2931 2639 3011 2700 εἰς
3038 2636 3135 2705 τὴν
3164 2638 3327 2706 ἁγίαν
3348 2640 3445 2691 καὶ
3472 2638 3659 2707 ὁμοσύο

2076 2742 2191 2780 σιον
2220 2727 2428 2798 Τρεάδα
2458 2729 2554 2782 καὶ
2580 2730 2865 2800 ὁμολογεῖν
2901 2732 2993 2784 τδν
3025 2732 3228 2800 Κύριον
3255 2732 3415 2801 ἡμῶν
3446 2733 3656 2801 Ἰησοῦν

2073 2820 2311 2890 Χριστὸν
2349 2823 2412 2875 ἐκ
2440 2823 2758 2893 Πνεύματος
2794 2823 2950 2891 ἁγίου
3000 2826 3093 2879 καὶ
3123 2826 3346 2895 Μαρίας
3381 2826 3481 2895 τῆς
3513 2826 3654 2896 Παρο

2074 2910 2227 2964 θένου
2252 2911 2346 2966 καὶ
2388 2912 2650 2967 Θεοτόκου
2699 2915 3078 2986 σαρκωθέντα,
3116 2918 3213 2969 καὶ
3264 2917 3656 2988 προσεδρεύειν

2074 3005 2194 3067 ταῖς
2233 3005 2568 3072 ἁγιωτάταις
2625 3005 2945 3077 ἐκκλησίαις
2972 3009 3030 3060 ὲν
3057 3008 3295 3079 ψαλμοῖς
3339 3012 3436 3063 καὶ
3466 3009 3655 3080 ὕμνοις

2074 3095 2171 3149 καὶ
2222 3095 2389 3168 ᾠδαῖς
2428 3101 2846 3168 πνευματικαῖς.
2885 3099 3043 3163 Τινὲς
3090 3101 3147 3154 δὲ
3191 3102 3256 3152 ὲκ
3286 3102 3382 3155 τοῦ
3416 3103 3655 3172 πλήθους

396 3162 537 3218 mnis
562 3174 616 3218 et
645 3166 876 3223 canticis
913 3169 1269 3236 spiritalibus.
1295 3175 1522 3242 Quidam
1548 3196 1678 3236 vero
1714 3198 1787 3241 ex
1814 3162 1965 3240 mulo

2078 3162 2483 3263 προσελθόντες,
2516 3162 2874 3261 πυρέττοντες
2904 3191 2999 3244 καὶ
3052 3191 3358 3262 ριγιῶντες,
3395 3162 3655 3258 aiuntib;

394 3254 642 3321 titudine,
669 3257 762 3325 qui
783 3268 1155 3332 accesserant,
1190 3263 1560 3327 febricitantes
1579 3281 1635 3326 et
1661 3274 1967 3345 horrentes,

340 3396 343 3397 ν
392 3343 596 3414 dignati
663 3357 915 3404 contactu
951 3354 1069 3422 ejus
1123 3372 1336 3423 manus,
1403 3363 1524 3415 sani
1580 3375 1710 3419 sunt
1740 3343 1959 3425 redditi.

394 3437 452 3489 lii
484 3447 665 3493 autem
697 3441 1063 3511 significatum
1090 3457 1172 3503 est
1195 3451 1391 3507 adesse
1415 3454 1646 3521 puellam
1673 3461 1966 3526 quamdam

402 3544 594 3585 recens
633 3544 854 3602 nuptam
877 3552 998 3607 quae
1021 3540 1073 3593 in
1103 3541 1342 3597 thalamo
1373 3558 1622 3615 correpta
1647 3547 1747 3603 fuit
1773 3553 1840 3605 ah
1865 3554 1967 3606 im-

392 3623 594 3677 tnundo
649 3624 914 3695 daemone,
945 3638 1001 3685 et
1026 3646 1086 3685 se
1121 3633 1327 3689 divellit
1362 3646 1414 3690 et
1450 3640 1708 3698 comedit.
1735 3640 1968 3699 Sanctus

395 3729 522 3769 vero
578 3731 702 3771 cum
760 3733 880 3774 eam
928 3722 1181 3791 jussisset
1229 3730 1546 3795 ascendere,
1605 3733 1742 3787 dixit
1789 3734 1969 3807 laery-

395 3822 586 3863 tnans:
621 3806 664 3863 Ο
692 3813 889 3867 malam
933 3826 1167 3870 chIram
1223 3820 1566 3890 phalangem,
1610 3840 1730 3894 quae
1782 3806 1965 3892 generi

394 3897 671 3955 hominum
731 3917 944 3972 semper
991 3906 1313 3964 insidiatur!
1346 3912 1693 3979 Obmutesca,
1737 3917 1967 3988 maligne

391 3989 638 4057 spiritus,
670 4003 724 4047 et
771 3996 1030 4064 egredere
1081 4017 1111 4054 e
1141 3999 1233 4055 Dei
1281 4013 1557 4069 creatura,
1589 4006 1705 4061 sine
1744 4018 1963 4075 pertur-

391 4081 607 4136 hatione
636 4094 690 4137 et
721 4084 829 4137 ulla
873 4086 1092 4155 injuria.
1116 4087 1348 4146 Perinde
1378 4108 1506 4163 ergo
1545 4110 1608 4149 ac
1642 4097 1685 4150 si
1717 4098 1767 4150 itt
1801 4113 1966 4168 sopo-

394 4186 505 4224 rem
546 4182 689 4227 esset
734 4175 968 4230 resoluta
1026 4180 1223 4248 puclla,
1256 4184 1324 4237 ah
1372 4198 1431 4237 ca
1477 4189 1696 4241 recessit
1731 4189 1962 4244 dat-mon.

389 4259 523 4316 Cum
548 4271 726 4321 autent
750 4269 1097 4335 surrexisset,
1132 4272 1266 4327 ahiit
1289 4290 1479 4333 rursus
1511 4294 1642 4333 sana
1674 4280 1726 4334 in
1744 4280 1962 4337 domum

389 4369 565 4421 Suam,
599 4356 785 4415 laetans
805 4370 858 4415 et
896 4361 1002 4418 Deo
1032 4362 1257 4434 gloriam
1296 4368 1563 4426 trilmens.

460 4448 573 4505 XL.
596 4450 731 4508 Cum
765 4468 893 4508 vero
920 4471 1107 4512 rursus
1144 4460 1363 4516 mittens
1388 4462 1685 4533 imperator
1724 4482 1847 4521 cum
1877 4483 1962 4525 ac-

2070 3295 2162 3341 τες
2193 3279 2289 3349 τῆς
2322 3280 2464 3350 άφῆς
2493 3282 2590 3350 τῆς
2618 3282 2802 3352 χειρὸς
2837 3283 3028 3353 αὑτοῦ,
3072 3284 3248 3352 ὑγιεῖς
3283 3285 3649 3357 κατέστησαν.

2083 3369 2359 3442 Ἐμηνύθη
2419 3372 2476 3425 δὲ
2523 3372 2694 3442 αὐτῷ,
2750 3375 2832 3428 ὅτι
2889 3374 3024 3445 κόρη
3060 3392 3142 3438 τις
3182 3375 3451 3446 νεόγαμος
3491 3380 3546 3430 ἐν
3571 3377 3651 3448 τῷ

2071 3463 2262 3531 πιστῷ
2282 3463 2553 3533 ληφθεῖσα
2578 3464 2683 3517 ὑπὸ
2708 3465 3017 3534 πνεύματος
3041 3464 3357 3537 ἀκαθάρτου
3384 3468 3648 3538 πάρεστιν

2069 3554 2468 3609 κατατίλλουσσ.
2499 3558 2701 3628 ἑαυτὴν
2734 3559 2825 3611 καὶ
2847 3560 3227 3613 κατεσθίουσα.
3276 3561 3337 3613 Ὀ
3367 3560 3426 3613 δὲ
3466 3559 3648 3613 κελεύ-

2071 3661 2169 3707 σας
2198 3646 2367 3716 αὐτὴν
2399 3648 2663 3715 ἀνελθεῖν,
2693 3649 2994 3721 σύνδακρυς
3015 3650 3254 3719 γεγονὼς
3282 3651 3390 3722 ἔφη
3411 3670 3425 3684 ·
3456 3654 3521 3705 Ὠ
3546 3655 3645 3723 τῆς

2072 3742 2317 3810 πονηρᾶς
2347 3741 2500 3810 ὑμῶν
2532 3742 2807 3811 φάλαγγος
2831 3744 2929 3813 τῆς
2952 3744 3037 3797 ἀεὶ
3077 3742 3535 3815 ἐπιϐουλευούσης
3567 3744 3644 3816 τῷ

2068 3832 2214 3901 γένει
2256 3834 2362 3887 τῶν
2416 3834 2753 3905 ἀνθρώπωνί
2785 3836 3084 3907 Φιμώθητι,
3133 3837 3349 3907 πνεῦμα
3381 3838 3634 3908 πονηρὸν,

2075 3928 2169 3977 καὶ
2195 3925 2375 3991 ἔξελθε
2401 3929 2464 3979 ὲκ
2485 3928 2576 3979 τοῦ
2604 3928 2922 3998 πλάσματος
2953 3928 3043 3981 τού
3066 3928 3200 3982 Θεοῦ
3228 3929 3522 3998 ἀταράχως
3546 3930 3641 3983 καὶ

2068 4016 2514 4085 ἀνεπηρεάστως.
2583 4018 2670 4082 Ὠς
2721 4019 2814 4072 ἐπὶ
2871 4018 3024 4090 ὕμνῳ
3081 4015 3174 4072 οὖν
3213 4020 3639 4088 κατεκλυθείσης

2066 4104 2165 4171 τῆς
2204 4104 2394 4175 κόρης,
2428 4106 2680 4177 ἀπηλάθη
2710 4108 2737 4159 6
2770 4107 3009 4177 δαίμωνο
3068 4109 3350 4162 ἀναστᾶσα
3386 4107 3442 4162 δὲ
3488 4105 3640 4170 αὖθις

2066 4197 2310 4268 ἀπῆλθεν
2332 4200 2490 4270 ὑγιὴς
2518 4200 2598 4264 εἰς
2623 4200 2714 4254 τὸν
2740 4196 2887 4255 οἷκον
2914 4200 3107 4271 αὐτῆς.

2137 4460 2226 4517 Μ’.
2272 4462 2359 4526 Ὠς
2388 4462 2444 4515 δὲ
2469 4462 2630 4545 πάλιν
2655 4462 2977 4528 ἀποστείλας
3015 4465 3042 4518 6
3081 4463 3339 4535 βασιλεὺς
3372 4464 3645 4534 μετεστεί-

393 4547 693 4614 cersiisset,
728 4551 937 4621 rogavit
960 4568 1026 4605 an
1050 4557 1411 4610 assentiretur
1441 4572 1643 4615 sancta:
1664 4567 1872 4632 synodo
1906 4577 1959 4621 et

2075 4557 2196 4608 λατο
2228 4555 2413 4619 αὑτὸν,
2443 4555 2677 4608 ἐπύθετο
2703 4557 2833 4627 παρ’
2862 4554 3051 4621 αὐτοῦ,
3081 4558 3129 4608 εί
3151 4558 3396 4609 συναινεῖ
3418 4560 3484 4627 τῇ
3515 4558 3643 4630 ἁγίᾳ

346 4680 353 4687 .
389 4655 512 4694 cum
566 4654 757 4697 sancta
800 4647 1232 4704 communicaret
1285 4649 1552 4708 Ecclesia.
1587 4656 1731 4713 Dixit
1778 4668 1958 4714 autem

387 4732 578 4788 heatus
617 4751 632 4789 :
665 4736 945 4801 Quomodo
993 4753 1211 4807 possum
1270 4746 1694 4812 tommunicare,
1748 4751 1793 4804 si
1854 4767 1959 4805 non

384 4826 706 4880 confiteatur
762 4843 886 4885 esse
940 4829 1321 4900 Deiparentem
1387 4849 1604 4906 semper
1641 4838 1965 4909 Virginem?

389 4917 532 4971 Dixit
559 4920 607 4972 ei
640 4912 972 4989 imperator:
1017 4922 1073 4977 Si
1102 4924 1300 4979 videris
1332 4942 1450 4994 qum
1481 4938 1610 4982 sunt
1661 4941 1806 4987 recte
1826 4947 1958 4988 con-

384 5008 595 5064 ﬁrmata
627 5021 680 5066 et
712 5013 948 5068 stabilita
980 5029 1009 5069 a
1038 5018 1242 5085 synodo
1296 5019 1362 5073 ad
1416 5022 1838 5079 destructionem
1867 5043 1956 5081 re-

384 5100 654 5167 liquarum
698 5106 986 5167 Ineresmn.
1017 5121 1143 5164 tune
1199 5128 1414 5183 quoque
1460 5117 1954 5175 asscntieris‘Hle-

383 5182 603 5263 spondit
643 5208 866 5255 sanctus
896 5217 911 5255 :
947 5199 1001 5256 Si
1037 5203 1172 5257 nihil
1208 5182 1459 5275 aggressa
1497 5216 1582 5262 est
1615 5208 1730 5263 lucc
1764 5223 1952 5267 sancta

383 5285 624 5355 synodus
662 5290 805 5357 quod
840 5293 1026 5346 tendat
1052 5294 1117 5347 ad
1139 5296 1491 5351 erertendum
1525 5299 1814 5354 concilium
1845 5312 1955 5357 tre-

382 5386 663 5433 centorum
688 5379 874 5434 decem
907 5391 960 5436 et
989 5396 1111 5439 octo
1139 5385 1383 5453 Patrum,
1418 5389 1507 5458 qui
1544 5402 1702 5445 erant
1731 5391 1949 5462 Niemaa,

382 5468 477 5524 scd
526 5470 824 5541 perfectam
876 5476 1181 5529 enuntiavit
1213 5480 1396 5533 carnis
1434 5495 1701 5552 suscepta:
1731 5501 1953 5541 tecono-

381 5562 543 5616 mium
597 5562 905 5621 Servatoris
950 5568 1120 5622 nostri
1160 5567 1289 5624 Jesu
1328 5571 1550 5636 Christi,
1587 5588 1640 5629 et
1673 5591 1793 5647 qua:
1824 5595 1953 5635 con-

2064 4648 2268 4718 συνόδῳ
2302 4649 2396 4701 καὶ
2430 4651 2679 4703 κοινωνεί
2724 4652 2790 4718 τῇ
2835 4648 3152 4720 Ἐκκλησία.
3193 4648 3251 4703 '0
3281 4650 3338 4703 δὲ
3374 4653 3642 4720 μακάριος

2062 4742 2204 4811 ἔφη·
2238 4741 2362 4804 Πῶς
2405 4742 2512 4810 ἔχω
2537 4742 2886 4812 κοινωνῆσαι,
2928 4741 3001 4813 μὴ
3049 4742 3495 4815 ὁμολογουμένης
3522 4744 3647 4797 Θεο-

2058 4834 2219 4887 τόκου
2260 4834 2358 4903 τῆς
2390 4835 2476 4887 ἀεὶ
2509 4835 2826 4903 Πιρθένου;
2860 4837 2965 4888 Καὶ
3003 4837 3029 4887 ὁ
3067 4835 3320 4905 βασιλεὺς
3349 4834 3474 4891 εἷπε
3506 4837 3642 4907 πρὸς

2066 4926 2228 4979 αὐτόν
2254 4943 2267 4959 ⁸
2314 4927 2439 4980 Ἐὰν
2462 4923 2556 4980 οὖν
2587 4927 2859 4999 ἐπισκέψῃ
2890 4929 2972 4990 εἰς
3000 4927 3067 4980 τά
3111 4927 3293 4991 καλῶς
3323 4928 3644 4999 κυρωθέντα

2065 5020 2170 5073 ὑπὸ
2196 5020 2293 5091 τῆς
2322 5020 2539 5073 συνόδου
2565 5019 2656 5073 καὶ
2679 5018 3046 5089 βεϐαιωθέντα
3071 5022 3151 5082 είς
3189 5018 3515 5089 καθαίρεσιν
3535 5021 3642 5073 τῷν

2062 5111 2266 5165 λοιπῶν
2314 5113 2601 5183 αἱρέσεων,
2644 5111 2953 5165 συντίθεσαι
2994 5115 3089 5166 καὶ
3119 5113 3639 5184 αὑτόςςἊπεκρίθη

2061 5204 2093 5258 6
2132 5203 2401 5275 μακάριος
2424 5223 2438 5237 ·
2464 5205 2593 5274 Εἵγε
2622 5203 2696 5275 μὴ
2725 5204 2859 5275 πρὸς
2892 5206 3208 5275 ἀνατροπὴν
3238 5202 3332 5258 τοῦ
3366 5206 3639 5274 συμόὁλου

2056 5296 2165 5349 τῶν
2186 5297 2241 5349 ἐν
2268 5296 2474 5368 Nini;
2507 5296 2837 5366 τριακοσίων
2891 5296 3026 5350 δέκα
3074 5301 3166 5350 καὶ
3204 5296 3351 5350 ὀκτὼ
3379 5298 3641 5369 Πατέρων

2055 5390 2472 5461 παρενεχείρισε
2500 5392 2567 5459 τῇ
2599 5390 2732 5459 ἁγία
2760 5388 2933 5459 αὐτῆς
2966 5388 3193 5460 συνόδῳ,
3259 5389 3397 5444 ἀλλὰ
3424 5390 3641 5443 τελείαν

2056 5481 2157 5551 τὴν
2212 5480 2527 5549 οἰκονομίαν
2577 5481 2672 5535 τοῦ
2701 5480 2949 5549 Σωτῆρος
2982 5481 3141 5552 ἡμῶν
3178 5481 3418 5551 Χριστοῦ
3449 5481 3642 5551 ἐξηγό-

2065 5592 2279 5647 ρευσεν,
2307 5577 2406 5630 καὶ
2431 5579 2531 5646 τὴν
2558 5575 2651 5628 ἐπὶ
2681 5574 2782 5645 τῆς
2823 5575 3104 5646 Παρθένου
3135 5574 3404 5629 Θεοτόκου
3450 5575 3639 5651 φωνὴν

451 5740 552 5824 (8‘)
590 5743 718 5798 Erat
769 5746 934 5833 locus
952 5745 1039 5801 ille
1069 5746 1149 5831 sic
1192 5748 1366 5806 dictus
1394 5765 1424 5808 a
1481 5751 1690 5812 Bttﬂiuo
1723 5758 1964 5829 consule,
2000 5761 2090 5831 qni
2118 5761 2499 5821 cculcsiamihi
2528 5760 2906 5833 Apostolorum
2953 5777 3078 5818 cum
3139 5761 3472 5819 monasterio
3500 5761 3631 5818 aedi-

378 5812 580 5883 ficavit,
620 5824 675 5869 ut
713 5826 860 5872 notat
894 5816 1174 5875 Baronius.
