  <div class='ocr_page' id='page_1' title='image "/cluster/home/n/w/nwhite01/storage/ocr_20150623/114/hvd.32044019208123/756.png"; bbox 0 0 3820 6528; ppageno 0'>
   <div class='ocr_carea' id='block_1_1' title="bbox 194 390 359 455">
    <p class='ocr_par' dir='ltr' id='par_1_1' title="bbox 194 390 359 455">
     <span class='ocr_line' id='line_1_1' title="bbox 194 390 359 455; baseline 0.006 -1"><span class='ocrx_word' id='word_1_1' title='bbox 194 390 359 455; x_wconf 69' lang='lat' dir='ltr'><strong>HDL)</strong></span> 
     </span>
    </p>
   </div>
   <div class='ocr_carea' id='block_1_2' title="bbox 1485 385 2208 448">
    <p class='ocr_par' dir='ltr' id='par_1_2' title="bbox 1485 385 2208 448">
     <span class='ocr_line' id='line_1_2' title="bbox 1485 385 2208 448; baseline -0.001 0"><span class='ocrx_word' id='word_1_2' title='bbox 1485 386 1663 448; x_wconf 73' lang='lat' dir='ltr'><strong>VITA</strong></span> <span class='ocrx_word' id='word_1_3' title='bbox 1705 388 1768 448; x_wconf 93' lang='lat' dir='ltr'><strong>S.</strong></span> <span class='ocrx_word' id='word_1_4' title='bbox 1806 385 2208 447; x_wconf 68' lang='lat' dir='ltr'><strong>AUXENTEI.</strong></span> 
     </span>
    </p>
   </div>
   <div class='ocr_carea' id='block_1_3' title="bbox 3338 385 3479 452">
    <p class='ocr_par' dir='ltr' id='par_1_3' title="bbox 3338 385 3479 452">
     <span class='ocr_line' id='line_1_3' title="bbox 3338 385 3479 452; baseline 0.007 -1"><span class='ocrx_word' id='word_1_5' title='bbox 3338 385 3479 452; x_wconf 71' lang='grc' dir='ltr'>Ῑίίθ</span> 
     </span>
    </p>
   </div>
   <div class='ocr_carea' id='block_1_4' title="bbox 185 500 1813 575">
    <p class='ocr_par' dir='ltr' id='par_1_4' title="bbox 185 500 1797 575">
     <span class='ocr_line' id='line_1_4' title="bbox 185 500 1797 575; baseline -0.006 -14"><span class='ocrx_word' id='word_1_6' title='bbox 185 509 311 561; x_wconf 77' lang='grc' dir='ltr'>οὐκ</span> <span class='ocrx_word' id='word_1_7' title='bbox 338 504 604 575; x_wconf 77' lang='grc' dir='ltr'>ἀφείλατο</span> <span class='ocrx_word' id='word_1_8' title='bbox 628 521 641 535; x_wconf 91' lang='grc'><strong>·</strong></span> <span class='ocrx_word' id='word_1_9' title='bbox 675 502 831 566; x_wconf 86' lang='grc' dir='ltr'>αυθις</span> <span class='ocrx_word' id='word_1_10' title='bbox 853 500 1099 557; x_wconf 85' lang='grc' dir='ltr'>κοινωνῶ</span> <span class='ocrx_word' id='word_1_11' title='bbox 1131 501 1226 556; x_wconf 71' lang='grc' dir='ltr'>καὶ</span> <span class='ocrx_word' id='word_1_12' title='bbox 1257 500 1519 565; x_wconf 83' lang='grc' dir='ltr'>συναινῶ,</span> <span class='ocrx_word' id='word_1_13' title='bbox 1571 502 1797 571; x_wconf 76' lang='grc' dir='ltr'>εὐχαρι-</span> 
     </span>
    </p>
   </div>
   <div class='ocr_carea' id='block_1_5' title="bbox 1916 500 3482 575">
    <p class='ocr_par' dir='ltr' id='par_1_5' title="bbox 1916 500 3482 573">
     <span class='ocr_line' id='line_1_5' title="bbox 1916 500 3482 573; baseline 0 -20"><span class='ocrx_word' id='word_1_14' title='bbox 1916 502 2050 553; x_wconf 78' lang='lat' dir='ltr'><strong>venit</strong></span> <span class='ocrx_word' id='word_1_15' title='bbox 2083 500 2310 571; x_wconf 79' lang='lat' dir='ltr'><strong>Virgini.</strong></span> <span class='ocrx_word' id='word_1_16' title='bbox 2343 500 2677 573; x_wconf 76' lang='lat' dir='ltr'><strong>Deipa&#39;rentt&#39;s</strong></span> <span class='ocrx_word' id='word_1_17' title='bbox 2710 516 2897 558; x_wconf 81' lang='lat' dir='ltr'><strong>vocem</strong></span> <span class='ocrx_word' id='word_1_18' title='bbox 2930 514 3035 555; x_wconf 89' lang='lat' dir='ltr'><strong>non</strong></span> <span class='ocrx_word' id='word_1_19' title='bbox 3076 513 3263 555; x_wconf 79' lang='lat' dir='ltr'><strong>rursus</strong></span> <span class='ocrx_word' id='word_1_20' title='bbox 3294 502 3482 555; x_wconf 86' lang='lat' dir='ltr'><strong>abstu-</strong></span> 
     </span>
    </p>
   </div>
   <div class='ocr_carea' id='block_1_6' title="bbox 194 578 1804 666">
    <p class='ocr_par' dir='ltr' id='par_1_6' title="bbox 194 578 1804 666">
     <span class='ocr_line' id='line_1_6' title="bbox 194 578 1804 666; baseline -0.004 -16"><span class='ocrx_word' id='word_1_21' title='bbox 194 596 360 650; x_wconf 83' lang='grc' dir='ltr'><strong>στῶν</strong></span> <span class='ocrx_word' id='word_1_22' title='bbox 393 594 468 666; x_wconf 81' lang='grc' dir='ltr'>τῷ</span> <span class='ocrx_word' id='word_1_23' title='bbox 494 594 616 666; x_wconf 83' lang='grc' dir='ltr'>Θεῷ</span> <span class='ocrx_word' id='word_1_24' title='bbox 640 596 738 648; x_wconf 74' lang='grc' dir='ltr'>καὶ</span> <span class='ocrx_word' id='word_1_25' title='bbox 766 597 831 665; x_wconf 81' lang='grc' dir='ltr'>τῇ</span> <span class='ocrx_word' id='word_1_26' title='bbox 861 578 1103 665; x_wconf 69' lang='grc' dir='ltr'>ὑμετέρα</span> <span class='ocrx_word' id='word_1_27' title='bbox 1128 592 1400 666; x_wconf 82' lang='grc' dir='ltr'>εὐσεϐείᾳ.</span> <span class='ocrx_word' id='word_1_28' title='bbox 1427 592 1613 647; x_wconf 77' lang='grc' dir='ltr'>Ταῦτα</span> <span class='ocrx_word' id='word_1_29' title='bbox 1642 590 1804 644; x_wconf 85' lang='grc' dir='ltr'>άκού-</span> 
     </span>
    </p>
   </div>
   <div class='ocr_carea' id='block_1_7' title="bbox 201 668 1804 759">
    <p class='ocr_par' dir='ltr' id='par_1_7' title="bbox 201 668 1804 759">
     <span class='ocr_line' id='line_1_7' title="bbox 201 668 1804 759; baseline -0.004 -17"><span class='ocrx_word' id='word_1_30' title='bbox 201 706 320 751; x_wconf 82' lang='grc' dir='ltr'><strong>σας</strong></span> <span class='ocrx_word' id='word_1_31' title='bbox 353 691 383 742; x_wconf 82' lang='grc' dir='ltr'>ὁ</span> <span class='ocrx_word' id='word_1_32' title='bbox 413 686 693 759; x_wconf 74' lang='grc' dir='ltr'>βασιλεὺς,</span> <span class='ocrx_word' id='word_1_33' title='bbox 724 687 1110 758; x_wconf 75' lang='grc' dir='ltr'><strong>κατησπάζετο</strong></span> <span class='ocrx_word' id='word_1_34' title='bbox 1144 668 1310 740; x_wconf 71' lang='grc' dir='ltr'>αὐτοῦ</span> <span class='ocrx_word' id='word_1_35' title='bbox 1343 685 1441 756; x_wconf 81' lang='grc' dir='ltr'>τὴν</span> <span class='ocrx_word' id='word_1_36' title='bbox 1467 684 1684 754; x_wconf 79' lang='grc' dir='ltr'>ἔντιμον</span> <span class='ocrx_word' id='word_1_37' title='bbox 1709 699 1804 736; x_wconf 86' lang='grc' dir='ltr'>κε-</span> 
     </span>
    </p>
   </div>
   <div class='ocr_carea' id='block_1_8' title="bbox 194 776 1806 848">
    <p class='ocr_par' dir='ltr' id='par_1_8' title="bbox 194 776 1806 848">
     <span class='ocr_line' id='line_1_8' title="bbox 194 776 1806 848; baseline -0.002 -18"><span class='ocrx_word' id='word_1_38' title='bbox 194 777 419 847; x_wconf 79' lang='grc' dir='ltr'>φαλὴν,</span> <span class='ocrx_word' id='word_1_39' title='bbox 452 778 543 830; x_wconf 72' lang='grc' dir='ltr'>καὶ</span> <span class='ocrx_word' id='word_1_40' title='bbox 574 777 859 831; x_wconf 79' lang='grc' dir='ltr'>ἐκέλευσεν</span> <span class='ocrx_word' id='word_1_41' title='bbox 887 776 1029 848; x_wconf 79' lang='grc' dir='ltr'>μετὰ</span> <span class='ocrx_word' id='word_1_42' title='bbox 1082 776 1327 839; x_wconf 80' lang='grc' dir='ltr'>πλείονος</span> <span class='ocrx_word' id='word_1_43' title='bbox 1359 776 1526 846; x_wconf 84' lang='grc' dir='ltr'>τιμῆς</span> <span class='ocrx_word' id='word_1_44' title='bbox 1553 790 1806 845; x_wconf 78' lang='grc' dir='ltr'>παραγε-</span> 
     </span>
    </p>
   </div>
   <div class='ocr_carea' id='block_1_9' title="bbox 196 869 1799 942">
    <p class='ocr_par' dir='ltr' id='par_1_9' title="bbox 196 869 1799 942">
     <span class='ocr_line' id='line_1_9' title="bbox 196 869 1799 942; baseline -0.001 -19"><span class='ocrx_word' id='word_1_45' title='bbox 196 870 411 924; x_wconf 78' lang='grc' dir='ltr'>νὲσθαι</span> <span class='ocrx_word' id='word_1_46' title='bbox 464 870 627 924; x_wconf 74' lang='grc' dir='ltr'>αὑτὸν</span> <span class='ocrx_word' id='word_1_47' title='bbox 679 871 737 925; x_wconf 81' lang='grc' dir='ltr'>ὲν</span> <span class='ocrx_word' id='word_1_48' title='bbox 792 874 858 941; x_wconf 78' lang='grc' dir='ltr'>τῇ</span> <span class='ocrx_word' id='word_1_49' title='bbox 926 870 1137 942; x_wconf 77' lang='grc' dir='ltr'><strong>μεγάλῃ</strong></span> <span class='ocrx_word' id='word_1_50' title='bbox 1192 869 1471 941; x_wconf 77' lang='grc' dir='ltr'><strong>ἁγιωτάτῃ</strong></span> <span class='ocrx_word' id='word_1_51' title='bbox 1517 869 1799 941; x_wconf 75' lang='grc' dir='ltr'>ἐκκλησίᾳ.</span> 
     </span>
    </p>
   </div>
   <div class='ocr_carea' id='block_1_10' title="bbox 198 956 1806 1030">
    <p class='ocr_par' dir='ltr' id='par_1_10' title="bbox 198 956 1806 1030">
     <span class='ocr_line' id='line_1_10' title="bbox 198 956 1806 1030; baseline 0.001 -19"><span class='ocrx_word' id='word_1_52' title='bbox 198 956 434 1027; x_wconf 72' lang='grc' dir='ltr'>Πλῆθος</span> <span class='ocrx_word' id='word_1_53' title='bbox 457 957 514 1013; x_wconf 83' lang='grc' dir='ltr'>δὲ</span> <span class='ocrx_word' id='word_1_54' title='bbox 543 959 678 1013; x_wconf 83' lang='grc' dir='ltr'>πολὺ</span> <span class='ocrx_word' id='word_1_55' title='bbox 707 959 802 1014; x_wconf 76' lang='grc' dir='ltr'>τοῦ</span> <span class='ocrx_word' id='word_1_56' title='bbox 842 959 973 1013; x_wconf 82' lang='grc' dir='ltr'>λαοῦ</span> <span class='ocrx_word' id='word_1_57' title='bbox 1003 959 1287 1012; x_wconf 79' lang='grc' dir='ltr'>συνείπετο</span> <span class='ocrx_word' id='word_1_58' title='bbox 1315 958 1485 1029; x_wconf 80' lang='grc' dir='ltr'>αὐτῷ.</span> <span class='ocrx_word' id='word_1_59' title='bbox 1541 960 1806 1030; x_wconf 86' lang='grc' dir='ltr'>Μηνύσας</span> 
     </span>
    </p>
   </div>
   <div class='ocr_carea' id='block_1_11' title="bbox 195 1047 1807 1123">
    <p class='ocr_par' dir='ltr' id='par_1_11' title="bbox 195 1047 1807 1123">
     <span class='ocr_line' id='line_1_11' title="bbox 195 1047 1807 1123; baseline 0.002 -21"><span class='ocrx_word' id='word_1_60' title='bbox 195 1047 263 1102; x_wconf 68' lang='grc' dir='ltr'>δὲ</span> <span class='ocrx_word' id='word_1_61' title='bbox 298 1048 331 1101; x_wconf 78' lang='grc' dir='ltr'><strong>ὁ</strong></span> <span class='ocrx_word' id='word_1_62' title='bbox 368 1048 623 1118; x_wconf 77' lang='grc' dir='ltr'>βασιλεὺς</span> <span class='ocrx_word' id='word_1_63' title='bbox 675 1051 755 1122; x_wconf 81' lang='grc' dir='ltr'>τῷ</span> <span class='ocrx_word' id='word_1_64' title='bbox 806 1051 1227 1123; x_wconf 73' lang='grc' dir='ltr'>άρχιεπισκόπῳ</span> <span class='ocrx_word' id='word_1_65' title='bbox 1289 1052 1807 1106; x_wconf 79' lang='grc' dir='ltr'>Κωνσταντινουττό-</span> 
     </span>
    </p>
   </div>
   <div class='ocr_carea' id='block_1_12' title="bbox 197 1138 1806 1214">
    <p class='ocr_par' dir='ltr' id='par_1_12' title="bbox 197 1138 1806 1214">
     <span class='ocr_line' id='line_1_12' title="bbox 197 1138 1806 1214; baseline 0.004 -23"><span class='ocrx_word' id='word_1_66' title='bbox 197 1138 359 1204; x_wconf 85' lang='grc' dir='ltr'>λεως</span> <span class='ocrx_word' id='word_1_67' title='bbox 387 1143 454 1195; x_wconf 71' lang='grc' dir='ltr'>τὰ</span> <span class='ocrx_word' id='word_1_68' title='bbox 484 1140 744 1211; x_wconf 77' lang='grc' dir='ltr'><strong>λεχθέντα</strong></span> <span class='ocrx_word' id='word_1_69' title='bbox 776 1144 905 1214; x_wconf 83' lang='grc' dir='ltr'>παρ’</span> <span class='ocrx_word' id='word_1_70' title='bbox 960 1143 1149 1207; x_wconf 76' lang='grc' dir='ltr'>αὑτοῦ,</span> <span class='ocrx_word' id='word_1_71' title='bbox 1182 1143 1361 1198; x_wconf 86' lang='grc' dir='ltr'>πάντα</span> <span class='ocrx_word' id='word_1_72' title='bbox 1409 1144 1477 1197; x_wconf 76' lang='grc' dir='ltr'><strong>τὰ</strong></span> <span class='ocrx_word' id='word_1_73' title='bbox 1513 1144 1806 1214; x_wconf 72' lang='grc' dir='ltr'><strong>ὁρισθέντα</strong></span> 
     </span>
    </p>
   </div>
   <div class='ocr_carea' id='block_1_13' title="bbox 204 1231 1803 1308">
    <p class='ocr_par' dir='ltr' id='par_1_13' title="bbox 204 1231 1803 1308">
     <span class='ocr_line' id='line_1_13' title="bbox 204 1231 1803 1308; baseline 0.003 -24"><span class='ocrx_word' id='word_1_74' title='bbox 204 1231 325 1285; x_wconf 79' lang='grc' dir='ltr'><strong>ὑπὸ</strong></span> <span class='ocrx_word' id='word_1_75' title='bbox 351 1232 453 1302; x_wconf 80' lang='grc' dir='ltr'><strong>τῆς</strong></span> <span class='ocrx_word' id='word_1_76' title='bbox 482 1235 643 1303; x_wconf 86' lang='grc' dir='ltr'>ἁγίας</span> <span class='ocrx_word' id='word_1_77' title='bbox 679 1235 898 1288; x_wconf 80' lang='grc' dir='ltr'><strong>συνόδου</strong></span> <span class='ocrx_word' id='word_1_78' title='bbox 927 1236 1462 1308; x_wconf 78' lang='grc' dir='ltr'>παραναγνωσθῆναι</span> <span class='ocrx_word' id='word_1_79' title='bbox 1502 1235 1654 1307; x_wconf 83' lang='grc' dir='ltr'>αύτῷ</span> <span class='ocrx_word' id='word_1_80' title='bbox 1678 1235 1803 1289; x_wconf 78' lang='grc' dir='ltr'>ὲκέ-</span> 
     </span>
    </p>
   </div>
   <div class='ocr_carea' id='block_1_14' title="bbox 203 1323 1303 1379">
    <p class='ocr_par' dir='ltr' id='par_1_14' title="bbox 203 1323 1303 1379">
     <span class='ocr_line' id='line_1_14' title="bbox 203 1323 1303 1379; baseline -0.001 -3"><span class='ocrx_word' id='word_1_81' title='bbox 203 1323 437 1379; x_wconf 77' lang='grc' dir='ltr'>λευσεν.</span> <span class='ocrx_word' id='word_1_82' title='bbox 1300 1373 1303 1375; x_wconf 79' lang='lat'><strong>.</strong></span> 
     </span>
    </p>
   </div>
   <div class='ocr_carea' id='block_1_15' title="bbox 284 1415 1806 1492">
    <p class='ocr_par' dir='ltr' id='par_1_15' title="bbox 284 1415 1806 1492">
     <span class='ocr_line' id='line_1_15' title="bbox 284 1415 1806 1492; baseline 0.001 -20"><span class='ocrx_word' id='word_1_83' title='bbox 284 1415 426 1473; x_wconf 54' lang='grc' dir='ltr'><strong>ΜΔΖ</strong></span> <span class='ocrx_word' id='word_1_84' title='bbox 460 1419 572 1473; x_wconf 78' lang='grc' dir='ltr'><strong>Καὶ</strong></span> <span class='ocrx_word' id='word_1_85' title='bbox 598 1419 663 1489; x_wconf 77' lang='grc' dir='ltr'>δὴ</span> <span class='ocrx_word' id='word_1_86' title='bbox 692 1420 1069 1492; x_wconf 80' lang='grc' dir='ltr'>ἐντετυχηκὼς</span> <span class='ocrx_word' id='word_1_87' title='bbox 1090 1423 1201 1484; x_wconf 85' lang='grc' dir='ltr'>τοῖς</span> <span class='ocrx_word' id='word_1_88' title='bbox 1226 1419 1642 1492; x_wconf 69' lang='grc' dir='ltr'><strong>πεπραγμένοις</strong></span> <span class='ocrx_word' id='word_1_89' title='bbox 1667 1420 1806 1490; x_wconf 81' lang='grc' dir='ltr'>μετὰ</span> 
     </span>
    </p>
   </div>
   <div class='ocr_carea' id='block_1_16' title="bbox 205 1512 1807 1582">
    <p class='ocr_par' dir='ltr' id='par_1_16' title="bbox 205 1512 1807 1582">
     <span class='ocr_line' id='line_1_16' title="bbox 205 1512 1807 1582; baseline 0.001 -18"><span class='ocrx_word' id='word_1_90' title='bbox 205 1512 488 1582; x_wconf 79' lang='grc' dir='ltr'>ἀκριϐοῦς</span> <span class='ocrx_word' id='word_1_91' title='bbox 518 1513 788 1582; x_wconf 71' lang='grc' dir='ltr'>σκέψεως,</span> <span class='ocrx_word' id='word_1_92' title='bbox 831 1516 929 1582; x_wconf 58' lang='grc' dir='ltr'><strong>καί</strong></span> <span class='ocrx_word' id='word_1_93' title='bbox 983 1514 1226 1577; x_wconf 75' lang='grc' dir='ltr'>πεισθεὶς</span> <span class='ocrx_word' id='word_1_94' title='bbox 1265 1515 1348 1567; x_wconf 82' lang='grc' dir='ltr'>ὅτι</span> <span class='ocrx_word' id='word_1_95' title='bbox 1390 1514 1510 1566; x_wconf 85' lang='grc' dir='ltr'>κατ’</span> <span class='ocrx_word' id='word_1_96' title='bbox 1559 1513 1807 1567; x_wconf 67' lang='grc' dir='ltr'>εὐδοκίαν</span> 
     </span>
    </p>
   </div>
   <div class='ocr_carea' id='block_1_17' title="bbox 207 1580 1807 1676">
    <p class='ocr_par' dir='ltr' id='par_1_17' title="bbox 207 1580 1807 1676">
     <span class='ocr_line' id='line_1_17' title="bbox 207 1580 1807 1676; baseline 0.002 -20"><span class='ocrx_word' id='word_1_97' title='bbox 207 1580 360 1656; x_wconf 77' lang='grc' dir='ltr'>Θεοῦ</span> <span class='ocrx_word' id='word_1_98' title='bbox 392 1603 462 1658; x_wconf 83' lang='grc' dir='ltr'>τὰ</span> <span class='ocrx_word' id='word_1_99' title='bbox 486 1580 643 1675; x_wconf 51' lang='grc' dir='ltr'>παρά</span> <span class='ocrx_word' id='word_1_100' title='bbox 670 1580 1089 1676; x_wconf 65' lang='grc' dir='ltr'>τῆςΝεστορίου</span> <span class='ocrx_word' id='word_1_101' title='bbox 1120 1604 1395 1674; x_wconf 75' lang='grc' dir='ltr'>φλυαρίας</span> <span class='ocrx_word' id='word_1_102' title='bbox 1430 1605 1525 1658; x_wconf 70' lang='grc' dir='ltr'>καὶ</span> <span class='ocrx_word' id='word_1_103' title='bbox 1546 1606 1614 1657; x_wconf 67' lang='grc' dir='ltr'>τὰ</span> <span class='ocrx_word' id='word_1_104' title='bbox 1657 1605 1807 1675; x_wconf 72' lang='grc' dir='ltr'>παρὰ</span> 
     </span>
    </p>
   </div>
   <div class='ocr_carea' id='block_1_18' title="bbox 207 1695 1808 1770">
    <p class='ocr_par' dir='ltr' id='par_1_18' title="bbox 207 1695 1808 1770">
     <span class='ocr_line' id='line_1_18' title="bbox 207 1695 1808 1770; baseline 0.002 -23"><span class='ocrx_word' id='word_1_105' title='bbox 207 1695 322 1766; x_wconf 81' lang='grc' dir='ltr'><strong>τῆς</strong></span> <span class='ocrx_word' id='word_1_106' title='bbox 353 1696 630 1765; x_wconf 82' lang='grc' dir='ltr'>Εὑτυχοῦς</span> <span class='ocrx_word' id='word_1_107' title='bbox 656 1697 920 1767; x_wconf 75' lang='grc' dir='ltr'><strong>προδήλου</strong></span> <span class='ocrx_word' id='word_1_108' title='bbox 960 1699 1161 1767; x_wconf 79' lang='grc' dir='ltr'>μανίας</span> <span class='ocrx_word' id='word_1_109' title='bbox 1189 1702 1269 1762; x_wconf 85' lang='grc' dir='ltr'><strong>εἰς</strong></span> <span class='ocrx_word' id='word_1_110' title='bbox 1312 1699 1493 1770; x_wconf 82' lang='grc' dir='ltr'>λύμην</span> <span class='ocrx_word' id='word_1_111' title='bbox 1523 1697 1634 1751; x_wconf 80' lang='grc' dir='ltr'><strong>τῶν</strong></span> <span class='ocrx_word' id='word_1_112' title='bbox 1680 1697 1808 1751; x_wconf 78' lang='grc' dir='ltr'>πολ-</span> 
     </span>
    </p>
   </div>
   <div class='ocr_carea' id='block_1_19' title="bbox 210 1781 1806 1858">
    <p class='ocr_par' dir='ltr' id='par_1_19' title="bbox 210 1781 1806 1858">
     <span class='ocr_line' id='line_1_19' title="bbox 210 1781 1806 1858; baseline 0.003 -22"><span class='ocrx_word' id='word_1_113' title='bbox 210 1783 331 1837; x_wconf 84' lang='grc' dir='ltr'>λῶν</span> <span class='ocrx_word' id='word_1_114' title='bbox 384 1785 815 1855; x_wconf 84' lang='grc' dir='ltr'>δογματισθέντα</span> <span class='ocrx_word' id='word_1_115' title='bbox 881 1788 915 1858; x_wconf 80' lang='grc' dir='ltr'>ἠ</span> <span class='ocrx_word' id='word_1_116' title='bbox 987 1788 1121 1856; x_wconf 82' lang='grc' dir='ltr'>ἁγία</span> <span class='ocrx_word' id='word_1_117' title='bbox 1198 1781 1419 1853; x_wconf 69' lang='grc' dir='ltr'>σύύοδος</span> <span class='ocrx_word' id='word_1_118' title='bbox 1477 1788 1806 1842; x_wconf 74' lang='grc' dir='ltr'>ἐϐεϐαίωσεν</span> 
     </span>
    </p>
   </div>
   <div class='ocr_carea' id='block_1_20' title="bbox 213 1872 1807 1952">
    <p class='ocr_par' dir='ltr' id='par_1_20' title="bbox 213 1872 1807 1952">
     <span class='ocr_line' id='line_1_20' title="bbox 213 1872 1807 1952; baseline 0.003 -24"><span class='ocrx_word' id='word_1_119' title='bbox 213 1874 525 1947; x_wconf 80' lang='grc' dir='ltr'><strong>βλάσφημα</strong></span> <span class='ocrx_word' id='word_1_120' title='bbox 578 1872 738 1941; x_wconf 79' lang='grc' dir='ltr'>εἶναι,</span> <span class='ocrx_word' id='word_1_121' title='bbox 789 1880 979 1932; x_wconf 80' lang='grc' dir='ltr'><strong>καθότι</strong></span> <span class='ocrx_word' id='word_1_122' title='bbox 1015 1881 1198 1952; x_wconf 83' lang='grc' dir='ltr'>ἐκείνη</span> <span class='ocrx_word' id='word_1_123' title='bbox 1236 1881 1335 1951; x_wconf 75' lang='grc' dir='ltr'>μὲν</span> <span class='ocrx_word' id='word_1_124' title='bbox 1385 1879 1521 1950; x_wconf 75' lang='grc' dir='ltr'>πρὸς</span> <span class='ocrx_word' id='word_1_125' title='bbox 1552 1880 1677 1943; x_wconf 79' lang='grc' dir='ltr'>τοὺς</span> <span class='ocrx_word' id='word_1_126' title='bbox 1703 1879 1807 1947; x_wconf 86' lang='grc' dir='ltr'><strong>ἀρ-</strong></span> 
     </span>
    </p>
   </div>
   <div class='ocr_carea' id='block_1_21' title="bbox 211 1969 1804 2042">
    <p class='ocr_par' dir='ltr' id='par_1_21' title="bbox 211 1969 1804 2042">
     <span class='ocr_line' id='line_1_21' title="bbox 211 1969 1804 2042; baseline 0.003 -22"><span class='ocrx_word' id='word_1_127' title='bbox 211 1970 525 2038; x_wconf 79' lang='grc' dir='ltr'>νουμένους</span> <span class='ocrx_word' id='word_1_128' title='bbox 551 1971 651 2041; x_wconf 80' lang='grc' dir='ltr'>τὴν</span> <span class='ocrx_word' id='word_1_129' title='bbox 680 1969 869 2024; x_wconf 84' lang='grc' dir='ltr'>οὐσίαν</span> <span class='ocrx_word' id='word_1_130' title='bbox 898 1970 993 2025; x_wconf 82' lang='grc' dir='ltr'>τοῦ</span> <span class='ocrx_word' id='word_1_131' title='bbox 1028 1971 1351 2042; x_wconf 70' lang='grc' dir='ltr'>μονογενοῦς</span> <span class='ocrx_word' id='word_1_132' title='bbox 1378 1973 1506 2026; x_wconf 84' lang='grc' dir='ltr'><strong>Υίοῦ</strong></span> <span class='ocrx_word' id='word_1_133' title='bbox 1537 1971 1633 2025; x_wconf 80' lang='grc' dir='ltr'>τοῦ</span> <span class='ocrx_word' id='word_1_134' title='bbox 1669 1971 1804 2025; x_wconf 75' lang='grc' dir='ltr'>Θεοῦ</span> 
     </span>
    </p>
   </div>
   <div class='ocr_carea' id='block_1_22' title="bbox 214 2060 1805 2135">
    <p class='ocr_par' dir='ltr' id='par_1_22' title="bbox 214 2060 1805 2135">
     <span class='ocr_line' id='line_1_22' title="bbox 214 2060 1805 2135; baseline 0.001 -23"><span class='ocrx_word' id='word_1_135' title='bbox 214 2060 617 2130; x_wconf 73' lang='grc' dir='ltr'><strong>παρετάττετο,</strong></span> <span class='ocrx_word' id='word_1_136' title='bbox 678 2060 816 2132; x_wconf 76' lang='grc' dir='ltr'>αὕτη</span> <span class='ocrx_word' id='word_1_137' title='bbox 870 2061 928 2116; x_wconf 78' lang='grc' dir='ltr'>δὲ</span> <span class='ocrx_word' id='word_1_138' title='bbox 985 2064 1121 2134; x_wconf 84' lang='grc' dir='ltr'>πρὸς</span> <span class='ocrx_word' id='word_1_139' title='bbox 1177 2064 1305 2128; x_wconf 75' lang='grc' dir='ltr'>τοὺς</span> <span class='ocrx_word' id='word_1_140' title='bbox 1347 2065 1448 2135; x_wconf 81' lang='grc' dir='ltr'>τὴν</span> <span class='ocrx_word' id='word_1_141' title='bbox 1491 2065 1805 2133; x_wconf 76' lang='grc' dir='ltr'>οἰκονομίαν</span> 
     </span>
    </p>
   </div>
   <div class='ocr_carea' id='block_1_23' title="bbox 214 2151 1805 2220">
    <p class='ocr_par' dir='ltr' id='par_1_23' title="bbox 214 2151 1805 2220">
     <span class='ocr_line' id='line_1_23' title="bbox 214 2151 1805 2220; baseline 0.003 -16"><span class='ocrx_word' id='word_1_142' title='bbox 214 2152 391 2206; x_wconf 83' lang='grc' dir='ltr'>αὐτοῦ</span> <span class='ocrx_word' id='word_1_143' title='bbox 422 2151 751 2217; x_wconf 81' lang='grc' dir='ltr'>ἁθετοῦντας</span> <span class='ocrx_word' id='word_1_144' title='bbox 774 2193 790 2218; x_wconf 85' lang='grc'><em>,</em></span> <span class='ocrx_word' id='word_1_145' title='bbox 826 2155 910 2208; x_wconf 82' lang='grc' dir='ltr'>ὅτι</span> <span class='ocrx_word' id='word_1_146' title='bbox 944 2154 1076 2220; x_wconf 74' lang='grc' dir='ltr'>Θεὸς</span> <span class='ocrx_word' id='word_1_147' title='bbox 1108 2155 1182 2209; x_wconf 81' lang='grc' dir='ltr'>ὢν</span> <span class='ocrx_word' id='word_1_148' title='bbox 1219 2160 1282 2211; x_wconf 80' lang='grc' dir='ltr'>ὲκ</span> <span class='ocrx_word' id='word_1_149' title='bbox 1319 2156 1457 2209; x_wconf 73' lang='grc' dir='ltr'>Θεοῦ</span> <span class='ocrx_word' id='word_1_150' title='bbox 1484 2159 1512 2210; x_wconf 84' lang='grc' dir='ltr'><strong>δ</strong></span> <span class='ocrx_word' id='word_1_151' title='bbox 1550 2156 1643 2211; x_wconf 78' lang='grc' dir='ltr'>τοῦ</span> <span class='ocrx_word' id='word_1_152' title='bbox 1670 2156 1805 2210; x_wconf 77' lang='grc' dir='ltr'>Θεοῦ</span> 
     </span>
    </p>
   </div>
   <div class='ocr_carea' id='block_1_24' title="bbox 216 2244 1807 2320">
    <p class='ocr_par' dir='ltr' id='par_1_24' title="bbox 216 2244 1807 2320">
     <span class='ocr_line' id='line_1_24' title="bbox 216 2244 1807 2320; baseline 0.002 -22"><span class='ocrx_word' id='word_1_153' title='bbox 216 2244 354 2310; x_wconf 56' lang='lat' dir='ltr'><strong>re,</strong></span> <span class='ocrx_word' id='word_1_154' title='bbox 413 2248 682 2311; x_wconf 84' lang='grc' dir='ltr'>συναῖδιος</span> <span class='ocrx_word' id='word_1_155' title='bbox 746 2249 842 2302; x_wconf 73' lang='grc' dir='ltr'><strong>καὶ</strong></span> <span class='ocrx_word' id='word_1_156' title='bbox 901 2249 1186 2320; x_wconf 71' lang='grc' dir='ltr'>ὁμοούσιος</span> <span class='ocrx_word' id='word_1_157' title='bbox 1209 2252 1303 2303; x_wconf 68' lang='grc' dir='ltr'><strong>καὶ</strong></span> <span class='ocrx_word' id='word_1_158' title='bbox 1353 2251 1685 2320; x_wconf 83' lang='grc' dir='ltr'>συνάναρχος</span> <span class='ocrx_word' id='word_1_159' title='bbox 1731 2247 1807 2320; x_wconf 84' lang='grc' dir='ltr'>τῷ</span> 
     </span>
    </p>
   </div>
   <div class='ocr_carea' id='block_1_25' title="bbox 218 2335 1806 2411">
    <p class='ocr_par' dir='ltr' id='par_1_25' title="bbox 218 2335 1806 2411">
     <span class='ocr_line' id='line_1_25' title="bbox 218 2335 1806 2411; baseline 0.003 -21"><span class='ocrx_word' id='word_1_160' title='bbox 218 2336 407 2409; x_wconf 73' lang='grc' dir='ltr'>Πατρὶ</span> <span class='ocrx_word' id='word_1_161' title='bbox 430 2335 519 2389; x_wconf 75' lang='grc' dir='ltr'><strong>ἐπ’</strong></span> <span class='ocrx_word' id='word_1_162' title='bbox 544 2337 791 2407; x_wconf 74' lang='grc' dir='ltr'>ἐσχάτων</span> <span class='ocrx_word' id='word_1_163' title='bbox 823 2341 889 2408; x_wconf 77' lang='grc' dir='ltr'><strong>τῇ</strong></span> <span class='ocrx_word' id='word_1_164' title='bbox 920 2339 1171 2411; x_wconf 69' lang='grc' dir='ltr'>ἡμετέρα</span> <span class='ocrx_word' id='word_1_165' title='bbox 1200 2338 1362 2408; x_wconf 74' lang='grc' dir='ltr'>φύσει</span> <span class='ocrx_word' id='word_1_166' title='bbox 1387 2339 1607 2402; x_wconf 71' lang='grc' dir='ltr'>ὲνωθεὶς</span> <span class='ocrx_word' id='word_1_167' title='bbox 1640 2341 1806 2410; x_wconf 78' lang='grc' dir='ltr'>ἐσαρ-</span> 
     </span>
    </p>
   </div>
   <div class='ocr_carea' id='block_1_26' title="bbox 220 2426 1806 2502">
    <p class='ocr_par' dir='ltr' id='par_1_26' title="bbox 220 2426 1806 2502">
     <span class='ocr_line' id='line_1_26' title="bbox 220 2426 1806 2502; baseline 0.001 -23"><span class='ocrx_word' id='word_1_168' title='bbox 220 2426 402 2496; x_wconf 79' lang='grc' dir='ltr'>κώθη.</span> <span class='ocrx_word' id='word_1_169' title='bbox 437 2428 742 2498; x_wconf 79' lang='grc' dir='ltr'>ἀτρέπτως,</span> <span class='ocrx_word' id='word_1_170' title='bbox 768 2430 1111 2501; x_wconf 83' lang='grc' dir='ltr'>ἁσυγχύτως,</span> <span class='ocrx_word' id='word_1_171' title='bbox 1135 2430 1477 2502; x_wconf 79' lang='grc' dir='ltr'>άδιαιρέτως.</span> <span class='ocrx_word' id='word_1_172' title='bbox 1505 2431 1679 2483; x_wconf 82' lang='grc' dir='ltr'>Τινῶν</span> <span class='ocrx_word' id='word_1_173' title='bbox 1700 2431 1806 2501; x_wconf 71' lang='grc' dir='ltr'><strong>γὰρ</strong></span> 
     </span>
    </p>
   </div>
   <div class='ocr_carea' id='block_1_27' title="bbox 220 2518 1807 2596">
    <p class='ocr_par' dir='ltr' id='par_1_27' title="bbox 220 2518 1807 2596">
     <span class='ocr_line' id='line_1_27' title="bbox 220 2518 1807 2596; baseline 0.003 -25"><span class='ocrx_word' id='word_1_174' title='bbox 220 2518 610 2588; x_wconf 79' lang='grc' dir='ltr'>φρενοϐλαϐὦς</span> <span class='ocrx_word' id='word_1_175' title='bbox 646 2522 809 2575; x_wconf 76' lang='grc' dir='ltr'>αὑτὸν</span> <span class='ocrx_word' id='word_1_176' title='bbox 866 2522 1242 2596; x_wconf 78' lang='grc' dir='ltr'>παραφθεῖραι</span> <span class='ocrx_word' id='word_1_177' title='bbox 1280 2523 1671 2594; x_wconf 72' lang='grc' dir='ltr'>τολμησάντων</span> <span class='ocrx_word' id='word_1_178' title='bbox 1705 2523 1807 2593; x_wconf 84' lang='grc' dir='ltr'>τὴν</span> 
     </span>
    </p>
   </div>
   <div class='ocr_carea' id='block_1_28' title="bbox 220 2608 1807 2682">
    <p class='ocr_par' dir='ltr' id='par_1_28' title="bbox 220 2608 1807 2682">
     <span class='ocr_line' id='line_1_28' title="bbox 220 2608 1807 2682; baseline 0.001 -20"><span class='ocrx_word' id='word_1_179' title='bbox 220 2608 296 2662; x_wconf 77' lang='grc' dir='ltr'><strong>δι’</strong></span> <span class='ocrx_word' id='word_1_180' title='bbox 330 2610 474 2680; x_wconf 73' lang='grc' dir='ltr'>ἡμᾶς</span> <span class='ocrx_word' id='word_1_181' title='bbox 507 2611 601 2663; x_wconf 75' lang='grc' dir='ltr'>τοῦ</span> <span class='ocrx_word' id='word_1_182' title='bbox 654 2610 909 2681; x_wconf 76' lang='grc' dir='ltr'><strong>Σωτῆρος</strong></span> <span class='ocrx_word' id='word_1_183' title='bbox 967 2612 1304 2680; x_wconf 82' lang='grc' dir='ltr'>οἰκονομίαν,</span> <span class='ocrx_word' id='word_1_184' title='bbox 1360 2613 1661 2681; x_wconf 73' lang='grc' dir='ltr'>φαντασίαν</span> <span class='ocrx_word' id='word_1_185' title='bbox 1709 2611 1807 2682; x_wconf 80' lang='grc' dir='ltr'>τὴν</span> 
     </span>
    </p>
   </div>
   <div class='ocr_carea' id='block_1_29' title="bbox 218 2701 1806 2777">
    <p class='ocr_par' dir='ltr' id='par_1_29' title="bbox 218 2701 1806 2777">
     <span class='ocr_line' id='line_1_29' title="bbox 218 2701 1806 2777; baseline 0.002 -25"><span class='ocrx_word' id='word_1_186' title='bbox 218 2701 637 2772; x_wconf 83' lang='grc' dir='ltr'>ἐνανθρὼπησιν</span> <span class='ocrx_word' id='word_1_187' title='bbox 663 2704 947 2774; x_wconf 81' lang='grc' dir='ltr'>οἰομένων,</span> <span class='ocrx_word' id='word_1_188' title='bbox 977 2704 1138 2758; x_wconf 85' lang='grc' dir='ltr'>τινῶν</span> <span class='ocrx_word' id='word_1_189' title='bbox 1166 2704 1221 2777; x_wconf 79' lang='grc' dir='ltr'>δὲ</span> <span class='ocrx_word' id='word_1_190' title='bbox 1248 2704 1498 2774; x_wconf 81' lang='grc' dir='ltr'>οὐράνιον</span> <span class='ocrx_word' id='word_1_191' title='bbox 1526 2703 1687 2773; x_wconf 78' lang='grc' dir='ltr'>σῶμα</span> <span class='ocrx_word' id='word_1_192' title='bbox 1716 2703 1806 2756; x_wconf 78' lang='grc' dir='ltr'>τὸν</span> 
     </span>
    </p>
   </div>
   <div class='ocr_carea' id='block_1_30' title="bbox 226 2792 1807 2867">
    <p class='ocr_par' dir='ltr' id='par_1_30' title="bbox 226 2792 1807 2867">
     <span class='ocr_line' id='line_1_30' title="bbox 226 2792 1807 2867; baseline 0.002 -21"><span class='ocrx_word' id='word_1_193' title='bbox 226 2792 436 2862; x_wconf 79' lang='grc' dir='ltr'>Κύριον</span> <span class='ocrx_word' id='word_1_194' title='bbox 491 2796 909 2865; x_wconf 82' lang='grc' dir='ltr'>κατενηνοχέναι</span> <span class='ocrx_word' id='word_1_195' title='bbox 973 2797 1459 2867; x_wconf 76' lang='grc' dir='ltr'>τερατευομένωνσ</span> <span class='ocrx_word' id='word_1_196' title='bbox 1518 2796 1722 2866; x_wconf 81' lang='grc' dir='ltr'>ἑτέρων</span> <span class='ocrx_word' id='word_1_197' title='bbox 1749 2795 1807 2849; x_wconf 82' lang='grc' dir='ltr'>δὲ</span> 
     </span>
    </p>
   </div>
   <div class='ocr_carea' id='block_1_31' title="bbox 230 2886 1808 2960">
    <p class='ocr_par' dir='ltr' id='par_1_31' title="bbox 230 2886 1808 2960">
     <span class='ocr_line' id='line_1_31' title="bbox 230 2886 1808 2960; baseline 0.003 -23"><span class='ocrx_word' id='word_1_198' title='bbox 230 2886 430 2955; x_wconf 76' lang='grc' dir='ltr'>κρᾶσιν</span> <span class='ocrx_word' id='word_1_199' title='bbox 465 2888 559 2940; x_wconf 79' lang='grc' dir='ltr'>καὶ</span> <span class='ocrx_word' id='word_1_200' title='bbox 600 2887 864 2958; x_wconf 85' lang='grc' dir='ltr'>σύγχυσιν</span> <span class='ocrx_word' id='word_1_201' title='bbox 907 2889 1018 2957; x_wconf 79' lang='grc' dir='ltr'><strong>τῶν</strong></span> <span class='ocrx_word' id='word_1_202' title='bbox 1060 2889 1155 2943; x_wconf 89' lang='grc' dir='ltr'><strong>δύο</strong></span> <span class='ocrx_word' id='word_1_203' title='bbox 1213 2890 1430 2958; x_wconf 86' lang='grc' dir='ltr'>φύσεων</span> <span class='ocrx_word' id='word_1_204' title='bbox 1473 2889 1808 2960; x_wconf 80' lang='grc' dir='ltr'>ὁριζομένων</span> 
     </span>
    </p>
   </div>
   <div class='ocr_carea' id='block_1_32' title="bbox 227 2975 1807 3052">
    <p class='ocr_par' dir='ltr' id='par_1_32' title="bbox 227 2975 1807 3052">
     <span class='ocr_line' id='line_1_32' title="bbox 227 2975 1807 3052; baseline 0.003 -23"><span class='ocrx_word' id='word_1_205' title='bbox 227 2975 328 3029; x_wconf 78' lang='grc' dir='ltr'>καὶ</span> <span class='ocrx_word' id='word_1_206' title='bbox 356 2977 531 3031; x_wconf 77' lang='grc' dir='ltr'>ἄλλων</span> <span class='ocrx_word' id='word_1_207' title='bbox 567 2982 775 3050; x_wconf 73' lang='grc' dir='ltr'>τροπὴν</span> <span class='ocrx_word' id='word_1_208' title='bbox 794 2981 855 3033; x_wconf 72' lang='grc' dir='ltr'>τὸ</span> <span class='ocrx_word' id='word_1_209' title='bbox 878 2982 1019 3035; x_wconf 78' lang='grc' dir='ltr'>θεῖον</span> <span class='ocrx_word' id='word_1_210' title='bbox 1043 2982 1367 3035; x_wconf 76' lang='grc' dir='ltr'>πεπονθέναι</span> <span class='ocrx_word' id='word_1_211' title='bbox 1398 2981 1807 3052; x_wconf 83' lang='grc' dir='ltr'>ληρωδούντων,</span> 
     </span>
    </p>
   </div>
   <div class='ocr_carea' id='block_1_33' title="bbox 134 3064 1808 3153">
    <p class='ocr_par' dir='ltr' id='par_1_33' title="bbox 134 3064 1808 3153">
     <span class='ocr_line' id='line_1_33' title="bbox 134 3064 1808 3153; baseline 0.001 -29"><span class='ocrx_word' id='word_1_212' title='bbox 134 3132 141 3153; x_wconf 45' lang='grc' dir='ltr'>ι</span> <span class='ocrx_word' id='word_1_213' title='bbox 224 3064 340 3125; x_wconf 81' lang='grc' dir='ltr'><strong>τῶν</strong></span> <span class='ocrx_word' id='word_1_214' title='bbox 390 3071 448 3124; x_wconf 81' lang='grc' dir='ltr'>δὲ</span> <span class='ocrx_word' id='word_1_215' title='bbox 500 3071 704 3125; x_wconf 84' lang='grc' dir='ltr'>λοιπῶν</span> <span class='ocrx_word' id='word_1_216' title='bbox 731 3072 993 3127; x_wconf 72' lang='grc' dir='ltr'>Θεοτὸκον</span> <span class='ocrx_word' id='word_1_217' title='bbox 1048 3075 1148 3144; x_wconf 80' lang='grc' dir='ltr'>τὴν</span> <span class='ocrx_word' id='word_1_218' title='bbox 1206 3073 1481 3145; x_wconf 74' lang='grc' dir='ltr'>Παρθένον</span> <span class='ocrx_word' id='word_1_219' title='bbox 1521 3073 1808 3144; x_wconf 80' lang='grc' dir='ltr'>ὀνομάζειν</span> 
     </span>
    </p>
   </div>
   <div class='ocr_carea' id='block_1_34' title="bbox 1907 592 3482 663">
    <p class='ocr_par' dir='ltr' id='par_1_34' title="bbox 1907 592 3482 663">
     <span class='ocr_line' id='line_1_34' title="bbox 1907 592 3482 663; baseline 0.001 -18"><span class='ocrx_word' id='word_1_220' title='bbox 1907 592 1986 657; x_wconf 91' lang='lat' dir='ltr'><strong>lit,</strong></span> <span class='ocrx_word' id='word_1_221' title='bbox 2015 593 2357 648; x_wconf 86' lang='lat' dir='ltr'><strong>communico</strong></span> <span class='ocrx_word' id='word_1_222' title='bbox 2385 604 2441 649; x_wconf 91' lang='lat' dir='ltr'><strong>et</strong></span> <span class='ocrx_word' id='word_1_223' title='bbox 2492 596 2786 659; x_wconf 86' lang='lat' dir='ltr'><strong>assentior,</strong></span> <span class='ocrx_word' id='word_1_224' title='bbox 2835 592 2946 648; x_wconf 86' lang='lat' dir='ltr'><strong>Deo</strong></span> <span class='ocrx_word' id='word_1_225' title='bbox 2977 608 3142 663; x_wconf 87' lang='lat' dir='ltr'><strong>agens</strong></span> <span class='ocrx_word' id='word_1_226' title='bbox 3175 592 3380 663; x_wconf 86' lang='lat' dir='ltr'><strong>gratias</strong></span> <span class='ocrx_word' id='word_1_227' title='bbox 3424 599 3482 647; x_wconf 86' lang='lat' dir='ltr'><strong>et</strong></span> 
     </span>
    </p>
   </div>
   <div class='ocr_carea' id='block_1_35' title="bbox 1906 684 3483 755">
    <p class='ocr_par' dir='ltr' id='par_1_35' title="bbox 1906 684 3483 755">
     <span class='ocr_line' id='line_1_35' title="bbox 1906 684 3483 755; baseline 0.001 -19"><span class='ocrx_word' id='word_1_228' title='bbox 1906 694 2099 739; x_wconf 66' lang='lat' dir='ltr'><strong>vestrae</strong></span> <span class='ocrx_word' id='word_1_229' title='bbox 2120 686 2327 755; x_wconf 90' lang='lat' dir='ltr'><strong>pietati.</strong></span> <span class='ocrx_word' id='word_1_230' title='bbox 2360 685 2481 742; x_wconf 64' lang='lat' dir='ltr'><strong>Ha&#39;c</strong></span> <span class='ocrx_word' id='word_1_231' title='bbox 2513 703 2633 741; x_wconf 90' lang='lat' dir='ltr'><strong>cum</strong></span> <span class='ocrx_word' id='word_1_232' title='bbox 2669 686 2932 740; x_wconf 87' lang='lat' dir='ltr'><strong>andiisset</strong></span> <span class='ocrx_word' id='word_1_233' title='bbox 2972 684 3290 752; x_wconf 85' lang='lat' dir='ltr'><strong>imperator.</strong></span> <span class='ocrx_word' id='word_1_234' title='bbox 3320 697 3483 738; x_wconf 67' lang='lat' dir='ltr'><strong>oscuo</strong></span> 
     </span>
    </p>
   </div>
   <div class='ocr_carea' id='block_1_36' title="bbox 1907 773 3485 844">
    <p class='ocr_par' dir='ltr' id='par_1_36' title="bbox 1907 773 3485 844">
     <span class='ocr_line' id='line_1_36' title="bbox 1907 773 3485 844; baseline -0.002 -14"><span class='ocrx_word' id='word_1_235' title='bbox 1907 773 2048 830; x_wconf 83' lang='lat' dir='ltr'><strong>latus</strong></span> <span class='ocrx_word' id='word_1_236' title='bbox 2099 786 2180 830; x_wconf 88' lang='lat' dir='ltr'><strong>est</strong></span> <span class='ocrx_word' id='word_1_237' title='bbox 2232 779 2601 831; x_wconf 82' lang='lat' dir='ltr'><strong>venerandum</strong></span> <span class='ocrx_word' id='word_1_238' title='bbox 2646 787 2701 832; x_wconf 90' lang='lat' dir='ltr'><strong>et</strong></span> <span class='ocrx_word' id='word_1_239' title='bbox 2753 789 3003 832; x_wconf 90' lang='lat' dir='ltr'><strong>sanetum</strong></span> <span class='ocrx_word' id='word_1_240' title='bbox 3047 776 3166 844; x_wconf 79' lang='lat' dir='ltr'><strong>ejus</strong></span> <span class='ocrx_word' id='word_1_241' title='bbox 3190 785 3394 843; x_wconf 87' lang='lat' dir='ltr'><strong>caput:</strong></span> <span class='ocrx_word' id='word_1_242' title='bbox 3429 783 3485 828; x_wconf 87' lang='lat' dir='ltr'><strong>et</strong></span> 
     </span>
    </p>
   </div>
   <div class='ocr_carea' id='block_1_37' title="bbox 1909 869 3485 941">
    <p class='ocr_par' dir='ltr' id='par_1_37' title="bbox 1909 869 3485 941">
     <span class='ocr_line' id='line_1_37' title="bbox 1909 869 3485 941; baseline -0.002 -16"><span class='ocrx_word' id='word_1_243' title='bbox 1909 870 1991 925; x_wconf 89' lang='lat' dir='ltr'><strong>sic</strong></span> <span class='ocrx_word' id='word_1_244' title='bbox 2038 871 2236 926; x_wconf 89' lang='lat' dir='ltr'><strong>deinde</strong></span> <span class='ocrx_word' id='word_1_245' title='bbox 2262 872 2427 941; x_wconf 75' lang='lat' dir='ltr'><strong>jussit</strong></span> <span class='ocrx_word' id='word_1_246' title='bbox 2454 887 2578 926; x_wconf 87' lang='lat' dir='ltr'><strong>eum</strong></span> <span class='ocrx_word' id='word_1_247' title='bbox 2614 888 2735 926; x_wconf 85' lang='lat' dir='ltr'><strong>cum</strong></span> <span class='ocrx_word' id='word_1_248' title='bbox 2780 872 3019 925; x_wconf 80' lang='lat' dir='ltr'><strong>maximo</strong></span> <span class='ocrx_word' id='word_1_249' title='bbox 3048 871 3255 924; x_wconf 82' lang='lat' dir='ltr'><strong>honore</strong></span> <span class='ocrx_word' id='word_1_250' title='bbox 3298 869 3485 922; x_wconf 75' lang='lat' dir='ltr'><strong>venire</strong></span> 
     </span>
    </p>
   </div>
   <div class='ocr_carea' id='block_1_38' title="bbox 1909 959 3485 1030">
    <p class='ocr_par' dir='ltr' id='par_1_38' title="bbox 1909 959 3485 1030">
     <span class='ocr_line' id='line_1_38' title="bbox 1909 959 3485 1030; baseline -0.001 -14"><span class='ocrx_word' id='word_1_251' title='bbox 1909 962 1962 1016; x_wconf 90' lang='lat' dir='ltr'><strong>in</strong></span> <span class='ocrx_word' id='word_1_252' title='bbox 1985 977 2231 1030; x_wconf 83' lang='lat' dir='ltr'><strong>magnam</strong></span> <span class='ocrx_word' id='word_1_253' title='bbox 2252 971 2307 1017; x_wconf 90' lang='lat' dir='ltr'><strong>et</strong></span> <span class='ocrx_word' id='word_1_254' title='bbox 2332 962 2731 1017; x_wconf 77' lang='lat' dir='ltr'><strong>sanctissimam</strong></span> <span class='ocrx_word' id='word_1_255' title='bbox 2755 963 2844 1017; x_wconf 85' lang='lat' dir='ltr'><strong>Dei</strong></span> <span class='ocrx_word' id='word_1_256' title='bbox 2874 962 3184 1017; x_wconf 74' lang='lat' dir='ltr'><strong>ecclesiam.</strong></span> <span class='ocrx_word' id='word_1_257' title='bbox 3209 959 3485 1026; x_wconf 81' lang='lat' dir='ltr'><strong>Quamob-</strong></span> 
     </span>
    </p>
   </div>
   <div class='ocr_carea' id='block_1_39' title="bbox 1906 1051 3482 1123">
    <p class='ocr_par' dir='ltr' id='par_1_39' title="bbox 1906 1051 3482 1123">
     <span class='ocr_line' id='line_1_39' title="bbox 1906 1051 3482 1123; baseline -0.003 -15"><span class='ocrx_word' id='word_1_258' title='bbox 1906 1069 2021 1109; x_wconf 89' lang='lat' dir='ltr'><strong>rem</strong></span> <span class='ocrx_word' id='word_1_259' title='bbox 2070 1068 2261 1123; x_wconf 84' lang='lat' dir='ltr'><strong>magna</strong></span> <span class='ocrx_word' id='word_1_260' title='bbox 2295 1068 2417 1107; x_wconf 89' lang='lat' dir='ltr'><strong>eum</strong></span> <span class='ocrx_word' id='word_1_261' title='bbox 2458 1053 2637 1123; x_wconf 79' lang='lat' dir='ltr'><strong>populi</strong></span> <span class='ocrx_word' id='word_1_262' title='bbox 2689 1055 3125 1123; x_wconf 80' lang='lat' dir='ltr'><strong>consequebatur</strong></span> <span class='ocrx_word' id='word_1_263' title='bbox 3172 1051 3482 1106; x_wconf 90' lang='lat' dir='ltr'><strong>multitudo.</strong></span> 
     </span>
    </p>
   </div>
   <div class='ocr_carea' id='block_1_40' title="bbox 1907 1142 3495 1215">
    <p class='ocr_par' dir='ltr' id='par_1_40' title="bbox 1907 1142 3495 1215">
     <span class='ocr_line' id='line_1_40' title="bbox 1907 1142 3495 1215; baseline -0.004 -14"><span class='ocrx_word' id='word_1_264' title='bbox 1907 1144 2233 1215; x_wconf 87' lang='lat' dir='ltr'><strong>Signiﬁcans</strong></span> <span class='ocrx_word' id='word_1_265' title='bbox 2253 1156 2434 1199; x_wconf 87' lang='lat' dir='ltr'><strong>autem</strong></span> <span class='ocrx_word' id='word_1_266' title='bbox 2460 1148 2758 1215; x_wconf 81' lang='lat' dir='ltr'><strong>imperator</strong></span> <span class='ocrx_word' id='word_1_267' title='bbox 2778 1145 3191 1215; x_wconf 81' lang='lat' dir='ltr'><strong>archiepiscopo</strong></span> <span class='ocrx_word' id='word_1_268' title='bbox 3210 1142 3495 1197; x_wconf 81' lang='lat' dir='ltr'><strong>Coustau-’</strong></span> 
     </span>
    </p>
   </div>
   <div class='ocr_carea' id='block_1_41' title="bbox 1909 1229 3483 1308">
    <p class='ocr_par' dir='ltr' id='par_1_41' title="bbox 1909 1229 3483 1308">
     <span class='ocr_line' id='line_1_41' title="bbox 1909 1229 3483 1308; baseline -0.005 -16"><span class='ocrx_word' id='word_1_269' title='bbox 1909 1238 2268 1307; x_wconf 88' lang='lat' dir='ltr'><strong>tinopolitano</strong></span> <span class='ocrx_word' id='word_1_270' title='bbox 2302 1253 2422 1308; x_wconf 76' lang='lat' dir='ltr'><strong>qme</strong></span> <span class='ocrx_word' id='word_1_271' title='bbox 2448 1238 2515 1293; x_wconf 87' lang='lat' dir='ltr'><strong>ab</strong></span> <span class='ocrx_word' id='word_1_272' title='bbox 2549 1251 2614 1293; x_wconf 86' lang='lat' dir='ltr'><strong>eo</strong></span> <span class='ocrx_word' id='word_1_273' title='bbox 2645 1236 2789 1291; x_wconf 80' lang='lat' dir='ltr'><strong>dicta</strong></span> <span class='ocrx_word' id='word_1_274' title='bbox 2839 1236 3076 1300; x_wconf 90' lang='lat' dir='ltr'><strong>fuerant,</strong></span> <span class='ocrx_word' id='word_1_275' title='bbox 3100 1234 3257 1302; x_wconf 80' lang='lat' dir='ltr'><strong>jubet</strong></span> <span class='ocrx_word' id='word_1_276' title='bbox 3292 1233 3343 1288; x_wconf 88' lang='lat' dir='ltr'><strong>ei</strong></span> <span class='ocrx_word' id='word_1_277' title='bbox 3382 1229 3483 1302; x_wconf 82' lang='lat' dir='ltr'><strong>h-gi</strong></span> 
     </span>
    </p>
   </div>
   <div class='ocr_carea' id='block_1_42' title="bbox 1907 1327 3310 1402">
    <p class='ocr_par' dir='ltr' id='par_1_42' title="bbox 1907 1327 3310 1402">
     <span class='ocr_line' id='line_1_42' title="bbox 1907 1327 3310 1402; baseline -0.006 -16"><span class='ocrx_word' id='word_1_278' title='bbox 1907 1332 2087 1387; x_wconf 87' lang='lat' dir='ltr'><strong>omnia</strong></span> <span class='ocrx_word' id='word_1_279' title='bbox 2126 1348 2248 1402; x_wconf 79' lang='lat' dir='ltr'><strong>qua:</strong></span> <span class='ocrx_word' id='word_1_280' title='bbox 2285 1348 2315 1386; x_wconf 89' lang='lat' dir='ltr'><strong>a</strong></span> <span class='ocrx_word' id='word_1_281' title='bbox 2350 1341 2535 1385; x_wconf 73' lang='lat' dir='ltr'><strong>sancta</strong></span> <span class='ocrx_word' id='word_1_282' title='bbox 2573 1331 2785 1401; x_wconf 86' lang='lat' dir='ltr'><strong>synodo</strong></span> <span class='ocrx_word' id='word_1_283' title='bbox 2823 1328 3036 1383; x_wconf 80' lang='lat' dir='ltr'><strong>fuerant</strong></span> <span class='ocrx_word' id='word_1_284' title='bbox 3065 1327 3310 1382; x_wconf 77' lang='lat' dir='ltr'><strong>deﬁnita.</strong></span> 
     </span>
    </p>
   </div>
   <div class='ocr_carea' id='block_1_43' title="bbox 1980 1418 3478 1493">
    <p class='ocr_par' dir='ltr' id='par_1_43' title="bbox 1980 1418 3478 1493">
     <span class='ocr_line' id='line_1_43' title="bbox 1980 1418 3478 1493; baseline -0.007 -15"><span class='ocrx_word' id='word_1_285' title='bbox 1980 1423 2112 1478; x_wconf 78' lang='lat' dir='ltr'><strong>XLI.</strong></span> <span class='ocrx_word' id='word_1_286' title='bbox 2144 1424 2245 1490; x_wconf 81' lang='lat' dir='ltr'><strong>Qui</strong></span> <span class='ocrx_word' id='word_1_287' title='bbox 2274 1439 2397 1479; x_wconf 91' lang='lat' dir='ltr'><strong>cum</strong></span> <span class='ocrx_word' id='word_1_288' title='bbox 2418 1423 2705 1493; x_wconf 78' lang='lat' dir='ltr'><strong>diligenter</strong></span> <span class='ocrx_word' id='word_1_289' title='bbox 2726 1431 2779 1477; x_wconf 92' lang='lat' dir='ltr'><strong>et</strong></span> <span class='ocrx_word' id='word_1_290' title='bbox 2803 1431 3060 1476; x_wconf 83' lang='lat' dir='ltr'><strong>accurate</strong></span> <span class='ocrx_word' id='word_1_291' title='bbox 3078 1429 3195 1474; x_wconf 88' lang='lat' dir='ltr'><strong>acta</strong></span> <span class='ocrx_word' id='word_1_292' title='bbox 3234 1418 3478 1489; x_wconf 78' lang='lat' dir='ltr'><strong>legisset,</strong></span> 
     </span>
    </p>
   </div>
   <div class='ocr_carea' id='block_1_44' title="bbox 1906 1513 3487 1587">
    <p class='ocr_par' dir='ltr' id='par_1_44' title="bbox 1906 1513 3487 1587">
     <span class='ocr_line' id='line_1_44' title="bbox 1906 1513 3487 1587; baseline -0.006 -15"><span class='ocrx_word' id='word_1_293' title='bbox 1906 1528 1960 1572; x_wconf 88' lang='lat' dir='ltr'><strong>et</strong></span> <span class='ocrx_word' id='word_1_294' title='bbox 1992 1533 2308 1587; x_wconf 58' lang='lat' dir='ltr'><strong>persuasum</strong></span> <span class='ocrx_word' id='word_1_295' title='bbox 2358 1516 2656 1579; x_wconf 75' lang='lat' dir='ltr'><strong>habuisset,</strong></span> <span class='ocrx_word' id='word_1_296' title='bbox 2699 1515 2842 1584; x_wconf 86' lang='lat' dir='ltr'><strong>quod</strong></span> <span class='ocrx_word' id='word_1_297' title='bbox 2899 1514 2990 1567; x_wconf 85' lang='lat' dir='ltr'><strong>Dei</strong></span> <span class='ocrx_word' id='word_1_298' title='bbox 3038 1513 3342 1576; x_wconf 73' lang='lat' dir='ltr'><strong>voluntate,</strong></span> <span class='ocrx_word' id='word_1_299' title='bbox 3365 1525 3487 1580; x_wconf 75' lang='lat' dir='ltr'><strong>qua:</strong></span> 
     </span>
    </p>
   </div>
   <div class='ocr_carea' id='block_1_45' title="bbox 1909 1602 3488 1677">
    <p class='ocr_par' dir='ltr' id='par_1_45' title="bbox 1909 1602 3488 1677">
     <span class='ocr_line' id='line_1_45' title="bbox 1909 1602 3488 1677; baseline -0.004 -15"><span class='ocrx_word' id='word_1_300' title='bbox 1909 1611 2170 1662; x_wconf 81' lang='lat' dir='ltr'><strong>adversus</strong></span> <span class='ocrx_word' id='word_1_301' title='bbox 2213 1608 2446 1662; x_wconf 78' lang='lat' dir='ltr'><strong>Nestotii</strong></span> <span class='ocrx_word' id='word_1_302' title='bbox 2498 1607 2692 1677; x_wconf 83' lang='lat' dir='ltr'><strong>impias</strong></span> <span class='ocrx_word' id='word_1_303' title='bbox 2749 1622 2921 1677; x_wconf 80' lang='lat' dir='ltr'><strong>nugas</strong></span> <span class='ocrx_word' id='word_1_304' title='bbox 2945 1616 2996 1660; x_wconf 88' lang='lat' dir='ltr'><strong>et</strong></span> <span class='ocrx_word' id='word_1_305' title='bbox 3027 1604 3283 1676; x_wconf 87' lang='lat' dir='ltr'><strong>Etttyehii</strong></span> <span class='ocrx_word' id='word_1_306' title='bbox 3313 1602 3488 1656; x_wconf 85' lang='lat' dir='ltr'><strong>mani-</strong></span> 
     </span>
    </p>
   </div>
   <div class='ocr_carea' id='block_1_46' title="bbox 1910 1695 3489 1764">
    <p class='ocr_par' dir='ltr' id='par_1_46' title="bbox 1910 1695 3489 1764">
     <span class='ocr_line' id='line_1_46' title="bbox 1910 1695 3489 1764; baseline -0.004 -10"><span class='ocrx_word' id='word_1_307' title='bbox 1910 1700 2109 1754; x_wconf 88' lang='lat' dir='ltr'><strong>festum</strong></span> <span class='ocrx_word' id='word_1_308' title='bbox 2134 1699 2372 1753; x_wconf 86' lang='lat' dir='ltr'><strong>furorem</strong></span> <span class='ocrx_word' id='word_1_309' title='bbox 2399 1698 2621 1754; x_wconf 84' lang='lat' dir='ltr'><strong>decreta</strong></span> <span class='ocrx_word' id='word_1_310' title='bbox 2654 1698 2891 1764; x_wconf 86' lang='lat' dir='ltr'><strong>fuerant,</strong></span> <span class='ocrx_word' id='word_1_311' title='bbox 2917 1707 3109 1753; x_wconf 88' lang='lat' dir='ltr'><strong>saneta</strong></span> <span class='ocrx_word' id='word_1_312' title='bbox 3139 1695 3489 1752; x_wconf 83' lang='lat' dir='ltr'><strong>conﬁrmavit</strong></span> 
     </span>
    </p>
   </div>
   <div class='ocr_carea' id='block_1_47' title="bbox 1909 1790 3486 1862">
    <p class='ocr_par' dir='ltr' id='par_1_47' title="bbox 1909 1790 3486 1862">
     <span class='ocr_line' id='line_1_47' title="bbox 1909 1790 3486 1862; baseline -0.004 -16"><span class='ocrx_word' id='word_1_313' title='bbox 1909 1791 2146 1862; x_wconf 79' lang='lat' dir='ltr'><strong>synodus</strong></span> <span class='ocrx_word' id='word_1_314' title='bbox 2178 1806 2192 1843; x_wconf 90' lang='lat'><strong>:</strong></span> <span class='ocrx_word' id='word_1_315' title='bbox 2223 1792 2661 1862; x_wconf 77' lang='lat' dir='ltr'><strong>quandoquidem</strong></span> <span class='ocrx_word' id='word_1_316' title='bbox 2694 1791 2781 1844; x_wconf 86' lang='lat' dir='ltr'><strong>illa</strong></span> <span class='ocrx_word' id='word_1_317' title='bbox 2815 1792 3036 1860; x_wconf 78' lang='lat' dir='ltr'><strong>quidem</strong></span> <span class='ocrx_word' id='word_1_318' title='bbox 3092 1790 3291 1845; x_wconf 84' lang='lat' dir='ltr'><strong>direxit</strong></span> <span class='ocrx_word' id='word_1_319' title='bbox 3316 1790 3486 1844; x_wconf 81' lang='lat' dir='ltr'><strong>aciem</strong></span> 
     </span>
    </p>
   </div>
   <div class='ocr_carea' id='block_1_48' title="bbox 1912 1881 3487 1954">
    <p class='ocr_par' dir='ltr' id='par_1_48' title="bbox 1912 1881 3487 1954">
     <span class='ocr_line' id='line_1_48' title="bbox 1912 1881 3487 1954; baseline -0.001 -17"><span class='ocrx_word' id='word_1_320' title='bbox 1912 1885 2174 1937; x_wconf 83' lang='lat' dir='ltr'><strong>adversus</strong></span> <span class='ocrx_word' id='word_1_321' title='bbox 2198 1898 2291 1937; x_wconf 88' lang='lat' dir='ltr'><strong>eos</strong></span> <span class='ocrx_word' id='word_1_322' title='bbox 2319 1885 2409 1953; x_wconf 90' lang='lat' dir='ltr'><strong>qui</strong></span> <span class='ocrx_word' id='word_1_323' title='bbox 2437 1883 2714 1954; x_wconf 79' lang='lat' dir='ltr'><strong>negabant</strong></span> <span class='ocrx_word' id='word_1_324' title='bbox 2750 1884 3043 1939; x_wconf 88' lang='lat' dir='ltr'><strong>essentiam</strong></span> <span class='ocrx_word' id='word_1_325' title='bbox 3085 1883 3348 1952; x_wconf 76' lang='lat' dir='ltr'><strong>nnigeniti</strong></span> <span class='ocrx_word' id='word_1_326' title='bbox 3395 1881 3487 1936; x_wconf 90' lang='lat' dir='ltr'><strong>Dei</strong></span> 
     </span>
    </p>
   </div>
   <div class='ocr_carea' id='block_1_49' title="bbox 1912 1975 3488 2046">
    <p class='ocr_par' dir='ltr' id='par_1_49' title="bbox 1912 1975 3488 2046">
     <span class='ocr_line' id='line_1_49' title="bbox 1912 1975 3488 2046; baseline 0.001 -17"><span class='ocrx_word' id='word_1_327' title='bbox 1912 1975 2055 2041; x_wconf 82' lang='lat' dir='ltr'><strong>Filii,</strong></span> <span class='ocrx_word' id='word_1_328' title='bbox 2093 1976 2207 2030; x_wconf 56' lang='lat' dir='ltr'><strong>hate</strong></span> <span class='ocrx_word' id='word_1_329' title='bbox 2230 1987 2411 2030; x_wconf 88' lang='lat' dir='ltr'><strong>autem</strong></span> <span class='ocrx_word' id='word_1_330' title='bbox 2439 1978 2699 2031; x_wconf 81' lang='lat' dir='ltr'><strong>adversus</strong></span> <span class='ocrx_word' id='word_1_331' title='bbox 2728 1992 2823 2031; x_wconf 86' lang='lat' dir='ltr'><strong>eos</strong></span> <span class='ocrx_word' id='word_1_332' title='bbox 2857 1976 2947 2046; x_wconf 88' lang='lat' dir='ltr'><strong>qui</strong></span> <span class='ocrx_word' id='word_1_333' title='bbox 2971 1976 3254 2031; x_wconf 88' lang='lat' dir='ltr'><strong>inﬁrmant</strong></span> <span class='ocrx_word' id='word_1_334' title='bbox 3278 1986 3332 2031; x_wconf 87' lang='lat' dir='ltr'><strong>et</strong></span> <span class='ocrx_word' id='word_1_335' title='bbox 3355 1990 3488 2030; x_wconf 86' lang='lat' dir='ltr'><strong>con-</strong></span> 
     </span>
    </p>
   </div>
   <div class='ocr_carea' id='block_1_50' title="bbox 1916 2066 3485 2136">
    <p class='ocr_par' dir='ltr' id='par_1_50' title="bbox 1916 2066 3485 2136">
     <span class='ocr_line' id='line_1_50' title="bbox 1916 2066 3485 2136; baseline 0.003 -17"><span class='ocrx_word' id='word_1_336' title='bbox 1916 2067 2118 2122; x_wconf 70' lang='lat' dir='ltr'><strong>vellunt</strong></span> <span class='ocrx_word' id='word_1_337' title='bbox 2160 2068 2250 2121; x_wconf 93' lang='lat' dir='ltr'><strong>Dei</strong></span> <span class='ocrx_word' id='word_1_338' title='bbox 2300 2068 2684 2131; x_wconf 74' lang='lat' dir='ltr'><strong>mettttomiam,</strong></span> <span class='ocrx_word' id='word_1_339' title='bbox 2733 2069 2962 2122; x_wconf 83' lang='lat' dir='ltr'><strong>dicendo</strong></span> <span class='ocrx_word' id='word_1_340' title='bbox 3001 2068 3143 2136; x_wconf 89' lang='lat' dir='ltr'><strong>quod</strong></span> <span class='ocrx_word' id='word_1_341' title='bbox 3182 2083 3306 2121; x_wconf 85' lang='lat' dir='ltr'><strong>cum</strong></span> <span class='ocrx_word' id='word_1_342' title='bbox 3342 2066 3485 2123; x_wconf 91' lang='lat' dir='ltr'><strong>Deus</strong></span> 
     </span>
    </p>
   </div>
   <div class='ocr_carea' id='block_1_51' title="bbox 1909 2157 3489 2227">
    <p class='ocr_par' dir='ltr' id='par_1_51' title="bbox 1909 2157 3489 2227">
     <span class='ocr_line' id='line_1_51' title="bbox 1909 2157 3489 2227; baseline -0.001 -14"><span class='ocrx_word' id='word_1_343' title='bbox 1909 2168 2048 2213; x_wconf 87' lang='lat' dir='ltr'><strong>esset</strong></span> <span class='ocrx_word' id='word_1_344' title='bbox 2099 2174 2163 2213; x_wconf 78' lang='lat' dir='ltr'><strong>ex</strong></span> <span class='ocrx_word' id='word_1_345' title='bbox 2219 2160 2328 2212; x_wconf 89' lang='lat' dir='ltr'><strong>Deo</strong></span> <span class='ocrx_word' id='word_1_346' title='bbox 2360 2157 2452 2213; x_wconf 90' lang='lat' dir='ltr'><strong>Dei</strong></span> <span class='ocrx_word' id='word_1_347' title='bbox 2485 2157 2675 2221; x_wconf 86' lang='lat' dir='ltr'><strong>Filius.</strong></span> <span class='ocrx_word' id='word_1_348' title='bbox 2708 2169 3008 2213; x_wconf 55' lang='lat' dir='ltr'><strong>coaeternus</strong></span> <span class='ocrx_word' id='word_1_349' title='bbox 3040 2169 3094 2212; x_wconf 83' lang='lat' dir='ltr'><strong>et</strong></span> <span class='ocrx_word' id='word_1_350' title='bbox 3119 2158 3361 2227; x_wconf 82' lang='lat' dir='ltr'><strong>ejusdem</strong></span> <span class='ocrx_word' id='word_1_351' title='bbox 3398 2173 3489 2211; x_wconf 82' lang='lat' dir='ltr'><strong>es-</strong></span> 
     </span>
    </p>
   </div>
   <div class='ocr_carea' id='block_1_52' title="bbox 1912 2249 3486 2319">
    <p class='ocr_par' dir='ltr' id='par_1_52' title="bbox 1912 2249 3486 2319">
     <span class='ocr_line' id='line_1_52' title="bbox 1912 2249 3486 2319; baseline -0.002 -14"><span class='ocrx_word' id='word_1_352' title='bbox 1912 2251 2122 2312; x_wconf 72' lang='lat' dir='ltr'><strong>sentize.</strong></span> <span class='ocrx_word' id='word_1_353' title='bbox 2173 2258 2228 2304; x_wconf 88' lang='lat' dir='ltr'><strong>et</strong></span> <span class='ocrx_word' id='word_1_354' title='bbox 2275 2249 2528 2305; x_wconf 87' lang='lat' dir='ltr'><strong>similiter</strong></span> <span class='ocrx_word' id='word_1_355' title='bbox 2557 2260 2721 2319; x_wconf 86' lang='lat' dir='ltr'><strong>atque</strong></span> <span class='ocrx_word' id='word_1_356' title='bbox 2750 2249 2918 2304; x_wconf 80' lang='lat' dir='ltr'><strong>Pater</strong></span> <span class='ocrx_word' id='word_1_357' title='bbox 2959 2264 3153 2303; x_wconf 84' lang='lat' dir='ltr'><strong>carens</strong></span> <span class='ocrx_word' id='word_1_358' title='bbox 3193 2249 3486 2319; x_wconf 80' lang='lat' dir='ltr'><strong>principio,</strong></span> 
     </span>
    </p>
   </div>
   <div class='ocr_carea' id='block_1_53' title="bbox 1913 2340 3489 2404">
    <p class='ocr_par' dir='ltr' id='par_1_53' title="bbox 1913 2340 3489 2404">
     <span class='ocr_line' id='line_1_53' title="bbox 1913 2340 3489 2404; baseline -0.001 -9"><span class='ocrx_word' id='word_1_359' title='bbox 1913 2342 1967 2396; x_wconf 91' lang='lat' dir='ltr'><strong>in</strong></span> <span class='ocrx_word' id='word_1_360' title='bbox 2013 2342 2220 2397; x_wconf 86' lang='lat' dir='ltr'><strong>ultimis</strong></span> <span class='ocrx_word' id='word_1_361' title='bbox 2262 2342 2456 2396; x_wconf 83' lang='lat' dir='ltr'><strong>diebus</strong></span> <span class='ocrx_word' id='word_1_362' title='bbox 2506 2351 2707 2396; x_wconf 70' lang='lat' dir='ltr'><strong>nostrae</strong></span> <span class='ocrx_word' id='word_1_363' title='bbox 2767 2340 2950 2395; x_wconf 89' lang='lat' dir='ltr'><strong>nnitus</strong></span> <span class='ocrx_word' id='word_1_364' title='bbox 2988 2352 3218 2404; x_wconf 68' lang='lat' dir='ltr'><strong>natum,</strong></span> <span class='ocrx_word' id='word_1_365' title='bbox 3270 2355 3489 2395; x_wconf 85' lang='lat' dir='ltr'><strong>carnem</strong></span> 
     </span>
    </p>
   </div>
   <div class='ocr_carea' id='block_1_54' title="bbox 1911 2424 3491 2503">
    <p class='ocr_par' dir='ltr' id='par_1_54' title="bbox 1911 2424 3491 2503">
     <span class='ocr_line' id='line_1_54' title="bbox 1911 2424 3491 2503; baseline -0.001 -14"><span class='ocrx_word' id='word_1_366' title='bbox 1911 2433 2151 2503; x_wconf 82' lang='lat' dir='ltr'><strong>suscepit</strong></span> <span class='ocrx_word' id='word_1_367' title='bbox 2215 2424 2649 2497; x_wconf 72' lang='lat' dir='ltr'><strong>ititmutabiliter,</strong></span> <span class='ocrx_word' id='word_1_368' title='bbox 2685 2433 2989 2493; x_wconf 82' lang='lat' dir='ltr'><strong>inccnfuse,</strong></span> <span class='ocrx_word' id='word_1_369' title='bbox 3026 2433 3325 2488; x_wconf 75' lang='lat' dir='ltr'><strong>individuo.</strong></span> <span class='ocrx_word' id='word_1_370' title='bbox 3359 2433 3491 2488; x_wconf 80' lang='lat' dir='ltr'><strong>Nam</strong></span> 
     </span>
    </p>
   </div>
   <div class='ocr_carea' id='block_1_55' title="bbox 1912 2524 3495 2596">
    <p class='ocr_par' dir='ltr' id='par_1_55' title="bbox 1912 2524 3495 2596">
     <span class='ocr_line' id='line_1_55' title="bbox 1912 2524 3495 2596; baseline 0.001 -17"><span class='ocrx_word' id='word_1_371' title='bbox 1912 2540 2035 2580; x_wconf 89' lang='lat' dir='ltr'><strong>eum</strong></span> <span class='ocrx_word' id='word_1_372' title='bbox 2093 2524 2312 2595; x_wconf 89' lang='lat' dir='ltr'><strong>quidam</strong></span> <span class='ocrx_word' id='word_1_373' title='bbox 2372 2524 2533 2593; x_wconf 87' lang='lat' dir='ltr'><strong>plane</strong></span> <span class='ocrx_word' id='word_1_374' title='bbox 2583 2534 2779 2579; x_wconf 71' lang='lat' dir='ltr'><strong>emota:</strong></span> <span class='ocrx_word' id='word_1_375' title='bbox 2838 2527 3061 2589; x_wconf 89' lang='lat' dir='ltr'><strong>mentis,</strong></span> <span class='ocrx_word' id='word_1_376' title='bbox 3109 2541 3230 2595; x_wconf 76' lang='lat' dir='ltr'><strong>qua:</strong></span> <span class='ocrx_word' id='word_1_377' title='bbox 3268 2536 3495 2596; x_wconf 69' lang='lat' dir='ltr'><strong>proliter</strong></span> 
     </span>
    </p>
   </div>
   <div class='ocr_carea' id='block_1_56' title="bbox 1913 2613 3495 2685">
    <p class='ocr_par' dir='ltr' id='par_1_56' title="bbox 1913 2613 3495 2685">
     <span class='ocr_line' id='line_1_56' title="bbox 1913 2613 3495 2685; baseline 0.001 -14"><span class='ocrx_word' id='word_1_378' title='bbox 1913 2631 2011 2671; x_wconf 80' lang='lat' dir='ltr'><strong>nos</strong></span> <span class='ocrx_word' id='word_1_379' title='bbox 2040 2614 2179 2669; x_wconf 87' lang='lat' dir='ltr'><strong>facta</strong></span> <span class='ocrx_word' id='word_1_380' title='bbox 2207 2623 2310 2678; x_wconf 86' lang='lat' dir='ltr'><strong>est,</strong></span> <span class='ocrx_word' id='word_1_381' title='bbox 2340 2613 2655 2669; x_wconf 81' lang='lat' dir='ltr'><strong>Servatoris</strong></span> <span class='ocrx_word' id='word_1_382' title='bbox 2708 2615 3180 2685; x_wconf 64' lang='lat' dir='ltr'><strong>dispensationem</strong></span> <span class='ocrx_word' id='word_1_383' title='bbox 3241 2618 3360 2670; x_wconf 90' lang='lat' dir='ltr'><strong>ausi</strong></span> <span class='ocrx_word' id='word_1_384' title='bbox 3391 2632 3495 2673; x_wconf 83' lang='lat' dir='ltr'><strong>es-</strong></span> 
     </span>
    </p>
   </div>
   <div class='ocr_carea' id='block_1_57' title="bbox 1912 2706 3488 2774">
    <p class='ocr_par' dir='ltr' id='par_1_57' title="bbox 1912 2706 3488 2774">
     <span class='ocr_line' id='line_1_57' title="bbox 1912 2706 3488 2774; baseline 0 -14"><span class='ocrx_word' id='word_1_385' title='bbox 1912 2714 2036 2761; x_wconf 87' lang='lat' dir='ltr'><strong>sent</strong></span> <span class='ocrx_word' id='word_1_386' title='bbox 2096 2720 2503 2774; x_wconf 87' lang='lat' dir='ltr'><strong>eorrrumpere,</strong></span> <span class='ocrx_word' id='word_1_387' title='bbox 2544 2706 2797 2760; x_wconf 83' lang='lat' dir='ltr'><strong>humanae</strong></span> <span class='ocrx_word' id='word_1_388' title='bbox 2840 2716 3048 2760; x_wconf 76' lang='lat' dir='ltr'><strong>natura:</strong></span> <span class='ocrx_word' id='word_1_389' title='bbox 3082 2707 3488 2774; x_wconf 85' lang='lat' dir='ltr'><strong>susceptionem</strong></span> 
     </span>
    </p>
   </div>
   <div class='ocr_carea' id='block_1_58' title="bbox 1910 2797 3494 2869">
    <p class='ocr_par' dir='ltr' id='par_1_58' title="bbox 1910 2797 3494 2869">
     <span class='ocr_line' id='line_1_58' title="bbox 1910 2797 3494 2869; baseline 0.003 -19"><span class='ocrx_word' id='word_1_390' title='bbox 1910 2806 2163 2866; x_wconf 86' lang='lat' dir='ltr'><strong>putantes</strong></span> <span class='ocrx_word' id='word_1_391' title='bbox 2204 2810 2324 2852; x_wconf 87' lang='lat' dir='ltr'><strong>esse</strong></span> <span class='ocrx_word' id='word_1_392' title='bbox 2364 2797 2751 2867; x_wconf 85' lang='lat' dir='ltr'><strong>phantasiam;</strong></span> <span class='ocrx_word' id='word_1_393' title='bbox 2786 2798 3005 2869; x_wconf 89' lang='lat' dir='ltr'><strong>quidam</strong></span> <span class='ocrx_word' id='word_1_394' title='bbox 3053 2809 3233 2854; x_wconf 90' lang='lat' dir='ltr'><strong>autem</strong></span> <span class='ocrx_word' id='word_1_395' title='bbox 3271 2799 3494 2854; x_wconf 77' lang='lat' dir='ltr'><strong>cmleste</strong></span> 
     </span>
    </p>
   </div>
   <div class='ocr_carea' id='block_1_59' title="bbox 1911 2888 3494 2961">
    <p class='ocr_par' dir='ltr' id='par_1_59' title="bbox 1911 2888 3494 2961">
     <span class='ocr_line' id='line_1_59' title="bbox 1911 2888 3494 2961; baseline 0.001 -18"><span class='ocrx_word' id='word_1_396' title='bbox 1911 2903 2106 2958; x_wconf 90' lang='lat' dir='ltr'><strong>corpus</strong></span> <span class='ocrx_word' id='word_1_397' title='bbox 2132 2888 2685 2960; x_wconf 63' lang='lat' dir='ltr'><strong>Dominumidetulisse</strong></span> <span class='ocrx_word' id='word_1_398' title='bbox 2706 2891 3013 2961; x_wconf 77' lang='lat' dir='ltr'><strong>prodigiose</strong></span> <span class='ocrx_word' id='word_1_399' title='bbox 3030 2900 3371 2958; x_wconf 89' lang='lat' dir='ltr'><strong>asscrereut;</strong></span> <span class='ocrx_word' id='word_1_400' title='bbox 3402 2891 3494 2946; x_wconf 83' lang='lat' dir='ltr'><strong>alii</strong></span> 
     </span>
    </p>
   </div>
   <div class='ocr_carea' id='block_1_60' title="bbox 1912 2979 3498 3047">
    <p class='ocr_par' dir='ltr' id='par_1_60' title="bbox 1912 2979 3498 3047">
     <span class='ocr_line' id='line_1_60' title="bbox 1912 2979 3498 3047; baseline 0.008 -21"><span class='ocrx_word' id='word_1_401' title='bbox 1912 2991 2040 3030; x_wconf 73' lang='lat' dir='ltr'><strong>vero</strong></span> <span class='ocrx_word' id='word_1_402' title='bbox 2073 2979 2302 3031; x_wconf 89' lang='lat' dir='ltr'><strong>duarum</strong></span> <span class='ocrx_word' id='word_1_403' title='bbox 2354 2994 2473 3047; x_wconf 72' lang='lat' dir='ltr'><strong>quae</strong></span> <span class='ocrx_word' id='word_1_404' title='bbox 2522 2979 2854 3035; x_wconf 89' lang='lat' dir='ltr'><strong>deﬁniuntur</strong></span> <span class='ocrx_word' id='word_1_405' title='bbox 2899 2991 3215 3036; x_wconf 88' lang='lat' dir='ltr'><strong>naturarum</strong></span> <span class='ocrx_word' id='word_1_406' title='bbox 3269 2983 3498 3038; x_wconf 80' lang='lat' dir='ltr'><strong>commi-</strong></span> 
     </span>
    </p>
   </div>
   <div class='ocr_carea' id='block_1_61' title="bbox 1911 3056 3492 3138">
    <p class='ocr_par' dir='ltr' id='par_1_61' title="bbox 1911 3056 3492 3138">
     <span class='ocr_line' id='line_1_61' title="bbox 1911 3056 3492 3138; baseline 0.003 -15"><span class='ocrx_word' id='word_1_407' title='bbox 1911 3070 2145 3124; x_wconf 90' lang='lat' dir='ltr'><strong>stionem</strong></span> <span class='ocrx_word' id='word_1_408' title='bbox 2199 3081 2252 3125; x_wconf 89' lang='lat' dir='ltr'><strong>et</strong></span> <span class='ocrx_word' id='word_1_409' title='bbox 2284 3056 2680 3138; x_wconf 80' lang='lat' dir='ltr'><strong>confusionem,</strong></span> <span class='ocrx_word' id='word_1_410' title='bbox 2716 3081 2770 3128; x_wconf 90' lang='lat' dir='ltr'><strong>et</strong></span> <span class='ocrx_word' id='word_1_411' title='bbox 2818 3072 2909 3126; x_wconf 91' lang='lat' dir='ltr'><strong>alii</strong></span> <span class='ocrx_word' id='word_1_412' title='bbox 2941 3074 3294 3127; x_wconf 90' lang='lat' dir='ltr'><strong>mutationem</strong></span> <span class='ocrx_word' id='word_1_413' title='bbox 3325 3072 3492 3130; x_wconf 88' lang='lat' dir='ltr'><strong>Deum</strong></span> 
     </span>
    </p>
   </div>
   <div class='ocr_carea' id='block_1_62' title="bbox 230 3160 1813 3240">
    <p class='ocr_par' dir='ltr' id='par_1_62' title="bbox 230 3164 1809 3238">
     <span class='ocr_line' id='line_1_62' title="bbox 230 3164 1809 3238; baseline 0.002 -24"><span class='ocrx_word' id='word_1_414' title='bbox 230 3166 684 3234; x_wconf 82' lang='grc' dir='ltr'>παραιτουμένων</span> <span class='ocrx_word' id='word_1_415' title='bbox 710 3180 725 3195; x_wconf 79' lang='grc'><em>’</em></span> <span class='ocrx_word' id='word_1_416' title='bbox 757 3164 807 3219; x_wconf 78' lang='grc' dir='ltr'>οἱ</span> <span class='ocrx_word' id='word_1_417' title='bbox 838 3166 897 3217; x_wconf 88' lang='grc' dir='ltr'>ὲν</span> <span class='ocrx_word' id='word_1_418' title='bbox 930 3167 996 3236; x_wconf 80' lang='grc' dir='ltr'>τῇ</span> <span class='ocrx_word' id='word_1_419' title='bbox 1040 3164 1255 3238; x_wconf 79' lang='grc' dir='ltr'>μεγάλῃ</span> <span class='ocrx_word' id='word_1_420' title='bbox 1278 3164 1453 3238; x_wconf 79' lang='grc' dir='ltr'>ταύτῃ</span> <span class='ocrx_word' id='word_1_421' title='bbox 1505 3165 1597 3218; x_wconf 70' lang='grc' dir='ltr'>καὶ</span> <span class='ocrx_word' id='word_1_422' title='bbox 1631 3168 1809 3217; x_wconf 76' lang='grc' dir='ltr'>οἰκουο</span> 
     </span>
    </p>
   </div>
   <div class='ocr_carea' id='block_1_63' title="bbox 1916 3160 3491 3240">
    <p class='ocr_par' dir='ltr' id='par_1_63' title="bbox 1917 3160 3491 3232">
     <span class='ocr_line' id='line_1_63' title="bbox 1917 3160 3491 3232; baseline 0.004 -22"><span class='ocrx_word' id='word_1_423' title='bbox 1917 3172 2137 3227; x_wconf 86' lang='lat' dir='ltr'><strong>passum</strong></span> <span class='ocrx_word' id='word_1_424' title='bbox 2200 3173 2323 3214; x_wconf 86' lang='lat' dir='ltr'><strong>esse</strong></span> <span class='ocrx_word' id='word_1_425' title='bbox 2373 3169 2744 3231; x_wconf 71' lang='lat' dir='ltr'><strong>uagarentur;</strong></span> <span class='ocrx_word' id='word_1_426' title='bbox 2779 3160 2970 3231; x_wconf 89' lang='lat' dir='ltr'><strong>reliqui</strong></span> <span class='ocrx_word' id='word_1_427' title='bbox 2997 3171 3177 3215; x_wconf 90' lang='lat' dir='ltr'><strong>autem</strong></span> <span class='ocrx_word' id='word_1_428' title='bbox 3214 3161 3491 3232; x_wconf 79' lang='lat' dir='ltr'><strong>Virginem</strong></span> 
     </span>
    </p>
   </div>
   <div class='ocr_carea' id='block_1_64' title="bbox 233 3256 1813 3328">
    <p class='ocr_par' dir='ltr' id='par_1_64' title="bbox 233 3256 1813 3328">
     <span class='ocr_line' id='line_1_64' title="bbox 233 3256 1813 3328; baseline 0.002 -21"><span class='ocrx_word' id='word_1_429' title='bbox 233 3258 433 3327; x_wconf 76' lang='grc' dir='ltr'>μενικῇ</span> <span class='ocrx_word' id='word_1_430' title='bbox 466 3257 669 3328; x_wconf 81' lang='grc' dir='ltr'>συνόδῳ</span> <span class='ocrx_word' id='word_1_431' title='bbox 733 3259 880 3326; x_wconf 75' lang='grc' dir='ltr'>ἅγιοι</span> <span class='ocrx_word' id='word_1_432' title='bbox 913 3259 1156 3326; x_wconf 80' lang='grc' dir='ltr'><strong>Ιιατέρες</strong></span> <span class='ocrx_word' id='word_1_433' title='bbox 1182 3258 1278 3319; x_wconf 76' lang='grc' dir='ltr'><strong>τὰς</strong></span> <span class='ocrx_word' id='word_1_434' title='bbox 1303 3256 1414 3309; x_wconf 83' lang='grc' dir='ltr'><strong>τῶν</strong></span> <span class='ocrx_word' id='word_1_435' title='bbox 1449 3273 1813 3328; x_wconf 85' lang='grc' dir='ltr'>προγεγραμ-</span> 
     </span>
    </p>
   </div>
   <div class='ocr_carea' id='block_1_65' title="bbox 232 3332 1813 3421">
    <p class='ocr_par' dir='ltr' id='par_1_65' title="bbox 232 3332 1813 3421">
     <span class='ocr_line' id='line_1_65' title="bbox 232 3332 1813 3421; baseline 0.001 -20"><span class='ocrx_word' id='word_1_436' title='bbox 232 3348 413 3418; x_wconf 82' lang='grc' dir='ltr'>μένων</span> <span class='ocrx_word' id='word_1_437' title='bbox 443 3332 700 3404; x_wconf 73' lang='grc' dir='ltr'>άπάντων</span> <span class='ocrx_word' id='word_1_438' title='bbox 728 3350 1128 3421; x_wconf 79' lang='grc' dir='ltr'>ἀνατρέποντες</span> <span class='ocrx_word' id='word_1_439' title='bbox 1154 3350 1558 3420; x_wconf 85' lang='grc' dir='ltr'>αίρεσιαρχίας,</span> <span class='ocrx_word' id='word_1_440' title='bbox 1603 3350 1704 3403; x_wconf 79' lang='grc' dir='ltr'>οὐκ</span> <span class='ocrx_word' id='word_1_441' title='bbox 1753 3349 1813 3417; x_wconf 80' lang='grc' dir='ltr'><strong>ἐξ</strong></span> 
     </span>
    </p>
   </div>
   <div class='ocr_carea' id='block_1_66' title="bbox 229 3441 1814 3514">
    <p class='ocr_par' dir='ltr' id='par_1_66' title="bbox 229 3441 1814 3514">
     <span class='ocr_line' id='line_1_66' title="bbox 229 3441 1814 3514; baseline 0 -19"><span class='ocrx_word' id='word_1_442' title='bbox 229 3441 446 3495; x_wconf 74' lang='grc' dir='ltr'>οἰκείων</span> <span class='ocrx_word' id='word_1_443' title='bbox 470 3443 871 3513; x_wconf 81' lang='grc' dir='ltr'>συλλογισμῶν,</span> <span class='ocrx_word' id='word_1_444' title='bbox 901 3443 1017 3497; x_wconf 78' lang='grc' dir='ltr'>ἀλλ’</span> <span class='ocrx_word' id='word_1_445' title='bbox 1039 3444 1104 3495; x_wconf 78' lang='grc' dir='ltr'>ἐκ</span> <span class='ocrx_word' id='word_1_446' title='bbox 1130 3442 1238 3496; x_wconf 84' lang='grc' dir='ltr'><strong>τῶν</strong></span> <span class='ocrx_word' id='word_1_447' title='bbox 1268 3442 1438 3496; x_wconf 79' lang='grc' dir='ltr'>θείων</span> <span class='ocrx_word' id='word_1_448' title='bbox 1458 3442 1695 3514; x_wconf 83' lang='grc' dir='ltr'>Γραφῶν</span> <span class='ocrx_word' id='word_1_449' title='bbox 1719 3445 1814 3495; x_wconf 75' lang='grc' dir='ltr'>καὶ</span> 
     </span>
    </p>
   </div>
   <div class='ocr_carea' id='block_1_67' title="bbox 228 3531 1813 3605">
    <p class='ocr_par' dir='ltr' id='par_1_67' title="bbox 228 3531 1813 3605">
     <span class='ocr_line' id='line_1_67' title="bbox 228 3531 1813 3605; baseline 0.002 -22"><span class='ocrx_word' id='word_1_450' title='bbox 228 3531 340 3584; x_wconf 83' lang='grc' dir='ltr'><strong>τῶν</strong></span> <span class='ocrx_word' id='word_1_451' title='bbox 366 3532 510 3586; x_wconf 70' lang='grc' dir='ltr'>κατὰ</span> <span class='ocrx_word' id='word_1_452' title='bbox 548 3534 742 3601; x_wconf 70' lang='grc' dir='ltr'>γενεάν</span> <span class='ocrx_word' id='word_1_453' title='bbox 773 3533 1079 3587; x_wconf 76' lang='grc' dir='ltr'>θεσπεσίων</span> <span class='ocrx_word' id='word_1_454' title='bbox 1133 3534 1495 3596; x_wconf 76' lang='grc' dir='ltr'>διδασκάλων,</span> <span class='ocrx_word' id='word_1_455' title='bbox 1546 3535 1687 3604; x_wconf 82' lang='grc' dir='ltr'>μέγα</span> <span class='ocrx_word' id='word_1_456' title='bbox 1714 3535 1813 3605; x_wconf 81' lang='grc' dir='ltr'>τῆς</span> 
     </span>
    </p>
   </div>
   <div class='ocr_carea' id='block_1_68' title="bbox 231 3621 1815 3696">
    <p class='ocr_par' dir='ltr' id='par_1_68' title="bbox 231 3621 1815 3696">
     <span class='ocr_line' id='line_1_68' title="bbox 231 3621 1815 3696; baseline 0.001 -22"><span class='ocrx_word' id='word_1_457' title='bbox 231 3621 512 3687; x_wconf 80' lang='grc' dir='ltr'>εὐσεϐείας</span> <span class='ocrx_word' id='word_1_458' title='bbox 543 3625 843 3696; x_wconf 81' lang='grc' dir='ltr'>μυστήριον</span> <span class='ocrx_word' id='word_1_459' title='bbox 879 3624 1441 3695; x_wconf 77' lang='grc' dir='ltr'>ὲπισφραγισάμενοι,</span> <span class='ocrx_word' id='word_1_460' title='bbox 1471 3623 1815 3677; x_wconf 76' lang='grc' dir='ltr'>ἐϐεϐαίωσαν</span> 
     </span>
    </p>
   </div>
   <div class='ocr_carea' id='block_1_69' title="bbox 230 3715 1815 3788">
    <p class='ocr_par' dir='ltr' id='par_1_69' title="bbox 230 3715 1815 3788">
     <span class='ocr_line' id='line_1_69' title="bbox 230 3715 1815 3788; baseline 0 -21"><span class='ocrx_word' id='word_1_461' title='bbox 230 3716 323 3767; x_wconf 81' lang='grc' dir='ltr'>τὸν</span> <span class='ocrx_word' id='word_1_462' title='bbox 350 3715 445 3769; x_wconf 68' lang='grc' dir='ltr'>ἕνα</span> <span class='ocrx_word' id='word_1_463' title='bbox 476 3716 570 3769; x_wconf 81' lang='grc' dir='ltr'>καὶ</span> <span class='ocrx_word' id='word_1_464' title='bbox 609 3717 873 3788; x_wconf 82' lang='grc' dir='ltr'>μονογενῆ</span> <span class='ocrx_word' id='word_1_465' title='bbox 902 3717 1030 3771; x_wconf 76' lang='grc' dir='ltr'>Υίδν</span> <span class='ocrx_word' id='word_1_466' title='bbox 1081 3716 1175 3771; x_wconf 80' lang='grc' dir='ltr'>τοῦ</span> <span class='ocrx_word' id='word_1_467' title='bbox 1210 3715 1370 3780; x_wconf 83' lang='grc' dir='ltr'>Θεοῦ,</span> <span class='ocrx_word' id='word_1_468' title='bbox 1398 3717 1543 3769; x_wconf 83' lang='grc' dir='ltr'>κατὰ</span> <span class='ocrx_word' id='word_1_469' title='bbox 1573 3716 1671 3788; x_wconf 78' lang='grc' dir='ltr'>τὴν</span> <span class='ocrx_word' id='word_1_470' title='bbox 1703 3715 1815 3769; x_wconf 82' lang='grc' dir='ltr'>τῶν</span> 
     </span>
    </p>
   </div>
   <div class='ocr_carea' id='block_1_70' title="bbox 231 3807 1813 3878">
    <p class='ocr_par' dir='ltr' id='par_1_70' title="bbox 231 3807 1813 3878">
     <span class='ocr_line' id='line_1_70' title="bbox 231 3807 1813 3878; baseline 0.001 -20"><span class='ocrx_word' id='word_1_471' title='bbox 231 3807 561 3876; x_wconf 85' lang='grc' dir='ltr'>τριακοσίων</span> <span class='ocrx_word' id='word_1_472' title='bbox 605 3808 739 3862; x_wconf 83' lang='grc' dir='ltr'>δέκα</span> <span class='ocrx_word' id='word_1_473' title='bbox 783 3811 878 3862; x_wconf 74' lang='grc' dir='ltr'><strong>καὶ</strong></span> <span class='ocrx_word' id='word_1_474' title='bbox 931 3807 1078 3862; x_wconf 73' lang='grc' dir='ltr'>ὀκτὼ</span> <span class='ocrx_word' id='word_1_475' title='bbox 1113 3809 1286 3878; x_wconf 82' lang='grc' dir='ltr'>ἁγίων</span> <span class='ocrx_word' id='word_1_476' title='bbox 1318 3808 1578 3877; x_wconf 87' lang='grc' dir='ltr'>Πατέρων</span> <span class='ocrx_word' id='word_1_477' title='bbox 1608 3808 1813 3872; x_wconf 84' lang='grc' dir='ltr'>πίστιν,</span> 
     </span>
    </p>
   </div>
   <div class='ocr_carea' id='block_1_71' title="bbox 232 3896 1816 3970">
    <p class='ocr_par' dir='ltr' id='par_1_71' title="bbox 232 3896 1816 3970">
     <span class='ocr_line' id='line_1_71' title="bbox 232 3896 1816 3970; baseline -0.001 -18"><span class='ocrx_word' id='word_1_478' title='bbox 232 3899 707 3970; x_wconf 73' lang='grc' dir='ltr'>ἀπαρεγχείρητον</span> <span class='ocrx_word' id='word_1_479' title='bbox 732 3896 871 3952; x_wconf 78' lang='grc' dir='ltr'>εἶναι</span> <span class='ocrx_word' id='word_1_480' title='bbox 903 3899 1045 3954; x_wconf 86' lang='grc' dir='ltr'>κατά</span> <span class='ocrx_word' id='word_1_481' title='bbox 1067 3899 1167 3969; x_wconf 78' lang='grc' dir='ltr'>τὴν</span> <span class='ocrx_word' id='word_1_482' title='bbox 1200 3900 1409 3952; x_wconf 85' lang='grc' dir='ltr'>οἰκείαν</span> <span class='ocrx_word' id='word_1_483' title='bbox 1438 3899 1623 3967; x_wconf 85' lang='grc' dir='ltr'>φύσιν.</span> <span class='ocrx_word' id='word_1_484' title='bbox 1645 3897 1816 3951; x_wconf 80' lang='grc' dir='ltr'>Τοῦτο</span> 
     </span>
    </p>
   </div>
   <div class='ocr_carea' id='block_1_72' title="bbox 234 3989 1816 4061">
    <p class='ocr_par' dir='ltr' id='par_1_72' title="bbox 234 3989 1816 4061">
     <span class='ocr_line' id='line_1_72' title="bbox 234 3989 1816 4061; baseline 0 -19"><span class='ocrx_word' id='word_1_485' title='bbox 234 3990 343 4060; x_wconf 77' lang='grc' dir='ltr'><strong>γὰρ</strong></span> <span class='ocrx_word' id='word_1_486' title='bbox 384 3990 654 4061; x_wconf 79' lang='grc' dir='ltr'>’Δρειανοὶ</span> <span class='ocrx_word' id='word_1_487' title='bbox 676 3990 1178 4061; x_wconf 86' lang='grc' dir='ltr'>παρασαλεύουσιν,</span> <span class='ocrx_word' id='word_1_488' title='bbox 1205 3991 1387 4055; x_wconf 89' lang='grc' dir='ltr'>καθὼς</span> <span class='ocrx_word' id='word_1_489' title='bbox 1416 3990 1513 4043; x_wconf 78' lang='grc' dir='ltr'>καὶ</span> <span class='ocrx_word' id='word_1_490' title='bbox 1541 3991 1575 4061; x_wconf 79' lang='grc' dir='ltr'>ὴ</span> <span class='ocrx_word' id='word_1_491' title='bbox 1600 3989 1816 4054; x_wconf 80' lang='grc' dir='ltr'>σύνοδος</span> 
     </span>
    </p>
   </div>
   <div class='ocr_carea' id='block_1_73' title="bbox 236 4083 1817 4157">
    <p class='ocr_par' dir='ltr' id='par_1_73' title="bbox 236 4083 1817 4157">
     <span class='ocr_line' id='line_1_73' title="bbox 236 4083 1817 4157; baseline 0 -21"><span class='ocrx_word' id='word_1_492' title='bbox 236 4084 413 4155; x_wconf 51' lang='grc' dir='ltr'>ἐκείνη</span> <span class='ocrx_word' id='word_1_493' title='bbox 461 4085 520 4137; x_wconf 83' lang='grc' dir='ltr'>ὲν</span> <span class='ocrx_word' id='word_1_494' title='bbox 574 4084 781 4154; x_wconf 58' lang='grc' dir='ltr'>Νικαίέι</span> <span class='ocrx_word' id='word_1_495' title='bbox 810 4085 1126 4155; x_wconf 82' lang='grc' dir='ltr'>γεγένηται,</span> <span class='ocrx_word' id='word_1_496' title='bbox 1158 4085 1256 4139; x_wconf 81' lang='grc' dir='ltr'>καὶ</span> <span class='ocrx_word' id='word_1_497' title='bbox 1298 4084 1399 4157; x_wconf 74' lang='grc' dir='ltr'>τὴν</span> <span class='ocrx_word' id='word_1_498' title='bbox 1445 4085 1681 4155; x_wconf 80' lang='grc' dir='ltr'>ὑστέραν</span> <span class='ocrx_word' id='word_1_499' title='bbox 1723 4083 1817 4138; x_wconf 75' lang='grc' dir='ltr'><strong>ἐπὶ</strong></span> 
     </span>
    </p>
   </div>
   <div class='ocr_carea' id='block_1_74' title="bbox 235 4175 1816 4249">
    <p class='ocr_par' dir='ltr' id='par_1_74' title="bbox 235 4175 1816 4249">
     <span class='ocr_line' id='line_1_74' title="bbox 235 4175 1816 4249; baseline -0.002 -18"><span class='ocrx_word' id='word_1_500' title='bbox 235 4178 334 4247; x_wconf 80' lang='grc' dir='ltr'><strong>τῆς</strong></span> <span class='ocrx_word' id='word_1_501' title='bbox 364 4176 759 4249; x_wconf 81' lang='grc' dir='ltr'>βασιλευούσης</span> <span class='ocrx_word' id='word_1_502' title='bbox 793 4179 937 4232; x_wconf 86' lang='grc' dir='ltr'>κατὰ</span> <span class='ocrx_word' id='word_1_503' title='bbox 966 4179 1077 4232; x_wconf 83' lang='grc' dir='ltr'>τῶν</span> <span class='ocrx_word' id='word_1_504' title='bbox 1122 4176 1547 4233; x_wconf 76' lang='grc' dir='ltr'>Μακεδονιανῶν</span> <span class='ocrx_word' id='word_1_505' title='bbox 1596 4175 1816 4230; x_wconf 83' lang='grc' dir='ltr'>σύνοδον</span> 
     </span>
    </p>
   </div>
   <div class='ocr_carea' id='block_1_75' title="bbox 237 4267 1816 4341">
    <p class='ocr_par' dir='ltr' id='par_1_75' title="bbox 237 4267 1816 4341">
     <span class='ocr_line' id='line_1_75' title="bbox 237 4267 1816 4341; baseline -0.004 -16"><span class='ocrx_word' id='word_1_506' title='bbox 237 4271 346 4325; x_wconf 84' lang='grc' dir='ltr'>τῶν</span> <span class='ocrx_word' id='word_1_507' title='bbox 373 4270 568 4325; x_wconf 68' lang='grc' dir='ltr'>ἑκατὸν</span> <span class='ocrx_word' id='word_1_508' title='bbox 593 4272 955 4341; x_wconf 82' lang='grc' dir='ltr'>πεντήκοντα,</span> <span class='ocrx_word' id='word_1_509' title='bbox 989 4271 1066 4333; x_wconf 81' lang='grc' dir='ltr'>ὡς</span> <span class='ocrx_word' id='word_1_510' title='bbox 1092 4270 1174 4339; x_wconf 80' lang='grc' dir='ltr'>τῷ</span> <span class='ocrx_word' id='word_1_511' title='bbox 1210 4271 1352 4340; x_wconf 78' lang='grc' dir='ltr'>ἁγίῳ</span> <span class='ocrx_word' id='word_1_512' title='bbox 1379 4268 1658 4338; x_wconf 84' lang='grc' dir='ltr'>Πνεύματι</span> <span class='ocrx_word' id='word_1_513' title='bbox 1696 4267 1816 4320; x_wconf 88' lang='grc' dir='ltr'>δια-</span> 
     </span>
    </p>
   </div>
   <div class='ocr_carea' id='block_1_76' title="bbox 239 4360 1817 4437">
    <p class='ocr_par' dir='ltr' id='par_1_76' title="bbox 239 4360 1817 4437">
     <span class='ocr_line' id='line_1_76' title="bbox 239 4360 1817 4437; baseline -0.005 -18"><span class='ocrx_word' id='word_1_514' title='bbox 239 4366 562 4436; x_wconf 82' lang='grc' dir='ltr'>μαχομένων</span> <span class='ocrx_word' id='word_1_515' title='bbox 592 4368 890 4437; x_wconf 77' lang='grc' dir='ltr'>γραφικαῖς</span> <span class='ocrx_word' id='word_1_516' title='bbox 930 4363 1259 4435; x_wconf 64' lang='grc' dir='ltr'>μαρτυρίαις</span> <span class='ocrx_word' id='word_1_517' title='bbox 1287 4360 1817 4429; x_wconf 74' lang='grc' dir='ltr'>ὲπασῳαλισαμένην</span> 
     </span>
    </p>
   </div>
   <div class='ocr_carea' id='block_1_77' title="bbox 237 4447 1815 4528">
    <p class='ocr_par' dir='ltr' id='par_1_77' title="bbox 237 4447 1815 4528">
     <span class='ocr_line' id='line_1_77' title="bbox 237 4447 1815 4528; baseline -0.007 -17"><span class='ocrx_word' id='word_1_518' title='bbox 237 4457 555 4528; x_wconf 81' lang='grc' dir='ltr'>ἐκύρωσαν,</span> <span class='ocrx_word' id='word_1_519' title='bbox 605 4455 793 4509; x_wconf 74' lang='grc' dir='ltr'>λοιπὸν</span> <span class='ocrx_word' id='word_1_520' title='bbox 842 4454 986 4507; x_wconf 83' lang='grc' dir='ltr'>κατὰ</span> <span class='ocrx_word' id='word_1_521' title='bbox 1032 4453 1142 4506; x_wconf 81' lang='grc' dir='ltr'>τῶν</span> <span class='ocrx_word' id='word_1_522' title='bbox 1193 4450 1532 4506; x_wconf 82' lang='grc' dir='ltr'>ἁθετούντων</span> <span class='ocrx_word' id='word_1_523' title='bbox 1577 4449 1676 4518; x_wconf 82' lang='grc' dir='ltr'>τὴν</span> <span class='ocrx_word' id='word_1_524' title='bbox 1722 4447 1815 4501; x_wconf 82' lang='grc' dir='ltr'>τοῦ</span> 
     </span>
    </p>
   </div>
   <div class='ocr_carea' id='block_1_78' title="bbox 1920 3251 3500 3324">
    <p class='ocr_par' dir='ltr' id='par_1_78' title="bbox 1920 3251 3500 3324">
     <span class='ocr_line' id='line_1_78' title="bbox 1920 3251 3500 3324; baseline 0.005 -21"><span class='ocrx_word' id='word_1_525' title='bbox 1920 3251 2293 3320; x_wconf 87' lang='lat' dir='ltr'><strong>Deiparentem</strong></span> <span class='ocrx_word' id='word_1_526' title='bbox 2323 3253 2604 3307; x_wconf 88' lang='lat' dir='ltr'><strong>nominare</strong></span> <span class='ocrx_word' id='word_1_527' title='bbox 2634 3263 2952 3309; x_wconf 84' lang='lat' dir='ltr'><strong>recusarent</strong></span> <span class='ocrx_word' id='word_1_528' title='bbox 2987 3271 3002 3309; x_wconf 90' lang='lat'>:</span> <span class='ocrx_word' id='word_1_529' title='bbox 3033 3254 3125 3324; x_wconf 90' lang='lat' dir='ltr'><strong>qui</strong></span> <span class='ocrx_word' id='word_1_530' title='bbox 3166 3255 3219 3309; x_wconf 91' lang='lat' dir='ltr'><strong>in</strong></span> <span class='ocrx_word' id='word_1_531' title='bbox 3250 3254 3354 3311; x_wconf 90' lang='lat' dir='ltr'><strong>hac</strong></span> <span class='ocrx_word' id='word_1_532' title='bbox 3381 3271 3500 3311; x_wconf 65' lang='lat' dir='ltr'><strong>ma»</strong></span> 
     </span>
    </p>
   </div>
   <div class='ocr_carea' id='block_1_79' title="bbox 1915 3343 3495 3414">
    <p class='ocr_par' dir='ltr' id='par_1_79' title="bbox 1915 3343 3495 3414">
     <span class='ocr_line' id='line_1_79' title="bbox 1915 3343 3495 3414; baseline 0.003 -18"><span class='ocrx_word' id='word_1_533' title='bbox 1915 3357 2018 3413; x_wconf 84' lang='lat' dir='ltr'><strong>gna</strong></span> <span class='ocrx_word' id='word_1_534' title='bbox 2071 3351 2128 3398; x_wconf 88' lang='lat' dir='ltr'><strong>et</strong></span> <span class='ocrx_word' id='word_1_535' title='bbox 2164 3343 2503 3398; x_wconf 73' lang='lat' dir='ltr'><strong>mcumettica</strong></span> <span class='ocrx_word' id='word_1_536' title='bbox 2553 3348 2764 3414; x_wconf 84' lang='lat' dir='ltr'><strong>synodo</strong></span> <span class='ocrx_word' id='word_1_537' title='bbox 2831 3348 2990 3401; x_wconf 85' lang='lat' dir='ltr'><strong>erant</strong></span> <span class='ocrx_word' id='word_1_538' title='bbox 3037 3346 3215 3401; x_wconf 86' lang='lat' dir='ltr'><strong>sancti</strong></span> <span class='ocrx_word' id='word_1_539' title='bbox 3286 3346 3495 3413; x_wconf 87' lang='lat' dir='ltr'><strong>Patres,</strong></span> 
     </span>
    </p>
   </div>
   <div class='ocr_carea' id='block_1_80' title="bbox 1916 3434 3495 3506">
    <p class='ocr_par' dir='ltr' id='par_1_80' title="bbox 1916 3434 3495 3506">
     <span class='ocr_line' id='line_1_80' title="bbox 1916 3434 3495 3506; baseline 0.004 -19"><span class='ocrx_word' id='word_1_540' title='bbox 1916 3434 2183 3499; x_wconf 90' lang='lat' dir='ltr'><strong>oumium,</strong></span> <span class='ocrx_word' id='word_1_541' title='bbox 2213 3449 2347 3504; x_wconf 90' lang='lat' dir='ltr'><strong>quos</strong></span> <span class='ocrx_word' id='word_1_542' title='bbox 2370 3446 2499 3490; x_wconf 88' lang='lat' dir='ltr'><strong>ante</strong></span> <span class='ocrx_word' id='word_1_543' title='bbox 2527 3436 2872 3506; x_wconf 81' lang='lat' dir='ltr'><strong>scripsimus,</strong></span> <span class='ocrx_word' id='word_1_544' title='bbox 2891 3447 3199 3493; x_wconf 82' lang='lat' dir='ltr'><strong>evertentcs</strong></span> <span class='ocrx_word' id='word_1_545' title='bbox 3238 3439 3495 3502; x_wconf 63' lang='lat' dir='ltr'><strong>ltarreses,</strong></span> 
     </span>
    </p>
   </div>
   <div class='ocr_carea' id='block_1_81' title="bbox 1919 3527 3492 3600">
    <p class='ocr_par' dir='ltr' id='par_1_81' title="bbox 1919 3527 3492 3600">
     <span class='ocr_line' id='line_1_81' title="bbox 1919 3527 3492 3600; baseline 0.003 -20"><span class='ocrx_word' id='word_1_546' title='bbox 1919 3543 2026 3581; x_wconf 85' lang='lat' dir='ltr'><strong>non</strong></span> <span class='ocrx_word' id='word_1_547' title='bbox 2063 3541 2128 3581; x_wconf 85' lang='lat' dir='ltr'><strong>ex</strong></span> <span class='ocrx_word' id='word_1_548' title='bbox 2158 3529 2274 3582; x_wconf 86' lang='lat' dir='ltr'><strong>suis</strong></span> <span class='ocrx_word' id='word_1_549' title='bbox 2298 3527 2651 3598; x_wconf 80' lang='lat' dir='ltr'><strong>syllogismis,</strong></span> <span class='ocrx_word' id='word_1_550' title='bbox 2684 3532 2779 3583; x_wconf 86' lang='lat' dir='ltr'><strong>sed</strong></span> <span class='ocrx_word' id='word_1_551' title='bbox 2812 3543 2879 3583; x_wconf 78' lang='lat' dir='ltr'><strong>ex</strong></span> <span class='ocrx_word' id='word_1_552' title='bbox 2926 3529 3122 3583; x_wconf 80' lang='lat' dir='ltr'><strong>divinis</strong></span> <span class='ocrx_word' id='word_1_553' title='bbox 3163 3527 3492 3600; x_wconf 86' lang='lat' dir='ltr'><strong>Scriptnris,</strong></span> 
     </span>
    </p>
   </div>
   <div class='ocr_carea' id='block_1_82' title="bbox 1916 3617 3498 3688">
    <p class='ocr_par' dir='ltr' id='par_1_82' title="bbox 1916 3617 3498 3688">
     <span class='ocr_line' id='line_1_82' title="bbox 1916 3617 3498 3688; baseline 0.003 -17"><span class='ocrx_word' id='word_1_554' title='bbox 1916 3627 1971 3671; x_wconf 85' lang='lat' dir='ltr'><strong>et</strong></span> <span class='ocrx_word' id='word_1_555' title='bbox 2017 3617 2317 3685; x_wconf 69' lang='lat' dir='ltr'><strong>prmclaris,</strong></span> <span class='ocrx_word' id='word_1_556' title='bbox 2353 3619 2443 3688; x_wconf 89' lang='lat' dir='ltr'><strong>qui</strong></span> <span class='ocrx_word' id='word_1_557' title='bbox 2501 3628 2661 3673; x_wconf 91' lang='lat' dir='ltr'><strong>antea</strong></span> <span class='ocrx_word' id='word_1_558' title='bbox 2718 3618 2961 3686; x_wconf 88' lang='lat' dir='ltr'><strong>fuerunt,</strong></span> <span class='ocrx_word' id='word_1_559' title='bbox 2998 3621 3337 3687; x_wconf 90' lang='lat' dir='ltr'><strong>doctoribus,</strong></span> <span class='ocrx_word' id='word_1_560' title='bbox 3381 3637 3498 3676; x_wconf 86' lang='lat' dir='ltr'><strong>ma-</strong></span> 
     </span>
    </p>
   </div>
   <div class='ocr_carea' id='block_1_83' title="bbox 1915 3709 3495 3781">
    <p class='ocr_par' dir='ltr' id='par_1_83' title="bbox 1915 3709 3495 3781">
     <span class='ocr_line' id='line_1_83' title="bbox 1915 3709 3495 3781; baseline 0.002 -20"><span class='ocrx_word' id='word_1_561' title='bbox 1915 3725 2082 3780; x_wconf 85' lang='lat' dir='ltr'><strong>gnum</strong></span> <span class='ocrx_word' id='word_1_562' title='bbox 2126 3709 2345 3779; x_wconf 88' lang='lat' dir='ltr'><strong>pietatis</strong></span> <span class='ocrx_word' id='word_1_563' title='bbox 2398 3709 2716 3781; x_wconf 87' lang='lat' dir='ltr'><strong>mysterium</strong></span> <span class='ocrx_word' id='word_1_564' title='bbox 2790 3711 3165 3781; x_wconf 82' lang='lat' dir='ltr'><strong>obsignantes,</strong></span> <span class='ocrx_word' id='word_1_565' title='bbox 3197 3714 3495 3766; x_wconf 82' lang='lat' dir='ltr'><strong>confirma-</strong></span> 
     </span>
    </p>
   </div>
   <div class='ocr_carea' id='block_1_84' title="bbox 1919 3799 3497 3871">
    <p class='ocr_par' dir='ltr' id='par_1_84' title="bbox 1919 3799 3497 3871">
     <span class='ocr_line' id='line_1_84' title="bbox 1919 3799 3497 3871; baseline 0.001 -19"><span class='ocrx_word' id='word_1_566' title='bbox 1919 3810 2114 3853; x_wconf 80' lang='lat' dir='ltr'><strong>verunt</strong></span> <span class='ocrx_word' id='word_1_567' title='bbox 2141 3801 2358 3854; x_wconf 90' lang='lat' dir='ltr'><strong>unicum</strong></span> <span class='ocrx_word' id='word_1_568' title='bbox 2379 3810 2433 3855; x_wconf 89' lang='lat' dir='ltr'><strong>et</strong></span> <span class='ocrx_word' id='word_1_569' title='bbox 2457 3801 2789 3871; x_wconf 82' lang='lat' dir='ltr'><strong>unigenitum</strong></span> <span class='ocrx_word' id='word_1_570' title='bbox 2817 3799 3144 3866; x_wconf 83' lang='lat' dir='ltr'><strong>DciFdium,</strong></span> <span class='ocrx_word' id='word_1_571' title='bbox 3169 3802 3497 3858; x_wconf 82' lang='lat' dir='ltr'><strong>convenien-</strong></span> 
     </span>
    </p>
   </div>
   <div class='ocr_carea' id='block_1_85' title="bbox 1917 3887 3495 3945">
    <p class='ocr_par' dir='ltr' id='par_1_85' title="bbox 1917 3887 3495 3945">
     <span class='ocr_line' id='line_1_85' title="bbox 1917 3887 3495 3945; baseline 0 -4"><span class='ocrx_word' id='word_1_572' title='bbox 1917 3896 2000 3943; x_wconf 88' lang='lat' dir='ltr'><strong>ter</strong></span> <span class='ocrx_word' id='word_1_573' title='bbox 2034 3889 2154 3943; x_wconf 89' lang='lat' dir='ltr'><strong>ﬁdei</strong></span> <span class='ocrx_word' id='word_1_574' title='bbox 2190 3898 2554 3945; x_wconf 85' lang='lat' dir='ltr'><strong>trecentorum</strong></span> <span class='ocrx_word' id='word_1_575' title='bbox 2589 3890 2775 3944; x_wconf 88' lang='lat' dir='ltr'><strong>decem</strong></span> <span class='ocrx_word' id='word_1_576' title='bbox 2812 3897 2867 3943; x_wconf 86' lang='lat' dir='ltr'><strong>et</strong></span> <span class='ocrx_word' id='word_1_577' title='bbox 2899 3899 3022 3944; x_wconf 90' lang='lat' dir='ltr'><strong>octo</strong></span> <span class='ocrx_word' id='word_1_578' title='bbox 3049 3898 3364 3944; x_wconf 87' lang='lat' dir='ltr'><strong>sanctorum</strong></span> <span class='ocrx_word' id='word_1_579' title='bbox 3390 3887 3495 3941; x_wconf 72' lang='grc' dir='ltr'><strong>Ρο-</strong></span> 
     </span>
    </p>
   </div>
   <div class='ocr_carea' id='block_1_86' title="bbox 1919 3981 3494 4051">
    <p class='ocr_par' dir='ltr' id='par_1_86' title="bbox 1919 3981 3494 4051">
     <span class='ocr_line' id='line_1_86' title="bbox 1919 3981 3494 4051; baseline 0.001 -18"><span class='ocrx_word' id='word_1_580' title='bbox 1919 3990 2082 4045; x_wconf 83' lang='lat' dir='ltr'><strong>trum,</strong></span> <span class='ocrx_word' id='word_1_581' title='bbox 2107 3981 2438 4051; x_wconf 61' lang='lat' dir='ltr'><strong>propria‘sua</strong></span> <span class='ocrx_word' id='word_1_582' title='bbox 2459 3988 2652 4036; x_wconf 85' lang='lat' dir='ltr'><strong>natura</strong></span> <span class='ocrx_word' id='word_1_583' title='bbox 2675 3996 2800 4037; x_wconf 71' lang='lat' dir='ltr'><strong>esse</strong></span> <span class='ocrx_word' id='word_1_584' title='bbox 2819 3983 3157 4038; x_wconf 87' lang='lat' dir='ltr'><strong>inaccessum</strong></span> <span class='ocrx_word' id='word_1_585' title='bbox 3185 3983 3322 4036; x_wconf 88' lang='lat' dir='ltr'><strong>:boc</strong></span> <span class='ocrx_word' id='word_1_586' title='bbox 3348 3982 3494 4036; x_wconf 90' lang='lat' dir='ltr'><strong>enim</strong></span> 
     </span>
    </p>
   </div>
   <div class='ocr_carea' id='block_1_87' title="bbox 1918 4070 3497 4145">
    <p class='ocr_par' dir='ltr' id='par_1_87' title="bbox 1918 4070 3497 4145">
     <span class='ocr_line' id='line_1_87' title="bbox 1918 4070 3497 4145; baseline 0 -18"><span class='ocrx_word' id='word_1_587' title='bbox 1918 4070 2249 4127; x_wconf 73' lang='lat' dir='ltr'><strong>labefactant</strong></span> <span class='ocrx_word' id='word_1_588' title='bbox 2277 4073 2488 4141; x_wconf 86' lang='lat' dir='ltr'><strong>Ariani,</strong></span> <span class='ocrx_word' id='word_1_589' title='bbox 2532 4075 2794 4129; x_wconf 74' lang='lat' dir='ltr'><strong>adversus</strong></span> <span class='ocrx_word' id='word_1_590' title='bbox 2818 4088 2954 4145; x_wconf 84' lang='lat' dir='ltr'><strong>quos</strong></span> <span class='ocrx_word' id='word_1_591' title='bbox 2995 4073 3099 4129; x_wconf 88' lang='lat' dir='ltr'><strong>fuit</strong></span> <span class='ocrx_word' id='word_1_592' title='bbox 3134 4073 3224 4128; x_wconf 86' lang='lat' dir='ltr'><strong>illa</strong></span> <span class='ocrx_word' id='word_1_593' title='bbox 3259 4073 3497 4144; x_wconf 85' lang='lat' dir='ltr'><strong>synodus</strong></span> 
     </span>
    </p>
   </div>
   <div class='ocr_carea' id='block_1_88' title="bbox 1915 4165 3496 4240">
    <p class='ocr_par' dir='ltr' id='par_1_88' title="bbox 1915 4165 3496 4240">
     <span class='ocr_line' id='line_1_88' title="bbox 1915 4165 3496 4240; baseline -0.003 -18"><span class='ocrx_word' id='word_1_594' title='bbox 1915 4165 2134 4222; x_wconf 64' lang='lat' dir='ltr'><strong>Nicena</strong></span> <span class='ocrx_word' id='word_1_595' title='bbox 2172 4185 2186 4221; x_wconf 91' lang='lat'><strong>:</strong></span> <span class='ocrx_word' id='word_1_596' title='bbox 2216 4178 2269 4221; x_wconf 89' lang='lat' dir='ltr'><strong>et</strong></span> <span class='ocrx_word' id='word_1_597' title='bbox 2289 4183 2408 4238; x_wconf 70' lang='lat' dir='ltr'><strong>qua:</strong></span> <span class='ocrx_word' id='word_1_598' title='bbox 2430 4179 2617 4239; x_wconf 88' lang='lat' dir='ltr'><strong>postea</strong></span> <span class='ocrx_word' id='word_1_599' title='bbox 2647 4167 2745 4222; x_wconf 88' lang='lat' dir='ltr'><strong>fuit</strong></span> <span class='ocrx_word' id='word_1_600' title='bbox 2774 4168 2826 4222; x_wconf 89' lang='lat' dir='ltr'><strong>in</strong></span> <span class='ocrx_word' id='word_1_601' title='bbox 2870 4168 3002 4223; x_wconf 87' lang='lat' dir='ltr'><strong>urbe</strong></span> <span class='ocrx_word' id='word_1_602' title='bbox 3041 4166 3209 4240; x_wconf 81' lang='lat' dir='ltr'><strong>regia,</strong></span> <span class='ocrx_word' id='word_1_603' title='bbox 3233 4169 3496 4237; x_wconf 88' lang='lat' dir='ltr'><strong>synodum</strong></span> 
     </span>
    </p>
   </div>
   <div class='ocr_carea' id='block_1_89' title="bbox 1915 4256 3501 4330">
    <p class='ocr_par' dir='ltr' id='par_1_89' title="bbox 1915 4256 3501 4330">
     <span class='ocr_line' id='line_1_89' title="bbox 1915 4256 3501 4330; baseline -0.004 -16"><span class='ocrx_word' id='word_1_604' title='bbox 1915 4269 2135 4315; x_wconf 84' lang='lat' dir='ltr'><strong>centum</strong></span> <span class='ocrx_word' id='word_1_605' title='bbox 2163 4270 2214 4313; x_wconf 89' lang='lat' dir='ltr'><strong>et</strong></span> <span class='ocrx_word' id='word_1_606' title='bbox 2230 4261 2623 4330; x_wconf 84' lang='lat' dir='ltr'><strong>quinquaginta</strong></span> <span class='ocrx_word' id='word_1_607' title='bbox 2647 4260 2871 4315; x_wconf 80' lang='lat' dir='ltr'><strong>Patrum</strong></span> <span class='ocrx_word' id='word_1_608' title='bbox 2891 4261 3150 4313; x_wconf 74' lang='lat' dir='ltr'><strong>adversus</strong></span> <span class='ocrx_word' id='word_1_609' title='bbox 3166 4256 3501 4312; x_wconf 84' lang='lat' dir='ltr'><strong>Macedonia-</strong></span> 
     </span>
    </p>
   </div>
   <div class='ocr_carea' id='block_1_90' title="bbox 1918 4344 3496 4418">
    <p class='ocr_par' dir='ltr' id='par_1_90' title="bbox 1918 4344 3496 4418">
     <span class='ocr_line' id='line_1_90' title="bbox 1918 4344 3496 4418; baseline -0.004 -13"><span class='ocrx_word' id='word_1_610' title='bbox 1918 4348 2202 4417; x_wconf 88' lang='lat' dir='ltr'><strong>nos,utqui</strong></span> <span class='ocrx_word' id='word_1_611' title='bbox 2215 4365 2336 4404; x_wconf 90' lang='lat' dir='ltr'><strong>cum</strong></span> <span class='ocrx_word' id='word_1_612' title='bbox 2351 4348 2556 4418; x_wconf 88' lang='lat' dir='ltr'><strong>Spiritu</strong></span> <span class='ocrx_word' id='word_1_613' title='bbox 2574 4359 2760 4405; x_wconf 84' lang='lat' dir='ltr'><strong>sancto</strong></span> <span class='ocrx_word' id='word_1_614' title='bbox 2779 4356 3102 4418; x_wconf 78' lang='lat' dir='ltr'><strong>pugnarent,</strong></span> <span class='ocrx_word' id='word_1_615' title='bbox 3118 4344 3413 4416; x_wconf 70' lang='lat' dir='ltr'><strong>Scriptum</strong></span> <span class='ocrx_word' id='word_1_616' title='bbox 3428 4355 3496 4399; x_wconf 86' lang='lat' dir='ltr'><strong>te-</strong></span> 
     </span>
    </p>
   </div>
   <div class='ocr_carea' id='block_1_91' title="bbox 1924 4438 3499 4509">
    <p class='ocr_par' dir='ltr' id='par_1_91' title="bbox 1924 4438 3499 4509">
     <span class='ocr_line' id='line_1_91' title="bbox 1924 4438 3499 4509; baseline -0.006 -10"><span class='ocrx_word' id='word_1_617' title='bbox 1924 4444 2200 4499; x_wconf 80' lang='lat' dir='ltr'><strong>stimoniis</strong></span> <span class='ocrx_word' id='word_1_618' title='bbox 2226 4444 2492 4497; x_wconf 89' lang='lat' dir='ltr'><strong>munitam</strong></span> <span class='ocrx_word' id='word_1_619' title='bbox 2518 4440 2946 4509; x_wconf 71' lang='lat' dir='ltr'><strong>comprobarunt</strong></span> <span class='ocrx_word' id='word_1_620' title='bbox 2971 4456 2986 4493; x_wconf 87' lang='lat'><strong>:</strong></span> <span class='ocrx_word' id='word_1_621' title='bbox 3017 4438 3154 4492; x_wconf 89' lang='lat' dir='ltr'><strong>etde</strong></span> <span class='ocrx_word' id='word_1_622' title='bbox 3180 4446 3375 4491; x_wconf 63' lang='grc' dir='ltr'>αιτιοι-ο</span> <span class='ocrx_word' id='word_1_623' title='bbox 3402 4439 3499 4490; x_wconf 86' lang='lat' dir='ltr'><strong>ad-</strong></span> 
     </span>
    </p>
   </div>
   <div class='ocr_carea' id='block_1_92' title="bbox 236 4522 1813 4622">
    <p class='ocr_par' dir='ltr' id='par_1_92' title="bbox 236 4522 1813 4622">
     <span class='ocr_line' id='line_1_92' title="bbox 236 4522 1813 4622; baseline -0.008 -18"><span class='ocrx_word' id='word_1_624' title='bbox 236 4522 484 4622; x_wconf 75' lang='grc' dir='ltr'>Σωτῆρος</span> <span class='ocrx_word' id='word_1_625' title='bbox 521 4548 683 4620; x_wconf 79' lang='grc' dir='ltr'>ἡμῶν</span> <span class='ocrx_word' id='word_1_626' title='bbox 723 4547 902 4618; x_wconf 78' lang='grc' dir='ltr'><strong>Ἰησοῦ</strong></span> <span class='ocrx_word' id='word_1_627' title='bbox 955 4543 1194 4617; x_wconf 71' lang='grc' dir='ltr'>Χριστοῦ</span> <span class='ocrx_word' id='word_1_628' title='bbox 1234 4543 1566 4612; x_wconf 84' lang='grc' dir='ltr'>οἰκονομίαν,</span> <span class='ocrx_word' id='word_1_629' title='bbox 1612 4541 1688 4605; x_wconf 85' lang='grc' dir='ltr'>ὡς</span> <span class='ocrx_word' id='word_1_630' title='bbox 1726 4539 1813 4593; x_wconf 88' lang='grc' dir='ltr'>δο-</span> 
     </span>
    </p>
   </div>
   <div class='ocr_carea' id='block_1_93' title="bbox 1916 4522 3495 4622">
    <p class='ocr_par' dir='ltr' id='par_1_93' title="bbox 1926 4528 3495 4605">
     <span class='ocr_line' id='line_1_93' title="bbox 1926 4528 3495 4605; baseline -0.004 -15"><span class='ocrx_word' id='word_1_631' title='bbox 1926 4551 2112 4592; x_wconf 77' lang='lat' dir='ltr'><strong>versus</strong></span> <span class='ocrx_word' id='word_1_632' title='bbox 2130 4550 2222 4591; x_wconf 90' lang='lat' dir='ltr'><strong>eos</strong></span> <span class='ocrx_word' id='word_1_633' title='bbox 2234 4536 2324 4605; x_wconf 87' lang='lat' dir='ltr'><strong>qui</strong></span> <span class='ocrx_word' id='word_1_634' title='bbox 2342 4534 2628 4590; x_wconf 88' lang='lat' dir='ltr'><strong>abolebant</strong></span> <span class='ocrx_word' id='word_1_635' title='bbox 2646 4531 2952 4587; x_wconf 83' lang='lat' dir='ltr'><strong>Servatoris</strong></span> <span class='ocrx_word' id='word_1_636' title='bbox 2966 4529 3137 4585; x_wconf 84' lang='lat' dir='ltr'><strong>nostri</strong></span> <span class='ocrx_word' id='word_1_637' title='bbox 3150 4530 3276 4585; x_wconf 83' lang='lat' dir='ltr'><strong>Jesu</strong></span> <span class='ocrx_word' id='word_1_638' title='bbox 3293 4528 3495 4584; x_wconf 87' lang='lat' dir='ltr'><strong>Christi</strong></span> 
     </span>
    </p>
   </div>
   <div class='ocr_carea' id='block_1_94' title="bbox 205 4633 1815 4713">
    <p class='ocr_par' dir='ltr' id='par_1_94' title="bbox 205 4633 1815 4713">
     <span class='ocr_line' id='line_1_94' title="bbox 205 4633 1815 4713; baseline -0.007 -17"><span class='ocrx_word' id='word_1_639' title='bbox 205 4697 216 4713; x_wconf 35' lang='grc' dir='ltr'>ι</span> <span class='ocrx_word' id='word_1_640' title='bbox 238 4644 393 4713; x_wconf 83' lang='grc' dir='ltr'>κήσει</span> <span class='ocrx_word' id='word_1_641' title='bbox 422 4644 518 4697; x_wconf 76' lang='grc' dir='ltr'><strong>καὶ</strong></span> <span class='ocrx_word' id='word_1_642' title='bbox 546 4643 647 4696; x_wconf 74' lang='grc' dir='ltr'>οὐκ</span> <span class='ocrx_word' id='word_1_643' title='bbox 675 4640 904 4711; x_wconf 76' lang='grc' dir='ltr'>ἀληθείᾳ</span> <span class='ocrx_word' id='word_1_644' title='bbox 932 4637 1311 4709; x_wconf 85' lang='grc' dir='ltr'>σαρκωθέντος</span> <span class='ocrx_word' id='word_1_645' title='bbox 1343 4636 1506 4689; x_wconf 78' lang='grc' dir='ltr'>αὑτοῦ</span> <span class='ocrx_word' id='word_1_646' title='bbox 1534 4635 1631 4687; x_wconf 81' lang='grc' dir='ltr'>καὶ</span> <span class='ocrx_word' id='word_1_647' title='bbox 1661 4633 1815 4704; x_wconf 69' lang='grc' dir='ltr'>ψιλίιν</span> 
     </span>
    </p>
   </div>
   <div class='ocr_carea' id='block_1_95' title="bbox 238 4724 1815 4803">
    <p class='ocr_par' dir='ltr' id='par_1_95' title="bbox 238 4724 1815 4803">
     <span class='ocr_line' id='line_1_95' title="bbox 238 4724 1815 4803; baseline -0.007 -17"><span class='ocrx_word' id='word_1_648' title='bbox 238 4731 521 4803; x_wconf 75' lang='grc' dir='ltr'>ἄνθρωπον</span> <span class='ocrx_word' id='word_1_649' title='bbox 553 4732 646 4786; x_wconf 86' lang='grc' dir='ltr'>τὸν</span> <span class='ocrx_word' id='word_1_650' title='bbox 687 4733 750 4785; x_wconf 83' lang='grc' dir='ltr'>ἐκ</span> <span class='ocrx_word' id='word_1_651' title='bbox 783 4731 883 4800; x_wconf 79' lang='grc' dir='ltr'>τῆς</span> <span class='ocrx_word' id='word_1_652' title='bbox 913 4731 1075 4796; x_wconf 82' lang='grc' dir='ltr'>ἁγίας</span> <span class='ocrx_word' id='word_1_653' title='bbox 1115 4727 1392 4797; x_wconf 83' lang='grc' dir='ltr'>Παρθένου</span> <span class='ocrx_word' id='word_1_654' title='bbox 1430 4725 1525 4778; x_wconf 69' lang='grc' dir='ltr'>καὶ</span> <span class='ocrx_word' id='word_1_655' title='bbox 1549 4724 1815 4778; x_wconf 71' lang='grc' dir='ltr'>Θεοτόκου</span> 
     </span>
    </p>
   </div>
   <div class='ocr_carea' id='block_1_96' title="bbox 238 4816 1812 4896">
    <p class='ocr_par' dir='ltr' id='par_1_96' title="bbox 238 4816 1812 4896">
     <span class='ocr_line' id='line_1_96' title="bbox 238 4816 1812 4896; baseline -0.006 -18"><span class='ocrx_word' id='word_1_656' title='bbox 238 4825 451 4896; x_wconf 84' lang='grc' dir='ltr'>Μαρίας</span> <span class='ocrx_word' id='word_1_657' title='bbox 483 4824 742 4895; x_wconf 83' lang='grc' dir='ltr'>τεχθέντα</span> <span class='ocrx_word' id='word_1_658' title='bbox 770 4821 1158 4892; x_wconf 87' lang='grc' dir='ltr'>ληρωδούντων</span> <span class='ocrx_word' id='word_1_659' title='bbox 1180 4834 1195 4848; x_wconf 82' lang='lat'><strong><em>°</em></strong></span> <span class='ocrx_word' id='word_1_660' title='bbox 1224 4819 1345 4871; x_wconf 80' lang='grc' dir='ltr'>κατ’</span> <span class='ocrx_word' id='word_1_661' title='bbox 1375 4818 1555 4871; x_wconf 77' lang='grc' dir='ltr'>αὐτῶν</span> <span class='ocrx_word' id='word_1_662' title='bbox 1586 4816 1812 4888; x_wconf 84' lang='grc' dir='ltr'>ἐσχόλα-</span> 
     </span>
    </p>
   </div>
   <div class='ocr_carea' id='block_1_97' title="bbox 241 4909 1814 4989">
    <p class='ocr_par' dir='ltr' id='par_1_97' title="bbox 241 4909 1814 4989">
     <span class='ocr_line' id='line_1_97' title="bbox 241 4909 1814 4989; baseline -0.008 -16"><span class='ocrx_word' id='word_1_663' title='bbox 241 4935 334 4973; x_wconf 85' lang='grc' dir='ltr'><strong>σαν</strong></span> <span class='ocrx_word' id='word_1_664' title='bbox 359 4919 421 4971; x_wconf 75' lang='lat' dir='ltr'><strong>ix</strong></span> <span class='ocrx_word' id='word_1_665' title='bbox 449 4933 507 4972; x_wconf 84' lang='grc' dir='ltr'><strong>τε</strong></span> <span class='ocrx_word' id='word_1_666' title='bbox 538 4921 638 4987; x_wconf 82' lang='grc' dir='ltr'><strong>τῆς</strong></span> <span class='ocrx_word' id='word_1_667' title='bbox 677 4914 986 4989; x_wconf 83' lang='grc' dir='ltr'>μαρτυρίας</span> <span class='ocrx_word' id='word_1_668' title='bbox 1020 4913 1128 4967; x_wconf 84' lang='grc' dir='ltr'><strong>τῶν</strong></span> <span class='ocrx_word' id='word_1_669' title='bbox 1156 4913 1316 4967; x_wconf 88' lang='grc' dir='ltr'>θείων</span> <span class='ocrx_word' id='word_1_670' title='bbox 1354 4909 1588 4981; x_wconf 81' lang='grc' dir='ltr'>Γραφῶν</span> <span class='ocrx_word' id='word_1_671' title='bbox 1624 4913 1717 4963; x_wconf 84' lang='grc' dir='ltr'><strong>καί</strong></span> <span class='ocrx_word' id='word_1_672' title='bbox 1746 4911 1814 4962; x_wconf 71' lang='grc' dir='ltr'>ἐκ</span> 
     </span>
    </p>
   </div>
   <div class='ocr_carea' id='block_1_98' title="bbox 240 5001 1814 5077">
    <p class='ocr_par' dir='ltr' id='par_1_98' title="bbox 240 5001 1814 5077">
     <span class='ocr_line' id='line_1_98' title="bbox 240 5001 1814 5077; baseline -0.008 -14"><span class='ocrx_word' id='word_1_673' title='bbox 240 5010 344 5063; x_wconf 84' lang='grc' dir='ltr'>τῶν</span> <span class='ocrx_word' id='word_1_674' title='bbox 400 5009 695 5062; x_wconf 78' lang='grc' dir='ltr'>συνοδικῶν</span> <span class='ocrx_word' id='word_1_675' title='bbox 752 5006 846 5060; x_wconf 81' lang='grc' dir='ltr'>τοῦ</span> <span class='ocrx_word' id='word_1_676' title='bbox 909 5005 1330 5077; x_wconf 82' lang='grc' dir='ltr'>μακαριωτάτου</span> <span class='ocrx_word' id='word_1_677' title='bbox 1387 5001 1662 5069; x_wconf 82' lang='grc' dir='ltr'>Κυρίλλου</span> <span class='ocrx_word' id='word_1_678' title='bbox 1713 5001 1814 5071; x_wconf 80' lang='grc' dir='ltr'>τῆς</span> 
     </span>
    </p>
   </div>
   <div class='ocr_carea' id='block_1_99' title="bbox 252 5091 1816 5169">
    <p class='ocr_par' dir='ltr' id='par_1_99' title="bbox 252 5091 1816 5169">
     <span class='ocr_line' id='line_1_99' title="bbox 252 5091 1816 5169; baseline -0.008 -15"><span class='ocrx_word' id='word_1_679' title='bbox 252 5100 665 5169; x_wconf 79' lang='grc' dir='ltr'>’Δλεξανδρέων,</span> <span class='ocrx_word' id='word_1_680' title='bbox 706 5101 796 5151; x_wconf 76' lang='grc' dir='ltr'>καὶ</span> <span class='ocrx_word' id='word_1_681' title='bbox 834 5099 1062 5160; x_wconf 75' lang='grc' dir='ltr'>Λέοντος</span> <span class='ocrx_word' id='word_1_682' title='bbox 1100 5094 1193 5149; x_wconf 84' lang='grc' dir='ltr'>τοῦ</span> <span class='ocrx_word' id='word_1_683' title='bbox 1225 5092 1522 5147; x_wconf 82' lang='grc' dir='ltr'>ὁσιωτάτου</span> <span class='ocrx_word' id='word_1_684' title='bbox 1563 5091 1816 5161; x_wconf 82' lang='grc' dir='ltr'>ἀρχιεπι-</span> 
     </span>
    </p>
   </div>
   <div class='ocr_carea' id='block_1_100' title="bbox 243 5183 1814 5261">
    <p class='ocr_par' dir='ltr' id='par_1_100' title="bbox 243 5183 1814 5261">
     <span class='ocr_line' id='line_1_100' title="bbox 243 5183 1814 5261; baseline -0.006 -16"><span class='ocrx_word' id='word_1_685' title='bbox 243 5192 441 5245; x_wconf 87' lang='grc' dir='ltr'>σκόπου</span> <span class='ocrx_word' id='word_1_686' title='bbox 469 5190 712 5261; x_wconf 84' lang='grc' dir='ltr'>Ῥώμης,</span> <span class='ocrx_word' id='word_1_687' title='bbox 745 5192 838 5244; x_wconf 71' lang='grc' dir='ltr'>καὶ</span> <span class='ocrx_word' id='word_1_688' title='bbox 870 5188 1087 5243; x_wconf 79' lang='grc' dir='ltr'>πάντων</span> <span class='ocrx_word' id='word_1_689' title='bbox 1112 5187 1222 5240; x_wconf 84' lang='grc' dir='ltr'>τῶν</span> <span class='ocrx_word' id='word_1_690' title='bbox 1251 5186 1373 5239; x_wconf 81' lang='grc' dir='ltr'>κατ’</span> <span class='ocrx_word' id='word_1_691' title='bbox 1400 5183 1732 5246; x_wconf 73' lang='grc' dir='ltr'>αὑτοὺς,ὄσα</span> <span class='ocrx_word' id='word_1_692' title='bbox 1756 5199 1814 5236; x_wconf 75' lang='grc' dir='ltr'><strong>τε</strong></span> 
     </span>
    </p>
   </div>
   <div class='ocr_carea' id='block_1_101' title="bbox 242 5276 1813 5357">
    <p class='ocr_par' dir='ltr' id='par_1_101' title="bbox 242 5276 1813 5357">
     <span class='ocr_line' id='line_1_101' title="bbox 242 5276 1813 5357; baseline 0 -19"><span class='ocrx_word' id='word_1_693' title='bbox 242 5285 305 5357; x_wconf 84' lang='grc' dir='ltr'>δὴ</span> <span class='ocrx_word' id='word_1_694' title='bbox 330 5288 395 5357; x_wconf 79' lang='grc' dir='ltr'>τῇ</span> <span class='ocrx_word' id='word_1_695' title='bbox 417 5284 511 5337; x_wconf 77' lang='grc' dir='ltr'>τοῦ</span> <span class='ocrx_word' id='word_1_696' title='bbox 541 5282 841 5337; x_wconf 81' lang='grc' dir='ltr'>ἀποστόλου</span> <span class='ocrx_word' id='word_1_697' title='bbox 870 5278 1362 5351; x_wconf 70' lang='grc' dir='ltr'>Πέτρουρμολογίᾳ</span> <span class='ocrx_word' id='word_1_698' title='bbox 1386 5276 1813 5347; x_wconf 74' lang='grc' dir='ltr'>συμϐαινοὺσαςο</span> 
     </span>
    </p>
   </div>
   <div class='ocr_carea' id='block_1_102' title="bbox 245 5365 1815 5447">
    <p class='ocr_par' dir='ltr' id='par_1_102' title="bbox 245 5365 1815 5447">
     <span class='ocr_line' id='line_1_102' title="bbox 245 5365 1815 5447; baseline -0.009 -14"><span class='ocrx_word' id='word_1_699' title='bbox 245 5379 381 5434; x_wconf 82' lang='grc' dir='ltr'>κατά</span> <span class='ocrx_word' id='word_1_700' title='bbox 425 5379 503 5447; x_wconf 80' lang='grc' dir='ltr'><strong>τὸ,</strong></span> <span class='ocrx_word' id='word_1_701' title='bbox 543 5396 563 5431; x_wconf 85' lang='grc' dir='ltr'><strong>ι</strong></span> <span class='ocrx_word' id='word_1_702' title='bbox 593 5379 666 5431; x_wconf 77' lang='grc' dir='ltr'><strong>Σὺ</strong></span> <span class='ocrx_word' id='word_1_703' title='bbox 706 5372 757 5431; x_wconf 77' lang='grc' dir='ltr'>εἶ</span> <span class='ocrx_word' id='word_1_704' title='bbox 797 5377 825 5429; x_wconf 82' lang='grc' dir='ltr'>ὁ</span> <span class='ocrx_word' id='word_1_705' title='bbox 865 5375 1123 5447; x_wconf 81' lang='grc' dir='ltr'>Χριστὸς,</span> <span class='ocrx_word' id='word_1_706' title='bbox 1165 5373 1194 5425; x_wconf 83' lang='grc' dir='ltr'>ὀ</span> <span class='ocrx_word' id='word_1_707' title='bbox 1242 5371 1370 5435; x_wconf 82' lang='grc' dir='ltr'><strong>Υἱὸς</strong></span> <span class='ocrx_word' id='word_1_708' title='bbox 1410 5368 1505 5424; x_wconf 81' lang='grc' dir='ltr'>τοῦ</span> <span class='ocrx_word' id='word_1_709' title='bbox 1551 5366 1687 5421; x_wconf 86' lang='grc' dir='ltr'><strong>Θεοῦ</strong></span> <span class='ocrx_word' id='word_1_710' title='bbox 1722 5365 1815 5420; x_wconf 85' lang='grc' dir='ltr'>τοῦ</span> 
     </span>
    </p>
   </div>
   <div class='ocr_carea' id='block_1_103' title="bbox 245 5458 1817 5541">
    <p class='ocr_par' dir='ltr' id='par_1_103' title="bbox 245 5458 1817 5541">
     <span class='ocr_line' id='line_1_103' title="bbox 245 5458 1817 5541; baseline -0.009 -15"><span class='ocrx_word' id='word_1_711' title='bbox 245 5471 462 5537; x_wconf 78' lang='grc' dir='ltr'>ζῶντος,</span> <span class='ocrx_word' id='word_1_712' title='bbox 491 5490 511 5523; x_wconf 77' lang='grc' dir='ltr'><strong>ι</strong></span> <span class='ocrx_word' id='word_1_713' title='bbox 544 5470 757 5541; x_wconf 80' lang='grc' dir='ltr'>ὑψηλήν</span> <span class='ocrx_word' id='word_1_714' title='bbox 784 5468 907 5524; x_wconf 87' lang='grc' dir='ltr'>τινα</span> <span class='ocrx_word' id='word_1_715' title='bbox 936 5465 1140 5538; x_wconf 79' lang='grc' dir='ltr'>στήλην</span> <span class='ocrx_word' id='word_1_716' title='bbox 1164 5464 1307 5519; x_wconf 77' lang='grc' dir='ltr'>κατὰ</span> <span class='ocrx_word' id='word_1_717' title='bbox 1336 5463 1443 5517; x_wconf 84' lang='grc' dir='ltr'>τῶν</span> <span class='ocrx_word' id='word_1_718' title='bbox 1463 5458 1817 5525; x_wconf 81' lang='grc' dir='ltr'>κακοδοξούν·</span> 
     </span>
    </p>
   </div>
   <div class='ocr_carea' id='block_1_104' title="bbox 244 5549 1818 5629">
    <p class='ocr_par' dir='ltr' id='par_1_104' title="bbox 244 5549 1818 5629">
     <span class='ocr_line' id='line_1_104' title="bbox 244 5549 1818 5629; baseline -0.006 -13"><span class='ocrx_word' id='word_1_719' title='bbox 244 5577 347 5616; x_wconf 89' lang='grc' dir='ltr'><strong>των</strong></span> <span class='ocrx_word' id='word_1_720' title='bbox 378 5561 605 5625; x_wconf 72' lang='grc' dir='ltr'>εἰκότως</span> <span class='ocrx_word' id='word_1_721' title='bbox 634 5559 1037 5629; x_wconf 83' lang='grc' dir='ltr'>ἁνεγείραντες,</span> <span class='ocrx_word' id='word_1_722' title='bbox 1058 5556 1196 5628; x_wconf 80' lang='grc' dir='ltr'>πρὸς</span> <span class='ocrx_word' id='word_1_723' title='bbox 1218 5552 1318 5627; x_wconf 79' lang='grc' dir='ltr'>τὴν</span> <span class='ocrx_word' id='word_1_724' title='bbox 1343 5554 1450 5609; x_wconf 66' lang='grc' dir='ltr'>τῶν</span> <span class='ocrx_word' id='word_1_725' title='bbox 1480 5549 1818 5624; x_wconf 77' lang='grc' dir='ltr'>δρθοδογμά-</span> 
     </span>
    </p>
   </div>
   <div class='ocr_carea' id='block_1_105' title="bbox 245 5652 694 5723">
    <p class='ocr_par' dir='ltr' id='par_1_105' title="bbox 245 5652 694 5723">
     <span class='ocr_line' id='line_1_105' title="bbox 245 5652 694 5723; baseline -0.004 -16"><span class='ocrx_word' id='word_1_726' title='bbox 245 5669 347 5708; x_wconf 78' lang='grc' dir='ltr'><strong>των</strong></span> <span class='ocrx_word' id='word_1_727' title='bbox 381 5652 694 5723; x_wconf 83' lang='grc' dir='ltr'>βεϐαίωσιν.</span> 
     </span>
    </p>
   </div>
   <div class='ocr_carea' id='block_1_106' title="bbox 314 5836 838 5915">
    <p class='ocr_par' dir='ltr' id='par_1_106' title="bbox 314 5836 838 5915">
     <span class='ocr_line' id='line_1_106' title="bbox 314 5836 838 5915; baseline -0.01 -21"><span class='ocrx_word' id='word_1_728' title='bbox 314 5837 358 5915; x_wconf 59' lang='grc' dir='ltr'>¹έ</span> <span class='ocrx_word' id='word_1_729' title='bbox 383 5836 576 5895; x_wconf 70' lang='lat' dir='ltr'><strong>Matth.</strong></span> <span class='ocrx_word' id='word_1_730' title='bbox 613 5853 724 5907; x_wconf 73' lang='lat' dir='ltr'><strong>ut,</strong></span> <span class='ocrx_word' id='word_1_731' title='bbox 754 5836 838 5891; x_wconf 75' lang='grc' dir='ltr'>ιο.</span> 
     </span>
    </p>
   </div>
   <div class='ocr_carea' id='block_1_107' title="bbox 1922 4623 3502 4696">
    <p class='ocr_par' dir='ltr' id='par_1_107' title="bbox 1922 4623 3502 4696">
     <span class='ocr_line' id='line_1_107' title="bbox 1922 4623 3502 4696; baseline -0.006 -11"><span class='ocrx_word' id='word_1_732' title='bbox 1922 4627 2305 4695; x_wconf 72' lang='lat' dir='ltr'><strong>mconomiam,</strong></span> <span class='ocrx_word' id='word_1_733' title='bbox 2340 4636 2396 4681; x_wconf 89' lang='lat' dir='ltr'><strong>ut</strong></span> <span class='ocrx_word' id='word_1_734' title='bbox 2427 4625 2763 4696; x_wconf 84' lang='lat' dir='ltr'><strong>quivisioue,</strong></span> <span class='ocrx_word' id='word_1_735' title='bbox 2794 4633 2847 4678; x_wconf 93' lang='lat' dir='ltr'><strong>et</strong></span> <span class='ocrx_word' id='word_1_736' title='bbox 2872 4639 2976 4678; x_wconf 91' lang='lat' dir='ltr'><strong>non</strong></span> <span class='ocrx_word' id='word_1_737' title='bbox 3004 4624 3229 4677; x_wconf 79' lang='lat' dir='ltr'><strong>veritate</strong></span> <span class='ocrx_word' id='word_1_738' title='bbox 3259 4629 3403 4676; x_wconf 88' lang='lat' dir='ltr'><strong>esset</strong></span> <span class='ocrx_word' id='word_1_739' title='bbox 3422 4623 3502 4675; x_wconf 90' lang='lat' dir='ltr'><strong>in-</strong></span> 
     </span>
    </p>
   </div>
   <div class='ocr_carea' id='block_1_108' title="bbox 1923 4714 3495 4785">
    <p class='ocr_par' dir='ltr' id='par_1_108' title="bbox 1923 4714 3495 4785">
     <span class='ocr_line' id='line_1_108' title="bbox 1923 4714 3495 4785; baseline -0.006 -8"><span class='ocrx_word' id='word_1_740' title='bbox 1923 4728 2204 4785; x_wconf 89' lang='lat' dir='ltr'><strong>caruatus,</strong></span> <span class='ocrx_word' id='word_1_741' title='bbox 2226 4727 2279 4773; x_wconf 85' lang='lat' dir='ltr'><strong>et</strong></span> <span class='ocrx_word' id='word_1_742' title='bbox 2304 4720 2505 4772; x_wconf 89' lang='lat' dir='ltr'><strong>nudum</strong></span> <span class='ocrx_word' id='word_1_743' title='bbox 2526 4731 2650 4773; x_wconf 77' lang='lat' dir='ltr'><strong>esse</strong></span> <span class='ocrx_word' id='word_1_744' title='bbox 2673 4716 2968 4779; x_wconf 87' lang='lat' dir='ltr'><strong>hominem,</strong></span> <span class='ocrx_word' id='word_1_745' title='bbox 2998 4714 3088 4783; x_wconf 87' lang='lat' dir='ltr'><strong>qui</strong></span> <span class='ocrx_word' id='word_1_746' title='bbox 3116 4723 3276 4767; x_wconf 86' lang='lat' dir='ltr'><strong>natus</strong></span> <span class='ocrx_word' id='word_1_747' title='bbox 3296 4722 3412 4767; x_wconf 87' lang='lat' dir='ltr'><strong>erat</strong></span> <span class='ocrx_word' id='word_1_748' title='bbox 3429 4727 3495 4767; x_wconf 75' lang='lat' dir='ltr'><strong>ex</strong></span> 
     </span>
    </p>
   </div>
   <div class='ocr_carea' id='block_1_109' title="bbox 1920 4802 3495 4881">
    <p class='ocr_par' dir='ltr' id='par_1_109' title="bbox 1920 4802 3495 4881">
     <span class='ocr_line' id='line_1_109' title="bbox 1920 4802 3495 4881; baseline -0.006 -13"><span class='ocrx_word' id='word_1_749' title='bbox 1920 4822 2107 4868; x_wconf 87' lang='lat' dir='ltr'><strong>sancta</strong></span> <span class='ocrx_word' id='word_1_750' title='bbox 2139 4809 2359 4881; x_wconf 76' lang='lat' dir='ltr'><strong>Virgine</strong></span> <span class='ocrx_word' id='word_1_751' title='bbox 2390 4808 2781 4878; x_wconf 85' lang='lat' dir='ltr'><strong>etDeiparente</strong></span> <span class='ocrx_word' id='word_1_752' title='bbox 2798 4804 2964 4860; x_wconf 71' lang='lat' dir='ltr'><strong>Maria</strong></span> <span class='ocrx_word' id='word_1_753' title='bbox 2984 4844 2999 4869; x_wconf 89' lang='lat'><strong>,</strong></span> <span class='ocrx_word' id='word_1_754' title='bbox 3029 4804 3211 4874; x_wconf 82' lang='lat' dir='ltr'><strong>nugati</strong></span> <span class='ocrx_word' id='word_1_755' title='bbox 3242 4802 3495 4859; x_wconf 84' lang='lat' dir='ltr'><strong>fuerant:</strong></span> 
     </span>
    </p>
   </div>
   <div class='ocr_carea' id='block_1_110' title="bbox 1922 4895 3497 4971">
    <p class='ocr_par' dir='ltr' id='par_1_110' title="bbox 1922 4895 3497 4971">
     <span class='ocr_line' id='line_1_110' title="bbox 1922 4895 3497 4971; baseline -0.006 -13"><span class='ocrx_word' id='word_1_756' title='bbox 1922 4906 2181 4960; x_wconf 88' lang='lat' dir='ltr'><strong>adversus</strong></span> <span class='ocrx_word' id='word_1_757' title='bbox 2197 4917 2312 4967; x_wconf 88' lang='lat' dir='ltr'><strong>eos,</strong></span> <span class='ocrx_word' id='word_1_758' title='bbox 2331 4903 2572 4970; x_wconf 85' lang='lat' dir='ltr'><strong>inquam,</strong></span> <span class='ocrx_word' id='word_1_759' title='bbox 2601 4914 2826 4971; x_wconf 84' lang='lat' dir='ltr'><strong>operam</strong></span> <span class='ocrx_word' id='word_1_760' title='bbox 2853 4897 3146 4963; x_wconf 87' lang='lat' dir='ltr'><strong>dederunt,</strong></span> <span class='ocrx_word' id='word_1_761' title='bbox 3180 4904 3234 4950; x_wconf 88' lang='lat' dir='ltr'><strong>et</strong></span> <span class='ocrx_word' id='word_1_762' title='bbox 3250 4910 3315 4949; x_wconf 81' lang='lat' dir='ltr'><strong>ex</strong></span> <span class='ocrx_word' id='word_1_763' title='bbox 3355 4895 3497 4950; x_wconf 83' lang='lat' dir='ltr'><strong>divi-</strong></span> 
     </span>
    </p>
   </div>
   <div class='ocr_carea' id='block_1_111' title="bbox 1894 4989 3502 5067">
    <p class='ocr_par' dir='ltr' id='par_1_111' title="bbox 1894 4989 3502 5067">
     <span class='ocr_line' id='line_1_111' title="bbox 1894 4989 3502 5067; baseline -0.007 -13"><span class='ocrx_word' id='word_1_764' title='bbox 1894 4992 2110 5055; x_wconf 84' lang='lat' dir='ltr'><strong>narum</strong></span> <span class='ocrx_word' id='word_1_765' title='bbox 2139 4996 2543 5067; x_wconf 76' lang='lat' dir='ltr'><strong>Scriptum-um</strong></span> <span class='ocrx_word' id='word_1_766' title='bbox 2580 4991 2910 5058; x_wconf 87' lang='lat' dir='ltr'><strong>testimonio,</strong></span> <span class='ocrx_word' id='word_1_767' title='bbox 2945 4999 3000 5047; x_wconf 86' lang='lat' dir='ltr'><strong>et</strong></span> <span class='ocrx_word' id='word_1_768' title='bbox 3043 5007 3110 5045; x_wconf 80' lang='lat' dir='ltr'><strong>ex</strong></span> <span class='ocrx_word' id='word_1_769' title='bbox 3152 4989 3502 5062; x_wconf 75' lang='lat' dir='ltr'><strong>synodalibus</strong></span> 
     </span>
    </p>
   </div>
   <div class='ocr_carea' id='block_1_112' title="bbox 1920 5083 3498 5159">
    <p class='ocr_par' dir='ltr' id='par_1_112' title="bbox 1920 5083 3498 5159">
     <span class='ocr_line' id='line_1_112' title="bbox 1920 5083 3498 5159; baseline -0.006 -13"><span class='ocrx_word' id='word_1_770' title='bbox 1920 5089 2225 5146; x_wconf 79' lang='lat' dir='ltr'><strong>beatissimi</strong></span> <span class='ocrx_word' id='word_1_771' title='bbox 2250 5089 2435 5159; x_wconf 89' lang='lat' dir='ltr'><strong>Cyrilli</strong></span> <span class='ocrx_word' id='word_1_772' title='bbox 2465 5087 2841 5152; x_wconf 77' lang='lat' dir='ltr'><strong>Alexandrini,</strong></span> <span class='ocrx_word' id='word_1_773' title='bbox 2871 5084 3139 5141; x_wconf 86' lang='lat' dir='ltr'><strong>etLeonis</strong></span> <span class='ocrx_word' id='word_1_774' title='bbox 3168 5083 3498 5140; x_wconf 88' lang='lat' dir='ltr'><strong>sanctissimi</strong></span> 
     </span>
    </p>
   </div>
   <div class='ocr_carea' id='block_1_113' title="bbox 1922 5174 3505 5252">
    <p class='ocr_par' dir='ltr' id='par_1_113' title="bbox 1922 5174 3505 5252">
     <span class='ocr_line' id='line_1_113' title="bbox 1922 5174 3505 5252; baseline -0.006 -16"><span class='ocrx_word' id='word_1_775' title='bbox 1922 5183 2316 5252; x_wconf 79' lang='lat' dir='ltr'><strong>archiepiscopi</strong></span> <span class='ocrx_word' id='word_1_776' title='bbox 2340 5180 2589 5246; x_wconf 79' lang='lat' dir='ltr'><strong>Romani,</strong></span> <span class='ocrx_word' id='word_1_777' title='bbox 2631 5189 2687 5233; x_wconf 92' lang='lat' dir='ltr'><strong>et</strong></span> <span class='ocrx_word' id='word_1_778' title='bbox 2712 5179 2954 5233; x_wconf 90' lang='lat' dir='ltr'><strong>omnium</strong></span> <span class='ocrx_word' id='word_1_779' title='bbox 2979 5174 3308 5247; x_wconf 73' lang='lat' dir='ltr'><strong>quilfuernnt</strong></span> <span class='ocrx_word' id='word_1_780' title='bbox 3328 5177 3409 5230; x_wconf 87' lang='lat' dir='ltr'><strong>eis</strong></span> <span class='ocrx_word' id='word_1_781' title='bbox 3435 5175 3505 5229; x_wconf 86' lang='lat' dir='ltr'><strong>si-</strong></span> 
     </span>
    </p>
   </div>
   <div class='ocr_carea' id='block_1_114' title="bbox 1923 5265 3500 5343">
    <p class='ocr_par' dir='ltr' id='par_1_114' title="bbox 1923 5265 3500 5343">
     <span class='ocr_line' id='line_1_114' title="bbox 1923 5265 3500 5343; baseline -0.006 -16"><span class='ocrx_word' id='word_1_782' title='bbox 1923 5272 2158 5338; x_wconf 88' lang='lat' dir='ltr'><strong>tniles,ut</strong></span> <span class='ocrx_word' id='word_1_783' title='bbox 2178 5288 2299 5343; x_wconf 67' lang='lat' dir='ltr'><strong>qum</strong></span> <span class='ocrx_word' id='word_1_784' title='bbox 2314 5270 2610 5327; x_wconf 74' lang='lat' dir='ltr'><strong>beatissimi</strong></span> <span class='ocrx_word' id='word_1_785' title='bbox 2624 5269 2769 5324; x_wconf 89' lang='lat' dir='ltr'><strong>Petri</strong></span> <span class='ocrx_word' id='word_1_786' title='bbox 2788 5271 3135 5324; x_wconf 80' lang='lat' dir='ltr'><strong>convenirent</strong></span> <span class='ocrx_word' id='word_1_787' title='bbox 3147 5265 3500 5329; x_wconf 83' lang='lat' dir='ltr'><strong>confessioni,</strong></span> 
     </span>
    </p>
   </div>
   <div class='ocr_carea' id='block_1_115' title="bbox 1923 5354 3502 5437">
    <p class='ocr_par' dir='ltr' id='par_1_115' title="bbox 1923 5354 3502 5437">
     <span class='ocr_line' id='line_1_115' title="bbox 1923 5354 3502 5437; baseline -0.009 -15"><span class='ocrx_word' id='word_1_788' title='bbox 1923 5377 2286 5437; x_wconf 82' lang='lat' dir='ltr'><strong>congruenter</strong></span> <span class='ocrx_word' id='word_1_789' title='bbox 2307 5366 2357 5422; x_wconf 90' lang='lat' dir='ltr'><strong>ei</strong></span> <span class='ocrx_word' id='word_1_790' title='bbox 2382 5366 2523 5435; x_wconf 81' lang='lat' dir='ltr'><strong>quod</strong></span> <span class='ocrx_word' id='word_1_791' title='bbox 2553 5373 2657 5430; x_wconf 90' lang='lat' dir='ltr'><strong>est,</strong></span> <span class='ocrx_word' id='word_1_792' title='bbox 2692 5361 2806 5418; x_wconf 65' lang='lat' dir='ltr'><strong>«Tu</strong></span> <span class='ocrx_word' id='word_1_793' title='bbox 2837 5376 2896 5418; x_wconf 86' lang='lat' dir='ltr'><strong>es</strong></span> <span class='ocrx_word' id='word_1_794' title='bbox 2922 5360 3174 5416; x_wconf 80' lang='lat' dir='ltr'><strong>Christus</strong></span> <span class='ocrx_word' id='word_1_795' title='bbox 3209 5358 3377 5413; x_wconf 85' lang='lat' dir='ltr'><strong>Filius</strong></span> <span class='ocrx_word' id='word_1_796' title='bbox 3406 5354 3502 5409; x_wconf 86' lang='lat' dir='ltr'><strong>Dei</strong></span> 
     </span>
    </p>
   </div>
   <div class='ocr_carea' id='block_1_116' title="bbox 1927 5455 3502 5528">
    <p class='ocr_par' dir='ltr' id='par_1_116' title="bbox 1927 5455 3502 5528">
     <span class='ocr_line' id='line_1_116' title="bbox 1927 5455 3502 5528; baseline -0.006 -13"><span class='ocrx_word' id='word_1_797' title='bbox 1927 5462 2033 5516; x_wconf 74' lang='lat' dir='ltr'><strong>vivi</strong></span> <span class='ocrx_word' id='word_1_798' title='bbox 2069 5461 2112 5492; x_wconf 81' lang='lat'>&quot;</span> <span class='ocrx_word' id='word_1_799' title='bbox 2153 5478 2166 5513; x_wconf 88' lang='lat'><strong>:</strong></span> <span class='ocrx_word' id='word_1_800' title='bbox 2204 5478 2224 5513; x_wconf 77' lang='grc' dir='ltr'><strong>ι</strong></span> <span class='ocrx_word' id='word_1_801' title='bbox 2274 5459 2547 5516; x_wconf 79' lang='lat' dir='ltr'><strong>excelsam</strong></span> <span class='ocrx_word' id='word_1_802' title='bbox 2600 5457 2889 5528; x_wconf 85' lang='lat' dir='ltr'><strong>quamdam</strong></span> <span class='ocrx_word' id='word_1_803' title='bbox 2953 5455 3259 5510; x_wconf 86' lang='lat' dir='ltr'><strong>columnam</strong></span> <span class='ocrx_word' id='word_1_804' title='bbox 3309 5459 3502 5513; x_wconf 81' lang='lat' dir='ltr'><strong>contra</strong></span> 
     </span>
    </p>
   </div>
   <div class='ocr_carea' id='block_1_117' title="bbox 1923 5544 3505 5623">
    <p class='ocr_par' dir='ltr' id='par_1_117' title="bbox 1923 5544 3505 5623">
     <span class='ocr_line' id='line_1_117' title="bbox 1923 5544 3505 5623; baseline -0.008 -14"><span class='ocrx_word' id='word_1_805' title='bbox 1923 5567 2018 5609; x_wconf 82' lang='lat' dir='ltr'><strong>eos</strong></span> <span class='ocrx_word' id='word_1_806' title='bbox 2048 5553 2139 5623; x_wconf 85' lang='lat' dir='ltr'><strong>qui</strong></span> <span class='ocrx_word' id='word_1_807' title='bbox 2176 5552 2317 5607; x_wconf 88' lang='lat' dir='ltr'><strong>mala</strong></span> <span class='ocrx_word' id='word_1_808' title='bbox 2352 5549 2543 5607; x_wconf 88' lang='lat' dir='ltr'><strong>imbuti</strong></span> <span class='ocrx_word' id='word_1_809' title='bbox 2570 5557 2732 5605; x_wconf 87' lang='lat' dir='ltr'><strong>erant</strong></span> <span class='ocrx_word' id='word_1_810' title='bbox 2769 5548 3045 5620; x_wconf 89' lang='lat' dir='ltr'><strong>opinione,</strong></span> <span class='ocrx_word' id='word_1_811' title='bbox 3086 5544 3280 5599; x_wconf 85' lang='lat' dir='ltr'><strong>merito</strong></span> <span class='ocrx_word' id='word_1_812' title='bbox 3309 5553 3505 5598; x_wconf 76' lang='lat' dir='ltr'><strong>erexe-</strong></span> 
     </span>
    </p>
   </div>
   <div class='ocr_carea' id='block_1_118' title="bbox 1927 5639 3287 5717">
    <p class='ocr_par' dir='ltr' id='par_1_118' title="bbox 1927 5639 3287 5717">
     <span class='ocr_line' id='line_1_118' title="bbox 1927 5639 3287 5717; baseline -0.01 -14"><span class='ocrx_word' id='word_1_813' title='bbox 1927 5659 2075 5717; x_wconf 85' lang='lat' dir='ltr'><strong>runt,</strong></span> <span class='ocrx_word' id='word_1_814' title='bbox 2106 5646 2175 5703; x_wconf 89' lang='lat' dir='ltr'><strong>ad</strong></span> <span class='ocrx_word' id='word_1_815' title='bbox 2206 5642 2576 5704; x_wconf 78' lang='lat' dir='ltr'><strong>conﬁrmanda</strong></span> <span class='ocrx_word' id='word_1_816' title='bbox 2607 5651 2753 5702; x_wconf 86' lang='lat' dir='ltr'><strong>recta</strong></span> <span class='ocrx_word' id='word_1_817' title='bbox 2780 5650 2835 5701; x_wconf 85' lang='lat' dir='ltr'><strong>et</strong></span> <span class='ocrx_word' id='word_1_818' title='bbox 2868 5654 2996 5699; x_wconf 75' lang='lat' dir='ltr'><strong>vera</strong></span> <span class='ocrx_word' id='word_1_819' title='bbox 3018 5639 3287 5710; x_wconf 81' lang='lat' dir='ltr'><strong>dogmata.</strong></span> 
     </span>
    </p>
   </div>
  </div>
