3820 6522
251 423 403 489 1113

1529 422 1711 484 vrrA
1745 421 1805 480 s.
1845 386 2277 481 AUXENTII.‘

3358 414 3493 479 ιιιι

235 533 299 587 δὲ
348 534 609 603 ὑπαρχων
664 530 1077 600 Ῥουφινιανῶν,
1139 527 1376 600 τοῦνομα
1420 529 1643 596 Σκῶπα,
1699 529 1825 592 τοὺς

1936 529 2035 591 uis.
2069 527 2288 582 nomine
2329 524 2581 597 Scopem,
2640 527 2847 596 rcgavit
2885 538 3003 592 eos,
3060 526 3155 598 qui
3208 534 3499 583 comente-

240 626 677 696 συνερχομένους
708 623 942 694 ἠξίωσεν
991 625 1213 692 ἐνέγκαι
1258 624 1443 690 αὐτὴν,
1502 625 1595 677 καὶ
1649 623 1821 686 οὕτως

240 716 392 772 κατὰ
419 719 480 769 τὸ
517 717 783 787 πρότερον
813 716 997 786 σχῆμα
1032 715 1123 769 τὸν
1155 715 1318 769 πόθον
1349 715 1513 770 αὐτοῦ
1546 715 1820 777 ἀνύοντες,

243 808 349 862 σὺν
372 809 482 869 τοῖς
512 806 576 859 ὲκ
597 806 691 860 τοῦ
721 807 1089 878 μοναστηρίου
1116 808 1173 860 ὲν
1193 800 1236 875 ᾧ
1261 807 1535 878 διέτριψεν
1550 808 1821 885 ἀδελφοῖς,

246 900 392 969 μετά
447 897 677 970 ψαλμῶν
724 901 818 952 καὶ
868 898 1052 970 ὓμνων
1097 899 1193 953 καὶ
1239 899 1390 972 ᾠδῶν
1438 900 1824 971 πνευματικῶν

243 991 526 1060 ἀνήγαγον
559 990 720 1042 αὑτὸν
748 990 844 1044 καὶ
882 991 1211 1062 ποιήσαντες
1253 990 1480 1045 κλουὸὸν
1518 993 1584 1044 ὲκ
1624 991 1822 1058 ξύλων,

244 1081 326 1144 ὡς
351 1081 536 1151 ὄρνεον
558 1081 804 1152 suum;
826 1081 1158 1148 ένέκλεισαν,
1177 1082 1364 1152 θυρίδα
1384 1083 1543 1152 μόνον
1563 1083 1825 1144 ἐάσαντες

244 1172 386 1243 πρὸς
433 1172 530 1243 τὴν
585 1173 694 1226 τῶν
749 1175 1202 1244 παραγινομένων
1250 1176 1538 1245 συντυχίαν
1582 1174 1724 1228 κατά
1760 1174 1823 1227 τὸ

246 1267 517 1337 πρότερον
551 1267 740 1337 σχῆμα
762 1282 776 1296 ·
803 1262 884 1331 οἷς
913 1267 1278 1337 ἐπευξάμενος
1309 1268 1404 1321 καὶ
1431 1267 1660 1321 ἕκαστον
1687 1284 1823 1320 κατ-

248 1361 645 1429 ἀσπασάμενος
703 1361 910 1426 πάντας
968 1360 1272 1426 ἀπέλυσεν,
1323 1346 1693 1430 καταληφθεὶς
1748 1359 1825 1423 ὡς

246 1449 533 1521 στρουθίον
568 1451 800 1521 μονάζον
841 1453 933 1506 ἐπὶ
969 1452 1186 1524 δόματι,
1229 1453 1566 1524 εὐχαριστῶν
1597 1453 1674 1525 τῷ
1712 1453 1825 1507 Κυ-

250 1540 356 1613 ρίῳ
383 1542 470 1596 διὰ
495 1542 595 1614 τῆς
627 1543 889 1616 συνήθους
920 1545 1149 1616 ἡσυχίας
1177 1561 1236 1600 τε
1270 1546 1362 1600 καί
1392 1544 1717 1615 δοξολογίας.

321 1721 456 1775 MA'.
497 1721 814 1792 ’Δπέριττον
838 1721 894 1775 δὲ
913 1720 1227 1793 καὶμᾶλλον
1250 1721 1525 1792 ὠφέλιμον
1546 1721 1826 1793 ἡγούμεθα

241 1809 310 1863 τὸ
359 1810 727 1881 διηγήσασθαι
790 1811 1034 1883 μερικῶς
1088 1811 1181 1866 καὶ
1238 1812 1368 1875 τοὺς
1417 1812 1654 1867 ἐνταῦθα
1708 1815 1826 1867 ἐπι·-

1926 619 2076 683 ι·οιιι,
2104 618 2283 689 ipsum
2314 618 2603 672 deducere.
2647 616 2845 687 Sicque
2874 616 2927 670 in
2971 618 3136 687 priori
3172 618 3354 672 habitu
3380 620 3497 690 ejus

1924 710 2252 765 desiderium
2305 709 2609 779 implentes,
2639 723 2760 763 cum
2791 707 3087 776 ,Fratrihus
3129 709 3218 778 qui
3246 720 3401 765 erant
3430 721 3498 766 ex

1927 803 2257 857 monasterio
2314 801 2368 855 in
2409 816 2517 870 quo
2570 811 2653 855 est
2714 811 2990 863 versatus.
3037 818 3160 856 cum
3196 803 3414 871 psalmis
3438 813 3495 859 et

1926 893 2142 964 hymnis
2176 902 2232 947 et
2260 894 2487 947 canticis
2542 894 2880 962 spiritalibus
2934 911 3058 948 eum
3107 895 3441 950 deduxerunt
3477 915 3493 950 :

1926 996 1979 1041 et
2012 1002 2135 1041 cum
2165 986 2381 1057 globum
2413 1002 2477 1041 ex
2510 986 2672 1058 lignis
2703 988 2983 1054 fecissent,
3045 999 3300 1057 tanquam
3341 1005 3495 1044 avem

1925 1079 2154 1134 sublime
2189 1079 2484 1143 volantem,
2530 1080 2708 1149 ipsum
2759 1081 2811 1134 in
2865 1080 3311 1143 eoincluserunt,
3333 1098 3495 1136 unam

1926 1170 2096 1225 solam
2153 1171 2394 1226 sinentes
2456 1171 2776 1237 fenestram,
2818 1175 2884 1227 ad
2934 1173 3360 1230 conveniendum
3403 1190 3499 1228 eos

1923 1263 2017 1332 qui
2074 1263 2431 1328 accedebant,
2490 1278 2556 1318 eo
2601 1264 2706 1319 ritu
2754 1279 2861 1334 quo
2893 1265 3066 1334 prius.
3124 1265 3328 1332 Quibus
3362 1265 3497 1319 bene

1926 1365 2198 1425 precatus.
2247 1365 2303 1411 et
2358 1371 2795 1426 umnnquemque
2841 1359 3139 1423 osculatus,
3199 1373 3389 1412 omnes
3411 1358 3494 1411 di-

1928 1447 2076 1502 misit
2123 1447 2178 1502 in
2205 1461 2357 1517 pace,
2396 1449 2621 1503 relictus
2657 1464 2867 1515 rursus,
2898 1458 3151 1519 tanquam
3192 1464 3381 1518 passer
3411 1464 3503 1503 so-

1925 1537 2139 1593 litarius
2169 1537 2215 1570 ”
2249 1520 2417 1608 supra
2459 1548 2683 1604 tectum,
2714 1541 2822 1594 Deo
2854 1556 3020 1609 agens
3042 1541 3248 1612 gratias
3290 1549 3507 1612 propter

1926 1636 2244 1682 consuetam
2276 1626 2512 1697 quietem
2536 1636 2589 1683 et
2630 1628 3111 1698 glorillcationem.

1995 1715 2114 1773 Non
2145 1718 2379 1773 alienmn
2403 1729 2581 1774 autem
2605 1721 2979 1776 existimamus
2996 1731 3157 1790 atque
3184 1721 3319 1776 adeo
3348 1722 3500 1788 utile,

1929 1809 2238 1880 singulatim
2288 1825 2539 1877 narrare,
2572 1826 2692 1882 quae
2732 1814 2820 1868 hic
2864 1817 2913 1866 ci
2957 1814 3505 1884 contigerunttenta-

247 1876 566 1969 συμϐάντας
605 1899 755 1970 αύτῷ
791 1876 1140 1973 ’πειρασμοῦς
1185 1901 1291 1954 ὑπὸ
1337 1901 1447 1955 τῶν
1504 1901 1826 1972 ἀκαθάρτων

1936 1876 2108 1957 tiones
2161 1903 2230 1958 ab
2291 1876 2605 1961 immundis
2644 1913 2700 1960 et
2747 1904 2998 1976 malignis
3049 1876 3352 1977 spiritibus.
3390 1906 3505 1963 Una

246 1990 599 2059 πνευμάτων.
646 1990 761 2061 Μιᾷ
803 1991 912 2061 γὰρ
943 1991 1097 2044 νυκτὶ
1148 1991 1591 2060 προσευχομένου
1639 1991 1828 2058 αὑτοῦ,

245 2085 572 2149 ἐπιστάντες
606 2086 656 2139 oi
688 2084 942 2157 δαίμονες
977 2088 1058 2150 είς
1097 2085 1301 2158 πλῆθος
1331 2085 1578 2159 ἄπειρον,
1619 2089 1678 2141 ἐν
1708 2088 1828 2142 δια-

246 2179 437 2251 φόροις
471 2179 953 2251 σχηματιζόμενα,
982 2179 1478 2248 κατακτυποῦντες,
1517 2181 1828 2253 βρύχοντες,

249 2270 627 2335 ἀπειλοῦντες,
662 2271 763 2326 ούκ
805 2272 1032 2343 ἴσχυσαν
1065 2274 1155 2327 τδν
1180 2273 1305 2327 νοῦν
1334 2275 1503 2330 αὑτοῦ
1546 2277 1829 2347 πειρᾶσαι.

259 2361 502 2431 Πληγαῇ
532 2361 627 2417 οὖν
665 2363 828 2417 αὑτὸν
859 2363 1142 2434 κόψαντες,
1176 2363 1344 2434 ᾤοντο
1370 2365 1458 2420 διὰ
1498 2367 1598 2438 τῆς
1620 2365 1834 2436 θυρίδος

248 2451 492 2517 ἑξωθοῦν
543 2453 680 2525 μετὰ
728 2453 928 2525 πολλῆς
977 2454 1072 2524 τῆς
1096 2455 1236 2527 βίας,
1278 2454 1505 2527 θρύλλον
1554 2457 1833 2523 ποιοῦντες

249 2546 346 2598 καὶ
391 2545 844 2615 διαταράσσοντες
891 2547 1118 2610 ἑαυτοὺς
1161 2546 1365 2617 μᾶλλον
1411 2548 1556 2619 ἢπερ
1601 2549 1830 2610 ἐκεῖνον,

248 2636 454 2706 ποιναῖς
485 2635 718 2704 ἀσήμοις
756 2634 986 2705 βοῶντες
1012 2650 1026 2666 ο
1055 2636 1121 2688 Τί
1154 2652 1236 2689 σοι
1282 2637 1378 2690 καὶ
1414 2639 1533 2701 ταῖς
1560 2637 1829 2708 ὲρήμοιςς

247 2724 523 2795 ἀναχὼρει
548 2725 658 2778 τῶν
687 2727 997 2798 ἡμετέρων.
1041 2726 1182 2781 Ἀλλ’
1208 2731 1235 2782 ὁ
1267 2728 1540 2799 μακάριος
1568 2730 1833 2798 γενναίως

250 2817 454 2886 φέρων,
488 2818 579 2870 τὸν
610 2817 780 2871 τύπον
811 2818 908 2872 τοῦ
940 2819 1210 2890 σωτηρίου
1245 2820 1481 2893 σταυροῦ
1509 2823 1632 2874 κατ’
1653 2820 1832 2875 αὐτῶν

247 2906 615 2978 διαχαράξας,
678 2910 1050 2980 ἀτονωτέρους
1137 2911 1513 2967 ἀπεδείκνυεν.
1594 2914 1704 2967 Καὶ
1769 2914 1834 2986 δὴ

253 3001 471 3070 πρωῖας
499 3001 796 3073 γενομένης
837 3002 958 3056 κατ’
998 3003 1246 3056 εὐδοκίαν
1292 3003 1386 3057 τοῦ
1432 3003 1589 3068 Θεοῦ,
1638 3007 1702 3058 ἐκ
1738 3005 1833 3059 τοῦ

249 3078 545 3164 εἰρημένου
583 3092 841 3156 πολλάκις
875 3094 1138 3165 ἐμπορίου
1175 3094 1563 3165 Ῥουφινιανῶν
1601 3099 1693 3152 καὶ
1739 3096 1833 3151 τοῦ

248 3184 433 3235 ἐκεῖσε
479 3184 841 3255 μοναστηρίου
881 3186 1247 3256 παρεγένοντο
1303 3187 1550 3252 πλείονες
1607 3188 1833 3259 μοναχοί

247 3292 311 3328 τε
338 3275 431 3329 καὶ
457 3281 712 3346 κοσμικοὶ
746 3279 840 3330 ἐπὶ
882 3278 943 3330 τὸ
985 3278 1350 3349 εύλογηθῆναι
1394 3281 1489 3334 καὶ
1525 3280 1834 3335 ἀπολαῦσαι

248 3366 351 3437 τῆς
379 3366 675 3438 καλλίστης
703 3368 870 3422 αὐτοῦ
903 3370 1214 3440 συντυχίας.
1256 3370 1348 3435 Ὠς
1371 3371 1428 3424 δὲ
1463 3373 1526 3424 ἐκ
1562 3372 1661 3440 τῆς
1695 3372 1835 3435 ἄγαν

248 3459 363 3512 τῶν
391 3458 717 3529 ἀκαθάρτων
759 3461 1086 3531 πνευμάτων
1122 3462 1505 3533 ταλαιπωρίας
1551 3463 1704 3533 μόλις
1734 3464 1834 3516 αύ-

249 3553 366 3614 τοίς
408 3551 506 3619 τὴν
543 3550 733 3621 θυρίδα
770 3551 1005 3623 ἀνέῳξεν
1051 3553 1147 3606 καὶ
1193 3554 1626 3625 παρακλητικοίς
1655 3554 1835 3622 λόγοις

251 3643 524 3714 ἐκέχρητο
553 3643 757 3707 αὐτοῖς,
804 3642 881 3707 ὡς
909 3644 1009 3711 τὴν
1049 3644 1231 3699 αἰτίαν
1278 3645 1377 3714 τῆς
1411 3644 1680 3716 τοσαύτης
1709 3648 1835 3699 ἀτο-

133 3752 154 3771 ο
250 3734 373 3798 νίας
402 3734 665 3789 ὶπύθοντο
687 3753 704 3768 ·
732 3735 828 3789 τοῦ
862 3736 920 3790 δὲ
947 3739 1220 3808 φήσαντος
1249 3737 1324 3808 μὴ
1366 3733 1508 3791 είναι
1535 3740 1835 3810 κακουχίαν

253 3828 597 3898 σωματικὴν,
644 3828 759 3882 ἀλλ’
796 3830 1079 3901 ἐνέργειαν
1129 3830 1476 3902 διαϐολικὴν,
1522 3832 1743 3898 γνόντες
1782 3831 1833 3883 οἱ

252 3920 522 3990 παρόντες
552 3919 835 3991 ἡσύχασαν
859 3935 875 3951 ’
928 3920 1022 3973 καὶ
1061 3922 1368 3990 παράθεσιν
1414 3921 1833 3993 ὲξιιτησάμενοι

251 4010 580 4084 κατῄεισαν.
612 4012 965 4082 Συχνοτέρως
1010 4013 1067 4067 δὲ
1108 4014 1338 4085 ἤρχοντο
1365 4016 1503 4086 πρὸς
1546 4014 1834 4086 ἐπίσκεψιν

250 4102 446 4166 αὐτοῦ,
490 4102 728 4172 μάλιστα
766 4104 816 4157 ei
847 4106 911 4156 ἐκ
957 4104 1051 4157 τοῦ
1089 4105 1479 4176 μοναστηρίου.
1518 4104 1712 4176 Ἢμετς
1739 4101 1835 4159 οὖν

251 4194 392 4265 πρὸς
420 4195 481 4247 τὸ
512 4194 588 4266 μὴ
618 4194 771 4264 παρὰ
807 4194 869 4249 τὸ
908 4195 1108 4268 μέτρον
1140 4196 1232 4250 τὸν
1262 4196 1420 4265 λόγον
1463 4196 1833 4268 μηκυνθῆναι,

247 4289 381 4352 τοὺς
427 4287 647 4352 λοιποὺς
689 4290 1030 4361 πειρασμοῢς
1071 4289 1130 4341 ὲν
1174 4288 1256 4360 τῷ
1298 4287 1550 4360 προτέρῳ
1591 4289 1707 4361 ὄρει
1737 4290 1836 4343 καὶ

251 4381 313 4433 ἂν
339 4378 515 4450 τούτῳ
543 4379 945 4452 γεγενημένους
968 4380 1056 4434 ἐπ’
1089 4379 1240 4450 αὕτῷ
1266 4380 1631 4451 διηγήσασθαι
1658 4396 1837 4451 παρῃ-

249 4472 544 4544 τησάμεθα
566 4489 580 4504 ο
616 4473 710 4527 καὶ
732 4474 841 4545 γὰρ
868 4473 948 4537 εἰς
990 4472 1222 4542 ἄγγελον
1255 4472 1432 4542 φωτὸς
1475 4472 1835 4549 μεταϐληθεὶς

1931 1995 2073 2049 enim
2108 2002 2268 2051 nocte
2301 2010 2368 2051 eo
2412 2005 2628 2064 orante,
2682 1998 3006 2053 accedentes
3042 1999 3317 2055 daemones
3348 2003 3509 2053 imm-

1931 2087 2242 2154 merabiles,
2289 2087 2628 2143 diversarum
2656 2089 2924 2144 visionum
2958 2092 3171 2161 species
3195 2106 3308 2161 pra.-
3340 2107 3398 2147 se
3429 2090 3510 2147 fc-

1931 2188 2135 2245 rentes,
2162 2188 2487 2248 strepentes,
2517 2181 2812 2251 rugientes,
2853 2183 3143 2249 minantes,
3173 2197 3279 2237 non
3318 2194 3511 2253 potue-

1931 2279 2061 2324 runt
2111 2282 2346 2326 mentem
2382 2272 2500 2342 ejus
2553 2281 2785 2328 terrere.
2818 2274 2956 2330 Cum
2990 2290 3114 2329 eum
3146 2290 3278 2344 ergo
3332 2274 3509 2346 plagis

1932 2363 2265 2432 aﬂ‘ecisscnt,
2301 2367 2561 2435 putabant
2591 2364 2708 2422 fore
2736 2376 2793 2423 ut
2815 2383 2876 2424 se
2905 2368 3216 2426 deturbaret
3237 2385 3335 2440 per
3361 2369 3513 2425 fene-

1932 2466 2142 2524 stram,
2178 2472 2303 2511 cnm
2354 2458 2407 2512 vi
2455 2474 2647 2529 magna
2696 2460 2988 2513 tumultum
3037 2463 3299 2529 edentes,
3346 2472 3399 2516 et
3426 2478 3514 2517 su-

1933 2548 2079 2616 ipsos
2112 2548 2281 2618 magis
2304 2563 2463 2619 quam
2491 2549 2641 2603 illum
2671 2549 3079 2614 conturbantes,
3103 2551 3393 2607 inconditis
3418 2567 3517 2608 vo-

1933 2641 2085 2693 cibus
2108 2640 2471 2695 exclamantes
2506 2639 2676 2707 :Quid
2700 2641 2795 2695 tibi
2826 2657 2950 2696 cum
2981 2644 3181 2697 nostris
3224 2643 3454 2699 desertis
3483 2645 3509 2698 2

1935 2729 2148 2786 Recede
2201 2748 2228 2785 a
2285 2734 2450 2787 rebus
2491 2730 2734 2797 nostris,’
2760 2734 2903 2791 male
2947 2735 3091 2790 enim
3119 2751 3178 2790 es
3214 2736 3510 2804 periturus.

1935 2821 2042 2878 Sed
2103 2825 2295 2879 beatus
2336 2826 2640 2880 Auxentius
2693 2825 2906 2881 fortiter
2935 2825 3137 2893 ferens,
3163 2828 3342 2881 crucis
3374 2827 3513 2897 lign-

1935 2926 2051 2965 ram
2086 2912 2138 2965 in
2167 2926 2262 2967 eos
2312 2914 2638 2981 exprimens,
2676 2916 2908 2971 reddidit
2950 2916 3355 2971 imbecilliores.
3375 2918 3509 2971 Cum

1937 3000 2131 3054 fuisset
2181 3010 2364 3054 autem
2396 3017 2577 3068 mane,
2604 3013 2660 3058 ut
2705 3002 2815 3058 Deo
2849 3006 3075 3075 placuit,
3102 3019 3166 3060 ex
3197 3020 3339 3075 saepe
3366 3004 3513 3061 dieto

1933 3091 2177 3160 emporio
2210 3090 2664 3167 Ruliinianarum,
2699 3104 2753 3149 et
2785 3110 2871 3162 eo,
2917 3096 3059 3165 quod
3086 3095 3192 3149 illic
3219 3107 3357 3160 erat,
3394 3109 3513 3150 mo-

1861 3210 1907 3270 ρ
1938 3182 2198 3246 nasterio,
2250 3195 2601 3238 accesserunt
2625 3185 2810 3253 plures
2860 3186 3113 3240 monachi
3148 3198 3203 3241 et
3226 3187 3515 3252 mundani,

1937 3284 1992 3328 ut
2046 3274 2479 3330 benedictionem
2512 3276 2581 3331 ab
2607 3291 2673 3332 eo
2697 3286 3162 3348 consequerentur
3186 3287 3241 3333 et
3270 3276 3517 3335 frueren-

1936 3372 2026 3417 tur
2062 3365 2432 3433 pulcherrinta
2487 3367 2605 3436 ejus
2659 3368 3033 3423 contentione.
3069 3368 3202 3424 Cum
3239 3384 3366 3424 vero
3391 3384 3515 3439 pro-

1937 3464 2057 3522 pter
2108 3455 2330 3509 nimiam
2390 3456 2796 3511 immundorum
2830 3457 3125 3526 spirituum
3163 3456 3512 3514 alﬂictionem

1936 3546 2030 3597 vix
2055 3546 2271 3599 tandem
2297 3546 2377 3601 eis
2410 3546 2711 3615 aperuisset
2746 3547 3071 3613 fenestram,
3092 3557 3146 3601 et
3182 3548 3362 3602 verbis
3384 3564 3513 3602 usus

1934 3647 2077 3691 esset
2112 3640 2252 3704 apud
2273 3653 2366 3693 eos
2391 3638 2792 3703 consolatoriis,
2816 3649 3076 3708 rogarunt
3108 3654 3328 3695 causam
3350 3649 3514 3695 tantae

1936 3724 2354 3781 imbecillitatis.
2389 3725 2524 3781 Cum
2558 3728 2608 3783 is
2657 3738 2837 3782 autem
2875 3729 3121 3794 dixisset,
3154 3744 3260 3784 non
3290 3745 3410 3785 esse
3431 3730 3515 3784 af-

1934 3813 2229 3868 ilictionem
2253 3813 2516 3884 corporis,
2543 3816 2636 3870 sed
2662 3814 2989 3872 diabolicam
3028 3818 3422 3887 operationem,
3455 3820 3513 3877 id

1933 3915 2346 3976 cognoscentes,
2389 3907 2480 3976 qui
2527 3908 2772 3974 aderant,
2815 3908 3085 3964 siluerunt
3114 3918 3170 3965 et
3201 3910 3511 3965 contentiu-

1935 4017 2061 4057 nem
2089 4003 2293 4059 anfcrri
2321 4004 2678 4074 deprecantes
2709 4006 3129 4063 descendebant.
3150 4005 3514 4078 Frequentius

1935 4105 2118 4154 autem
2177 4099 2510 4155 accedebant
2536 4100 2603 4155 ad
2635 4114 2760 4156 eum
2793 4102 3125 4158 visitandum
3158 4103 3391 4160 maxime
3417 4103 3513 4175 qni

1934 4200 2187 4246 erantex
2238 4191 2608 4259 monasterio;
2637 4207 2738 4248 nos
2787 4208 2942 4259 vero,
2977 4210 3046 4248 ne
3098 4194 3152 4249 in
3181 4195 3512 4250 immensum

1935 4291 2210 4339 cresceret
2239 4285 2441 4349 oratio,
2471 4286 2708 4354 reliquas
2733 4286 3082 4352 tentationes,
3111 4302 3233 4356 qua:
3263 4287 3318 4341 in
3342 4288 3513 4357 priori

1936 4383 2123 4427 monte
2170 4381 2225 4427 et
2252 4373 2305 4427 in
2343 4374 2449 4427 hoc
2483 4371 2645 4428 facta:
2670 4384 2798 4428 sunt
2832 4376 2887 4429 in
2913 4390 3060 4439 eum.
3093 4390 3323 4430 narrare
3352 4391 3513 4432 recu-

1937 4463 2194 4519 savimus.
2230 4462 2286 4517 In
2316 4464 2564 4535 angelum
2589 4465 2738 4521 enim
2765 4466 2908 4523 lueis
2940 4475 3182 4521 mutatus
3215 4466 3514 4537 malignus.

250 4567 285 4622 ὸ
308 4538 590 4639 ⁷πονηρὸς,
630 4566 707 4632 ῶς
742 4538 907 4639 ιρησιν
955 4568 984 4621 ὁ
1028 4538 1371 4634 ἐᾸπίῦστολος,
1405 4538 1621 4639 ἀπατᾷν
1670 4538 1826 4621 αὐτὸν

1940 4568 2000 4612 ιιι
2023 4558 2156 4612 dicit
2182 4538 2478 4626 Apostolus
2512 4557 2585 4622 ",
2617 4558 2843 4627 putabat
2872 4572 2935 4614 se
2969 4573 3094 4613 eum
3126 4558 3513 4628 decepturum.

214 4710 223 4723 κ
251 4657 415 4732 ᾤετο,
447 4659 562 4713 ἀλλ’
590 4659 692 4713 οὐκ
733 4654 803 4730 ἦν
841 4660 1111 4724 εὐάλωτος
1144 4661 1175 4713 ὁ
1206 4658 1502 4730 μακάριος,
1538 4657 1744 4729 σφόδρα
1773 4656 1834 4712 δὲ

256 4748 459 4821 μᾶλλον
489 4748 752 4820 ἔμπειρος
797 4751 861 4803 ἐκ
899 4750 1000 4820 τῆς
1041 4750 1150 4804 τῶν
1192 4749 1354 4804 θείων
1395 4749 1628 4821 Γραφῶν
1685 4748 1834 4803 mea.

254 4838 504 4901 σκαλίας.

327 4930 461 4985 ME’.
490 4929 657 4983 ’Ὅθεν
696 4929 791 4984 καλ⁸
834 4931 948 4995 τοῖς
993 4932 1386 5004 συντρέχουσιν
1424 4933 1489 4986 ὲκ
1534 4931 1635 5001 τῆς
1664 4947 1836 5003 μεγα-

251 5022 506 5092 λωνύμου
546 5024 1168 5089 Κωνσταντινουπόλεως
1214 5025 1309 5079 καὶ
1339 5027 1449 5089 τοῖς
1489 5024 1696 5089 λοιποῖς
1726 5024 1836 5077 τῶν

255 5117 568 5185 ἐπιχωρίων
617 5116 897 5187 προσηνὴς
936 5111 1006 5188 ἦν
1054 5119 1150 5169 καὶ
1195 5101 1631 5189 παρακλητικὸς,
1664 5120 1713 5170 εί
1743 5117 1837 5172 καί

251 5223 337 5268 τις
362 5205 546 5271 ἄλλος,
596 5208 694 5277 τῆς
747 5207 947 5278 ἀρετῆς
998 5206 1107 5260 τῶν
1160 5206 1336 5277 λόγων
1374 5207 1540 5263 αὑτοῦ
1572 5207 1836 5272 ’ἅπαντας

254 5297 751 5368 προσκαλουμένης
774 5297 989 5367 καὶτῆς
1015 5299 1142 5367 περὶ
1171 5298 1336 5351 αὐτοῦ
1370 5299 1558 5371 φήμης
1587 5298 1682 5351 καὶ
1709 5297 1835 5362 τοὺς

255 5391 447 5462 πορρω
474 5390 850 5459 ὲφελκομένης
873 5403 889 5420 '
919 5392 1062 5444 acati
1088 5390 1180 5445 οὖν
1212 5391 1273 5445 τὸ
1304 5391 1492 5455 εἰωθὸς
1530 5390 1680 5462 αὺτῴ
1710 5391 1835 5453 τοὺς

254 5481 499 5552 πρωῖοεν
531 5483 861 5554 ἐρχομένους
900 5484 1041 5554 μετά
1068 5486 1260 5556 τρίτην
1292 5485 1441 5556 ὥραν
1476 5487 1711 5540 ἀπέλυεν
1741 5485 1835 5539 καὶ

252 5576 382 5639 τους
414 5574 605 5628 ἔπειτα
641 5576 782 5645 μετὰ
808 5575 907 5646 τὴν
932 5576 1118 5645 ἕκτην·
1151 5578 1251 5631 οὐκ
1282 5581 1342 5632 ἐν
1380 5579 1548 5649 ἀργίᾳ
1580 5578 1637 5632 δὲ
1660 5594 1834 5649 προσ-

255 5666 498 5737 εδρεύειν
533 5668 662 5730 τοὺς
702 5670 1172 5741 ἑπισυνηγμένους
1220 5671 1388 5741 ἠφίει,
1424 5672 1541 5724 ἀλλ’
1591 5671 1621 5742 ῆ
1664 5674 1722 5726 ἐν
1756 5671 1835 5742 τῷ

325 5848 368 5880 ³³
396 5848 548 5908 Psal.
566 5868 641 5911 cr.
716 5854 763 5888 “
800 5854 844 5910 il
868 5854 995 5912 Cor.
1028 5870 1067 5911 ι.

1938 4647 2046 4705 Sed
2096 4664 2203 4704 non
2258 4647 2417 4704 facile
2447 4647 2569 4719 capi
2625 4659 2840 4720 poterat
2902 4651 3093 4706 beatus
3143 4658 3252 4704 :et
3287 4649 3512 4718 pulchre

1937 4742 2247 4809 resistebat,
2270 4756 2394 4797 cum
2418 4753 2566 4798 esset
2593 4742 2748 4797 valde
2768 4745 2977 4815 peritus
3002 4745 3268 4801 doctrinae
3295 4745 3512 4802 divina-

1938 4850 2060 4891 rum
2098 4833 2529 4905 Scripturarum.

2010 4922 2174 4982 XLV.
2206 4926 2360 4984 Unde
2386 4929 2553 4984 etiam
2584 4928 2661 4985 iis
2692 4930 2784 5000 qui
2817 4930 2882 4984 ad
2911 4929 3088 5000 ipsum
3117 4930 3517 4988 conveniebant

1938 5035 2005 5076 ex
2038 5022 2339 5078 clarissima
2373 5019 2848 5091 Constantinopoli
2879 5033 2930 5077 et
2991 5023 3215 5093 reliquis
3259 5024 3378 5095 ejus
3413 5025 3515 5080 loci

1942 5115 2276 5180 hominibus,
2308 5122 2429 5169 erat
2480 5113 2635 5168 valde
2684 5113 2830 5168 mitis
2863 5123 2919 5168 et
2946 5114 3213 5183 placidus,
3246 5126 3299 5171 et
3324 5118 3389 5170 ad
3420 5132 3516 5173 eos

1940 5206 2304 5265 consolandos
2361 5197 2845 5267 accommodatus,
2904 5214 2964 5257 ut
3026 5206 3072 5258 si
3139 5208 3263 5275 quis
3321 5207 3460 5262 alius
3495 5247 3513 5273 ,

1940 5316 2133 5357 omnes
2186 5300 2486 5355 advocante
2537 5296 2657 5368 ejus
2708 5298 2994 5352 verborum
3045 5300 3267 5365 virtute,
3309 5311 3363 5354 et
3395 5300 3513 5372 ejus

1941 5395 2088 5451 fama
2146 5392 2398 5448 trahente
2426 5405 2521 5445 eos
2549 5390 2711 5444 etiam
2747 5390 2838 5460 qui
2880 5390 3069 5459 procul
3104 5400 3259 5445 erant
3289 5390 3505 5444 remuti.

1945 5483 2013 5541 lit
2040 5499 2171 5555 ergo
2199 5488 2579 5544 consueverat,
2616 5493 2710 5535 eos
2737 5479 2828 5549 qui
2896 5494 3056 5535 mane
3088 5481 3397 5543 veniebant,
3435 5479 3516 5533 di-

1942 5577 2196 5631 mittebat
2240 5581 2363 5643 post
2413 5574 2605 5627 horam
2633 5573 2851 5628 tertiam
2886 5590 2900 5626 :
2930 5582 2986 5627 et
3024 5571 3116 5640 qui
3155 5577 3362 5639 postea,
3395 5580 3517 5640 post

1942 5680 2174 5725 sextam.
2212 5665 2326 5722 Non
2360 5665 2577 5722 sinebat
2610 5675 2793 5721 autem
2823 5664 2877 5719 in
2928 5662 3040 5718 Otio
3094 5660 3377 5718 considere
3424 5675 3519 5716 eos
