3820 6532
285 405 427 472 1417

1549 402 1726 466 VITA
1765 403 1826 463 S.
1862 400 2261 464 AUXENTII.

3406 405 3545 472 liiS

272 521 414 592 οὔσῃ
465 523 562 575 καὶ
621 490 1024 590 πεπηρωμένξμ
1059 516 1135 581 ὡς
1189 516 1325 588 μήτε
1376 514 1478 588 τὴν
1508 513 1851 569 διδασκαλίαν

1967 513 2198 583 Oportet
2230 529 2363 584 ergo
2410 506 2576 572 menti
2627 527 2846 584 nostra,
2883 532 3005 590 qua;
3037 519 3109 574 ita
3139 530 3222 576 est
3250 532 3543 589 occaecata,

277 614 393 667 τῶν
417 613 580 666 θείων
611 612 846 683 Γραφῶν
878 611 1242 681 εἰσδέχεσθαι,
1272 609 1304 680 ἢ
1333 610 1640 672 κατανοεῖν,
1667 605 1863 678 ὁδηγὸν

279 706 607 758 ἐπισπεῖσαι
639 704 732 758 τὸν
771 702 971 772 εὐσεϐῆ
1006 702 1270 771 λογισμὸν
1305 701 1398 754 καὶ
1424 698 1860 770 προηγουμένως

277 796 374 849 τὸν
407 797 574 866 φόϐον
600 795 695 849 τοῦ
748 793 910 860 Θεοῦ,
963 795 1112 856 ὅστις
1147 791 1510 864 κατορθοῦται
1547 790 1635 845 διὰ
1671 806 1864 860 συχνο·

277 888 448 958 τέρας
467 887 704 958 δεήσεως
745 903 805 939 τε
829 887 923 939 καὶ
955 885 1264 956 προσευχῆς
1296 884 1432 955 πρὸς
1459 883 1522 937 τὸ
1560 880 1862 937 ἀπολιποῦ-

280 996 386 1032 σαν
442 982 512 1031 τὰ
570 977 746 1048 γεώδη
803 979 900 1031 καὶ
954 977 1194 1047 φθαρτὰ,
1253 978 1346 1030 ἐπὶ
1400 975 1467 1030 τά
1505 977 1736 1044 οὐράνια
1765 974 1861 1028 καὶ

274 1071 534 1141 ἄφθαρτα
565 1069 898 1122 ἀποϐλέπειν
948 1069 1278 1140 πράγματα.
1315 1066 1376 1121 '0
1403 1071 1512 1138 γὰρ
1550 1065 1860 1137 διορατικὸς

275 1166 343 1233 τῇ
395 1162 540 1233 ψυχῇ
573 1162 670 1215 καὶ
723 1162 1158 1231 πεπαιδευμένος
1208 1164 1276 1232 τῇ
1309 1160 1544 1228 διανοίᾳ,
1580 1159 1640 1212 οὺ
1697 1158 1858 1226 μόνον

272 1255 390 1314 τοῖς
422 1253 758 1321 σωματικοῖς
783 1250 1085 1319 ὀφθαλμοῖς
1113 1250 1402 1320 ἐπιτρέπει
1445 1249 1545 1320 τὴν
1573 1247 1684 1301 τῶν
1721 1249 1861 1316 ὁρω-

280 1346 460 1414 μένων
479 1343 938 1413 ὲπίσκεψιν,ἀλλά
957 1342 1054 1400 καὶ
1072 1346 1182 1406 τοῖς
1201 1343 1295 1414 τῆς
1308 1343 1488 1412 ψυχῆς
1510 1341 1707 1412 μᾶλλον
1726 1342 1825 1394 ὲνα
1841 1367 1855 1380 ο

273 1435 510 1499 τενίζειν
549 1437 629 1498 είς
680 1435 780 1506 τὴν
808 1436 918 1488 τῶν
957 1437 1205 1507 ἀοράτων
1234 1435 1562 1503 κατανόησιν
1586 1449 1601 1464 ·
1631 1431 1856 1502 θεωρῶν

277 1528 379 1595 μὲν
401 1527 507 1580 τῶν
539 1529 844 1598 νοουμένων
877 1545 936 1581 τε
967 1530 1061 1580 καὶ
1107 1527 1216 1579 τῶν
1242 1525 1650 1596 πιστευομένων
1677 1524 1854 1580 ἀπλα-

273 1617 382 1678 νῶς
423 1618 519 1685 τὴν
569 1617 902 1680 ὑπόστασιν,
940 1616 1157 1685 φεύγων
1193 1616 1248 1668 δὲ
1289 1616 1389 1685 τὴν
1425 1612 1854 1681 πεπλανημένην

273 1711 369 1762 καὶ
412 1710 694 1780 μοχθηρὰν
735 1711 829 1761 τοῦ
859 1708 975 1778 βίου
1014 1706 1391 1779 προσπάθειαν
1435 1705 1530 1758 καὶ
1558 1702 1854 1773 γυμνάζων

272 1801 518 1872 ἀκριϐὲς
544 1802 614 1854 τὰ
638 1800 968 1871 αἰσθητήρια
996 1801 1134 1870 πρὸς
1167 1801 1267 1870 τὴν
1297 1796 1389 1851 τοῦ
1424 1796 1593 1850 καλοῦ
1628 1795 1725 1848 καὶ
1754 1808 1856 1848 κα-

1965 614 2029 662 nt
2054 619 2232 675 neque
2247 605 2556 662 divinarum
2581 607 2992 679 Scripturarum
3019 611 3324 668 doctrinam
3345 615 3545 670 admit-

1969 705 2046 750 tat
2108 707 2203 752 aut
2235 698 2521 768 intelligat,
2545 701 2808 758 adbibere
2849 703 3044 760 ducem
3074 706 3216 775 piam
3247 707 3540 773 rationem,

1963 798 2018 842 et
2043 790 2317 857 prrccipue
2351 787 2600 849 timorem
2633 793 2764 862 -Dei,
2791 797 2883 866 qui
2911 810 3057 854 reete
3072 812 3171 854 suo
3193 799 3437 871 fungitur
3461 803 3543 859 of-

1967 878 2092 936 ﬁcio
2129 896 2227 950 per
2253 882 2592 953 frequentem
2626 890 2954 956 orationem,
2995 891 3062 946 ad
3097 891 3198 949 hoc
3228 903 3307 960 ut,
3337 896 3544 954 relictis

1967 973 2132 1034 rebus
2164 977 2512 1031 terresu'ibus
2538 989 2593 1032 et
2615 979 2670 1034 in
2702 982 2997 1051 quascadit
3019 983 3300 1055 interitus,
3331 990 3399 1044 ad
3429 1005 3545 1046 co:-

1947 1062 2122 1118 ‘lestia
2187 1067 2472 1138 suspiciat.
2527 1072 2630 1138 Qui
2663 1075 2809 1129 enim
2848 1084 2934 1132 est
2963 1076 3148 1134 animo
3173 1082 3455 1151 perspicax
3486 1093 3546 1139 et

1966 1167 2146 1212 mente
2171 1162 2440 1227 eruditus,
2465 1179 2570 1225 non
2598 1167 2876 1236 corporeis
2903 1169 3079 1226 solum
3111 1174 3334 1230 mandat
3363 1176 3544 1232 oculis

1963 1245 2354 1316 inspectionem
2391 1267 2576 1309 eorum
2624 1271 2744 1326 qua:
2792 1270 3130 1326 cernuntur,
3201 1265 3294 1319 sed
3346 1265 3542 1320 anima:

1964 1354 2202 1411 quoque,
2239 1353 2403 1414 atque
2443 1347 2580 1403 adeo
2623 1349 2796 1405 multo
2828 1352 3022 1423 magis,
3059 1355 3234 1408 oculis
3260 1356 3544 1413 intendere

1963 1434 2459 1492 considerationem
2516 1453 2704 1494 eorum
2739 1458 2860 1510 qua:
2886 1460 2989 1498 non
3025 1445 3225 1500 cadunt
3260 1447 3361 1500 sub
3383 1462 3539 1517 aspe-

1961 1531 2133 1590 ctum,
2168 1540 2356 1582 eorum
2415 1543 2536 1598 quae
2581 1529 2946 1601 intelligentia
2977 1535 3374 1603 percipiuntur,
3408 1553 3542 1592 cou-

1963 1619 2230 1686 templans
2287 1620 2406 1674 sine
2443 1635 2631 1677 errore
2680 1625 3067 1690 substantiam,
3120 1627 3332 1697 fugiens
3360 1639 3541 1683 autem

1963 1720 2237 1765 errantem
2272 1719 2327 1766 et
2367 1711 2670 1783 improbam
2697 1716 2819 1770 vita:
2845 1715 3214 1783 allectionem,
3262 1728 3317 1773 et
3347 1734 3542 1776 sensus

1962 1799 2252 1870 diligenter
2285 1816 2546 1858 exercens
2595 1805 2660 1860 ad
2698 1805 2823 1861 boni
2869 1816 2925 1862 et
2969 1807 3094 1862 mali
3127 1809 3538 1867 discretionem.

271 1893 374 1946 κοῦ
429 1893 723 1964 διάκρισιν.
793 1893 1157 1956 Ἀποστάντες
1215 1894 1326 1962 γὰρ
1372 1892 1420 1944 οἱ
1453 1887 1851 1956 ἀνθρωποιτῆς

1961 1886 2223 1946 Homines
2252 1893 2423 1958 enim,
2457 1892 2602 1962 quia
2635 1908 2766 1949 cura
2795 1903 2851 1949 et
2880 1896 3059 1951 studio
3101 1897 3242 1968 ejus,
3279 1901 3422 1968 quod
3457 1911 3542 1955 est

271 1982 402 2052 περὶ
448 1982 544 2034 τοῦ
575 1983 747 2045 ὅντως
782 1981 990 2052 ἀγαθοῦ
1025 1982 1259 2051 σπουδῆς
1294 1999 1352 2033 τε
1404 1980 1500 2033 καὶ
1531 1976 1856 2046 ἐπιμελείας

269 2072 367 2126 ἀπὶ
398 2072 609 2142 ἔρωτας
639 2074 908 2144 σωμάτων
937 2073 1035 2127 καὶ
1070 2075 1166 2143 τὴν
1197 2073 1403 2142 ἄψυχον
1426 2072 1558 2142 ὓλην
1583 2069 1694 2124 τῶν
1716 2087 1856 2140 χρη-

273 2167 463 2236 μάτων
490 2165 580 2218 διὰ
610 2165 711 2235 τῆς
742 2165 1060 2230 πλεονεξίας
1092 2164 1534 2231 κατωλίσθησαν,
1582 2146 1680 2213 κᾶι
1721 2161 1854 2230 περὶ

267 2258 368 2310 τὸν
423 2257 616 2326 λαιμὸν
656 2256 752 2310 καὶ
809 2255 908 2328 τὴν
944 2256 1188 2327 γαστέρα
1241 2255 1338 2328 τὴν
1394 2256 1577 2308 πᾶσαν
1613 2253 1853 2323 σπουδὴν

266 2346 479 2412 ἔθεντο,
509 2347 630 2401 ὅθεν
669 2349 800 2419 ἡμῖν
831 2349 924 2403 καὶ
960 2351 992 2418 ἡ
1047 2349 1251 2419 ἀρχαία
1297 2347 1574 2409 ἔκπτωσις
1628 2344 1850 2413 συνέϐη.

267 2441 336 2493 Εἰ
367 2439 462 2494 οὖν
491 2439 696 2496 τούτων
731 2441 1092 2505 ἀποστάντες,
1139 2440 1238 2508 τὴν
1267 2437 1447 2509 ψυχὴν
1479 2438 1571 2490 ἐπὶ
1619 2437 1687 2491 τὰ
1716 2436 1855 2488 θειό-

264 2547 410 2602 τερα
466 2531 859 2601 πτερώσωμεν,
921 2531 1322 2601 ἀπολαύσωμεν
1355 2532 1454 2600 τῆς
1502 2527 1851 2599 μεγαλοπρε-

268 2623 435 2686 πείας
473 2623 712 2693 ἐκείνης,
752 2624 850 2691 τῆς
905 2624 1226 2694 ἐπηρμένης
1274 2622 1376 2694 μὲν
1430 2621 1570 2692 ὑπὲρ
1601 2620 1712 2673 ἅνω
1745 2620 1852 2672 τῶν

265 2716 543 2788 οὐρανῶν,
574 2718 996 2788 ἐπηγγελμένης
1035 2717 1092 2770 δὲ
1124 2718 1258 2770 πᾶσι
1279 2719 1394 2780 τοῖς
1423 2715 1726 2778 ἐκλεκτοῖς,
1756 2714 1853 2765 καὶ

265 2810 424 2862 οὐδὲν
447 2809 555 2861 ἀπὸ
581 2807 683 2877 τῆς
711 2809 804 2861 τοῦ
837 2807 1088 2878 σώματος
1133 2806 1514 2878 προσπαθείας
1547 2803 1851 2875 πεισόμεθα

266 2899 469 2962 κακὸν,
499 2899 613 2952 ἀλλ’
641 2899 782 2963 ἄξιοι
805 2898 1079 2969 γενόμεθα
1109 2899 1217 2953 τῶν
1251 2897 1490 2953 αἰωνίων
1522 2895 1762 2964 ἀγαθῶν.
1793 2894 1850 2948 '0

266 2994 381 3062 γὰρ
407 2991 541 3054 Θεὸς
575 2990 958 3055 αὑτεξουσίους
999 2992 1147 3062 ἡμᾶς
1175 2993 1434 3062 ἐποίησεν
1458 2990 1578 3044 οὐδὲ
1613 2990 1714 3060 μιᾷ
1744 2987 1851 3042 τῶν

267 3086 472 3150 ἔξωθεν
496 3085 710 3156 ἀνάγκη
730 3083 1184 3152 δεδουλωμένους,
1213 3085 1350 3138 ἀλλὰ
1365 3086 1430 3154 τῇ
1454 3083 1634 3152 οίκείξι
1653 3079 1850 3152 γνώμῃ

265 3181 330 3233 τὸ
357 3179 595 3249 ἀρέσκον
632 3181 764 3249 ἡμῖν
795 3179 916 3232 κατ’
946 3179 1198 3244 ἐξουσίαν
1235 3180 1619 3249 αἱρουμένους.

340 3271 476 3325 MG'.
508 3272 620 3340 Τὴν
649 3272 758 3341 γὰρ
790 3271 1076 3341 συμφορὰν
1106 3271 1312 3341 ταύτην
1353 3272 1452 3342 τὴν
1485 3270 1580 3325 νῦν
1613 3268 1851 3342 κρατοῦ-

273 3378 377 3417 σαν
402 3363 462 3414 τὸ
515 3362 862 3431 ἀνθρώπινον
907 3363 1064 3432 γένος
1095 3366 1162 3434 τῇ
1203 3363 1390 3436 ἀπάτῃ
1426 3362 1854 3433 παρενεχθέντες

267 3454 728 3524 ὲπεσπασάιμεθα,
771 3456 832 3508 ού
865 3455 1016 3525 παρὰ
1044 3453 1182 3507 Θεοῦ
1221 3453 1538 3523 γενομένην,
1599 3454 1680 3506 ὅτι
1718 3453 1852 3518 Θεὸς

268 3545 500 3601 θάνατον
547 3547 650 3600 οὐκ
707 3547 988 3616 ἐποίησεν,
1043 3545 1163 3599 οὐδὲ
1199 3543 1464 3614 τέρπεται
1489 3544 1576 3598 ἐπ’
1603 3544 1854 3614 ἀπωλείᾳ

268 3638 512 3704 ζώντων,
541 3638 680 3692 ἀλλὰ
701 3639 907 3708 τρόπον
943 3639 1065 3693 τινὰ
1087 3642 1251 3710 ἡμεῖς
1283 3639 1498 3694 κτίσται
1530 3638 1623 3691 τοῦ
1671 3635 1848 3692 κακοῦ

270 3728 537 3799 γινόμεθα
568 3731 617 3782 oi.
661 3729 962 3799 ἄνθρωποι.
995 3729 1207 3801 Ὥσπερ
1236 3729 1344 3799 γὰρ
1382 3729 1442 3783 τὸ
1466 3728 1694 3799 ἡλιακὸν
1731 3728 1850 3797 φῶς

268 3822 426 3891 κοινῇ
485 3821 808 3890 πρόσκειται
869 3823 1034 3875 πᾶσιν
1090 3817 1172 3886 οἷς
1223 3823 1257 3892 ὴ
1311 3821 1538 3891 δύναμις
1589 3819 1686 3873 τοῦ
1715 3822 1849 3892 όρᾷν

270 3913 556 3984 πρόσεστι,
581 3913 807 3967 δύναταί
835 3930 939 3979 τις,
973 3914 1068 3967 ἐὰν
1120 3913 1379 3986 βουληθῇ,
1434 3912 1731 3985 καμμύσας
1758 3912 1848 3966 τὸν

267 4003 570 4074 ὀφθαλμὸν,
595 4006 932 4076 χωρισθῆναι
961 4007 1059 4076 τῆς
1079 4007 1172 4059 τοῦ
1199 4007 1374 4076 φωτὸς
1398 4007 1630 4078 δωρεᾶς,
1660 4006 1720 4059 οὐ
1750 4003 1846 4058 τοῦ

269 4095 424 4165 ἡλίου
456 4095 518 4148 τὸ
579 4097 772 4158 σκότος
825 4096 882 4149 ὲν
921 4095 1116 4168 ἐκείνῳ
1171 4101 1521 4169 ποιήσαντος,
1561 4099 1703 4153 ἀλλὰ
1752 4097 1844 4153 τοῦ

266 4187 720 4258 ἀποστραφέντος
768 4188 869 4259 τὴν
926 4189 1102 4260 αὐγὴν
1151 4193 1252 4261 τῆς
1308 4192 1526 4255 ἀκτῖνος
1581 4191 1848 4255 ἑκουσίως

265 4279 708 4350 ἐφελκυσαμένου
733 4281 793 4333 τὸ
823 4281 1034 4346 σκότος,
1056 4282 1244 4352 ὥσπερ
1273 4283 1431 4347 εἴτις
1458 4285 1638 4340 οἰκίαν
1669 4284 1847 4355 ἑαυτῷ

264 4373 723 4438 κατασκευάζων,
761 4375 1033 4446 μηδεμίαν
1073 4375 1294 4444 ὲντέμοι
1334 4376 1413 4446 τῷ
1454 4379 1594 4444 φωτὶ
1621 4377 1721 4446 τὴν
1752 4377 1847 4430 ἐπὶ

263 4467 335 4519 τὰ
366 4466 474 4518 ἑσω
522 4467 776 4536 πάροδον,
831 4467 1046 4537 ἀναυγῆ
1094 4467 1466 4537 ἀπεργάζεται
1513 4469 1612 4538 τὴν
1640 4469 1842 4534 οἰκίαν,

1964 1995 2094 2036 vere
2115 1981 2340 2048 bonum,
2367 1983 2708 2048 defecerunt,
2731 1987 2799 2041 ad
2837 2001 3078 2043 amorem
3112 2006 3422 2061 corporum,
3457 2002 3542 2046 at-

1962 2086 2070 2141 que
2127 2072 2424 2128 inanimam
2469 2077 2714 2145 pecunia:
2761 2078 3068 2146 materiam,
3103 2096 3201 2150 per
3251 2083 3539 2138 avaritiam

1962 2165 2198 2235 prolapsi
2243 2175 2370 2220 sunt
2395 2175 2450 2221 et
2475 2167 2617 2222 circa
2641 2167 2816 2238 gulam
2839 2184 2903 2224 ac
2933 2181 3178 2227 ventrem
3203 2187 3364 2229 omne
3381 2189 3538 2229 suum

1963 2254 2204 2310 studium
2229 2265 2547 2325 posuerunt.
2573 2255 2729 2313 Unde
2753 2259 2910 2315 nobis
2933 2275 3152 2331 quoque
3175 2264 3435 2335 antiquus
3465 2265 3543 2320 la-

1963 2361 2092 2415 psus
2128 2347 2378 2417 contigit.
2403 2348 2505 2414 Qui
2539 2363 2670 2420 ergo
2695 2351 2764 2405 ab
2795 2351 2879 2407 bis
2904 2352 3230 2419 defecimus,
3264 2358 3543 2426 erigamus

1965 2435 2204 2489 animum
2256 2440 2323 2490 ad
2371 2453 2434 2492 ea
2483 2452 2603 2507 qua:
2631 2449 2756 2495 sunt
2801 2443 3090 2499 diviniora.
3152 2443 3421 2500 Fruamur
3450 2447 3541 2502 illa

1963 2527 2391 2593 magniﬁcentia,
2450 2543 2569 2598 quae
2599 2541 2683 2585 est
2722 2545 2890 2602 supra
2923 2533 3092 2589 coelos
3125 2535 3344 2606 quidem
3377 2537 3540 2604 elata,

1962 2618 2230 2686 promissa
2264 2629 2347 2673 est
2401 2630 2583 2676 autem
2622 2623 2876 2680 omnibus
2899 2624 3090 2680 electis
3123 2643 3138 2680 :
3168 2637 3224 2681 et
3253 2627 3388 2682 nihil
3417 2630 3542 2682 mali

1962 2709 2234 2780 patiamur
2264 2727 2294 2766 a
2343 2713 2496 2783 lapsu
2551 2712 2880 2782 affectionis,
2913 2721 3012 2773 scd
3061 2718 3361 2774 efﬁciamur
3395 2722 3541 2792 digni

1962 2799 2120 2857 bonis
2169 2805 2412 2860 aeternis.
2450 2805 2596 2862 Deus
2629 2807 2773 2863 enim
2821 2823 2925 2864 nos
2962 2809 3091 2865 fecit
3115 2809 3285 2866 libero
3312 2812 3543 2868 arbitrio

1962 2895 2435 2967 prmditosmeque
2465 2901 2766 2955 servientes
2799 2899 2894 2956 ulli
2922 2910 3162 2957 externae
3203 2905 3542 2969 necessitati,

1963 2989 2058 3043 sed
2113 2987 2286 3045 libere
2335 3000 2520 3047 nostro
2571 2993 2836 3046 arbitratu
2889 2994 3151 3064 eligentes
3191 2997 3335 3067 quod
3381 2998 3541 3053 nobis

1961 3082 2158 3150 placet.

2037 3261 2234 3318 XLIX.
2253 3261 2406 3319 Hanc
2432 3264 2578 3320 enim
2605 3263 2995 3335 calamitatem,
3017 3283 3123 3338 qua
3155 3283 3301 3325 nunc
3327 3279 3544 3328 tenetur

1965 3356 2262 3410 humanum
2293 3369 2488 3428 genus,
2531 3354 2722 3431 fraude
2756 3358 2959 3413 inducti
2991 3362 3331 3426 attraximus,
3372 3379 3480 3419 non
3510 3379 3542 3419 a

1963 3445 2074 3501 Deo
2097 3446 2318 3502 factam.
2356 3447 2498 3503 Deus
2527 3449 2669 3503 enim
2696 3459 2925 3504 mortem
2950 3465 3058 3506 non
3083 3451 3231 3520 fecit,
3252 3469 3427 3524 neque
3447 3455 3543 3510 de-

1957 3539 2192 3594 lectatur
2229 3541 2450 3596 interitu
2481 3541 2724 3598 vivorum
2773 3561 2788 3599 :
2844 3545 2938 3599 sed
2983 3546 3380 3615 quodammodo
3416 3563 3537 3616 gnos

1959 3632 2210 3687 homines
2245 3649 2436 3690 sumus
2466 3635 2592 3689 mali
2613 3644 2912 3692 creatores.
2941 3635 3228 3703 Quomodo
3261 3639 3409 3694 enim
3443 3640 3539 3696 lux

1959 3725 2091 3781 solis
2144 3733 2232 3780 est
2281 3730 2647 3783 communiter
2692 3729 2970 3799 proposita
3039 3731 3294 3787 omnibus
3341 3734 3541 3804 quibus

1956 3819 2111 3873 adest
2140 3821 2220 3873 vis
2251 3820 2503 3887 videndi;
2528 3830 2705 3892 potest
2728 3832 2934 3888 autem,
2966 3824 3010 3878 si
3057 3824 3190 3879 velit
3229 3825 3538 3896 quispiam,

1955 3908 2210 3964 claudens
2237 3911 2476 3976 oculum,
2506 3912 2789 3980 separaria
2821 3911 3117 3969 donolucis
3136 3921 3265 3984 (non
3295 3917 3439 3985 quod
3457 3919 3541 3973 sol
3631 3938 3644 3949 -

1959 4004 2011 4058 in
2041 4003 2130 4060 illo
2167 4003 2408 4058 olfecerit
2435 4004 2709 4071 tenebras,
2741 4004 2838 4060 sed
2864 4007 3008 4076 quod
3030 4007 3165 4061 radii
3189 4008 3536 4078 splendorem

1955 4107 2260 4165 aversatus,
2283 4098 2537 4154 tenebras
2564 4113 2661 4153 sua
2681 4109 2876 4171 sponte
2893 4103 3202 4174 attraxerit)
3227 4120 3242 4158 :
3266 4106 3538 4174 quomodo

1957 4193 2003 4248 si
2033 4193 2157 4262 quis
2187 4195 2405 4249 domum
2441 4195 2542 4250 sibi
2572 4204 2918 4262 construens,
2954 4195 3158 4250 nullum
3189 4196 3292 4252 luci
3332 4197 3537 4252 aditum

1957 4287 2194 4354 praebeat
2226 4286 2575 4352 intrinsecus,
2626 4289 2922 4342 obscuram
2965 4288 3182 4342 domum
3217 4287 3422 4344 efﬁcit:
3460 4289 3537 4344 ita

1955 4390 2052 4429 nos
2069 4390 2285 4443 quoque
2313 4375 2368 4428 in
2394 4385 2585 4429 natura
2614 4377 2880 4431 habentes
2910 4377 3110 4431 bonum
3139 4388 3194 4431 et
3225 4379 3534 4445 honestum,

1954 4477 2146 4522 nostro
2190 4466 2457 4521 arbitratu
2520 4467 2869 4532 innovamus,
2900 4482 3021 4535 quas
3061 4478 3186 4522 sunt
3211 4479 3408 4537 praeter
3443 4487 3538 4524 na-

265 4558 442 4621 οὔτως
480 4559 574 4610 καὶ
631 4560 794 4630 ἡμεῖς
857 4561 914 4612 ἐν
949 4563 1013 4631 τῇ
1077 4560 1236 4630 φύσει
1305 4561 1366 4614 τὸ
1424 4559 1588 4614 καλόν
1644 4578 1704 4614 τε
1756 4563 1851 4616 καὶ

1962 4571 2162 4624 turam,
2231 4567 2417 4614 nostra
2475 4567 2670 4629 sponte
2722 4558 2990 4613 malorum
3050 4560 3446 4630 experientiam
3479 4562 3533 4616 in

265 4649 477 4718 ἀγαθὸν
505 4651 721 4720 ἔχοντες
759 4654 880 4703 κατ’
904 4651 1155 4716 ἐξουσίαν
1183 4653 1252 4706 τὰ
1281 4652 1431 4724 παρὰ
1475 4653 1636 4721 φύσιν
1668 4671 1849 4708 καινο-

265 4740 569 4812 τομοῦμεν,
609 4743 874 4806 ἑκουσίως
912 4744 1013 4815 τὴν
1053 4745 1227 4797 κακοῦ
1269 4747 1464 4816 πεῖραν
1495 4748 1555 4800 έν
1600 4749 1668 4818 τῇ
1714 4748 1852 4801 ἀπο·-

274 4835 485 4903 στροφῇ
520 4833 616 4886 τοῦ
655 4833 821 4887 καλοῦ
851 4837 916 4905 τῇ
963 4835 1068 4908 ίδίᾳ
1099 4837 1417 4909 προαιρέσει
1447 4837 1850 4908 δημιουργοῦν-

270 4937 392 4986 τες*
435 4926 602 4978 κακὸν
633 4927 742 4998 γὰρ
781 4927 887 4992 ἔξω
923 4930 1268 4998 προσθέσεως
1300 4930 1422 4984 κατ’
1449 4931 1582 4986 ἰδίαν
1614 4932 1852 4986 ὑπόστα-

273 5033 359 5070 σιν
385 5018 763 5089 θεωρούμενον
793 5021 850 5072 ὲν
872 5023 938 5093 τῇ
969 5022 1130 5092 φύσει
1157 5022 1265 5076 τῶν
1284 5025 1475 5089 όντων,
1502 5024 1648 5080 ἐστιν
1671 5025 1849 5082 οὐδέν.

271 5109 391 5162 Πᾶν
424 5110 532 5180 γὰρ
561 5111 769 5182 κτίσμα
801 5112 939 5165 Θεοῦ
969 5113 1156 5178 καλὸν,
1202 5114 1298 5166 καὶ
1330 5117 1511 5168 πάντα
1535 5115 1634 5168 ὅσα
1661 5116 1850 5186 ὲποίη-

269 5219 363 5256 σεν
383 5205 411 5256 ό
431 5203 585 5267 Θεὸς,
610 5205 753 5260 καλά
775 5205 916 5262 λίαν.
959 5206 1094 5260 Ἀλλ’
1116 5207 1304 5279 ἐπειδὴ
1329 5208 1469 5261 κατὰ
1494 5207 1590 5261 τὸν
1615 5207 1851 5281 ρηθέντα

267 5297 472 5368 τρόπον
510 5299 784 5369 ἐπενοήθη
841 5300 953 5371 ζωῇ
978 5301 1136 5372 ἡμῶν
1175 5301 1234 5356 τὸ
1265 5300 1606 5372 ἁμαρτάνειν
1637 5303 1734 5354 καὶ
1780 5304 1847 5373 τῇ

267 5387 569 5462 ἀκολουθίᾳ
623 5393 686 5445 ὲκ
721 5395 925 5461 μικρᾶς
971 5393 1228 5464 ἀφορμῆς
1271 5395 1535 5464 μεγίστης
1560 5394 1755 5458 κακίας
1793 5395 1851 5448 ὲν

269 5485 404 5557 ἡμῖν
430 5486 856 5559 καταχυθείσης,
887 5489 962 5552 ὡς
994 5492 1053 5542 τ),
1080 5491 1310 5555 θεοειδὲς
1332 5493 1511 5545 έκεῖνο
1541 5492 1640 5561 τῆς
1670 5490 1850 5563 ψυχῆς

154 5638 175 5657 ⁹
267 5577 466 5641 κάλλος
500 5579 641 5633 κατὰ
692 5580 924 5652 μίμησιν
977 5582 1070 5635 τοῦ
1128 5583 1490 5652 πρωτοτύπου
1531 5584 1847 5654 γενόμενον,

269 5669 527 5743 καθάπερ
549 5673 772 5746 σίδηρον
796 5675 1274 5747 καταμελανθῆναι
1307 5675 1385 5746 τῷ
1407 5677 1503 5748 τῆς
1531 5675 1730 5742 κακίας
1759 5675 1849 5747 ίῷ,

347 5855 388 5889 ³⁸
410 5857 546 5916 Gen.
581 5875 618 5915 ι.

591 5907 866 6015 l’nuos.
901 5949 1018 6015 Gn.
1052 5907 1270 6015 CXIV.

1953 4648 2082 4704 boni
2118 4657 2173 4703 et
2198 4649 2414 4704 honesti
2469 4649 2777 4714 aversione,
2833 4649 3104 4706 electione
3145 4659 3334 4706 nostra
3362 4660 3417 4706 et
3455 4652 3536 4706 in-

1954 4741 2149 4798 stituto
2183 4741 2542 4798 fabricantes.
2571 4741 2773 4796 Malum
2808 4742 2955 4797 enim
2983 4740 3138 4798 extra
3171 4743 3530 4812 propositum,

1956 4835 2174 4905 propria
2205 4835 2518 4890 substantia
2551 4835 2984 4901 consideratum,
3015 4835 3220 4889 nullum
3253 4843 3338 4889 est
3361 4834 3413 4888 in
3443 4850 3532 4890 re-

1957 4943 2079 4983 rum
2114 4939 2334 4984 natura.
2388 4927 2662 4998 Quidquid
2710 4928 2854 4982 enim
2895 4942 2927 4982 a
2981 4928 3093 4982 Deo
3143 4936 3392 4983 creatum
3423 4937 3530 4994 est,

1953 5019 2158 5076 bonum
2205 5031 2310 5084 est,
2346 5029 2400 5075 et
2442 5020 2623 5074 omnia
2663 5033 3006 5089 quiscunque
3047 5018 3177 5074 fecit
3209 5019 3371 5086 Deus,
3405 5029 3536 5075 stunt

1955 5112 2112 5167 valde
2142 5112 2283 5167 bona
2316 5111 2380 5168 ".
2412 5111 2517 5165 Sed
2545 5112 2802 5180 quoniam
2840 5125 2907 5166 eo
2927 5112 3087 5166 modo
3104 5110 3198 5181 qui
3221 5111 3399 5166 dictus
3425 5121 3530 5179 est,

1955 5218 2185 5275 peccare
2244 5203 2369 5257 vita:
2407 5210 2604 5257 nostrae
2653 5201 2755 5256 fuit
2799 5201 3193 5273 excogitatum,
3244 5211 3300 5257 et
3335 5216 3530 5262 conse-

1954 5304 2187 5367 quenter
2226 5309 2289 5349 ex
2329 5309 2493 5365 parva
2547 5295 2837 5350 occasione
2890 5293 2943 5350 in
2980 5310 3078 5350 nos
3120 5295 3416 5349 maximum
3449 5304 3533 5348 cst

1955 5391 2186 5448 emtsum
2219 5390 2432 5455 vitium,
2465 5388 2600 5444 adeo
2631 5399 2690 5441 ut
2728 5389 2909 5442 divina
2935 5388 3024 5442 illa
3058 5389 3254 5444 animm
3286 5388 3532 5457 pulchri-

1954 5488 2108 5553 tudo,
2136 5499 2254 5554 ουκ
2280 5483 2422 5538 facta
2455 5491 2573 5538 erat
2615 5483 2678 5536 ad
2701 5483 3057 5538 imitationem
3089 5482 3381 5553 primaria,
3409 5490 3530 5535 tau-

1954 5597 2115 5652 quam
2141 5578 2345 5634 ferrum
2381 5585 2466 5631 est
2502 5574 2802 5647 nigrel‘acta
2837 5575 3084 5647 rubigine
3110 5575 3246 5641 vitii,
3276 5589 3387 5628 non
3413 5587 3531 5628 ani-

1955 5674 2095 5747 plius
2123 5672 2282 5729 nobis
2313 5670 2556 5741 prOpria,
2591 5684 2618 5724 a
2655 5681 2846 5726 natura
2877 5669 2945 5722 ad
2984 5665 3272 5736 imaginem
3304 5680 3530 5722 conser-

3164 5935 3239 6007 45
