3820 6540
260 386 407 463 1421

1533 385 1711 447 νιΤΑ
1746 383 1808 447 S.
1849 382 2249 447 AUXENTU.

3388 387 3529 459 M22

1716 511 1947 570 CAPUT
1976 511 2091 568 VII.

447 637 724 694 "abitalia
745 632 805 693 S.
847 631 1097 691 Auxentii
1120 634 1177 689 in
1201 643 1376 689 monte
1398 632 1604 702 Siopin.
1655 634 1898 690 lnsultus
1926 634 2222 688 dwmouam
2258 636 2514 701 superati.
2555 633 2746 690 Modus
2793 638 3008 694 oranai.
3038 639 3377 697 Adhortatio.

330 753 459 810 NA'.
491 753 678 807 Ταῦτα
731 753 827 807 καὶ
879 752 948 806 τὰ
975 753 1182 807 τούτων
1226 752 1449 808 πλείονα
1473 753 1723 822 λέγοντος
1748 749 1842 808 τοῦ

2020 752 2102 807 Ll.
2129 752 2264 809 (lum
2316 752 2429 809 huic
2454 764 2508 809 et
2566 755 2652 810 his
2682 756 2834 826 plura
2866 759 3055 814 beatus
3085 760 3290 818 diceret
3311 761 3533 821 Auxen-

256 851 537 921 μακαρίου
573 845 866 912 Αὐξεντίου
898 845 977 917 τῷ
1010 846 1207 918 πλήθει
1234 846 1341 901 τῶν
1368 845 1755 912 συνελθόντων,
1780 842 1840 899 οὗ

256 943 425 1012 μόνον
450 942 685 1012 ἀνδρῶν,
714 939 854 994 ἀλλὰ
882 939 981 994 καὶ
1001 940 1302 1009 γυναικῶν,
1325 941 1372 994 οί
1407 939 1655 998 πλείονες
1678 939 1844 1010 ἔρωτι

252 1032 389 1105 θείῳ
421 1033 729 1104 τρωθέντες
757 1031 947 1103 ἠξίουν
974 1032 1385 1086 άποτάσσεσθαι
1425 1031 1536 1085 τῶν
1572 1029 1844 1102 βιωτικῶν

251 1127 354 1178 καὶ
429 1125 724 1196 μοχθηρῶν
781 1123 1130 1195 πραγμάτων
1187 1127 1257 1196 τῇ
1327 1125 1696 1195 ματαιότητι,
1753 1122 1847 1176 καὶ

251 1217 546 1290 προσιέναι
574 1218 644 1271 δι’
676 1216 843 1271 αὑτοῦ
874 1215 950 1286 τῷ
979 1218 1228 1289 Δεσπότῃ
1256 1217 1497 1290 Χριστῷ.
1548 1217 1606 1271 Ὀ
1633 1217 1687 1270 δὲ
1709 1217 1846 1287 μᾶλ-

249 1308 348 1362 λον
403 1309 694 1363 ὑπετίθετο
751 1310 936 1371 αὐτοῖς
985 1313 1054 1380 τῇ
1110 1309 1362 1379 πολιτείᾳ
1419 1308 1846 1381 διορθουμένους

249 1403 564 1472 οἰκονομεῖν
607 1400 677 1453 τὰ
709 1400 988 1471 προσόντα
1026 1403 1121 1455 καὶ
1154 1402 1230 1472 μὴ
1263 1401 1397 1470 πρὸς
1452 1402 1552 1471 μὲν
1580 1404 1640 1453 τι
1668 1400 1844 1471 παρέν

249 1493 621 1562 ὀρεγομένους
653 1493 714 1546 τὸ
767 1492 957 1555 καλὸν,
1001 1493 1083 1556 εἰς
1129 1492 1356 1563 ὕστερον
1397 1491 1453 1545 δὲ
1482 1492 1843 1557 ὀκλάσαντας,

252 1583 609 1654 ἐπιστρέφειν
643 1583 716 1647 ὡς
740 1583 909 1647 κύνας
943 1584 1036 1637 ἐπὶ
1067 1584 1159 1638 τὸν
1204 1584 1335 1637 ίδιον
1385 1584 1601 1655 spem,
1648 1585 1740 1636 ἐπὶ
1777 1583 1848 1637 τὰ

252 1675 463 1745 ἀσθενῆ
495 1677 663 1730 πάλιν
685 1676 780 1730 καὶ
815 1675 1010 1747 πτωχὰ
1049 1676 1143 1730 τοῦ
1185 1676 1396 1746 κόσμου
1440 1678 1678 1747 στοιχεῖα
1707 1676 1848 1745 μετὰ

251 1768 460 1837 πολλῆς
485 1767 774 1837 ἀκριϐείας
803 1769 896 1820 καὶ
923 1768 984 1819 οὐ
1012 1767 1112 1836 τῆς
1137 1768 1410 1837 τυχούσης
1442 1765 1846 1838 περισκέψεως.

264 1859 326 1912 Ἐ
338 1859 396 1910 πὶ
420 1857 581 1911 τοῦτο
602 1858 663 1910 τὸ
696 1857 1033 1928 κατόρθωμα
1067 1857 1161 1910 τὸν
1190 1857 1515 1927 βουλόμενον
1542 1857 1848 1929 προσέρχε-

256 1949 389 2003 σθαι
438 1951 565 2020 χρὴ,
628 1948 769 2003 ὥστε
802 1949 1135 2020 θνηξόμενον
1166 1949 1266 2020 ἤδη
1316 1949 1412 2003 καὶ
1442 1950 1621 2003 πᾶσαν
1655 1950 1849 2021 ἡδονὴν

251 2045 579 2116 σωματικὴν
600 2045 964 2117 συνκροῦντσ.
986 2046 1107 2098 Τῶν
1143 2046 1325 2116 ἄρτων
1348 2040 1440 2099 οὖν
1466 2042 1849 2113 διαδιδομένων

251 2136 400 2189 κατὰ
430 2136 491 2189 τὸ
521 2135 640 2199 ἔθος
671 2136 745 2200 ὡς
777 2137 835 2190 ὲν
857 2137 935 2207 τῷ
965 2136 1214 2209 προτέρῳ
1237 2137 1373 2208 ὄρει,
1410 2137 1615 2199 πάντας
1647 2135 1850 2191 ἀπέλυ-
1880 2117 1923 2173 Β

252 2244 352 2281 σεν
370 2243 385 2259 ο
409 2227 553 2290 τινὲς
578 2226 634 2280 δὲ
663 2227 719 2295 ἐξ
743 2228 922 2280 αὐτῶν
945 2227 1278 2300 ὲὸραιοτέρῳ
1302 2227 1552 2298 λογισμῷ
1584 2224 1849 2280 καθοπλι-

266 2319 490 2390 ζόμενοι
526 2322 1009 2392 προσεκαρτέρουν
1033 2321 1210 2373 ἐκεῖσε
1242 2322 1307 2390 τῇ
1356 2320 1478 2374 καθ’
1509 2319 1723 2391 ἡμέραν
1751 2336 1847 2389 χο-

256 2412 581 2484 ρηγουμένῃ
637 2412 860 2482 εὐλογίᾳ
901 2412 1335 2484 ὲπαρκούμενοι.
1366 2412 1428 2465 Ei
1464 2412 1572 2481 γάρ
1597 2427 1680 2473 τις
1716 2426 1849 2480 προ-

251 2503 589 2574 αιρούμενος
611 2522 663 2555 τι
703 2504 1071 2575 προσέφερεν,
1104 2505 1132 2556 ὁ
1176 2505 1447 2575 μακάριος
1472 2502 1574 2555 οὐκ
1608 2502 1844 2573 ἐδέχετο,

253 2593 401 2665 πλὴν
430 2591 611 2646 ἐλαίου
645 2595 739 2645 καὶ
764 2593 975 2664 κηρῶν,
1008 2593 1086 2663 τῷ
1115 2592 1173 2646 δὲ
1217 2593 1472 2664 μάγκηπι
1502 2594 1580 2664 τῷ
1624 2595 1718 2647 καὶ
1747 2595 1847 2664 τὴν

251 2686 525 2758 χορηγίαν
597 2686 908 2757 ποιουμένῳ
976 2685 1217 2740 δίδοσθαι
1291 2683 1448 2749 αὖθις
1508 2685 1844 2758 ὲιπέτρεψενο

253 2774 533 2831 πλεῖστοι’
564 2777 673 2847 γὰρ
735 2776 846 2831 τῶν
892 2776 1160 2848 ὲμπαθῶν
1210 2777 1303 2830 καὶ
1332 2776 1645 2847 πενομένων
1675 2793 1846 2848 προσ-

252 2867 488 2939 ήδρευον
510 2867 762 2921 ἐντεῦθεν
789 2867 889 2940 τὴν
908 2868 1188 2940 διοίκησιν
1219 2867 1440 2939 ἔχοντες
1488 2867 1576 2921 διὰ
1607 2869 1708 2939 τῆς
1739 2869 1848 2922 τῶν

254 2958 723 3028 παραγενομένων
747 2957 999 3021 εὐποιῖας
1017 2972 1031 2986 °
1062 2958 1286 3028 ὄχλησιν
1310 2957 1366 3011 δὲ
1402 2957 1596 3027 ἱκανὴν
1633 2958 1728 3011 καὶ
1754 2959 1819 3012 κό
1846 2998 1849 2999 ν

254 3064 362 3104 πον
385 3051 552 3105 πολὺν
582 3049 818 3121 μάλιστα
845 3050 950 3103 ὑπὸ
977 3050 1086 3104 τῶν
1107 3050 1530 3121 δαιμωνιώντων
1562 3051 1848 3119 ὑφίστατο,

253 3140 335 3206 ὡς
362 3143 457 3196 καί
513 3159 666 3207 τινας
715 3142 926 3196 αὐτῶν·
976 3141 1036 3196 οὐ
1093 3141 1202 3212 γὰρ
1238 3141 1467 3206 πάντας,
1526 3141 1664 3196 ἀλλὰ
1721 3143 1849 3206 τοὺς

255 3230 443 3300 ἀξίους
469 3249 483 3263 ο
502 3233 592 3287 διὰ
617 3232 726 3286 τῶν
760 3229 925 3285 αὑτοῦ
960 3231 1277 3303 προσευχῶν
1303 3230 1487 3285 ίᾶσθαι
1510 3230 1601 3284 τὸν
1621 3232 1844 3303 Κύριον.

288 3328 387 3381 Οτι
415 3327 473 3380 δὲ
498 3327 600 3380 οὐκ
631 3322 700 3398 ἦν
723 3327 873 3396 αὺτῷ
894 3325 1052 3394 λόγος
1085 3326 1212 3396 περὶ
1241 3324 1301 3377 τὸ
1323 3324 1695 3397 χρηματικὺν,
1730 3324 1848 3396 μετ’

1953 842 2081 910 tius,
2112 858 2175 898 cx
2211 844 2276 898 iis
2304 844 2397 913 qui
2451 857 2843 912 convenerant,
2887 864 2991 905 non
3047 851 3222 907 solum
3246 853 3398 916 viris.
3431 858 3527 912 sed

1948 935 2113 991 etiam
2147 935 2390 1003 feminis,
2428 938 2612 1007 plures
2664 938 2852 995 divino
2879 956 3068 1000 amore
3107 946 3361 1013 sauciati,
3391 948 3533 1004 vole-

1946 1025 2080 1083 bant
2124 1028 2438 1085 renuntiare
2484 1030 2646 1087 rebus
2708 1034 2994 1091 mundanis
3024 1045 3078 1091 et
3123 1038 3299 1106 malis,
3350 1048 3406 1097 et
3432 1057 3530 1113 per

1949 1119 2125 1190 ipsum
2176 1119 2394 1176 Christo
2440 1121 2668 1176 Domino
2717 1126 3015 1183 adhaerere.
3078 1129 3170 1184 llle
3226 1142 3405 1189 autem
3431 1148 3529 1190 eos

1949 1211 2121 1281 magis
2164 1212 2512 1280 admonebat,
2564 1223 2623 1269 ut
2650 1217 2809 1269 vitam
2844 1234 2996 1272 suam
3024 1222 3383 1293 corrigentes,
3414 1225 3525 1280 dis-

1950 1312 2238 1373 pensarent
2299 1319 2395 1360 eas
2425 1320 2562 1375 quas
2599 1307 2874 1362 habebant
2896 1308 3183 1368 facultates
3217 1329 3234 1370 :
3263 1324 3319 1369 et
3339 1330 3444 1371 non
3473 1317 3530 1371 in

1951 1396 2234 1466 prementia
2295 1396 2512 1467 quidem
2547 1397 2744 1453 bonum
2777 1410 2825 1455 et
2874 1401 3159 1458 honestum
3192 1417 3530 1476 expetentes,

1953 1497 2142 1559 postea
2172 1503 2303 1564 vero
2330 1488 2596 1557 labentes,
2645 1501 3050 1549 reverterentur
3096 1504 3353 1566 tanquam
3381 1501 3537 1553 cauis

1951 1582 2017 1633 ad
2048 1580 2332 1644 vomitum,
2366 1596 2560 1650 nempe
2612 1596 2801 1637 rursus
2831 1584 2897 1639 ad
2940 1583 3209 1641 imbecilla
3265 1596 3320 1641 et
3366 1602 3533 1658 egena

1952 1672 2115 1741 hujus
2144 1672 2327 1726 mundi
2354 1672 2648 1727 elementa.
2679 1673 2813 1730 Cum
2848 1676 3081 1730 maxima
3109 1679 3254 1732 enim
3275 1680 3534 1736 cautione

1950 1771 2003 1815 et
2037 1776 2141 1814 non
2206 1759 2308 1815 levi
2342 1760 2783 1820 consideratione
2816 1776 3087 1835 oportere,
3141 1783 3264 1823 eum
3291 1768 3381 1838 qui
3416 1770 3535 1826 vult

1951 1853 2016 1906 ad
2050 1852 2369 1922 przeclarum
2425 1855 2523 1909 hoc
2570 1870 2707 1925 opus
2766 1859 3051 1925 accedere,
3108 1870 3365 1930 tanquam
3413 1862 3529 1932 jam

1954 1946 2300 2012 moriturum,
2324 1955 2375 2000 et
2391 1944 2551 2000 simul
2574 1948 2931 2017 expellentem
2953 1965 3166 2005 omnem
3198 1952 3530 2022 voluptatem

1953 2039 2218 2109 corporis.
2255 2040 2456 2095 Deinde
2485 2041 2721 2111 panibus
2749 2042 2815 2098 de
2849 2058 2996 2098 more
3029 2043 3356 2109 distributis,
3389 2044 3533 2100 sicut

1951 2131 2005 2187 iu
2041 2132 2205 2203 priori
2240 2142 2446 2199 monte,
2480 2147 2672 2190 omnes
2721 2134 2949 2190 dimisit.
2981 2135 3211 2202 Quidam
3243 2146 3425 2192 autem
3462 2151 3536 2192 ex

1952 2222 2032 2277 eis
2059 2222 2323 2276 stabiliori
2356 2223 2550 2276 armati
2572 2224 2923 2291 cogitatione,
2959 2224 3065 2280 illic
3086 2225 3532 2295 perseverabant,

1952 2329 2070 2384 qua:
2100 2313 2346 2384 quotidie
2376 2314 2483 2370 illic
2532 2316 3004 2384 suppeditabatur,
3040 2317 3281 2372 contenti
3310 2318 3534 2372 benedi-

1953 2405 2154 2461 ctione.
2218 2404 2274 2460 Si
2335 2406 2458 2475 quis
2505 2407 2649 2461 enim
2702 2406 2891 2463 volens
2925 2408 3127 2477 aliquid
3174 2410 3239 2462 ad
3273 2408 3531 2465 Sanctum

1954 2494 2195 2563 aﬂ'erret,
2229 2494 2364 2550 nihil
2393 2497 2697 2568 accipiebat
2741 2509 2937 2568 prmter
2984 2499 3161 2554 oleum
3196 2508 3251 2554 et
3296 2515 3474 2556 ceram
3514 2520 3529 2555 :

1947 2586 2170 2657 jubebat
2193 2596 2371 2641 autem
2393 2587 2444 2641 id
2479 2603 2664 2641 rursus
2691 2590 2804 2643 dari
2831 2590 3062 2660 mancipi
3087 2591 3221 2662 (l0),
3251 2595 3345 2663 qui
3380 2592 3526 2649 illam

1954 2678 2191 2733 faciebat
2245 2678 2759 2750 suppeditationem.
2799 2679 3021 2737 Plurimi
3054 2682 3199 2737 enim
3232 2699 3296 2738 ex
3339 2683 3405 2740 iis
3436 2685 3532 2755 qui

1954 2770 2158 2824 morbis
2202 2769 2473 2841 aliquibus
2506 2770 2829 2826 laborabant
2866 2782 2921 2828 et
2975 2774 3064 2843 qui
3123 2776 3372 2844 egebant,
3419 2775 3530 2830 illic

1953 2862 2364 2933 permanebant,
2393 2870 2450 2916 ut
2491 2861 2686 2930 quibus
2734 2864 3117 2926 subveniretur
3173 2879 3270 2936 per
3325 2867 3533 2923 benefl-

1953 2955 2185 3011 rentiam
2219 2970 2405 3010 eorum
2438 2955 2528 3024 qui
2553 2955 2903 3012 accedebant.
2933 2956 3218 3011 illaximam
3250 2973 3381 3015 vero
3409 2973 3531 3014 mo-

1952 3046 2168 3102 lestiam
2197 3055 2251 3101 et
2303 3044 2590 3118 plurimum
2625 3046 2864 3103 laborem
2904 3050 3205 3105 sustinebat
3254 3051 3322 3106 ab
3348 3052 3413 3106 iis
3435 3052 3531 3124 qui

1952 3146 2108 3194 erant
2137 3139 2455 3195 daemoniaci
2486 3140 2622 3195 adeo
2650 3150 2704 3195 ut
2733 3142 2998 3211 quosdam
3020 3158 3085 3197 ex
3113 3143 3194 3200 eis
3225 3144 3355 3216 (non
3384 3146 3530 3210 enim

1953 3240 2163 3296 omnes,
2213 3234 2309 3287 sed
2351 3245 2466 3299 eos,
2505 3232 2594 3301 qui
2634 3241 2792 3288 erant
2815 3234 2982 3307 digni)
3018 3250 3116 3306 per
3163 3251 3291 3293 suas
3342 3253 3534 3308 preces

1954 3320 2232 3375 curaverit
2258 3318 2543 3378 Dominus.
2569 3321 2721 3389 Quod
2742 3334 2922 3380 autem
2955 3327 3031 3381 rei
3065 3326 3325 3382 faciendae
3350 3337 3405 3382 et
3433 3343 3534 3400 pe-

254 3417 519 3490 ἁληθείας
546 3419 888 3487 γινωσκέτω,
913 3418 1002 3473 ὅτε
1024 3415 1416 3485 ἀναγινώσκων
1443 3417 1535 3469 καὶ
1559 3416 1846 3487 ἀκροώμε-

1956 3413 2132 3469 cuuis)
2165 3414 2554 3485 amplificandae
2589 3419 2787 3472 nullam
2835 3418 3062 3474 haberet
3091 3420 3380 3489 rationem,
3405 3435 3535 3477 vere

255 3483 508 3581 νος-μετὰ
530 3483 629 3582 τὴν
659 3510 918 3582 κοίμησιν
944 3508 1109 3565 αὑτοῦ
1143 3483 1283 3576 υπὲρ
1311 3509 1506 3562 ἑκατὸν
1533 3483 1846 3579 νομίσματα

1954 3505 2111 3572 sciet,
2136 3483 2375 3577 tantiqui
2404 3506 2552 3578 legit,
2594 3524 2755 3578 quam
2784 3510 2876 3580 qui
2899 3511 3070 3573 audit,
3104 3513 3245 3582 quod
3272 3483 3393 3568 cum
3412 3522 3537 3584 post

256 3600 684 3672 ἐποφειλομένου
747 3602 840 3656 τοῦ
875 3598 1193 3672 ἀρτοποιοῦ,
1253 3599 1320 3653 δι’
1353 3599 1716 3669 ὑπομνήσεως
1747 3600 1843 3653 τοῦ

253 3688 502 3760 διαδόχου
551 3691 647 3746 καὶ
709 3692 954 3764 μαθητοῦ
997 3691 1188 3756 αὐτοῦ,
1239 3690 1371 3762 περὶ
1403 3682 1465 3743 οὗ
1495 3690 1637 3744 κατὰ
1661 3690 1843 3762 χώραν

255 3781 516 3852 ἐροῦμεν,
581 3786 735 3855 παρά
768 3801 915 3846 τινος
956 3783 1309 3854 φιλοχρίστου
1334 3782 1428 3837 καὶ
1453 3780 1711 3846 εὐσεόοὗς
1745 3783 1842 3836 άν-

255 3875 387 3948 aps;
408 3875 584 3931 ταῦτα
613 3878 988 3932 ἀποδίδοσθαι.

1952 3595 2069 3666 ejus
2105 3588 2401 3652 decessum
2436 3598 2661 3653 deberet
2709 3599 2898 3669 pistori
2954 3601 3074 3672 plus
3118 3616 3280 3674 quam
3311 3610 3531 3658 centum

1950 3689 2301 3757 numismata,
2332 3690 2641 3747 admonitus
2667 3692 2737 3748 ab
2766 3694 2884 3764 ejus
2924 3709 3238 3751 successore
3271 3704 3327 3752 et
3366 3694 3535 3751 disci-

1929 3780 2095 3850 pulo,
2121 3780 2186 3836 de
2203 3796 2310 3851 quo
2331 3797 2429 3837 suo
2459 3783 2579 3840 loco
2603 3784 2832 3851 dicetur,
2866 3785 3081 3857 quidam
3113 3785 3315 3843 Christi
3343 3802 3532 3843 amans

1948 3886 2001 3933 et
2039 3880 2160 3947 pius
2182 3889 2244 3930 ea
2273 3874 2513 3931 solverit.

1797 4038 2028 4097 CAPUT
2050 4039 2190 4097 Vlli-

342 4161 511 4219 l’estis
535 4165 905 4219 anachoritica
937 4165 1100 4221 variis
1122 4175 1154 4220 α
1186 4164 1247 4223 S.
1269 4164 1537 4223 Adsentio
1569 4165 1698 4221 data
1722 4178 1740 4218 :
1764 4165 1989 4237 itemque
2015 4168 2238 4220 monita.
2266 4162 2577 4221 Damonem
2601 4164 2833 4221 incultus
2854 4166 3010 4233 uarii,
3038 4176 3085 4221 et
3118 4168 3376 4226 remedia.
3478 4220 3483 4225 ,

332 4282 463 4338 NB’.
489 4280 791 4351 Ζηλοῦντες
808 4281 868 4335 δέ
893 4299 1039 4347 τινες
1066 4282 1158 4336 τὸν
1187 4282 1432 4338 τοιοῦτον
1462 4284 1647 4338 ἔνθεον
1679 4283 1848 4338 αὐτοῦ

259 4373 381 4445 βίον
411 4374 479 4427 δι’
502 4372 667 4444 δχλου
690 4374 934 4443 ἐγίνοντο
956 4375 1051 4428 τοῦ
1084 4375 1507 4446 στοιχειωθῆναι
1531 4376 1662 4445 παρ’
1678 4374 1848 4430 αὐτοῦ

257 4466 360 4519 καὶ
382 4464 788 4538 καθιερωθῆναι
807 4464 888 4538 τῷ
907 4466 1173 4537 σχήματι.
1204 4469 1523 4539 Στοιχὰριον
1545 4465 1639 4520 οὖν
1667 4467 1850 4531 διδοὺς

256 4556 502 4627 τρίχινον
552 4557 585 4627 ἢ
637 4557 964 4629 δερμάτινον
1023 4560 1083 4625 ἐξ
1140 4553 1216 4614 ὧν
1262 4562 1520 4631 ἡμφίετο,
1571 4559 1846 4631 ὲπηύχετο

259 4648 438 4718 Αέγων
459 4667 474 4684 ο
504 4640 772 4718 Πορεύου,
812 4650 1194 4719 ἀδελφὲ,›ἐνθα
1222 4655 1250 4707 ό
1284 4651 1486 4726 Κύριός
1529 4670 1588 4707 σε
1639 4654 1844 4726 έδηγή-

260 4757 348 4795 σει
367 4758 383 4772 ο
412 4743 470 4794 ἑν
499 4736 580 4805 οἷς
609 4742 674 4794 ἐκ
707 4741 816 4795 τῶν
845 4743 1408 4814 προσκαρτερούντων
1448 4761 1530 4808 τις
1563 4745 1845 4810 Βασίλειος

258 4833 365 4903 τὴν
410 4834 786 4906 προσηγορίαν
841 4835 1147 4907 ἐξῃτήσατο
1198 4835 1375 4888 τοῦτο.
1442 4836 1709 4905 Ἀφθονος
1754 4833 1848 4892 οὖν

260 4925 529 4996 ὑπάρχων
553 4926 582 4978 ὁ
620 4926 893 4998 μακάριος
923 4929 1018 4981 καὶ
1041 4929 1249 4999 σφόδρα
1295 4929 1643 4998 φιλάδελφος,
1679 4931 1846 4983 ἐπευ-

261 5018 498 5087 ξάμενος
545 5017 696 5090 αὐτῷ
747 5021 844 5073 καὶ
871 5018 997 5082 δοὺς
1052 5022 1118 5092 ἢν
1147 5004 1845 5092 περιεϐέϐλητομηλωτὴν,

261 5110 560 5165 ἀπέλυσεν.
602 5109 663 5165 ’0
694 5110 752 5165 δὲ
780 5111 1036 5165 ἀπελθὼν
1074 5112 1150 5175 ὡς
1180 5106 1312 5167 Δἀπὸ
1359 5115 1536 5167 εἴκοσι
1601 5114 1848 5184 σημείων

262 5202 627 5274 πορρωτέρω,
683 5202 744 5259 εν
790 5219 897 5257 τινι
948 5203 1124 5272 βουνῷ
1158 5203 1354 5257 κέλλαν
1412 5204 1850 5276 παρασκευάσας

262 5294 690 5366 οίκοδομηθῆναι
718 5294 1044 5367 κατῴκησεν
1067 5310 1082 5327 ⁸
1124 5297 1218 5351 καὶ
1243 5296 1309 5366 δὴ
1335 5298 1474 5369 μετά
1497 5314 1620 5351 τινα
1658 5300 1851 5370 χρόνον

265 5384 453 5438 ἱκανὸν
483 5386 806 5451 ὶπιστάντις
832 5388 880 5440 oi
904 5386 1157 5451 δαίμονες
1181 5388 1272 5441 ἐπὶ
1296 5389 1551 5443 τοσοῦτον
1587 5390 1852 5460 ἐπετέθη-

268 5492 392 5547 σαν,
435 5477 511 5542 ὼς
561 5479 766 5551 μικροῦ
819 5480 931 5533 δεῖν
959 5480 1385 5551 παρασκευάσαι
1443 5481 1607 5536 αὑτὸν
1634 5484 1728 5537 καὶ
1758 5484 1853 5536 ὲκ-

342 5659 457 5730 (10)
483 5657 702 5714 Pistori.
725 5660 880 5730 Apud
922 5661 1205 5716 Socratem
1230 5661 1324 5717 lih.
1358 5676 1392 5714 ιι
1422 5676 1542 5729 cap.
1563 5659 1667 5715 18:
1700 5660 1848 5715 Prat-

273 5740 434 5802 erant
479 5729 710 5802 panibus
765 5729 1143 5802 confiticudis,
1177 5730 1230 5785 οἰ
1276 5732 1557 5801 μάγκιπες
1590 5734 1656 5802 τῇ
1714 5731 1845 5785 Ῥω-

273 5799 454 5870 μαίων
478 5799 699 5872 γλώσσῃ
731 5800 1046 5859 καλοῦνται.
1085 5819 1102 5851 ι
1145 5802 1242 5869 Qui
1279 5799 1559 5872 mancipes
1586 5799 1846 5858 aliuma-

2022 4278 2133 4336 Lll.
2163 4280 2503 4338 Emulantes
2544 4290 2732 4337 autem
2772 4292 2830 4337 et
2857 4283 3069 4339 beatam
3119 4285 3386 4343 ducentes
3408 4290 3535 4358 qui-

1950 4370 2250 4427 dam-hanc
2279 4371 2520 4426 divinam
2568 4372 2688 4442 ejus
2720 4374 2912 4438 vitam,
2961 4376 3237 4444 negotium
3285 4379 3336 4432 ei
3379 4381 3535 4433 exhi-

1948 4464 2171 4538 bebant,
2204 4472 2259 4516 ut
2279 4462 2350 4519 ab
2381 4476 2448 4518 eo
2473 4462 2822 4519 initiarentur
2845 4476 2904 4519 et
2927 4478 3380 4524 consecrarentur
3409 4471 3532 4542 ejus

1951 4554 2160 4610 habitu.
2191 4555 2323 4610 Cum
2360 4554 2541 4624 itaque
2588 4555 2828 4611 dedisset
2876 4558 3112 4613 tunicam
3137 4575 3205 4634 ex
3233 4559 3367 4630 pilis
3394 4576 3531 4617 eou-

1954 4657 2155 4704 textam
2206 4657 2301 4702 aut
2353 4647 2641 4717 pelliceum
2673 4663 2741 4703 ex
2787 4649 2854 4705 iis
2884 4651 3084 4721 quibus
3113 4663 3233 4707 erat
3286 4645 3531 4720 indutus,

1949 4738 2275 4811 precabatur
2310 4739 2497 4795 dicens
2525 4755 2540 4794 :
2567 4740 2736 4806 Vade,
2789 4740 2984 4808 frater,
3017 4756 3124 4814 quo
3165 4751 3217 4798 te
3246 4744 3406 4799 ducet
3427 4744 3535 4801 De-

1953 4831 2153 4890 minus.
2179 4830 2325 4885 lnter
2349 4846 2484 4902 quos
2507 4845 2569 4887 ex
2600 4846 2826 4888 numero
2854 4848 3043 4890 eorum
3078 4834 3168 4905 qui
3204 4835 3314 4892 illic
3346 4851 3539 4906 perse-

1948 4926 2232 4989 verabant,
2266 4922 2497 4979 Basilius
2526 4924 2747 4993 quidam
2784 4927 3006 4982 nomine
3062 4928 3166 4982 hoc
3194 4929 3363 4997 petiit.
3396 4929 3531 4986 Cum

1950 5017 2133 5088 largus
2159 5032 2290 5086 ergo
2320 5024 2467 5072 esset
2499 5017 2700 5074 Beatus
2720 5029 2776 5073 et
2801 5018 3030 5075 fratrum
3059 5020 3214 5076 valde
3236 5037 3447 5087 amans,
3480 5024 3533 5079 ei

1948 5113 2091 5167 bene
2116 5119 2390 5180 precatus,
2413 5117 2469 5165 et
2519 5111 2642 5166 data
2691 5126 2853 5182 quam
2903 5110 3152 5169 induerat
3176 5114 3317 5188 pelle
3346 5115 3529 5181 ovilla,

1948 5217 2072 5260 eum
2132 5200 2360 5258 dimisit.
2387 5199 2479 5257 ille
2504 5210 2685 5257 autem
2741 5203 2958 5275 longius
3005 5206 3196 5263 abiens
3241 5208 3308 5264 ad
3342 5208 3532 5280 viginti

1950 5294 2227 5361 milliaria,
2258 5307 2382 5349 cum
2411 5292 2465 5347 in
2500 5285 2734 5364 quoda'm
2760 5295 2901 5353 colle
2923 5310 3173 5358 curasset
3201 5301 3396 5358 cellam
3426 5302 3533 5357 sibi

1948 5388 2230 5453 aedificari,
2256 5386 2367 5441 illic
2400 5385 2683 5445 habitavit.
2719 5389 2849 5448 Post
2901 5392 3120 5464 aliquod
3165 5409 3291 5450 vero
3319 5378 3535 5463 tempus

1950 5482 2275 5536 accedentes
2305 5480 2601 5547 daemones,
2630 5496 2753 5537 eum
2779 5485 2914 5542 adeo
2950 5486 3290 5553 invaserunt,
3319 5497 3381 5543 ut
3404 5501 3530 5544 eum

1959 5663 2042 5719 nis
2074 5637 2436 5738 appellantur.
2486 5687 2504 5720 ι
2538 5668 2604 5724 Ει
2651 5666 2873 5732 Suidas,
2915 5666 3289 5738 ἀρτοπολεῖον,
3324 5666 3387 5738 τὸ
3419 5680 3529 5736 μα-

1956 5730 2231 5812 γκιπεῖον,
2266 5736 2323 5788 ὲν
2346 5730 2391 5805 ᾧ
2414 5738 2463 5791 oi
2486 5737 2641 5812 ἄρτοι
2668 5730 2935 5812 γίνονται,
2954 5730 2987 5790 ἰ
3030 5730 3318 5809 pistrinum
3347 5736 3403 5793 in
3419 5730 3531 5810 quo

1956 5818 2125 5876 panes
2153 5804 2309 5861 fiunt.
2352 5804 2371 5860 ε
