3820 6510
351 381 374 447 l
388 383 494 449 £23

1559 379 1841 442 MENSIS
1891 376 2407 440 FEBRUARIUS.

3473 376 3629 443 M24

348 496 732 569 propemodum
783 493 1011 551 fecerint
1047 492 1347 565 exspirare.
1373 491 1458 547 Ad
1485 506 1647 562 quem
1681 506 1804 546 cum
1833 492 1922 561 qui

2041 489 2264 543 πνεῦσαι
2289 505 2302 520 ⁸
2339 487 2477 559 πρὸς
2506 486 2565 541 ὃν
2594 487 2642 540 οἰ
2675 487 2782 541 τῶν
2837 487 2997 560 πέριξ
3028 490 3230 560 κωμῶν
3259 489 3532 560 νέμοντες
3562 495 3634 545 τὰ

345 605 412 644 ex
443 589 750 659 locis,'qum
784 595 944 643 erant
993 585 1371 651 circumcirca,
1427 591 1689 639 venerant
1743 583 1778 636 ii
1831 584 1923 654 qui

345 683 644 752 pascebant
703 695 919 750 pecora,
949 679 1237 741 abiissent,
1267 686 1321 730 et
1353 684 1640 730 consuetas
1669 674 1782 742 ejus
1806 689 1927 745 pre-

348 788 461 837 ces,
521 773 645 827 dum
697 788 840 840 smpe
895 770 1245 834 clamassent,
1283 782 1386 820 non
1443 774 1628 821 essent
1667 766 1923 827 assecuti,

350 866 495 920 cella:
527 865 764 920 fenestra
795 864 844 916 vi
876 871 1084 933 aperta,
1119 862 1302 915 vident
1329 875 1450 914 eum
1481 870 1688 914 mutum
1723 870 1776 913 et
1803 873 1928 925 pro«-

352 972 474 1010 num
503 956 773 1026 jacentem
805 973 818 1008 :
845 962 900 1008 et
935 955 1313 1008 existimantes
1337 963 1461 1004 eum
1479 962 1601 1003 esse
1631 958 1924 1010 mortuum,

353 1063 542 1102 rursus
577 1057 948 1109 occurrentes,
979 1045 1093 1100 suis
1127 1043 1527 1098 renuntiarunt.
1557 1039 1656 1106 Qui
1690 1055 1809 1094 cum
1842 1054 1926 1092 as-

350 1140 679 1202 cendissent,
714 1140 1037 1192 invenerunt
1089 1151 1211 1190 eum
1260 1133 1375 1188 fere
1405 1134 1840 1194 seminiortuum,
1873 1139 1927 1182 et

347 1247 453 1288 nec
483 1231 748 1287 valentem
772 1230 993 1285 omnino
1027 1229 1197 1298 loqui,
1217 1229 1310 1282 sed
1335 1225 1507 1280 solum
1535 1238 1723 1294 parum
1753 1223 1926 1288 respi-

351 1334 584 1378 rantem.
604 1323 738 1378 Cum
770 1333 947 1375 autem
969 1335 1164 1389 corpus
1184 1320 1299 1387 ejus
1321 1317 1580 1371 vidissent
1603 1314 1923 1380 sauciatum,

353 1432 513 1472 curru
550 1417 659 1470 cito
691 1417 874 1479 allato,
911 1430 1032 1469 eum
1068 1414 1119 1467 in
1159 1412 1278 1483 ipso
1307 1412 1612 1479 imponunt,
1637 1418 1689 1461 et
1723 1406 1928 1460 ducunt

353 1511 418 1563 ad
439 1508 654 1563 beatum
689 1508 1040 1561 Auxentium.
1068 1506 1316 1572 Quicum
1351 1511 1473 1572 post
1504 1501 1693 1554 horam
1727 1513 1923 1552 nOnnm

352 1601 687 1670 despexisset
713 1615 743 1654 e
769 1597 1027 1664 fenestra,
1065 1602 1120 1651 et
1160 1611 1281 1651 eum
1319 1595 1567 1658 vidisset,
1611 1605 1746 1646 voce
1794 1589 1928 1643 dixit

352 1694 622 1763 apertiore
649 1690 873 1747 :Frater
893 1690 1079 1745 Basili.
1108 1689 1242 1744 Cum
1268 1688 1316 1744 is
1339 1701 1468 1756 ergo
1501 1701 1622 1740 eum
1654 1688 1924 1744 vocasset,

348 1795 406 1839 et
429 1785 518 1839 ille
544 1801 649 1838 non
681 1783 1036 1849 exaudiisset,
1076 1771 1244 1836 tertio
1265 1795 1458 1849 magna
1481 1777 1531 1832 vi
1560 1774 1816 1832 clamavit
1840 1791 1854 1826 :
1880 1773 1924 1828 Ο

355 1875 450 1931 tibi
484 1876 629 1940 dico,
655 1874 825 1929 frater
848 1874 1032 1928 Basili.
1055 1872 1190 1927 Cum
1213 1871 1260 1925 is
1281 1881 1459 1924 autem
1483 1868 1592 1924 cito
1613 1865 1924 1926 assedisset,

353 1966 486 2020 dicit
514 1967 562 2020 ei
597 1984 610 2019 :
649 1964 842 2035 Surge,
881 1962 1066 2032 accipe
1097 1969 1420 2032 potestatem
1470 1957 1758 2011 adversum
1815 1963 1929 2008 ten.

353 2069 609 2123 tatorem,
639 2073 744 2112 non
764 2055 991 2126 amplius
1024 2056 1221 2108 timens
1249 2051 1524 2122 improbos
1540 2057 1594 2104 et
1623 2045 1930 2102 immundus

354 2149 648 2202 daemones.
697 2146 872 2201 Jussit
931 2145 1112 2214 itaque
1160 2158 1284 2197 eum
1334 2154 1578 2211 surgere,
1613 2147 1667 2192 et
1712 2150 1930 2193 sumere

355 2239 720 2294 venerandum
756 2251 953 2302 corpus
985 2245 1040 2288 et
1070 2233 1342 2288 vivificum
1380 2231 1698 2299 sanguinem
1721 2229 1929 2283 Domini

357 2330 526 2387 nostri
565 2327 690 2384 Jcsu
710 2326 935 2390 Christi,
967 2333 1018 2380 et
1037 2325 1218 2380 statim
1246 2339 1432 2378 rursus
1469 2323 1661 2377 reverti
1689 2322 1742 2376 in
1772 2336 1928 2376 suum

359 2424 557 2478 locum.
595 2419 696 2486 Qui
732 2434 854 2474 cum
882 2419 1122 2478 abiisset,
1158 2417 1338 2472 ethoc
1374 2418 1533 2470 modo
1565 2430 1668 2468 non
1697 2414 1930 2484 amplius

357 2514 546 2569 fuisset
581 2522 840 2575 tentatus,
872 2521 921 2563 st
949 2525 1008 2565 se
1043 2511 1216 2565 tribus
1239 2509 1394 2563 annis
1416 2506 1632 2562 fortiter
1653 2506 1930 2562 exercuis-

358 2615 460 2672 set,
485 2606 539 2660 in
566 2619 698 2674 pace
725 2602 978 2676 migravit
1011 2616 1076 2657 ex
1116 2600 1216 2656 hac
1253 2600 1384 2656 vita.

432 2872 563 2927 Llll.
593 2871 698 2926 Sed
734 2879 853 2941 post
877 2868 998 2940 ejus
1053 2868 1346 2924 adventum
1387 2865 1665 2922 monachis
1688 2879 1743 2922 et
1773 2881 1932 2920 mun-

355 2968 517 3021 danis
545 2965 636 3034 qui
667 2963 915 3029 aderant,
951 2972 1002 3016 et
1023 2964 1274 3015 onmibus
1299 2959 1522 3030 reliquis
1543 2958 1681 3013 dixit
1707 2959 1928 3013 beatus:

355 3057 644 3112 Daeinones
700 3053 1014 3109 hominibus
1064 3051 1394 3118 invidentes,
1423 3065 1456 3107 o
1497 3048 1693 3106 fratres
1724 3049 1931 3114 dilecti,

354 3156 626 3218 perpetuo
656 3144 1215 3199 machinanturnobis
1257 3157 1380 3198 esse
1430 3142 1818 3212 impedimento
1878 3141 1931 3196 in

362 3240 523 3294 bonis
573 3238 848 3307 operibus,
881 3244 938 3290 et
985 3233 1219 3289 maxime
1249 3234 1300 3288 in
1331 3237 1688 3304 temperantia
1718 3243 1773 3288 et
1807 3248 1938 3288 con-

363 3330 614 3394 tinentia,
648 3327 1057 3397 humilitateque
1089 3335 1141 3384 et
1172 3327 1554 3393 beneﬁcentia,
1582 3326 1938 3397 orationeque

362 3430 418 3477 et
449 3421 690 3487 silentio,
724 3421 1047 3490 lenitateque
1067 3430 1121 3476 et
1149 3422 1427 3490 patientia,
1461 3435 1700 3491 paceque
1720 3429 1775 3475 et
1804 3422 1940 3476 tole-

358 3510 564 3576 ranlia,
617 3518 672 3564 et
729 3511 998 3565 c-haritate
1053 3509 1108 3564 in
1159 3511 1486 3578 proximum,
1525 3524 1626 3579 qua
1673 3509 1807 3563 nihil
1855 3519 1939 3565 est

363 3603 565 3673 majus.
595 3599 869 3672 Ohjiciunt
896 3602 1038 3656 enim
1066 3602 1132 3658 iis
1163 3603 1404 3672 quidem,
1461 3603 1552 3672 qui
1600 3603 1786 3657 volunt
1817 3617 1939 3658 esse

367 3707 754 3766 temperantes,
793 3696 1040 3751 diversas
1069 3698 1332 3768 quasdam
1359 3706 1413 3750 et
1466 3699 1605 3751 inter
1639 3713 1696 3752 se
1729 3697 1936 3752 discre-

363 3800 555 3860 pantes
607 3790 839 3860 species,
870 3800 926 3844 et
970 3791 1215 3861 corporis
1262 3790 1596 3845 titillationes
1626 3808 1640 3845 :
1666 3791 1938 3860 quomodo

357 3885 528 3939 etiam
570 3882 998 3948 abstinentibus,
1045 3883 1248 3938 ventris
1307 3883 1669 3953 appetitiones
1697 3900 1712 3938 :
1743 3893 1798 3936 et
1847 3883 1936 3948 iis,

361 3975 456 4046 qui
491 3975 681 4030 volunt
711 3973 989 4029 humiliter
1027 3974 1094 4028 de
1122 3989 1182 4028 se
1207 3976 1432 4040 sentire,
1458 3990 1648 4028 vanam
1674 3973 1934 4042 gloriam:

364 4067 435 4122 iis
471 4077 650 4121 autem
681 4067 772 4136 qui
805 4065 859 4118 in
891 4066 1070 4118 animo
1115 4065 1318 4118 habent
1353 4065 1694 4128 benefacere,
1717 4081 1937 4120 suorum

365 4159 548 4228 petitis
573 4170 758 4210 curam
797 4173 810 4208 :
844 4154 1019 4223 iisque
1048 4155 1135 4221 qui
1164 4161 1326 4208 orant
1365 4162 1420 4207 et
1445 4163 1611 4224 agunt
1641 4153 1938 4220 silentium,

365 4249 611 4307 diversas
676 4246 844 4302 animi
908 4246 1347 4316 perturbationes
1408 4255 1466 4301 et
1536 4246 1938 4302 multitudinem

367 4351 611 4396 veterum
674 4339 1010 4411 negotiorum
1043 4339 1154 4396 :iis
1202 4354 1328 4395 vero
1387 4339 1482 4410 qui
1535 4353 1596 4396 se
1637 4341 1690 4396 in
1721 4341 1940 4397 lenitate

367 4441 632 4488 exerceat
693 4443 747 4488 et
777 4433 1092 4498 tolerantia,
1143 4445 1425 4503 opponunt
1471 4434 1640 4489 animi
1685 4449 1937 4517 angorem

2025 580 2331 652 τετράποδα
2374 579 2699 644 ἀπελθόντες
2726 580 2820 633 καὶ
2846 583 2943 652 τῆς
2967 583 3230 652 συνήθους
3251 582 3422 635 αὑτοῦ
3455 583 3634 652 εὐχῆς

2027 680 2086 730 ἐν
2106 677 2183 747 τῷ
2211 675 2406 746 κράξαι
2435 676 2755 736 πλειστάκις
2782 677 2856 748 μὴ
2879 677 3153 747 τυχόντες,
3183 677 3276 749 βίᾳ
3297 676 3399 748 τὴν
3423 677 3631 745 θυρίδα

2027 770 2129 840 τῆς
2157 771 2355 838 κέλλης
2403 768 2788 832 διανοίξαντες,
2830 769 3032 838 ὁρῶσιν
3078 769 3242 822 αὑτὸν
3276 770 3505 837 ἄφωνον
3534 771 3635 823 καὶ

2029 863 2214 933 πρηνῆ
2261 862 2660 932 κατακείμενον
2682 878 2695 890 ⁸
2729 862 2824 914 καὶ
2875 860 3127 926 δόξαντες
3156 863 3323 916 αὑτδν
3351 862 3632 931 τεθνηκέ-

2029 973 2140 1018 ναι,
2178 954 2332 1018 αὖθις
2364 955 2803 1026 καταδραμόντες
2843 956 2956 1017 τοῖς
2986 953 3210 1017 οἰκείοις
3244 953 3630 1024 ἀπήγγειλαν,

2028 1045 2078 1098 οἳ
2111 1047 2203 1098 καί⁸
2233 1043 2553 1108 ἀνελθόντες
2586 1041 2746 1116 εὗρον
2785 1045 2947 1098 αὑτὸν
2981 1044 3223 1117 ἡμιθανῆ
3251 1045 3474 1116 σχεδὸν,
3497 1047 3631 1116 μηδ’

2028 1135 2165 1198 ὅλως
2201 1134 2306 1190 κᾶν
2339 1135 2576 1205 λαλῆσαι
2618 1136 2892 1205 ἰσχύοντα,
2922 1134 3060 1190 ἀλλά
3102 1137 3265 1205 μόνον
3309 1134 3496 1206 αὑρας
3533 1155 3629 1207 μι-

2031 1229 2171 1298 κρᾶς
2194 1226 2362 1298 οὔσης
2395 1227 2561 1280 αὑτοῦ
2595 1227 2726 1298 περὶ
2758 1228 2857 1298 τὴν
2891 1229 3063 1298 πνοήν
3089 1243 3103 1258 ⁸
3139 1228 3200 1281 τὸ
3229 1227 3286 1281 δὲ
3322 1229 3492 1298 σῶμα
3532 1229 3631 1283 αὑ-

2029 1318 2123 1372 τοῦ
2173 1318 2663 1390 κατατετρωμένον
2717 1318 3087 1388 θεασάμενοι,
3146 1318 3345 1387 θᾷττον
3402 1319 3632 1390 ἄμαξαν

2030 1413 2486 1484 παραστήσαντες
2515 1412 2855 1465 ὶπιτιθέασιν
2887 1413 3071 1475 αὐτὸν,
3099 1414 3191 1465 καὶ
3221 1413 3459 1480 ἄγουσιν
3490 1414 3630 1482 πρὸς

2029 1505 2122 1559 τὸν
2200 1505 2472 1574 μακάριον
2519 1503 2826 1570 Αὑξέντιον.
2865 1507 2959 1568 Ὃς
3013 1505 3284 1573 διακύψας
3328 1506 3474 1558 κατά
3530 1505 3630 1576 τὴν

2031 1595 2260 1666 ὲννάτην
2284 1595 2435 1668 ὦραν
2457 1597 2520 1649 ἑκ
2539 1596 2633 1648 τοῦ
2666 1596 2903 1668 θυριδίου
2936 1598 3032 1650 καὶ
3058 1597 3399 1665 θεασάμενος
3436 1598 3624 1662 αὑτὸνε

2029 1685 2330 1756 τρανοτὲρα
2348 1687 2412 1754 τῇ
2443 1687 2594 1756 φωνῇ
2619 1685 2804 1752 ἔλεγεν
2825 1703 2838 1716 ⁸
2878 1685 3098 1755 ’Δδελφὲ
3122 1687 3400 1742 Βασίλειε.
3431 1686 3628 1740 Δεύτε-

2036 1790 2127 1844 ρον
2157 1777 2340 1826 τοίνυν
2381 1773 2546 1828 αὑτοῦ
2601 1775 2930 1838 καλέσαντος
2968 1776 3225 1829 κάκείνου
3259 1777 3334 1846 μὴ
3371 1775 3627 1830 ὑπακού-

2039 1883 2252 1929 σαντος,
2281 1866 2361 1928 εἰς
2389 1865 2449 1918 τὸ
2471 1865 2654 1936 τρίτον
2695 1865 2756 1930 ἐξ
2781 1865 2964 1936 ἰσχύος
2998 1866 3262 1938 ἔκραξεν·
3309 1869 3405 1920 Σοὶ
3458 1868 3625 1936 λέγω,

2036 1957 2232 2026 hostes
2259 1957 2503 2011 Βασίλεια
2525 1973 2538 1987 ⁸
2581 1956 2675 2011 τοῦ
2708 1958 2764 2011 δὲ
2790 1959 2952 2028 τάχος
2999 1959 3458 2030 ἀνακαθήσαντός
3493 1977 3624 2029 φησι

2037 2050 2173 2120 πρὸς
2204 2050 2386 2114 αὑτὸν,
2423 2049 2678 2114 Ἀνάστα,
2703 2049 2835 2102 λάϐε
2859 2050 3110 2116 ἐξουσίαν
3135 2051 3279 2104 κατά
3303 2051 3402 2104 τοῦ
3429 2053 3625 2122 πειρά-

2037 2141 2241 2206 ζοντος,
2271 2144 2470 2211 μηκέτι
2500 2140 2689 2203 δεδιὼς
2717 2143 2842 2205 τοὺς
2867 2143 3138 2214 πονηροὺς
3159 2145 3254 2196 καὶ
3275 2143 3622 2216 ἀκαθάρτους

2036 2234 2314 2304 δαίμονας.
2352 2234 2684 2287 Ἀναστάντα
2724 2230 2818 2287 οὖν
2849 2235 3013 2287 αὑτὸν
3055 2235 3351 2288 ἐκέλευσεν
3381 2237 3620 2305 μεταλα-

2038 2323 2151 2376 ϐεῖν
2190 2324 2284 2377 τοῦ
2317 2323 2501 2393 τιμίου
2538 2323 2792 2392 σώματος
2820 2325 3036 2378 καὶτοῦ
3073 2324 3346 2389 ζωοποιοῦ
3389 2327 3622 2396 αἵματος

2037 2412 2134 2466 τοῦ
2168 2413 2372 2483 Κυρίου
2408 2413 2569 2482 ἡμῶν
2611 2413 2786 2482 Ἰησοῦ
2821 2412 3082 2483 Χριστοῦ,
3131 2414 3226 2468 καὶ
3277 2415 3620 2485 παραχρῆμα

2038 2501 2399 2572 ὑποστρέφειν
2426 2503 2586 2558 πάλιν
2609 2505 2690 2567 είς
2712 2501 2804 2556 τδν
2832 2504 2995 2557 αὑτὸν
3019 2506 3203 2557 τόπον.
3243 2507 3339 2567 ’ος
3365 2503 3621 2560 ἀπελθὼν

2039 2595 2134 2646 καὶ
2174 2595 2398 2666 τειοὺτῳ
2449 2595 2637 2668 τρόπῳ
2696 2595 2894 2666 μηκέτι
2934 2596 3281 2666 πειρασθείς,
3334 2601 3395 2650 ὲν
3440 2601 3620 2667 τρισὶν

2039 2685 2218 2738 ἐτεσιν
2245 2686 2508 2755 γενναίως
2557 2688 2831 2758 ἀσκήσας,
2863 2690 2922 2741 ὲν
2960 2689 3153 2760 εἰρήνῃ
3213 2687 3488 2759 μετῆλθεν
3530 2691 3620 2742 τὸν

2039 2777 2163 2848 τῇδε
2197 2777 2333 2847 βίον.

2111 2867 2234 2922 Nf".
2276 2868 2439 2922 Ἀλλὰ
2471 2869 2612 2937 μετά
2637 2869 2738 2941 τὴν
2773 2869 2956 2939 ἄφιξιν
2981 2870 3176 2926 τούτου
3215 2876 3330 2936 τοῖς
3382 2873 3617 2943 παροῦσι

2043 2961 2296 3028 μοναχοῖς
2326 2961 2418 3012 καὶ
2449 2963 2733 3030 κοσμικοῖς
2762 2963 2856 3014 καὶ
2879 2963 3013 3014 πᾶσι
3055 2964 3166 3023 τοῖς
3193 2962 3407 3025 λοιποῖς
3434 2962 3619 3029 ἔλεγεν

2038 3049 2068 3102 6
2094 3049 2385 3120 μακάριος,
2423 3051 2484 3104 Oi
2518 3051 2770 3122 δαίμονες
2801 3051 3184 3122 βασκαίνοντες
3209 3053 3288 3124 τῷ
3317 3055 3616 3126 ἀνθρώπῳ,

2041 3140 2261 3211 ἀδελφοὶ
2288 3143 2584 3213 ἀγαπητοὶ,
2638 3144 2727 3197 διά
2758 3146 2974 3199 πάντων
3007 3145 3359 3216 μηχανῶνται
3404 3164 3618 3216 παρεμ-

2040 3231 2217 3285 ποδὼν
2245 3234 2374 3304 ημῖν
2406 3235 2463 3287 ὲν
2485 3239 2596 3298 τοῖς
2619 3235 2847 3304 ἀγαθοῖς
2873 3237 3124 3304 γενέσθαι
3150 3236 3356 3307 ἔργοις,
3388 3239 3484 3292 καὶ
3514 3239 3617 3308 μά-

2041 3325 2200 3379 λιστα
2231 3326 2289 3378 ἔν
2309 3343 2366 3380 τε
2394 3329 2458 3398 τῇ
2505 3329 2832 3399 σωφροσύνῃ
2868 3331 2962 3384 καὶ
3009 3332 3327 3401 ἐγκρατείᾳ,
3362 3347 3618 3383 ταπεινο-

2042 3417 2285 3490 φροσύνῃ
2337 3435 2397 3472 τε
2429 3419 2525 3473 καὶ
2564 3421 2809 3492 εὑποιῖᾳ,
2839 3423 2931 3474 καὶ
2957 3426 3230 3494 προσευχῇ
3267 3424 3362 3476 καὶ
3394 3424 3613 3494 ἠσυχίᾳ,

2042 3511 2288 3583 ὑπομονῇ
2340 3529 2399 3566 τε
2433 3513 2526 3566 καὶ
2567 3514 2939 3586 μακροθυμίᾳ,
2971 3519 3164 3588 εἰρήνῃ
3223 3534 3283 3570 τε
3315 3517 3412 3571 καὶ
3440 3516 3614 3582 ἀνεξι-

2040 3605 2230 3675 κακίᾳ,
2267 3606 2360 3658 καὶ
2405 3607 2470 3677 τῇ
2524 3607 2660 3676 πρὸς
2690 3605 2782 3660 τὸν
2815 3608 3044 3678 πλησίον
3069 3610 3286 3682 ἀγάπῃ,
3323 3603 3393 3681 ἦς
3435 3609 3614 3680 μεῖζον

2039 3697 2223 3751 οὐδέν’
2259 3698 2702 3771 ἀνθυποφέρουσι
2727 3701 2836 3772 γὰρ
2860 3703 2974 3765 τοῖς
3006 3702 3106 3771 μὲν
3135 3702 3487 3773 βουλομένοις
3516 3721 3614 3756 σω-

2041 3791 2260 3860 φρονεῖν
2311 3789 2486 3853 εἰδέας
2545 3791 2696 3854 τινὰς
2747 3793 3039 3865 διαφόρους
3087 3795 3179 3848 καὶ
3208 3795 3611 3863 ἀκαταλλήλως

2040 3880 2135 3934 καὶ
2169 3880 2580 3951 γαργαλισμοὺς
2612 3885 2978 3952 σωματικοὺς,
3001 3884 3263 3948 ὡσαύτως
3283 3889 3395 3950 τοῖς
3419 3887 3613 3956 ἐγκρα-

2038 3974 2156 4026 τέσι
2213 3974 2314 4037 τὰς
2341 3975 2438 4044 τῆς
2479 3972 2684 4036 κοιλίας
2716 3975 2928 4045 ὀρέξεις
2964 3976 3059 4029 καὶ
3094 3975 3208 4039 τοῖς
3254 3992 3609 4047 ταπεινοφρο-

2042 4065 2153 4117 νεῖν
2185 4063 2398 4117 θέλουσι
2455 4065 2554 4133 τὴν
2581 4064 2887 4130 κενοδοξίαν
2909 4079 2922 4095 ⁸
2955 4065 3068 4129 τοῖς
3100 4065 3156 4118 δὲ
3191 4065 3487 4136 εὑποιῆσαι
3524 4066 3608 4118 θέο

2039 4153 2224 4208 λουσιν
2270 4155 2754 4226 διασκεπτομένοις
2797 4157 2898 4226 τὴν
2954 4157 3063 4210 τῶν
3120 4157 3344 4211 οἰκείων
3417 4158 3607 4227 μᾶλλον

2042 4248 2369 4320 κηδεμονίαν
2389 4265 2404 4282 ⁸
2443 4251 2558 4313 τοῖς
2580 4249 2637 4302 δὲ
2671 4249 3132 4321 προσευχομένοις
3184 4249 3282 4304 καὶ
3311 4251 3609 4320 ἡσυχάζου-

2043 4359 2130 4396 σιν
2169 4342 2531 4414 ῥεμϐασμοὺς
2573 4342 2868 4415 διαφόρους
2894 4345 2990 4397 καὶ
3021 4343 3228 4415 πλῆθος
3271 4345 3609 4416 πραγμάτων

2040 4433 2286 4504 ἀρχαίων
2308 4451 2324 4465 ⁸
2385 4435 2482 4490 καὶ
2534 4437 2648 4500 τοῖς
2697 4436 2757 4489 ἐν
2809 4435 3055 4508 ὑπομονῇ
3114 4438 3209 4491 καὶ
3265 4437 3612 4507 μακροθυμίᾳ

367 4535 536 4594 atque
561 4523 929 4589 timiditatem,
959 4534 1014 4578 et
1061 4539 1276 4579 omnem
1305 4539 1462 4579 suam
1495 4525 1893 4596 improbitatem
1920 4544 1931 4580 :

2041 4527 2401 4600 ἀσκουμένοις
2420 4527 2726 4600 άντιτίθησι
2752 4529 2852 4600 τὴν
2902 4529 3134 4599 ἀκηδίαν
3164 4531 3261 4583 καὶ
3293 4529 3500 4583 δειλίαν
3523 4534 3608 4583 καὶ

366 4617 488 4685 paci
517 4624 698 4669 autem
728 4625 782 4670 et
831 4617 1128 4684 patientiae,
1161 4615 1346 4670 odium
1398 4624 1454 4670 et
1483 4615 1936 4682 malevolentiam,

366 4720 464 4776 per
484 4720 647 4775 quam
681 4708 858 4777 perdit
885 4722 1029 4772 eam,
1055 4721 1178 4777 quae
1203 4717 1288 4763 est
1328 4707 1384 4762 in
1431 4709 1673 4774 Christo,
1699 4710 1942 4767 charita-

366 4807 501 4859 tem,
554 4805 608 4850 et
663 4811 873 4862 omnes,
931 4805 990 4851 ut
1049 4797 1217 4851 semel
1277 4796 1480 4862 dicam,
1518 4797 1730 4854 fructus
1763 4801 1940 4856 sancti

367 4889 628 4957 Spiritus,
645 4904 779 4958 quos
805 4888 1446 4958 euumeravitApostolus
1468 4891 1535 4955 “,
1552 4905 1646 4960 per
1665 4894 1939 4948 contraria

347 4991 633 5042 conantur
667 4988 929 5033 evertere.
988 4978 1091 5032 Sed
1120 4980 1210 5050 qui
1250 4989 1377 5035 sunt
1407 4983 1600 5037 muniti
1629 4989 1804 5054 gratia
1834 4983 1939 5038 Do-

367 5070 504 5124 mini
559 5071 726 5124 nostri
778 5068 904 5124 Jesu
947 5070 1173 5138 Christi,
1237 5085 1555 5143 permanent
1605 5077 1930 5132 immobiles.

369 5155 732 5227 Quamobrem
763 5173 870 5214 non
911 5172 996 5216 est
1022 5162 1354 5230 mirandum,
1394 5167 1613 5237 quando
1642 5182 1739 5224 nos
1762 5168 1932 5236 plagis

364 5251 749 5308 conscindunt.
785 5251 1013 5318 Quando
1058 5255 1204 5308 enim
1257 5271 1353 5325 per
1381 5258 1739 5328 cogitationes
1769 5269 1823 5314 et
1853 5274 1938 5316 re-

367 5342 546 5411 liquas
568 5343 812 5412 corporis
845 5345 1282 5413 perturbationes
1321 5362 1429 5403 non
1461 5361 1687 5418 possunt
1716 5367 1813 5407 nos
1842 5353 1936 5408 de-

346 5435 614 5504 turbare,
644 5444 775 5489 tunc
811 5449 910 5506 per
932 5449 990 5493 se
1019 5441 1444 5498 exercitatorum
1478 5453 1684 5501 terrent
1714 5447 1938 5516 petitio-

371 5540 515 5580 nem.

410 5789 461 5820 ⁸⁸
524 5784 700 5849 Galat.
727 5808 779 5850 ν.

2041 4621 2225 4674 πᾶσαν
2246 4619 2342 4690 την
2369 4621 2577 4674 οἰκείαν
2605 4621 2870 4694 πονηρίαν
2891 4637 2906 4653 ⁸
2931 4624 2998 4694 τῇ
3021 4622 3215 4694 εἰρήνῃ
3238 4621 3298 4675 δι
3325 4623 3420 4675 καὶ
3441 4619 3609 4683 ἀνεξιο

2042 4710 2214 4783 κακίᾳ
2268 4711 2366 4782 τὴν
2423 4712 2816 4782 μνησικακίαν,
2871 4711 2938 4766 δι’
2987 4708 3057 4786 ἧς
3089 4715 3229 4784 μετά
3262 4714 3326 4766 τὸ
3356 4714 3494 4781 πρὸς
3527 4711 3608 4764 τὸν

2043 4802 2273 4875 πλησίον
2303 4806 2461 4875 μῖσος
2504 4805 2973 4875 καταλυμαίνεται
3004 4805 3105 4876 τὴν
3136 4808 3195 4858 ὲν
3228 4805 3454 4876 Χριστῷ
3481 4807 3607 4872 ἁγά-

2043 4913 2153 4967 πην
2199 4899 2294 4949 καὶ
2342 4897 2520 4950 πάντα
2550 4896 2606 4949 δὲ
2631 4897 2708 4960 ὠς
2751 4897 2818 4952 ἄν
2869 4913 2951 4959 τις
2985 4897 3289 4968 συλλήὸδην
3319 4898 3466 4950 εἴποι
3494 4898 3605 4957 τοὺς

2043 4986 2138 5040 τοῦ
2193 4987 2353 5055 ἁγίου
2408 4986 2725 5058 Πνεὺματος
2783 4989 3049 5058 καρποὺς,
3089 4987 3184 5050 οὓς
3229 4991 3257 5042 ό
3295 4988 3604 5048 ’Δποστολος

2043 5081 2471 5151 ἁπηριθμήσατο
2507 5081 2839 5150 ἀνατρέπειν
2865 5081 2956 5136 διὰ
2983 5082 3091 5136 τῶν
3122 5081 3461 5134 ὑπεναντίων
3494 5099 3603 5134 πει-

2041 5172 2266 5241 ρῶνται.
2310 5171 2445 5226 Ἀλλ’
2469 5172 2520 5224 οἱ
2551 5176 2616 5244 τῇ
2647 5173 2834 5244 χάριτι
2853 5173 2946 5226 τοῦ
2971 5171 3224 5242 Σωτῆρος
3257 5172 3416 5239 ἡμῶν
3439 5169 3602 5241 Ἰησοῦ

2033 5259 2274 5333 Χριστοῦ
2331 5265 2734 5333 τετειχισμένοι
2789 5261 3028 5327 ἀκλινεῖς
3075 5261 3459 5330 διαμένουσιν
3491 5260 3602 5312 ὅθεν

2034 5356 2096 5408 οὑ
2128 5354 2235 5426 χρὴ
2256 5355 2556 5426 θαυμάζειν
2577 5395 2592 5420 ,
2623 5355 2775 5409 ὁπότ’
2795 5357 2862 5410 ἂν
2894 5357 2988 5408 καί
3008 5358 3246 5425 πληγαῖς
3275 5355 3422 5424 ἡμᾶς
3446 5369 3596 5406 κατα-

2033 5449 2348 5505 κόπτυυσιν.
2387 5449 2558 5503 Ὅταν
2589 5452 2699 5520 γὰρ
2727 5450 2816 5504 διὰ
2850 5449 2959 5502 τῶν
2995 5448 3217 5504 ἐννοιῶν
3247 5449 3343 5500 καὶ
3371 5445 3481 5498 τῶν
3502 5444 3601 5497 λοι-

2034 5542 2153 5595 πῶν
2187 5542 2516 5612 σωματικῶν
2551 5541 2740 5595 παθῶν
2777 5542 2852 5614 μὴ
2883 5543 3173 5612 δυνάμενοι
3207 5534 3333 5603 ὦσι,
3385 5537 3506 5593 τότε
3537 5535 3599 5590 δι’

2037 5634 2248 5689 ἑαυτῶν
2278 5635 2559 5707 πρόσεισιν
2583 5634 2949 5707 ἐκφοϐοῦντες
2976 5634 3103 5696 τοὺς
3130 5629 3400 5704 ἀσκητάς.
