3820 6518
334 476 470 550 Ηὲτ

1526 466 1810 547 MENSIS
1847 458 2364 581 FEpttUARtUS.

3466 431 3619 550 ea;

330 609 519 672 aperta
541 598 773 661 fenestra
802 599 1023 666 Beatus,
1060 614 1206 666 cum,
1237 619 1257 654 ι
1290 598 1612 657 Benedictus
1647 598 1905 657 Dominus

2027 603 2235 659 ἱΰπνων
2265 603 2680 669 διατελούντων,
2717 601 2937 669 ἀνοίξας
2971 601 3033 657 τὸ
3061 601 3305 673 θυρίδιον
3355 605 3386 658 δ
3416 608 3616 675 μακά-

332 694 501 759 Deus,
525 712 545 745 ι
583 702 666 750 ter
692 693 1046 750 vehementer
1094 693 1345 760 dixisset,
1378 702 1432 749 et
1471 693 1819 765 suspirasset,
1854 703 1908 749 et

334 794 497 856 caput
558 786 610 841 in
665 797 865 841 terram
918 784 1256 852 inclinasset,
1315 786 1486 842 dicit:
1521 785 1675 853 Quod
1706 786 1905 841 eratin

334 876 561 933 Oriente
586 876 877 943 luminare,
915 893 949 933 ο
975 877 1343 951 ﬂlii,Symeon
1380 877 1542 935 Pater
1566 886 1754 934 noster
1783 877 1909 933 dor-
1952 863 1967 875 ’

333 971 475 1027 miit.
502 969 635 1027 Cum
671 970 709 1026 ii
765 980 946 1026 autem
990 981 1212 1042 propter
1258 970 1611 1041 psalmodiam
1648 984 1755 1024 non
1785 983 1911 1024 seu-

334 1066 556 1132 sissent,
587 1064 730 1134 quod
776 1064 977 1121 dictum
1037 1064 1237 1127 fuerat,
1291 1063 1444 1119 valtle
1497 1061 1633 1119 ﬂens
1693 1062 1907 1129 Beatus,

334 1172 524 1213 rursus
589 1156 721 1213 dicit
751 1157 829 1213 eis
858 1176 872 1214 :
900 1156 1138 1213 Sanctus
1186 1155 1350 1211 Pater
1405 1165 1610 1221 noster,
1658 1152 1912 1209 Ecclesia

334 1248 586 1304 columna
606 1250 1098 1315 etfirtnamentum,
1126 1248 1361 1321 Sytneon
1382 1249 1665 1318 requievit,
1685 1256 1739 1303 et
1777 1247 1909 1303 nulli

336 1340 508 1411 culpa:
533 1339 711 1396 affinis
739 1351 793 1397 ct
845 1342 1043 1397 munda
1078 1342 1196 1411 ejus
1251 1342 1431 1396 anima
1464 1356 1548 1396 me
1582 1341 1824 1398 inutilem
1856 1348 1911 1395 et
1961 1408 1965 1412 ἢ

336 1433 589 1489 sordibus
619 1433 983 1504 Inquinatum,
1016 1448 1123 1489 non
1155 1441 1237 1488 est
1267 1432 1553 1503 dedignata
1593 1431 1911 1504 praeteriens

336 1526 596 1581 salutare.
660 1523 787 1580 Haec
839 1540 963 1579 cum
1027 1524 1328 1580 audiissent
1385 1533 1442 1579 et
1505 1523 1659 1580 valde
1731 1529 1914 1580 essent

336 1614 596 1686 perculsi,
632 1628 739 1669 non
768 1623 1061 1685 potuerunt
1105 1615 1454 1684 respondere,
1486 1614 1581 1671 sed
1618 1612 1909 1679 siluerunt,

339 1710 617 1780 signantes
644 1718 855 1763 noctem
884 1709 936 1762 in
954 1722 1061 1778 qua
1096 1708 1213 1764 bare
1240 1709 1381 1764 dicta
1405 1706 1640 1763 fuerant.
1659 1705 1793 1762 Cum
1816 1722 1915 1761 au-

339 1810 447 1857 tem
481 1802 666 1875 paucis
691 1809 813 1870 post
835 1799 1025 1856 diebus
1076 1798 1176 1857 hoc
1215 1799 1281 1855 ad
1331 1799 1480 1870 pium
1532 1800 1911 1868 imperatorem

338 1895 573 1950 Leonem
608 1893 663 1949 in
691 1892 959 1964 principio
999 1892 1081 1948 sui
1145 1890 1357 1961 imperii
1392 1891 1618 1946 relatum
1652 1894 1816 1952 esset,
1857 1893 1912 1941 et

2013 708 2129 764 ριος
2149 694 2240 747 καὶ
2272 696 2351 760 τὸ,
2388 691 2696 766 Εὐλογητὸς
2720 692 2947 764 Κύριος,
2986 692 3231 764 εἰρηκὼς
3264 696 3359 748 ἐπὶ
3390 696 3615 765 τρίτον,

2013 786 2260 857 σφοδρῶς
2293 785 2555 851 στενάξας
2586 786 2683 839 καὶ
2716 787 2820 857 τὴν
2854 784 3103 857 κεφαλὴν
3146 786 3337 851 κλίνας
3367 787 3613 858 ἔφησεν,

2035 877 2094 932 '0
2111 879 2169 931 ὲν
2192 881 2258 950 τῇ
2288 878 2544 950 ’Δνατολῇ
2560 877 2807 951 φωστὴρ,
2828 871 2873 932 ὧ
2893 878 3077 944 τέκνα,
3109 879 3337 947 Συμεὼν
3359 880 3391 932 ὁ
3416 882 3617 951 πατὴρ

2016 970 2176 1042 ἡμῶν
2216 970 2566 1043 κεκοίμηται.
2612 970 2734 1023 Τῶν
2789 969 2844 1023 δὲ
2875 969 2965 1024 διὰ
2998 970 3101 1040 τὴν
3159 970 3491 1042 ψαλμῳδίαν
3528 973 3613 1042 μὴ

2011 1061 2349 1133 αἰσθομένων
2373 1064 2432 1116 τὸ
2458 1061 2646 1133 ῥηθὲν,
2684 1060 2950 1115 ἔκλαυσεν
2981 1064 3008 1114 ὁ
3042 1062 3313 1130 μακάριος
3341 1063 3440 1115 ἐπὶ
3474 1063 3614 1114 Iza-

2011 1156 2100 1209 νόν
2119 1171 2134 1186 ·
2165 1154 2533 1223 παυσαμένων
2557 1154 2613 1207 δὲ
2637 1152 2817 1206 αὐτῶν
2842 1152 3007 1208 πάλιν
3036 1153 3211 1222 λέγει,
3250 1154 3311 1206 Ὀ
3335 1154 3395 1205 ὲν
3421 1155 3614 1221 ἁγίοις

2011 1247 2205 1317 Πατὴρ
2239 1245 2396 1317 ἡμῶν
2423 1247 2450 1300 ὁ
2477 1243 2667 1308 στύλος
2685 1243 2782 1299 καὶ
2813 1242 2873 1297 τὸ
2892 1243 3176 1315 ἑδραίωμα
3211 1246 3312 1314 τῆς
3337 1244 3614 1314 ἀληθείας
3646 1278 3650 1279 ν

2012 1336 2237 1408 Συμεὼν
2292 1335 2663 1402 ἀνεπαύσατο,
2716 1336 2814 1390 καὶ
2881 1337 3173 1407 ήάμωμος
3231 1336 3325 1389 καὶ
3383 1334 3615 1405 καθαρά

2012 1429 2179 1483 αὐτοῦ
2228 1428 2375 1501 ψυχὴ
2406 1428 2508 1499 ἐμὲ
2554 1426 2645 1481 τὸν
2680 1428 2898 1499 ἀχρεῖον
2928 1427 3022 1481 καὶ
3066 1427 3463 1498 ὲρῤυπωμένον
3494 1429 3609 1480 σῦκ

2012 1521 2327 1593 ἀπηξίωσεν
2371 1521 2627 1590 φθάσασα
2661 1519 3151 1575 κατασπάσασθαι.
3215 1518 3401 1573 Ταῦτα
3435 1518 3614 1573 ἀκούο

2014 1627 2208 1675 σαντες
2242 1613 2334 1664 καὶ
2385 1610 2638 1681 μεγάλως
2664 1610 3065 1683 τρομάσαντες,
3095 1611 3465 1682 ἀποκριθῆναι
3500 1611 3612 1681 μὲν

2012 1704 2111 1758 οὐκ
2143 1704 2472 1775 ἐτόλμησαν,
2520 1704 2723 1773 μᾶλλον
2764 1703 2821 1756 δὲ
2850 1701 3154 1775 ἡσύχασαν,
3192 1704 3292 1774 τὴν
3323 1702 3476 1775 ὤραν
3509 1704 3611 1756 καὶ

2012 1795 2111 1868 τὴν
2138 1797 2311 1851 νύκτα
2338 1796 2811 1868 σημειωσάμενοι,
2839 1798 2897 1848 ὲν
2925 1789 3152 1870 ᾖταῦτα
3173 1796 3392 1867 ἐλέχθη.
3427 1796 3519 1858 Ὠς
3548 1794 3610 1847 δὲ

2018 1891 2136 1960 μετ’
2160 1890 2349 1959 ὀλίγας
2382 1890 2598 1961 ἡμέρας
2632 1890 2665 1960 ἠ
2700 1888 2829 1961 περὶ
2876 1888 3069 1944 τούτου
3099 1888 3351 1959 ἀναφορά
3381 1889 3474 1941 τὸν
3510 1889 3609 1941 εὖ-

317 1986 589 2042 -otanibus
633 1986 687 2042 id
740 1993 886 2042 esset
945 1996 1157 2051 notum,
1216 1984 1507 2054 diligenter
1556 1980 1785 2038 scrutati
1818 1977 1909 2050 qui

2027 1982 2344 2037 τεδέστατον
2380 1981 2607 2052 βασιλέα
2639 1982 2699 2034 ὲν
2742 1982 2867 2043 ταῖς
2891 1982 3090 2052 ἀρχαῖς
3120 1979 3287 2035 αὑτοῦ
3328 1977 3609 2033 κατέλαϐε

337 2078 677 2146 audiverant,
702 2078 1028 2135 invenerunt
1063 2078 1230 2135 fuisse
1260 2090 1466 2132 certum
1511 2075 1653 2145 quod
1677 2073 1912 2131 Sanctus

338 2170 572 2234 dixerat,
613 2178 673 2225 ut
723 2170 865 2238 quod
918 2169 1097 2225 divina
1126 2168 1299 2240 gratia
1333 2167 1672 2238 praedixisset
1698 2178 1795 2235 per
1826 2177 1916 2219 re-

335 2260 663 2317 velationem
713 2261 765 2316 in
848 2263 1316 2316 consummatione
1371 2258 1543 2315 sancti
1605 2255 1910 2329 Symeonis.

339 2349 512 2406 Valde
539 2365 671 2421 ergo
698 2350 1061 2421 obstupefacti
1091 2361 1147 2406 et
1203 2350 1371 2406 Deum
1431 2350 1817 2420 glorificantes,
1858 2346 1913 2400 in

337 2441 444 2499 hoc
477 2457 691 2515 quoque
719 2442 861 2499 docti
896 2444 1065 2509 fuere,
1091 2442 1256 2498 Deum
1288 2455 1446 2514 posse
1473 2441 1675 2498 omnia.

408 2620 569 2677 LVII.
600 2620 755 2689 Quod
799 2636 930 2676 vero
981 2619 1092 2676 hac
1140 2636 1171 2675 a
1205 2620 1383 2689 nobis,
1427 2635 1536 2676 non
1595 2618 1706 2674 sola
1756 2617 1917 2672 motis

339 2715 678 2787 conjectura,
704 2714 848 2769 dicta
882 2714 1011 2779 sint,
1043 2714 1135 2770 sed
1178 2728 1298 2783 quas
1337 2710 1750 2767 accuratiss‘hne
1778 2709 1918 2764 ditii-

339 2808 515 2864 cimus
542 2808 610 2863 ab
640 2823 748 2862 uno
776 2806 844 2862 ab
871 2806 990 2877 ejus
1018 2806 1374 2870 administris,
1403 2820 1467 2860 ea
1510 2804 1677 2859 etiam
1732 2816 1918 2873 perse-

339 2899 452 2957 cuti
508 2914 714 2956 sumus.
769 2898 938 2955 Nemo
987 2913 1118 2970 ergo
1146 2898 1396 2965 dubitet;
1431 2912 1553 2953 nam
1603 2897 1821 2966 quinos
1848 2896 1918 2952 de

339 2995 446 3049 Itoc
467 2992 745 3057 instruxit,
770 3001 889 3048 erat
916 2991 1133 3062 quidem
1167 2992 1347 3062 lingua
1404 2990 1690 3057 barbarus,
1723 2997 1780 3043 nt
1823 2987 1915 3058 qui

339 3093 487 3141 esset
519 3094 672 3139 ortus
703 3098 772 3139 ex
799 3083 991 3155 Mysia,
1016 3092 1196 3138 mente
1243 3091 1422 3137 autem
1480 3081 1915 3146 honestissimus,

338 3187 401 3232 ut
430 3178 523 3249 qui
588 3190 944 3247 perseverans
991 3175 1133 3244 apud
1171 3176 1388 3230 beatum
1418 3174 1773 3235 Auxentium.
1806 3187 1917 3227 non

2015 2075 2242 2139 Λέοντα,
2296 2076 2392 2129 καὶ
2421 2076 2529 2138 τοῖς
2561 2073 2729 2127 πᾶσιν
2765 2071 3100 2146 ἐγνωρίσθη,
3132 2071 3609 2142 φιλοπονήσαντες

2014 2171 2064 2225 οί
2103 2171 2408 2241 ἀκηκοότες
2438 2161 2600 2240 εὖρον
2635 2167 2848 2237 ἀπλανῆ
2871 2164 2968 2220 τοῦ
2994 2166 3146 2219 ὁσίου
3174 2165 3274 2237 τὴν
3318 2165 3500 2235 ῥῆσιν,
3534 2163 3606 2234 ἦν
3722 2180 3731 2185 ν

2015 2264 2202 2336 χάριτι
2232 2263 2356 2334 θεία
2383 2261 2524 2317 κατὰ
2566 2259 2914 2332 ἀποκάλυψιν
2964 2259 3290 2331 προειρήκει
3330 2259 3389 2311 ὲν
3415 2259 3482 2329 τῇ
3512 2273 3607 2309 τε-

2014 2354 2233 2410 λειώσει
2282 2354 2374 2410 τοῦ
2434 2353 2592 2423 ἀγίου
2636 2353 2948 2423 Συμεῶνος.
2994 2349 3461 2417 Καταπλαγέντες
3503 2345 3605 2401 οὖν

2017 2449 2265 2522 σφοδρῶς
2288 2449 2383 2503 καὶ
2411 2448 2729 2515 δοξάζοντες
2778 2446 2869 2500 τὸν
2894 2445 3048 2509 Θεὸν,
3086 2443 3451 2513 ἐδιδάχθησαν
3502 2443 3632 2496 καὶ.

2015 2542 2075 2596 ὲν
2113 2540 2311 2610 τούτῳ,
2343 2542 2426 2593 ὅτι
2452 2540 2632 2594 πάντα
2660 2537 2864 2592 δυνατά
2896 2536 3048 2609 παρά
3068 2534 3147 2605 τῷ
3173 2533 3314 2605 Θεῷ.

2088 2632 2214 2688 NZ'.
2248 2632 2373 2686 Ὀτι
2393 2631 2450 2699 δὲ,
2475 2631 2574 2686 οὐκ
2599 2628 3016 2700 ὲστοχασμένως
3067 2626 3195 2697 παρ’
3239 2625 3397 2697 ἡμῶν
3423 2624 3607 2679 ταῦτα

2017 2727 2289 2790 λέλεκται,
2315 2725 2450 2778 ἀλλά
2483 2723 2621 2795 μετά
2655 2722 2902 2784 πλείονος
2952 2719 3263 2791 ἀκριϐείας,
3310 2718 3458 2787 άπερ
3505 2734 3608 2787 με·

2022 2820 2349 2891 μεθήκαμεν
2404 2817 2533 2886 παρ’
2572 2817 2689 2880 ἐνὸς
2723 2816 2833 2869 τῶν
2871 2814 3167 2885 ὑπουργῶν
3203 2811 3391 2879 αὐτοῦ,
3427 2811 3608 2865 ταῦτα

2016 2911 2390 2983 διεξήλθομεν,
2417 2909 2607 2980 μηδείς
2635 2905 3047 2979 ἀμφιδαλλέτω.
3081 2898 3249 2968 Οὗτος
3280 2904 3417 2976 γὰρ,
3444 2895 3606 2966 οὗτος

2018 3009 2204 3080 ὁπερὶ
2236 3006 2424 3062 τούτου
2481 3007 2627 3077 ἡμᾶς
2680 3000 3062 3074 στοιχειὼσας,
3114 3004 3181 3073 τῇ
3231 2998 3446 3068 γλώττῃ
3499 2997 3605 3068 μὲν

2021 3098 2299 3172 βάρϐαρος
2347 3097 2594 3167 ὑπῆρχεν
2628 3096 2693 3149 ὲκ
2748 3095 2847 3163 τῆς
2881 3093 3097 3155 Μυσίας
3152 3090 3497 3161 ὁρμώμενος,
3534 3092 3603 3159 τῇ

2018 3193 2213 3264 γνώμῃ
2245 3191 2301 3245 δὲ
2332 3190 2662 3259 πάνσεμνος,
2685 3185 2743 3251 ὃς
2772 3184 3205 3257 προσκαρτερῶν
3238 3182 3315 3253 τῷ
3346 3182 3606 3253 μακαρίῳ

338 3269 529 3325 Vinum
574 3268 794 3335 bibet":
843 3283 951 3322 ηοη
1004 3267 1129 3322 οιθο
1157 3282 1287 3323 usus
1325 3266 1419 3331 δίεν
1471 3281 1578 3321 που
1614 3266 1912 3335 ΡυῘιηθοίθν
1939 3297 1987 3362 C
2020 3284 2314 3355 Αύξεντίῳ,
2339 3283 2439 3335 οὐκ
2472 3281 2616 3334 οἴνου
2645 3277 3083 3350 μετελάμϐανεν,
3114 3275 3213 3329 οὐκ
3233 3275 3442 3337 ἐλαίου,
3477 3273 3603 3326 οὔτε

339 3374 450 3414 non
482 3356 683 3421 fructu,
722 3372 826 3413 non
875 3357 1109 3427 denique
1147 3357 1254 3412 ullo
1276 3356 1402 3413 alio.
1438 3356 1572 3412 Nam
1598 3368 1792 3427 praeter
1824 3370 1918 3427 pa-

341 3465 466 3508 nem
494 3459 551 3507 et
587 3466 782 3522 aquam
816 3457 871 3507 et
922 3451 1152 3514 semina,
1190 3464 1309 3521 qua:
1361 3465 1467 3505 non
1519 3451 1914 3522 coquebantur,

340 3557 516 3615 eaque
544 3559 649 3599 non
702 3542 770 3599 ad
813 3543 1146 3608 satietatem,
1178 3543 1368 3613 quavis
1419 3544 1534 3598 fere
1565 3550 1746 3607 nocte,
1778 3540 1915 3596 nihil

340 3636 663 3694 comedebat
688 3649 781 3691 aut
802 3636 1041 3703 bibebat,
1066 3636 1301 3692 interdiu
1324 3645 1501 3692 autem
1524 3650 1721 3704 parvas
1751 3648 1915 3705 quas-

341 3729 465 3786 dam
526 3745 717 3787 cruces
737 3746 801 3786 ex
824 3730 1038 3800 siliquis
1059 3730 1215 3785 valde
1237 3729 1511 3801 elegantes
1534 3729 1647 3784 suis
1668 3727 1917 3783 manibus

341 3822 563 3879 assidue
591 3821 840 3878 faciebat.
875 3823 975 3890 Qui
1004 3832 1184 3876 autem
1230 3820 1622 3887 ascendebant,
1650 3834 1742 3875 eas
1773 3818 1919 3873 acci-

338 3914 567 3987 piebant
617 3915 789 3986 gratia
844 3913 1262 3970 benedictionis.
1312 3912 1433 3981 Ipse
1494 3912 1649 3968 nobis
1682 3912 1797 3967 brae
1823 3924 1919 3965 ore

339 4021 444 4064 suo
468 4005 817 4076 significavit,
852 4005 943 4075 qui
963 4005 1129 4060 etiam
1156 4014 1442 4074 postquam
1462 4002 1679 4059 dormiit
1696 4003 1915 4067 Beatus,

341 4114 468 4155 cum
498 4098 742 4153 moribus
769 4096 886 4151 loco
913 4110 1130 4166 quoque
1171 4096 1457 4150 successit.

359 4226 366 4233 -
413 4190 598 4249 LVIII.
630 4190 837 4246 Rursus
868 4206 1000 4262 ergo
1023 4190 1268 4260 pluribus
1308 4190 1672 4262 congregatis,
1700 4198 1753 4244 et
1783 4205 1917 4259 ιιι-ωε

342 4286 487 4343 dicta
545 4294 804 4342 consueta
856 4283 1040 4355 regula
1089 4284 1349 4352 hymnum
1413 4282 1740 4347 dicentibus,
1793 4296 1916 4338 eum

343 4378 694 4434 beatissimus
748 4377 1050 4433 Auxentius
1098 4377 1402 4447 aperuisset
1430 4374 1747 4441 fenestram,
1780 4383 1918 4429 etut

342 4475 722 4534 consueverat,
770 4482 989 4537 precum
1046 4467 1206 4523 finem
1267 4465 1508 4532 fecisset,
1577 4465 1918 4535 respondens

342 4575 483 4616 unus
512 4575 576 4616 es
620 4559 688 4615 iis
727 4559 818 4629 qui
868 4559 1116 4624 aderant,
1149 4559 1319 4613 dixit:
1370 4557 1521 4626 Rogo
1563 4566 1636 4623 te,
1674 4556 1915 4617 domine.

2022 3376 2323 3447 ἑψήματος,
2353 3372 2479 3428 οὔτε
2503 3373 2752 3444 ὀπώρας,
2783 3371 2883 3424 οὐκ
2912 3369 3075 3424 ἄλλου
3102 3368 3248 3447 τινος
3273 3368 3416 3437 πλὴν
3439 3367 3604 3436 ἄρτου

2023 3471 2118 3523 καὶ
2158 3468 2349 3530 ὕδατος
2400 3466 2497 3520 καὶ
2531 3464 2638 3517 τῶν
2695 3464 3029 3534 σπερμάτων
3086 3460 3152 3514 τά
3218 3460 3455 3527 ἄνεῳθσ,
3510 3460 3607 3511 καὶ

2023 3560 2198 3617 ταῦτα
2225 3562 2322 3614 οὐκ
2351 3562 2432 3625 είς
2463 3559 2648 3631 κόρον,
2680 3557 2769 3611 διά
2800 3556 2983 3627 πάσης
3013 3554 3113 3626 μὲν
3150 3553 3338 3624 σχεδον
3381 3551 3487 3620 τῆς
3511 3570 3604 3603 νυ-

2023 3656 2150 3721 κτὸς
2175 3654 2634 3725 προσευχόμενος,
2682 3654 2741 3707 ὲν
2774 3652 2960 3723 ἡμέρα
2986 3649 3043 3703 δὲ
3075 3649 3310 3718 σταυρία
3342 3649 3515 3717 μικρά
3541 3648 3604 3699 ὲκ

2024 3748 2269 3820 κρατίων
2324 3746 2464 3799 πάνυ
2523 3744 2737 3814 τερπνά
2790 3744 2911 3805 ταῖς
2966 3742 3154 3813 χερσὶν
3233 3737 3604 3809 ἐργαζόμενος

2023 3837 2272 3901 διετέλει,
2303 3836 2396 3890 καὶ
2426 3837 2474 3888 οἱ
2506 3835 2748 3897 ἀνιόντες
2789 3830 3113 3903 ἐκομίζοντο
3163 3828 3305 3883 αὑτά
3352 3826 3602 3894 εὐλογίας

2023 3932 2186 4004 χάριν
2208 3946 2223 3962 ·
2258 3927 2424 3991 αὐτὸς
2451 3928 2584 3997 ἡμῖν
2619 3925 2697 3993 τῷ
2727 3924 2913 3995 οἰκείῳ
2946 3923 3177 3992 στόματι
3209 3920 3351 3974 αὐτὰ
3380 3917 3604 3991 ὲγνὼριυ

2026 4042 2142 4089 σεν,
2180 4025 2209 4076 ὁ
2266 4020 2357 4074 καὶ
2418 4018 2557 4091 μετά
2616 4016 2711 4071 τοῦ
2765 4016 3041 4087 μακαρίου
3092 4014 3352 4085 κοίμησιν
3393 4013 3489 4066 σὺν
3523 4012 3601 4083 τῷ

2023 4113 2210 4184 τρόπῳ
2240 4110 2333 4164 καὶ
2362 4108 2456 4163 τὸν
2482 4107 2646 4161 τόπον
2677 4106 3086 4177 διαδεξάμενος.

2095 4204 2230 4258 NH’.
2264 4200 2435 4256 Πάλιν
2485 4199 2578 4254 οὖν
2632 4197 2896 4252 πλειόνων
2954 4196 3457 4269 ὲπισυναχθέντων,
3508 4197 3599 4250 καὶ

2024 4296 2165 4350 κατά
2192 4293 2284 4347 τὸν
2318 4290 2716 4364 προειρημένον
2765 4288 2970 4360 συνήθη
3008 4287 3207 4341 κανόνα
3232 4286 3598 4357 ύμνολογούν-

2023 4403 2153 4450 των,
2213 4382 2527 4449 ἀνοίξαντος
2577 4379 2673 4435 τοῦ
2723 4379 3148 4452 μακαριωτάτου
3200 4374 3492 4440 Αὐξεντίσυ
3541 4373 3600 4426 τὸ

2025 4477 2282 4549 θυρίδων,
2315 4474 2503 4536 καλῶς
2527 4471 2707 4526 εἰώθει
2731 4470 2792 4526 τδ
2808 4471 2985 4541 πέρας
3016 4469 3116 4538 τῆς
3147 4469 3312 4538 εὐχῆς
3345 4466 3597 4537 ποιήσας.

2025 4565 2347 4638 ἀποκριθεὶς
2395 4558 2473 4628 εἷς
2505 4564 2613 4618 τῶν
2643 4563 2929 4633 παρόντων
2952 4561 3054 4630 ἔφη
3081 4576 3096 4591 ⁸
3126 4558 3330 4629 Δέομαί
3360 4575 3474 4619 σου,
3509 4558 3599 4609 Δέ-

341 4651 593 4718 Ιιθιιοιιὶσ,
648 4659 703 4706 et
759 4665 1002 4720 precare,
1064 4653 1209 4721 quod
1261 4664 1386 4704 cum
1432 4649 1605 4703 tribus
1638 4647 1913 4703 mensibus

2027 4677 2217 4722 σποτα,
2285 4657 2585 4727 εὐλόγησον
2641 4657 2737 4710 καὶ
2768 4654 2947 4720 εὖξαι,
2993 4657 3077 4708 ὅτι
3111 4652 3171 4706 ἓν
3223 4652 3366 4723 ὑπὲρ
3409 4648 3598 4721 μισθοῦ

342 4759 508 4799 unam
532 4758 633 4814 pro
674 4742 922 4798 mercede
975 4750 1253 4796 menstrua
1305 4754 1462 4795 ovem
1507 4740 1791 4807 accipiam,
1853 4753 1915 4793 ea

343 4836 577 4905 perdita,
627 4835 864 4889 frustror
922 4831 1173 4889 mercede
1231 4831 1395 4888 unius
1436 4832 1919 4889 mensiszsolebat

343 4927 489 4983 enim
545 4926 711 4981 Beato
762 4924 967 4980 hostias
1019 4922 1232 4979 afferre.
1294 4923 1374 4978 Ad
1439 4925 1553 4980 haec
1605 4924 1917 4991 subridens,

343 5020 627 5088 respondit
652 5019 851 5072 Beatus
880 5035 895 5072 :
922 5016 1050 5072 Mihi
1087 5018 1190 5072 hoc
1228 5017 1390 5083 dicis,
1425 5028 1484 5071 ut
1525 5017 1617 5086 qui
1656 5018 1757 5072 sim
1787 5017 1923 5072 solic

344 5120 436 5165 tus
460 5108 727 5175 divinare,
759 5117 851 5163 aut
877 5108 970 5178 qui
1002 5123 1194 5180 greges
1224 5091 1574 5179 possideant?
1605 5109 1699 5164 Ille
1730 5109 1866 5164 dixit
1901 5126 1917 5166 :

345 5201 719 5272 Nequaquam,
759 5201 852 5257 sed
888 5206 1055 5256 adoro
1085 5211 1158 5265 te,
1187 5212 1244 5257 ut
1283 5217 1426 5267 ores,
1460 5211 1516 5257 et
1575 5202 1918 5257 inveniatur.

345 5292 555 5351 Deinde
639 5306 761 5347 cutn
842 5293 1115 5362 paululum
1186 5294 1616 5360 intermisisset,
1667 5294 1918 5365 Alypium

346 5384 638 5456 quemdam
671 5382 819 5439 clara
854 5400 1001 5451 voce,
1029 5396 1086 5441 ut
1114 5386 1344 5452 solebat,
1395 5385 1594 5441 Beatus
1643 5387 1914 5441 accersiit.

345 5474 483 5532 Cum
534 5476 643 5530 duo
686 5486 816 5546 ergo
868 5473 1071 5529 inventi
1124 5485 1309 5530 essent
1355 5474 1597 5542 ejusdem
1628 5473 1913 5529 nominis:

347 5565 491 5634 Tibi,
519 5567 720 5639 inquit,
746 5567 889 5634 dico,
914 5568 1003 5637 qui
1029 5577 1143 5622 stas
1195 5582 1225 5621 a
1251 5568 1515 5624 sinistris.
1556 5568 1684 5624 Scio
1709 5576 1761 5623 te
1809 5581 1916 5622 non

348 5676 473 5721 esse
487 5660 809 5717 suﬂuratum
849 5675 1029 5728 ovem,
1058 5662 1152 5715 sed
1207 5662 1498 5729 invenisse,
1525 5662 1661 5717 vade
1696 5674 1828 5731 ergo
1863 5669 1918 5714 et

352 5752 538 5810 redde.
563 5752 662 5809 Hic
691 5752 858 5819 enim,
889 5755 981 5824 qui
1026 5754 1278 5824 perdidit,
1306 5754 1401 5810 dat
1438 5756 1594 5811 vobis
1639 5755 1706 5809 ad
1764 5769 1915 5808 sum-

350 5853 498 5913 ptum
529 5860 623 5900 sex
673 5846 862 5902 obolos
917 5857 975 5903 ut
1029 5863 1123 5905 vos
1173 5851 1592 5923 congregetnini.
1646 5850 1749 5917 Qui
1790 5865 1913 5904 cum

348 5938 571 5997 fecisset
599 5948 657 5998 ut
684 5941 872 6014 jussus
918 5942 1112 6015 fuerat,
1149 5954 1364 6018 recepta
1398 5960 1517 6014 ove,
1552 5945 1777 6001 Domino
1805 5944 1913 6014 egit

2021 4753 2163 4806 κατὰ
2194 4748 2662 4823 μῆναλαμὸἀνων
2687 4747 2986 4818 πρόϐατον,
3022 4745 3326 4809 ἀπολέσας,
3362 4742 3460 4796 τοῦ
3493 4760 3597 4812 μηο

2023 4843 2111 4907 νὸς
2143 4844 2234 4899 τὸν
2268 4843 2456 4915 μισθὸν
2509 4839 2845 4911 ὑστεροῦμαι
2882 4841 2898 4908 (
2918 4833 2987 4910 ἦν
3018 4837 3127 4908 γὰρ
3168 4834 3491 4899 διακονίζων
3521 4832 3599 4903 τῷ

2027 4933 2283 5007 μακαρίῳ
2317 4931 2381 4986 τά
2418 4930 2698 5001 θύματα).
2741 4927 2886 5000 Πρὸς
2925 4926 3100 4981 ταῦτα
3133 4924 3415 4993 μειδιάσας
3439 4926 3467 4975 ὁ
3498 4938 3600 4992 μα-

2024 5025 2215 5096 κάριος
2249 5023 2625 5096 ἀπεκρίνατο·
2693 5021 2850 5091 Ἐμοὶ
2902 5018 3062 5074 τοῦτο
3114 5016 3317 5087 λέγεις,
3373 5017 3450 5079 ὡς
3477 5034 3599 5086 pavo

2020 5115 2274 5170 τεύεσθαι
2304 5116 2604 5186 εἰθισμένῳ
2644 5113 2677 5185 ἢ
2720 5112 2924 5183 ἀγέλας
2961 5112 3318 5181 κεκτημένῳς
3349 5110 3597 5171 κακεῖνος

2022 5208 2151 5277 εφη,
2183 5208 2319 5277 Οὐχὶ
2348 5206 2643 5276 προσκυνῶ
2663 5223 2744 5271 σε,
2777 5204 2895 5259 ἀλλ’
2926 5205 3014 5258 ἵνα
3032 5200 3236 5273 magn
3260 5200 3354 5254 καὶ
3374 5198 3596 5272 εὑρεθῇ*

2022 5294 2144 5353 εἶτα
2198 5299 2397 5369 μικρὸν
2454 5297 2784 5362 διαστείλας,
2827 5295 3069 5352 Ἀλυπόν
3097 5310 3222 5348 τινα
3274 5292 3594 5363 λαμπρᾷτῇ

2022 5394 2197 5462 φωνῇ,
2221 5392 2294 5455 ὡς
2324 5387 2390 5462 ἦν
2417 5391 2565 5461 αὐτῷ
2585 5391 2852 5461 πεφυκὸς,
2874 5388 3226 5460 μετεκαλεῖτο
3253 5389 3281 5442 ὁ
3305 5385 3591 5458 μακάριος.

2022 5485 2125 5536 Δύο
2152 5478 2245 5537 οὖν
2272 5482 2578 5554 ὁμωνύμων
2605 5482 2961 5553 εὑρεθέντων,
3000 5481 3115 5544 Σοὶ,
3156 5480 3312 5550 φησὶ,
3344 5479 3489 5546 λέγω
3518 5477 3594 5546 τῷ

2022 5574 2080 5640 ἐξ
2112 5573 2407 5644 εὐωνύμων
2464 5573 2692 5626 ἑστῶτι·
2746 5569 2885 5636 οἶδα,
2920 5573 3004 5627 ὅτι
3061 5572 3163 5625 οὐκ
3193 5570 3446 5638 ἔκλεψας,
3480 5569 3590 5621 ἀλλ’

2023 5659 2180 5737 εὗρες
2199 5664 2258 5720 τδ
2290 5664 2596 5735 πρόϐατονο
2636 5663 2839 5719 ἄπελθε
2888 5661 3003 5726 οὖν,
3036 5661 3257 5726 ἀπόδος.
3286 5653 3455 5724 Οὗτος
3487 5661 3589 5729 γάρ

2022 5760 2051 5810 ὁ
2074 5756 2350 5820 ἀπολέσας
2380 5757 2441 5823 ἐξ
2472 5758 2655 5827 φόλεις
2682 5760 2762 5820 είς
2796 5756 3135 5826 ἀναλώματα
3163 5755 3397 5827 παρέχει
3423 5755 3513 5807 ἐπὶ
3534 5754 3593 5806 τὸ

2025 5848 2409 5917 συναλισθῆναι
2442 5850 2610 5921 ὑμᾶς,
2650 5849 2707 5913 ὃς
2734 5850 2967 5925 ποιήσας
2992 5850 3067 5913 ὡς
3105 5848 3426 5918 ἐκελεύσθη,
3455 5848 3585 5902 άπα-

2020 5942 2202 6002 λαΰὼν
2238 5944 2296 6001 τὸ
2319 5944 2543 6017 θρέμμα
2574 5942 2897 6018 ηὐχαρίστει
2921 5943 2997 6017 τῷ
3025 5942 3211 6019 Κυρίῳ
3249 5940 3324 6016 τῷ
3356 5941 3587 5999 ποιοῦντι
