3820 6518
250 440 401 508 1429

1526 435 1703 497 νιΤΑ
1742 435 1802 497 S.
1847 432 2258 497 AUXENTII.

3386 429 3524 494 143G

240 562 343 617 διὰ
389 560 501 616 τῶν
526 559 691 615 όσίων
719 558 889 613 αὐτοῦ
919 555 1135 628 μεγάλα
1183 556 1277 609 καὶ
1308 553 1718 623 ἁνεξιχνίαστα,
1756 562 1842 604 ενι

1967 554 2169 622 gratias,
2197 552 2288 624 qui
2313 566 2409 622 per
2439 558 2658 606 sanctos
2689 562 2816 604 suos
2851 544 2981 603 facit
3023 560 3211 617 magna
3269 557 3326 601 et
3376 549 3525 602 imre-

245 654 385 717 δοξά
414 669 475 708 τε
496 651 590 707 καὶ
617 650 853 717 ἐξαίσια,
878 644 955 707 ὧν
985 649 1087 704 οὐκ
1119 648 1268 704 ἔστιν
1302 646 1558 719 ἀριθμός.

327 829 457 886 ΝΘ’.
489 831 606 902 Μιᾷ
627 829 685 884 δὲ
714 828 822 886 τῶν
842 829 1070 901 ἡμερῶν
1101 828 1343 900 πλήθους
1367 827 1711 900 συνηγμένον
1736 828 1848 882 τῶν

250 922 569 993 ἐπιχωρίων
601 937 664 974 τε
695 920 792 975 καὶ
815 920 1139 988 ίπολιτικῶν
1173 919 1269 974 καὶ
1314 918 1407 973 τοῦ
1457 920 1732 990 μακαρίου
1781 918 1851 973 τὰ

252 1013 399 1084 πρὸς
447 1013 725 1084 σωτηρίαν
780 1011 1214 1083 διαλεγομένου,
1289 1011 1520 1076 ἐπιστὰς
1591 1010 1852 1084 ἄγροικος

250 1105 583 1178 χαιρετίζων
614 1104 803 1174 ἔλεγεν
832 1103 984 1175 αύτῷ
1004 1121 1022 1136 ο
1057 1105 1213 1175 Καλή
1244 1120 1337 1158 σου
1372 1104 1582 1175 ἡμέρα,
1610 1104 1851 1159 δέσποτὰ

259 1215 365 1269 μου
386 1212 400 1228 ⁸
444 1197 539 1252 τοῦ
566 1197 624 1252 δὲ
654 1197 854 1266 σεμνὸν
891 1197 1345 1266 ὲπιγελάσαντος,
1400 1197 1494 1250 καὶ
1521 1196 1632 1267 γὰρ
1678 1192 1746 1268 ἦν
1772 1195 1851 1268 τῷ

254 1289 374 1344 ὄντι
407 1288 622 1362 χαρίεις
679 1290 798 1353 καὶ,
852 1289 1034 1355 Καλός
1068 1306 1151 1343 σοι
1198 1288 1394 1359 καιρὸς
1443 1290 1748 1360 εἰρηκότος,
1801 1289 1851 1342 οἰ

214 1382 237 1439 9
259 1383 531 1451 παρόντες
557 1383 638 1444 είς
665 1383 898 1445 ἑαυτοὺς
931 1381 1334 1453 προσεμειδίων
1353 1397 1369 1413 ο
1399 1382 1432 1434 ὁ
1453 1380 1511 1434 δέ
1552 1398 1685 1451 φησι
1715 1381 1854 1452 πρὸς

259 1472 501 1538 αὐτούς’
539 1473 814 1542 Γραφικός
863 1474 982 1526 ἔστι
1014 1472 1195 1542 λόγος,
1232 1470 1473 1541 ἀδελφοὶ,
1526 1491 1544 1523 ι
1589 1472 1684 1543 Μὴ
1713 1471 1852 1526 ἀπο.

260 1566 450 1637 κρίνου
491 1564 688 1635 ἄφρονι
744 1564 882 1636 πρὸς
925 1563 1026 1634 τὴν
1049 1563 1366 1635 ἀφροσύνην
1401 1562 1601 1617 αὐτοῦ’
1643 1583 1660 1617 ι
1700 1565 1749 1617 εἰ
1781 1558 1852 1636 ἦν

257 1654 527 1727 εἰρηκὼς,
558 1654 889 1724 Εὑλόγησον,
923 1655 1159 1727 ἤκουσεν
1188 1654 1292 1722 ἄνς
1325 1656 1353 1708 ὁ
1388 1655 1595 1727 Κύριος
1623 1655 1853 1724 εὐλογή-

258 1762 347 1800 σει
381 1763 444 1800 σε
473 1747 617 1801 κατά
644 1746 706 1800 τὸ
737 1746 968 1817 συνῆθες
995 1748 1129 1817 ἡμῖν
1155 1761 1168 1774 ·
1195 1746 1373 1811 αὐτὸς·
1391 1747 1498 1818 γάρ
1519 1748 1669 1803 ἐστιν
1699 1749 1730 1800 ὁ
1754 1747 1852 1819 τὴν

254 1838 428 1911 τιμὴν
449 1838 537 1893 διά
563 1838 674 1893 τῶν
698 1841 918 1895 οἰκείων
949 1839 1118 1894 αὐτοῦ
1146 1839 1353 1894 δούλων
1379 1841 1461 1902 εἰς
1484 1839 1680 1895 ἑαυτὸν
1711 1840 1853 1893 ἀπο-

254 1929 574 2002 δεχόμενος,
612 1932 710 1985 καὶ
750 1931 969 2002 ἑκάστῳ
1010 1931 1110 2003 τὴν
1139 1931 1380 2002 ἀμοιϐὴν
1432 1932 1535 2000 τῆς
1583 1931 1852 2002 μισθαποο

256 2022 448 2086 δοσίας
478 2024 547 2094 τῇ
578 2022 745 2078 αὑτοῦ
800 2024 985 2095 χάριτι
1048 2023 1357 2087 ἀποδιδούς.
1399 2024 1620 2096 Ἐπειδὴ
1665 2025 1723 2078 δὲ
1751 2023 1853 2097 τὴν

258 2111 440 2184 καλήν
486 2129 589 2184 μου
616 2111 831 2184 ἡμέραν
859 2111 1179 2182 ἀπένειμεν,
1209 2112 1300 2165 τὸν
1327 2111 1491 2165 καλὸν
1516 2112 1706 2184 κατρὶν
1728 2113 1854 2166 ἀντ-

260 2201 482 2259 έλαόεν.
535 2203 723 2268 Οῦτως
779 2201 1238 2273 διορθωσάμενος,
1274 2201 1337 2254 ού
1391 2201 1552 2271 μόνον
1598 2199 1690 2253 τὸν
1729 2199 1851 2252 δια-

261 2293 600 2361 πταίσαντα,
635 2293 773 2348 ἀλλὰ
824 2294 917 2347 καὶ
951 2293 1078 2358 τοὺς
1117 2292 1338 2355 λοιποὺς
1387 2293 1657 2357 ἅπαντας,
1707 2290 1854 2346 ἔνδον

260 2387 527 2443 εἰσελθὼν
561 2388 722 2444 πάλιν
771 2388 1068 2459 ἡσύχασεν.

339 2480 417 2537 Ξ.
448 2479 561 2552 Τῆς
621 2480 679 2535 δὲ
732 2479 828 2535 τοῦ
871 2481 1123 2552 Σωτῆρος
1163 2479 1325 2551 ἡμῶν
1379 2478 1558 2551 Ἰησοῦ
1613 2477 1852 2551 Χριστοῦ

266 2574 643 2645 συνεργούσης
697 2572 848 2644 αὐτῷ
914 2573 1174 2645 χάριτος,
1229 2571 1416 2626 ’πολλοί⁵
1467 2570 1854 2642 δαιμονιῶντες

266 2665 641 2740 προσέτρεχον
691 2664 843 2736 αὑτῷ
866 2705 882 2731 ,
916 2665 969 2718 οἰ
1019 2664 1121 2735 μὲν
1154 2665 1394 2727 ἑκόντες,
1455 2665 1548 2716 καὶ
1574 2661 1642 2715 δι’
1681 2659 1853 2715 αὑτοῦ

262 2756 367 2829 τὴν
391 2760 538 2812 ῐασιν
559 2757 959 2828 ἀσπαζόμενοι,
986 2758 1035 2811 οἰ
1062 2757 1118 2809 δὲ
1143 2757 1389 2821 ἄκοντες,
1413 2757 1508 2810 καί
1531 2755 1621 2826 ὑφ’
1651 2755 1855 2824 ἐτέρων

262 2852 551 2922 ἀγόμενοι,
587 2850 840 2915 οὕστινας
888 2850 965 2921 τῷ
998 2850 1165 2917 ἐλαίῳ
1205 2849 1316 2904 τῶν
1364 2851 1538 2919 ἀγίων
1584 2849 1856 2920 λειψάνων

267 2945 509 3011 ποτίζων
544 2946 639 3000 καὶ
668 2944 955 3015 νηστεύειν
992 2944 1230 3017 μάλιστα
1254 2945 1353 3014 τὴν
1376 2944 1611 3014 τετράδα
1633 2947 1726 2997 καὶ
1754 2943 1856 3013 τὴν

265 3037 627 3108 παρασκευὴν
667 3035 908 3090 κελεύων
941 3037 1039 3091 σὺν
1077 3038 1292 3089 ἐκτενεῖ
1323 3038 1603 3107 προσευχῇ
1631 3035 1728 3089 καὶ
1758 3038 1854 3089 πί·-

267 3144 385 3182 στει
405 3128 689 3199 εἰλικρινεῖ
716 3128 948 3199 ἰώμενος
973 3128 1210 3182 ἀπέλυεν
1231 3145 1244 3158 ·
1279 3130 1338 3180 ὲν
1366 3123 1447 3190 οἷς
1473 3128 1854 3200 προσποιησά-

1949 646 2246 718 stigabilia,
2287 646 2631 718 gloriosaqne
2659 652 2714 700 et
2743 640 3107 709 admirabilia,
3143 657 3374 713 quorum
3413 658 3521 697 non

1951 749 2033 796 σει
2068 755 2350 795 numerus.

2023 829 2159 885 ΗΧ.
2188 832 2433 898 Quodam
2482 839 2662 885 autem
2694 830 2782 885 die
2817 839 3143 901 congregata
3182 827 3526 883 multitudine

1956 936 2063 982 tam
2086 926 2413 981 rusticorum
2433 940 2593 996 quam
2616 924 2841 990 civium,
2876 933 2930 979 et
2954 924 3126 980 Beato
3140 938 3202 979 ea
3228 923 3529 979 disserente

1953 1034 2074 1090 quze
2111 1018 2460 1089 pertinebant
2484 1018 2551 1073 ad
2580 1017 2832 1084 salutem,
2858 1017 3078 1088 quidam
3105 1016 3197 1087 qui
3234 1017 3532 1071 advenerat

1955 1114 2210 1178 rusticus,
2243 1112 2381 1168 dixit
2407 1111 2492 1168 ei:
2517 1111 2698 1166 Bonus
2722 1111 2836 1166 dies
2873 1110 2998 1178 tibi,
3026 1109 3245 1166 domine
3274 1109 3367 1162 mi.
3392 1103 3529 1162 Cum

1955 1204 2046 1259 ille
2069 1215 2248 1260 autem
2286 1202 2513 1257 honeste
2544 1200 2818 1256 arrisisset
2852 1198 2991 1270 (erat
3033 1197 3179 1254 enim
3221 1210 3409 1250 revera
3450 1195 3532 1250 le-

1955 1296 2132 1369 pidus)
2165 1304 2218 1350 et
2248 1294 2500 1359 dixisset,
2532 1292 2742 1349 Bonum
2770 1292 2866 1348 tibi
2899 1290 3155 1361 tempus:
3180 1289 3271 1360 qui
3303 1289 3535 1344 aderant

1957 1389 2094 1460 apud
2121 1404 2179 1444 se
2211 1388 2481 1442 ridebant.
2535 1385 2633 1441 Ille
2679 1400 2809 1440 vero
2854 1384 2987 1438 dicit
3038 1383 3162 1439 eis:
3196 1380 3293 1436 Est
3352 1394 3533 1435 sermo

1959 1481 2279 1551 Scriptum,
2312 1492 2345 1533 ο
2376 1476 2576 1532 fratres
2611 1492 2626 1531 :
2657 1494 2677 1528 ι
2711 1474 2790 1530 Ne
2842 1473 3108 1544 responde
3161 1474 3326 1527 stulto
3377 1470 3532 1539 juxta

1957 1571 2244 1628 stultitiam
2271 1584 2421 1625 suam
2444 1569 2541 1622 ³³.»
2570 1566 2628 1622 Si
2654 1566 2901 1630 dixisset,
2926 1563 3162 1620 Benedic
3184 1561 3531 1626 :audivisset,

1958 1664 2219 1719 Dominus
2251 1672 2304 1719 te
2325 1661 2629 1728 benedicet,
2667 1660 2812 1714 sicut
2872 1655 3278 1712 consuevimus.
3309 1654 3425 1723 Ipse
3452 1659 3536 1707 est

1956 1757 2123 1818 enim,
2165 1755 2257 1825 qui
2292 1756 2549 1811 honorem
2585 1768 2682 1823 per
2703 1767 2831 1808 suos
2888 1765 3075 1807 servos
3109 1750 3162 1803 in
3195 1763 3253 1802 se
3309 1747 3530 1816 accipit,

1879 1872 1929 1932 Β
1957 1861 2009 1904 et
2037 1862 2478 1919 unumquemque
2503 1853 2882 1901 remuneratur
2902 1843 3154 1898 mercede
3179 1855 3291 1896 sure
3322 1840 3530 1911 gratiae.

1954 1939 2220 2008 Quoniam
2253 1934 2432 1993 autem
2456 1938 2657 1994 bonum
2688 1937 2832 1993 diem
2863 1935 2996 1991 mihi
3028 1935 3297 2000 attribuit,
3334 1935 3378 1989 is
3405 1948 3535 1989 con-

1954 2043 2036 2090 tra
2064 2032 2275 2102 accepit
2312 2031 2509 2086 bonum
2534 2039 2768 2100 tempus.
2791 2028 2926 2084 Cum
2955 2027 3037 2085 sic
3062 2025 3392 2084 correxisset
3423 2043 3532 2082 non
3574 2100 3577 2103 Α

1953 2129 2129 2182 solum
2154 2142 2277 2183 eum
2300 2127 2389 2197 qui
2413 2124 2737 2188 oﬂ'enderat,
2760 2122 2853 2177 sed
2871 2122 3034 2179 etiam
3055 2121 3295 2192 reliquus
3318 2134 3532 2185 omnes,

1955 2222 2097 2277 intro
2126 2222 2427 2292 ingressus,
2466 2234 2651 2275 rursus
2681 2216 2849 2275 siluit.

2016 2474 2462 2554 LX.'Servatoris
2489 2503 2668 2549 autem
2702 2490 2870 2548 nostri
2903 2489 3029 2546 Jesu
3056 2489 3255 2543 Christi
3290 2503 3449 2559 opem
3483 2488 3532 2543 ei

1957 2591 2168 2647 ferente
2201 2590 2397 2661 gratia,
2431 2586 2587 2643 multi
2610 2583 2929 2641 daemoniaci
2960 2583 3026 2637 ad
3059 2597 3185 2638 eum
3224 2578 3534 2647 veniebant,

1957 2700 2052 2741 sua
2087 2684 2301 2755 quidem
2339 2691 2533 2753 sponte
2561 2695 2614 2735 et
2639 2694 2733 2749 per
2750 2694 2809 2735 se
2830 2684 3137 2747 quaerentes
3172 2673 3534 2731 curationem.

1957 2776 2105 2845 Quos
2129 2774 2346 2846 quidem
2372 2771 2492 2829 oleo
2521 2779 2833 2826 sanctarum
2887 2767 3243 2837 reliquiarum
3272 2764 3535 2834 irrigans,

1957 2878 2322 2942 quartumque
2364 2875 2419 2921 et
2472 2863 2802 2919 Parasceves
2857 2860 2998 2916 diem
3056 2859 3296 2916 maxime
3336 2857 3536 2927 iubens

1953 2961 2227 3033 jejunare,
2257 2974 2381 3013 cum
2422 2954 2671 3011 oratione
2695 2954 2906 3009 intensa
2944 2961 3001 3009 et
3026 2952 3242 3008 sincera
3284 2949 3412 3017 fide,
3441 2964 3539 3005 eu-

1958 3067 2085 3109 raus
2112 3051 2339 3106 dimisit.
2376 3049 2521 3104 Inter
2553 3061 2689 3118 quos
2723 3046 2946 3116 quidam
2982 3046 3049 3099 ab
3080 3060 3145 3100 eo
3182 3053 3309 3100 sunt
3334 3044 3537 3115 depre-

1959 3145 2138 3210 hensi,
2165 3142 2257 3214 qui
2302 3140 2477 3210 turpis
2531 3138 2668 3194 lucri
2708 3136 2880 3209 gratia
2939 3150 2998 3191 se
3040 3135 3372 3190 simulabant
3414 3148 3540 3189 esse

269 3222 426 3295 μενοι
457 3239 605 3288 τινες
628 3222 858 3294 αἰσχροῦ
892 3223 1120 3293 κέρδυς
1159 3221 1320 3294 χάριν
1362 3223 1492 3285 τοὺς
1529 3221 1852 3293 δαιμονιῶν-

1967 3236 2326 3293 dmmoniacos
2365 3247 2543 3302 :quos
2613 3230 2833 3299 quidem
2896 3224 3134 3282 Sanctus
3188 3227 3541 3281 vehementer

264 3335 368 3382 τας
395 3318 487 3373 ὑπ’
535 3319 699 3372 αὐτοῦ
754 3318 1121 3391 ἐφωράθησαν
1168 3318 1264 3371 καὶ
1297 3308 1863 3389 έπιπληκτίκωτέρως

266 3411 751 3483 κατεστύφθησαν,
799 3412 1053 3481 λέγοντος
1097 3412 1194 3465 τοῦ
1244 3414 1514 3484 μακαρίου
1538 3412 1741 3474 αὐτοῖς,
1771 3410 1856 3463 ὅτι

279 3500 347 3555 Εἰ
376 3503 451 3573 μὴ
475 3498 575 3572 ἦτε
618 3504 717 3573 τῆς
757 3503 852 3556 τοῦ
895 3505 1053 3572 ἁγίου
1085 3504 1403 3573 Πνεύματος
1455 3500 1857 3573 κατηξιωμένοι

267 3597 502 3668 δωρεᾶς,
529 3597 636 3650 ὑπὸ
662 3599 885 3651 ἀνιάτου
914 3598 1168 3668 δαίμονος
1199 3597 1264 3651 ἂν
1294 3597 1792 3669 κατεκυριεύθητει

341 3688 466 3745 ΞΜ.
512 3690 804 3761 Ἐλευθέρα
858 3690 916 3743 δέ
973 3707 1059 3753 τις
1094 3691 1442 3762 φερώνυμος.
1500 3690 1730 3760 λαμπρᾶ
1781 3687 1859 3758 τῷ

267 3781 441 3848 γένει,
482 3780 840 3853 λαμπροτέρα
871 3782 929 3835 δὲ
951 3781 1051 3848 τῆς
1075 3780 1475 3850 εύσεόεστάτης
1522 3779 1859 3853 Πουλχερίας

270 3872 705 3944 κουϐικουλαρία
746 3874 1047 3944 γεναμένη,
1095 3872 1345 3944 συνήθως
1400 3874 1671 3945 ἐρχομένη
1717 3872 1859 3944 μετά

271 3968 520 4031 πάντων,
551 3966 649 4029 τὰς
670 3966 834 4037 εὐχὰς
859 3965 1188 4037 ἐκαρποῦτο,
1209 3963 1350 4036 αὕτη
1376 3964 1540 4037 ἔρωτι
1569 3965 1701 4038 θείῳ
1716 3982 1859 4038 τρω-

271 4062 426 4113 θείσο
447 4060 547 4129 τὴν
568 4059 768 4130 ψυχὴν,
791 4059 1019 4129 λείψανα
1047 4058 1220 4129 ἀγίων
1250 4059 1564 4131 κεκτημένη
1590 4061 1859 4131 παρέθετο

272 4150 355 4224 τῷ
386 4152 642 4222 μακαρίῳ
667 4168 682 4185 ο
737 4152 933 4207 ἔπειτα
994 4152 1052 4206 δὲ
1090 4153 1357 4207 ἱκετεύειν
1408 4154 1575 4207 αὐτὸν
1602 4156 1861 4227 ἐπειρᾶτο

274 4247 368 4300 διὰ
394 4245 492 4317 τῆς
525 4247 883 4317 κατηχήσεως
913 4245 1080 4300 αὐτοῦ
1107 4245 1200 4299 τοῦ
1247 4249 1517 4318 μονήρους
1550 4247 1686 4318 βίου,
1719 4249 1858 4302 ἀπο-

275 4342 488 4396 σπάσαι
516 4340 687 4413 αὐτὴν
710 4342 820 4398 τῶν
851 4341 1054 4396 ὑλικῶν
1085 4345 1451 4414 πραγμάτων.
1503 4342 1610 4397 Τοῦ
1648 4342 1706 4396 δὲ
1741 4342 1859 4396 δια-

274 4430 462 4502 φόρως
491 4431 934 4504 ἀναϐαλλομένου
985 4435 1081 4487 καὶ
1139 4433 1443 4502 φάσκοντος
1485 4432 1749 4486 δύνασθαι
1801 4434 1860 4487 ἐν

1962 3329 2283 3401 increpavit,
2313 3327 2498 3382 dicens
2525 3344 2538 3381 :
2566 3324 2678 3378 Nisi
2715 3321 2910 3378 essetis
2943 3321 3144 3391 dignati
3175 3320 3314 3374 dono
3360 3318 3536 3373 sancti

1960 3422 2327 3493 baptismatis,
2355 3415 2778 3475 immedicabilis
2817 3412 3080 3470 dannonis
3111 3411 3418 3466 dominatus
3450 3424 3543 3465 vos

1964 3517 2251 3571 tenuisset.

2034 3699 2172 3759 LXI.
2209 3697 2472 3766 Quaedam
2513 3708 2644 3749 vero
2680 3692 2897 3747 nomine
2951 3688 3167 3760 quidem
3225 3684 3541 3749 Eleuthera,

1962 3803 2144 3848 mente
2178 3798 2357 3845 autem
2390 3783 2754 3857 splendidiore
2782 3795 2935 3837 suam
2991 3791 3263 3833 coronans
3309 3773 3543 3844 appella-

1964 3888 2188 3949 tionem,
2220 3897 2339 3953 qua:
2374 3881 2478 3953 piae
2528 3876 2777 3949 inprimis
2829 3872 3128 3928 Pulcheriae
3184 3869 3364 3926 fuerat
3393 3869 3547 3924 cubi—

1964 3978 2189 4045 cularia,
2223 3975 2435 4031 solebat
2474 3973 2541 4027 ad
2580 3985 2701 4025 eum
2732 3968 2938 4030 venire,
2980 3973 3036 4021 et
3093 3960 3217 4020 eum
3267 3963 3542 4026 omnibus,

1964 4072 2082 4141 ejus
2111 4069 2391 4125 fruebatur
2421 4062 2695 4135 precibus.
2727 4058 2831 4126 Ea,
2859 4073 2981 4114 cum
3014 4066 3157 4113 esset
3196 4054 3299 4127 ipsi
3331 4055 3547 4109 animus

1965 4162 2151 4220 divino
2211 4174 2398 4215 amore
2447 4157 2691 4219 saucius,
2751 4166 2886 4222 quas
2944 4150 3177 4206 habebat
3235 4158 3546 4203 sanctorum

1966 4255 2240 4325 reliquias,
2271 4250 2519 4322 deposuit
2576 4248 2716 4317 apud
2768 4247 3019 4301 Beatum.
3053 4242 3257 4297 Deinde
3307 4239 3551 4297 teutabat

1965 4347 2190 4416 supplex
2244 4344 2295 4400 ei
2341 4340 2692 4411 persuadere,
2749 4348 2811 4391 ut
2861 4337 2986 4391 vitae
3043 4333 3359 4388 monasticae
3386 4333 3452 4384 ab
3484 4345 3548 4384 eo

1967 4439 2234 4493 initiatam
2293 4433 2551 4488 avelleret
2599 4445 2629 4484 a
2662 4426 2989 4484 turbulentis
3021 4426 3184 4497 hujus
3236 4424 3416 4478 mundi
3450 4437 3546 4476 ne-

272 4522 458 4594 ἀγαθῇ
490 4522 735 4596 πολιτείᾳ
757 4540 816 4577 τε
845 4526 942 4580 καὶ
975 4527 1196 4597 εῦποιῖα
1230 4528 1324 4579 καὶ
1346 4527 1405 4579 ὲν
1432 4525 1507 4595 τῷ
1541 4525 1640 4597 βίῳ
1663 4525 1854 4595 εὐαρε-

1968 4530 2149 4604 gutiis.
2187 4528 2266 4584 Eo
2302 4534 2478 4582 autem
2508 4522 2674 4580 variis
2709 4521 2883 4577 modis
2906 4518 3213 4583 diﬂerentc,
3238 4526 3289 4572 et
3312 4516 3546 4580 dicente,

276 4616 427 4667 στεῖν
446 4614 524 4685 τῷ
549 4614 691 4687 Θεῷ,
722 4616 905 4689 ἐκείνη
954 4618 1054 4672 ούκ
1098 4619 1379 4672 ἐπαύσατο
1406 4618 1477 4672 δι’
1525 4617 1685 4689 ὄχλου
1715 4635 1865 4687 γινο-

277 4703 417 4775 μένη
443 4705 538 4757 τοῦ
560 4709 743 4777 τυχεῖν
765 4708 981 4764 τούτου.
1027 4709 1115 4774 Ὠς
1150 4709 1207 4762 δὲ
1236 4709 1542 4780 προσέσχεν
1575 4709 1653 4781 τῷ
1677 4708 1863 4781 διορα-’

278 4795 419 4866 τικῷ
446 4796 656 4867 ὄμματι
679 4799 781 4869 τὴν
811 4799 1007 4873 ἀκλινῆ
1041 4801 1215 4872 αὐτῆς
1242 4802 1495 4857 ἔνστασιν
1535 4802 1630 4856 καὶ
1669 4801 1863 4856 ἀνεπί-

276 4887 485 4959 ληπτον
515 4889 835 4958 κατάνυξιν,
863 4891 1083 4966 εύδοκίετι⁹
1108 4893 1203 4948 τοῦ
1237 4896 1445 4958 πάντας
1476 4894 1725 4958 θέλοντος
1752 4911 1861 4949 σω-

280 4980 442 5051 θῆναι
473 4980 632 5047 Θεοῦ,
666 4982 963 5037 ἐπένευσεν
992 4986 1022 5037 ὁ
1046 4985 1194 5047 ὅσιος
1216 4985 1312 5039 καὶ
1334 4985 1442 5039 ἀπὸ
1470 4984 1590 5049 ἑνὸς
1628 4985 1859 5055 σημείου

279 5084 339 5134 ὲν
393 5080 469 5152 τῷ
500 5082 742 5154 ἐπιπέδῳ
798 5082 1128 5154 προαστείου
1188 5084 1569 5154 τυγχάνοντοο,
1621 5081 1862 5152 τοῦνομα

278 5171 524 5243 Γυρῆτα,
592 5177 1029 5246 προσκαρτερεῖν
1078 5177 1135 5227 ὲν
1172 5176 1252 5247 τῷ
1280 5176 1419 5241 τέως
1462 5177 1766 5247 ἐπέτρεψεν
1792 5180 1859 5248 τῇ

282 5263 485 5336 μελέτῃ
530 5265 642 5318 τῶν
685 5264 846 5319 θείων
896 5265 1130 5338 Γραφῶν
1187 5269 1574 5340 σχολάζουσαν.
1647 5269 1863 5340 Ταύτης

283 5356 384 5426 μὲν
438 5355 531 5410 οὖν
593 5358 1035 5431 κατατρυφὼσης
1089 5361 1169 5433 τῷ
1222 5363 1414 5433 Κυρίῳ
1474 5363 1568 5415 καὶ
1610 5362 1864 5432 ἁσμένως

281 5449 461 5502 πάντα
524 5449 686 5504 πόνον
725 5452 1040 5522 σωματικὸν
1090 5453 1367 5527 φερούσης
1402 5454 1508 5507 ὑπὸ
1562 5456 1659 5524 τῆς
1695 5472 1862 5527 χορη-

278 5541 555 5611 γουμένης
604 5544 757 5614 παρὰ
807 5544 900 5597 τοῦ
957 5543 1094 5598 Θεοῦ
1123 5546 1203 5619 τῷ
1236 5546 1413 5618 Πατρὶ
1469 5547 1713 5617 χάριτος,
1770 5551 1864 5602 καὶ

280 5634 446 5688 ἄλλον
477 5636 914 5707 Πεντεπιτρὸπου
946 5639 1090 5703 τινὸς
1122 5639 1379 5709 σύζυγος,
1426 5642 1643 5712 Κοσμὶα
1675 5640 1863 5697 τοῦνο-

284 5744 385 5797 μα,
404 5727 829 5798 καταλειφθείσα
853 5729 1006 5801 ἠξίου
1034 5732 1196 5787 αὐτὸν
1222 5736 1339 5805 μετ’
1362 5733 1577 5807 ἐκείνης
1605 5735 1864 5808 τετάχθαι

369 5911 415 5946 ⁸³
447 5911 611 5972 Prov.
656 5929 805 5985 xxw,
836 5914 890 5971 4,

1971 4640 2115 4688 eam,
2146 4636 2205 4678 se
2225 4630 2373 4677 recte
2391 4617 2650 4691 gerendo,
2676 4621 2730 4672 el
2753 4611 3110 4671 beneﬁcentia
3134 4608 3354 4675 utendo,
3380 4608 3546 4664 etiam

1974 4718 2029 4773 in
2088 4716 2357 4771 niundana
2407 4712 2515 4767 vita
2572 4722 2733 4781 posse
2789 4704 3003 4777 placere
3031 4703 3279 4767 Domino,
3312 4699 3400 4754 illa
3442 4712 3550 4754 non

1971 4808 2223 4867 cess-ibat
2251 4807 2300 4864 ei
2321 4804 2597 4876 negotium
2629 4801 2909 4865 exhibere,
2933 4804 2990 4851 ut
3015 4798 3118 4850 hoc
3140 4797 3549 4863 assequeretur.

1970 4905 2264 4974 Postquam
2289 4914 2416 4954 vero
2434 4895 2736 4968 perspicaci
2755 4891 2913 4948 oculo
2937 4886 3316 4944 animadvertit
3338 4884 3547 4939 firmam

1969 5008 2024 5055 et
2053 4992 2385 5050 immobilem
2417 4987 2533 5058 ejus
2568 4983 2949 5045 constantiam,
3001 4988 3055 5036 et
3107 4991 3226 5047 qum
3274 4985 3551 5057 nunquam

1971 5088 2276 5151 deﬁciebat,
2307 5079 2798 5152 compnnctionem,
2838 5074 3112 5141 voluntate
3166 5067 3282 5146 Dei,
3311 5066 3401 5138 qui
3443 5064 3556 5117 vult

1969 5195 2164 5239 omnes
2231 5192 2352 5233 esse
2405 5175 2603 5237 salvos,
2663 5167 2854 5225 annuit
2898 5164 3153 5226 Sanctus,
3181 5171 3236 5218 et
3278 5161 3328 5214 in
3361 5171 3554 5227 campo

1971 5269 2297 5337 suburbani,
2321 5269 2411 5341 qui
2445 5265 2676 5322 distabat
2708 5260 2851 5315 circa
2881 5270 3047 5310 unum
3080 5251 3418 5314 milliarium,
3451 5263 3551 5301 noo

1973 5363 2116 5418 mine
2154 5355 2561 5433 Cyreta,jussit
2613 5351 2821 5407 interea
2873 5359 3226 5418 perseverare
3263 5351 3543 5395 vacantem

1980 5453 2319 5512 meditationi
2382 5448 2690 5506 divinarum
2744 5441 3172 5513 Scripturarmn.
3220 5435 3393 5504 Atque
3454 5434 3556 5486 hac

1977 5547 2196 5618 quidem
2239 5560 2298 5601 se
2326 5543 2378 5597 in
2410 5539 2640 5595 Domino
2662 5533 3061 5605 iucundissima
3119 5523 3369 5596 explente
3405 5520 3556 5576 volu-

1977 5614 2149 5712 ptate,
2177 5647 2230 5693 et
2262 5648 2477 5691 omnem
2515 5631 2754 5686 laborem
2789 5625 3032 5695 corporis
3075 5619 3308 5676 libenter
3349 5614 3557 5671 ferente

1977 5736 2047 5793 ob
2076 5732 2304 5807 gratiam
2346 5744 2467 5803 quae
2500 5743 2528 5783 a
2566 5724 2678 5782 Deo
2736 5723 2897 5778 l’atre
2958 5718 3006 5775 ei
3060 5712 3508 5793 suppeditabatur
3540 5726 3555 5764 :
