3820 6470
277 401 408 468 1m

1470 404 1752 464 MENSIS
1782 403 2298 467 FEBRUARIUS.

3399 404 3541 470 N32

265 511 464 580 coanjux
501 522 717 580 quoque
750 507 976 564 alterius
1005 510 1288 581 cujusdam
1311 509 1677 582 Pantepitropi
1711 512 1846 582 (Η),

1972 511 2054 581 ςῆς
2084 513 2289 583 φθορᾶς
2321 512 2662 566 ἀποστᾶσαν.
2700 510 2787 575 Ὠς
2823 512 2881 566 δὲ
2906 513 2998 569 διὰ
3028 513 3300 568 πλείστων
3333 533 3545 587 παραι-

269 603 489 657 nomine
543 601 782 665 Cosmia,
837 602 1110 657 accedens
1147 602 1370 671 rogabat
1420 617 1568 667 eum,
1602 617 1724 657 cum
1756 602 1846 658 illa

268 697 544 750 locaretur
581 695 841 750 recedens
874 710 902 748 a
935 696 1301 764 corruptione.
1332 695 1470 751 Cum
1507 705 1686 751 autem
1726 695 1846 764 plu-

270 788 424 843 rimis
459 787 921 844 admonitionibus
941 802 1046 842 non
1071 788 1337 857 potuisset
1369 789 1416 844 ei
1443 790 1764 854 persuadere
1793 796 1851 842 ut

274 882 471 936 marito
496 880 936 952 coniungeretur,
973 881 1096 953 ejus
1125 897 1341 952 quoque
1374 881 1699 937 necessariis
1729 895 1848 934 eam

271 987 395 1025 eum
452 971 618 1026 minis
673 971 740 1026 ad
790 972 840 1025 id
907 973 1280 1036 incitautilms,
1325 987 1499 1040 neque
1551 971 1850 1041 quidquam

277 1062 708 1132 proﬁcientibus,
734 1073 956 1134 propter
991 1063 1409 1136 insuperabilem
1447 1065 1566 1136 ejus
1597 1065 1649 1120 in
1683 1049 1850 1120 Deum

273 1171 516 1210 amorem
549 1173 563 1210 :
591 1155 645 1210 id
697 1157 1138 1214 animadverteris
1204 1155 1458 1220 Sanctus.
1495 1158 1659 1226 jussit
1713 1156 1853 1211 lianc

273 1263 493 1318 quoque
521 1249 726 1303 versari
753 1263 874 1304 cum
916 1251 1114 1319 priore.
1153 1248 1472 1317 Quinetiam
1511 1266 1648 1305 uxor
1671 1249 1854 1317 cujus-

273 1341 397 1394 dam
423 1341 703 1396 nutritoris
735 1339 995 1408 ferarum,
1019 1344 1272 1397 omnibus
1294 1342 1521 1406 relictis,
1546 1358 1700 1398 suam
1729 1341 1851 1398 exi-

275 1442 408 1494 gens
463 1429 714 1494 salutem,
738 1432 962 1500 rogabat
990 1431 1248 1487 Sanctum
1279 1447 1348 1487 ne
1375 1447 1495 1488 eam
1527 1432 1842 1501 expelleret.

277 1519 451 1584 Quam
488 1533 608 1575 cum
641 1522 776 1578 satis
811 1522 1152 1590 instituisset,
1182 1531 1241 1578 nt
1277 1524 1707 1595 llerettemplnm
1736 1526 1854 1590 Dei,

280 1612 554 1676 quomodo
583 1613 821 1668 Ostendit
848 1615 964 1682 ejus
995 1615 1126 1678 vita,
1166 1631 1284 1685 quae
1324 1625 1507 1686 postea
1554 1627 1636 1672 est
1658 1633 1854 1672 conse-

280 1710 426 1768 uitta,
463 1703 616 1772 jubet
639 1720 756 1760 eam
789 1707 1022 1760 admitti.
1046 1705 1162 1762 Non
1195 1708 1362 1762 multo
1389 1719 1512 1779 post
1549 1719 1730 1764 autem
1763 1709 1857 1764 dat

281 1793 359 1846 eis
378 1793 619 1850 habitum
636 1796 702 1851 ad
726 1799 1163 1855 exercitationem
1186 1801 1340 1870 plane
1353 1802 1854 1856 accommodatum:

1954 603 2154 656 νέσεων
2191 606 2374 656 πεῖσαι
2427 603 2598 674 αὐτὴν
2647 604 2747 656 οὐκ
2778 605 2994 674 ίσχυσεν
3026 606 3121 659 ἐπὶ
3163 609 3230 676 τῇ
3259 609 3542 679 συναφείᾳ

1953 694 2046 746 τοῦ
2092 694 2303 764 ἀνδρὸς,
2357 694 2514 748 τοῦτο
2551 694 2790 748 καὶτῶν
2843 696 3059 750 οίκείων
3088 698 3539 752 ἑπαπειλούντων

1955 785 2093 858 αὑτῇ
2119 787 2215 841 καὶ
2251 787 2418 858 μηδεν
2452 787 2746 853 ἀνυόντων,
2791 788 3090 852 ἀνενδότως
3123 788 3203 860 τῷ
3231 789 3372 860 πρὸς
3401 788 3541 844 Θεὸν

1957 879 2126 948 πόθῳ.
2157 877 2329 949 ταύτῃ
2353 878 2604 949 προσχὼν
2629 880 2656 932 ὁ
2684 879 2976 950 μακάριος,
3003 882 3241 932 συνεῖναι
3277 881 3415 949 μετά
3435 880 3541 950 τῆς

1957 971 2229 1042 προτέρας
2259 973 2352 1024 καὶ
2386 971 2590 1042 ταύτην
2615 971 2936 1044 ἐπέτρεψεν.
2996 972 3160 1025 Ἀλλά
3194 972 3289 1025 καὶ
3335 971 3540 1042 Θηριοο

1955 1063 2156 1133 τρόφου
2189 1063 2333 1127 τινὸς
2361 1064 2497 1133 γυνὴ
2529 1063 2742 1118 ἅπαντα
2769 1063 3142 1118 καταλιποῦσα
3165 1066 3256 1119 καὶ
3276 1065 3376 1136 τὴν
3410 1067 3541 1118 ἑαυ-

1957 1153 2057 1222 τῆς
2091 1155 2362 1224 σωτηρίαν
2391 1153 2679 1220 eam-.05“
2712 1155 2866 1224 ἠξίου
2893 1155 2984 1208 τὸν
3017 1157 3165 1210 ὅσιον
3191 1157 3266 1226 μὴ
3300 1155 3541 1209 ἀποϐάλο

1958 1245 2145 1299 λεσθαι
2173 1247 2366 1316 αὐτήν.
2401 1246 2504 1301 ἸΙν
2537 1247 2740 1311 ἱκανῶς
2783 1249 3104 1318 κατηχήσας
3135 1248 3356 1318 πρῶτον
3408 1249 3539 1300 ναὸν

1957 1338 2051 1392 τοῦ
2080 1337 2216 1391 Θεοῦ
2251 1338 2528 1406 γενέσθαι,
2554 1340 2805 1411 καθάπερ
2837 1342 2928 1393 καὶ
2974 1342 3003 1394 ὁ
3057 1341 3196 1410 μετὰ
3222 1339 3399 1393 ταῦτα
3425 1338 3538 1408 βίος
3625 1386 3628 1388 ,

1959 1427 2261 1492 ἀπίδειξεν,
2317 1427 2661 1498 εἰσδεχθῆναι
2681 1430 2917 1484 κελεύει.
2947 1431 3081 1485 Μετ’
3120 1431 3182 1484 οὐ
3208 1430 3345 1482 πολὺ
3377 1427 3541 1481 didm-

1961 1538 2044 1575 σιν
2071 1521 2278 1585 αὑταῖς
2302 1521 2491 1592 σχῆμα
2527 1522 2697 1587 ὅντως
2752 1524 3055 1595 ἀσκητικὸν
3092 1523 3353 1596 τριχίνοις
3380 1521 3542 1591 χιτῶο

1961 1632 2045 1668 σιν
2094 1614 2263 1677 αὐτὰς
2299 1615 2688 1686 μεταμφιάσας
2741 1618 2840 1671 καὶ
2885 1615 3221 1688 ὠμοφορίοις
3275 1613 3540 1684 μεγάλοις

1958 1706 2101 1759 τισὶν
2150 1705 2225 1769 ὡς
2281 1707 2650 1762 δυσωπεῖσθαί
2682 1726 2804 1762 τινα
2858 1710 2955 1764 καὶ
3007 1709 3165 1778 μόνον
3199 1707 3412 1778 ὁρῶντα
3439 1703 3539 1774 τὴν

1960 1796 2232 1867 τοσαύτην
2267 1799 2576 1868 κατήφειαν
2610 1799 2802 1870 (οὔπω
2834 1799 2943 1868 γὰρ
2991 1793 3058 1868 ἦν
3092 1799 3151 1850 ὲν
3177 1797 3290 1858 τοῖς
3345 1793 3541 1862 μέρεσι

283 1893 342 1937 ιιι
390 1886 483 1955 qui
535 1889 733 1945 tunicis
771 1906 836 1945 ex
872 1891 998 1961 pilis
1047 1893 1320 1948 contextis
1382 1909 1476 1950 eas
1521 1893 1779 1958 induerit,
1811 1900 1863 1947 et

1972 1891 2174 1954 τούτοις
2204 1891 2391 1962 σχῆμα
2419 1892 2656 1946 τοιοῦτον
2688 1893 2908 1946 πώποτε
2937 1891 3148 1961 φανέν).

283 1981 496 2051 magnis
531 1982 856 2054 quibusdam
888 1985 1105 2056 palliis:
1145 1987 1279 2042 adeo
1308 1996 1366 2042 ut
1407 1997 1751 2044 revereretur
1781 1983 2070 2056 quispiam,
2105 1984 2186 2038 vel
2259 1985 2432 2040 solum
2473 1987 2658 2042 videns
2709 1995 2912 2040 tantam
2938 1985 3237 2040 tristitiam.
3291 1982 3540 2040 Nondum

282 2075 427 2130 enim
463 2077 516 2131 in
555 2076 641 2132 bis
685 2078 932 2143 partibus
982 2079 1108 2135 talis
1163 2095 1399 2151 unquam
1440 2080 1658 2138 habitus
1692 2086 2032 2150 apparuerat.

1769 2232 1998 2288 CAPUT
2045 2232 2113 2286 Χ.

393 2345 776 2402 Manasterium
797 2347 1279 2402 sanctimonialium
1321 2349 1684 2402 constitutum.
1731 2347 2356 2472 Adgortatiooddvirtute
2397 2349 2676 2402 castitatis.
2734 2346 2919 2402 Obitus
2961 2358 3008 2401 et
3048 2346 3318 2415 sepultura
3370 2344 3430 2401 S.

1851 2430 2076 2472 uxenm.

1851 2430 2076 2475 uxenm.

363 2537 521 2594 LXII.
549 2537 815 2608 Deinceps
842 2550 970 2608 ergo
1011 2538 1079 2592 ab
1109 2550 1173 2590 eo
1208 2544 1448 2606 tempore
1472 2536 1591 2592 alia:
1642 2537 1863 2606 quidem

291 2627 359 2683 ad
402 2643 521 2682 eam
553 2642 666 2682 rem
700 2625 1029 2681 accedebant
1059 2642 1073 2681 :
1101 2625 1218 2679 alia:
1261 2625 1502 2694 quidem,
1537 2641 1657 2696 quae
1683 2626 1752 2681 ab
1778 2627 1867 2679 in-

292 2721 483 2790 genuis
504 2720 914 2776 adducebantur
937 2719 1254 2788 parentibus
1279 2720 1346 2773 ad
1375 2720 1676 2775 custodiam
1703 2718 1866 2789 virgi-

290 2810 534 2878 ginitatis
565 2829 580 2865 :
606 2811 725 2869 alim
753 2819 957 2878 autem,
1000 2810 1213 2866 theatro
1237 2819 1288 2864 et
1312 2825 1473 2865 scena
1498 2809 1722 2871 relictis,
1751 2809 1868 2864 dia-

292 2901 418 2954 bolo
473 2903 868 2969 renuntiantes,
921 2910 975 2957 et
1005 2900 1222 2957 Christo
1271 2918 1393 2956 cum
1426 2918 1622 2972 magno
1656 2901 1783 2956 ﬂetu
1815 2912 1871 2957 et

290 2991 565 3048 laboriosa
615 2992 1002 3050 lamentatione
1052 3010 1110 3050 se
1162 2995 1590 3064 coniungentes:
1624 2997 1760 3050 adeo
1811 3004 1870 3050 ut

295 3081 444 3137 brevi
486 3092 728 3151 tempore
768 3093 1120 3156 congregata.r
1159 3085 1271 3141 sint
1315 3084 1599 3156 plusquam
1650 3094 1869 3155 septua-

295 3172 463 3241 ginta,
485 3184 532 3228 et
561 3174 630 3230 de
650 3186 846 3231 czetero
865 3175 1305 3246 jusseritBeatus
1330 3177 1548 3233 domum
1571 3179 1864 3234 oratoriam

295 3266 376 3319 eis
400 3266 690 3321 aediﬁcare.
723 3267 875 3322 Citra
927 3267 1091 3322 ullam
1145 3283 1276 3324 vero
1325 3268 1778 3325 intermissionem
1813 3271 1866 3325 in

295 3355 382 3410 die
419 3353 745 3412 Paraseeves
773 3366 827 3413 et
859 3357 911 3413 in
956 3359 1043 3413 die
1098 3360 1379 3417 Dominico
1428 3376 1522 3416 eas
1558 3377 1865 3427 accersens,

296 3457 350 3501 et
378 3448 445 3502 de
475 3447 785 3517 virginitate
838 3460 894 3504 et
917 3451 1172 3519 pudicitia
1201 3452 1280 3508 eis
1305 3453 1471 3507 verba
1518 3454 1744 3517 faciens,
1777 3469 1865 3509 ro-

2034 2535 2152 2590 EB'.
2191 2538 2286 2590 Ἐκ
2316 2536 2435 2590 τότε
2465 2531 2558 2590 οὖν
2589 2536 2684 2588 καὶ
2714 2535 2901 2604 ιτεραι
2921 2533 3109 2587 λοιπον
3144 2532 3442 2606 προσίεσαν

1967 2629 2276 2698 πράγματι,
2317 2627 2373 2679 ai
2409 2627 2508 2696 μὲν
2533 2625 2641 2679 ὑπὸ
2684 2623 2923 2692 εὐγενῶν
2956 2625 3158 2692 γονέων
3198 2625 3288 2676 ἐπὶ
3325 2620 3541 2695 φυλακῇ

1964 2718 2065 2784 τῆς
2113 2716 2414 2788 παρθενίας
2475 2713 2911 2786 προσαγόμεναι,
2961 2715 3015 2765 αἱ
3057 2713 3114 2766 δὲ
3169 2713 3232 2766 ἐκ
3299 2717 3398 2784 τῆς
3431 2715 3545 2766 τῶν

1970 2811 2215 2880 θεάτρων
2244 2808 2467 2876 πομπῆς
2495 2806 2573 2878 τῷ
2621 2806 2852 2875 διαϐόλῳ
2883 2804 3348 2876 ἀποτασσόμεναι,
3385 2805 3461 2868 ὡς
3490 2807 3546 2859 ἐν

1966 2901 2131 2972 ὀλίγῳ
2159 2900 2335 2971 καιρῷ
2363 2899 2501 2971 ὑπὲρ
2524 2899 2621 2956 τὰς
2675 2898 3048 2968 ἑῦδομήκοντα
3089 2897 3423 2966 συναχθῆναι
3452 2898 3548 2950 καὶ

1967 2995 2154 3048 λοιπὸν
2189 2991 2576 3064 προτραπῆναι
2627 2991 2720 3045 τὸν
2752 2991 3021 3060 μακάριον
3077 2989 3362 3059 εὐκτήριον
3395 2983 3549 3041 οἶκον

1967 3089 2162 3150 αὐταῖς
2184 3085 2562 3156 οἰκοδεμῆσαι.
2594 3083 3046 3155 ’Δπαραλείπτως
3068 3078 3161 3137 οὖν
3188 3081 3334 3136 κατά
3360 3097 3545 3150 παραυ

1970 3181 2172 3251 σκευὴν
2223 3184 2318 3234 καὶ
2370 3177 2647 3249 κυριακην
2692 3175 3186 3246 μεταστελλόμενος
3244 3173 3417 3236 αὑτὰς
3450 3172 3544 3226 καὶ

1966 3276 2057 3330 τὸν
2080 3277 2178 3344 τῆς
2213 3271 2517 3343 παρθενίας
2551 3270 2646 3324 καὶ
2691 3269 3046 3340 σωςροσύνης
3095 3269 3254 3336 λόγον
3289 3265 3544 3335 εἰσηγού-

1975 3384 2135 3440 μενος
2192 3365 2493 3437 παρεκάλει
2525 3362 2796 3417 νουθετῶν
2827 3363 2923 3416 καὶ
2978 3360 3182 3414 πείθων
3207 3358 3382 3429 λήθην
3409 3374 3550 3410 atav-

1976 3458 2104 3528 τελῆ
2135 3456 2465 3520 ποιήσασθαι
2493 3455 2602 3508 τῶν
2631 3452 2724 3506 τοῦ
2759 3452 2874 3522 βίου
2904 3450 3176 3522 τερπνῶν,
3205 3449 3282 3512 ὡς
3314 3463 3548 3519 τερπνοο

298 3539 460 3608 gabat
488 3555 604 3605 eas,
657 3517 955 3598 admonens
979 3551 1030 3598 et
1086 3545 1166 3600 eis
1196 3546 1556 3614 persuadens,
1591 3553 1648 3600 ut
1674 3545 1863 3601 oblivi-

1978 3517 2151 3620 τέρων
2206 3517 2302 3602 καὶ
2345 3543 2697 3615 ἀσυγκρίτων
2734 3517 2904 3596 ὅντων
2957 3517 3067 3595 ⁴τῶν
3097 3543 3154 3594 ὲν
3196 3517 3553 3607 ἐπαγγελίαις

297 3642 578 3688 scerentur
618 3634 860 3688 omnium
893 3649 1012 3702 quae
1040 3623 1242 3692 suntin
1276 3637 1384 3692 vita
1406 3635 1666 3704 jucunda,
1687 3646 1873 3708 utpote

296 3723 442 3793 quod
469 3725 577 3780 sint
613 3724 943 3794 jucundiora
988 3736 1042 3781 et
1073 3728 1521 3798 incomparabilia
1554 3729 1718 3795 bona,
1753 3743 1872 3800 quae

297 3828 425 3873 sunt
477 3818 534 3874 in
607 3819 1064 3889 promissionibus
1095 3841 1107 3876 :
1139 3829 1193 3876 et
1252 3837 1322 3878 ne
1389 3823 1796 3878 attralierentnr
1841 3835 1872 3875 a

297 3909 480 3964 carnis
511 3908 898 3980 voluptatibus.
931 3908 1066 3964 Nam
1096 3909 1199 3965 etsi
1244 3911 1404 3968 nobis
1427 3913 1495 3968 ad
1545 3913 1666 3983 conj
1680 3911 1867 3979 ugium

299 4011 549 4057 naturam
585 4004 729 4059 dedit
752 4005 997 4068 Creator,
1021 4020 1120 4060 nos
1148 4020 1335 4062 rursus
1361 4005 1618 4074 dignatus
1647 4017 1730 4062 est
1754 4021 1871 4062 me-

296 4093 417 4148 liori
449 4093 722 4158 instituto,
754 4106 811 4148 ut
840 4095 986 4151 bono
1011 4096 1064 4150 id
1095 4098 1238 4166 quod
1261 4105 1345 4152 est
1389 4098 1578 4153 melius
1614 4100 1873 4170 praefera-

299 4200 440 4240 mus.
462 4183 568 4238 Pro
589 4185 820 4240 naturali
844 4202 1077 4258 namque
1097 4189 1463 4256 matrimonio,
1488 4191 1541 4246 in
1573 4206 1683 4262 quo
1707 4192 1872 4248 situm

300 4285 403 4340 est,
425 4293 444 4328 ι
470 4274 1220 4345 Cresciteetmultiplicamini
1242 4281 1507 4351 etreplete
1534 4291 1731 4337 terram
1752 4283 1816 4351 “,
1849 4303 1869 4338 ι

297 4369 588 4438 opponitur
609 4368 846 4433 viduitas
874 4379 928 4424 et
953 4370 1160 4428 orbitas
1186 4371 1476 4429 liberorum
1505 4381 1596 4431 :et
1626 4391 1724 4447 pro
1747 4390 1876 4432 con-

297 4462 548 4516 versione
579 4463 644 4516 ad
671 4465 848 4516 virum
878 4479 1000 4518 cum
1030 4465 1295 4520 servitute
1326 4466 1652 4523 intolerabili
1685 4470 1874 4540 mysti-

298 4568 390 4606 cas
429 4562 485 4606 et
510 4552 878 4620 admirabiles,
905 4563 956 4608 et
993 4552 1048 4608 in
1102 4569 1241 4625 quas
1269 4570 1375 4610 non
1425 4557 1570 4612 cadit
1616 4559 1874 4629 viduitas,

303 4645 524 4714 nuptias
569 4645 856 4717 eligamus,
907 4661 1111 4717 sponso
1154 4648 1288 4702 uniti
1332 4648 1647 4719 immortali,
1699 4654 1871 4711 forma

197 4771 202 4774 -
296 4737 542 4803 specioso
557 4752 665 4806 pra:
681 4737 808 4793 ﬁliis
822 4739 1124 4794 hominum.
1145 4738 1508 4805 Quamobrem
1527 4758 1631 4797 non
1658 4754 1875 4814 Oportet

1975 3640 2201 3707 ἀγαθῶν
2227 3639 2322 3693 καὶ
2370 3639 2445 3709 μὴ
2476 3633 2888 3706 κατασύρεσθαι
2919 3635 3038 3696 ταῖς
3071 3634 3169 3702 τῆς
3203 3631 3408 3702 σαρκὸς
3441 3629 3556 3696 ἡδο-

1979 3738 2117 3798 ναῖς.
2143 3733 2204 3787 Ei
2234 3734 2343 3803 γὰρ
2364 3733 2455 3785 καὶ
2472 3729 2634 3800 φύσιν
2662 3729 2796 3800 ἡμῖν
2829 3727 2925 3782 ἐπὶ
2946 3727 3038 3782 τδν
3062 3726 3239 3796 γάμον
3271 3727 3298 3778 ὁ
3323 3723 3552 3792 ποιητὴς

1976 3828 2310 3897 ἑδωρήσατο,
2358 3823 2494 3878 ἀλλὰ
2526 3821 2900 3894 προαιρέσεως
2956 3821 3104 3891 ἡμᾶς
3138 3819 3302 3872 πάλιν
3337 3817 3556 3883 ἀμεινοο

1975 3919 2140 3989 τέρας
2176 3915 2408 3986 ἠξίωσεν
2435 3915 2469 3985 ἠ
2493 3910 2588 3966 τοῦ
2626 3911 2794 3967 καλοῦ
2836 3912 2897 3965 τὸ
2926 3911 3146 3966 κάλλιον
3176 3907 3550 3977 προτιμήσαν-

1977 4026 2105 4074 τος·
2129 4008 2250 4063 ἀντί
2284 4008 2382 4078 μὲν
2412 4008 2594 4078 γάμου
2621 4003 2878 4076 φυσικοῦ,
2903 4002 2988 4071 ἐφ’
3019 3997 3063 4070 ᾧ
3088 4003 3266 4054 κεῖται
3295 3999 3373 4062 τὸ,
3412 4017 3429 4049 ι
3451 3997 3555 4050 Αὑ-

1981 4099 2228 4168 ξάνεσθε,
2257 4099 2352 4154 καὶ
2382 4097 2747 4169 πληθύνεσθε,
2777 4097 2873 4150 καὶ
2899 4092 3229 4164 πληρώσατε
3264 4091 3362 4160 τὴν
3396 4089 3549 4158 γῆνοι

1977 4194 2053 4258 ὡς
2087 4193 2144 4249 δὲ
2175 4194 2478 4248 ἀντίκειται
2505 4191 2702 4263 χηρεία
2734 4189 2829 4244 καὶ
2867 4186 3132 4242 ἀπαιδεία
3180 4185 3274 4238 καὶ
3309 4182 3442 4254 πρὸς
3467 4179 3556 4233 τὸν

1978 4285 2148 4356 ἄνδρα
2199 4283 2522 4354 ἀποστροφὴ
2585 4282 2724 4353 μετά
2768 4279 2870 4348 τῆς
2901 4277 3232 4331 ἀνυποίστου
3292 4271 3554 4336 δουλείας,

1977 4382 2156 4452 γάμον
2184 4379 2445 4452 μυστικὸν
2475 4378 2572 4432 καὶ
2593 4375 2898 4447 παράδοξον
2918 4374 3015 4427 καὶ
3043 4371 3350 4441 ἀχήρευτον
3372 4365 3555 4420 ἐπιλε-

1976 4472 2189 4542 γόμεθα
2218 4472 2441 4542 νυμφίῳ
2479 4469 2737 4538 ἀθανάτῳ
2768 4465 3070 4535 ἐνούμενοι,
3119 4461 3310 4532 ὡραίῳ
3371 4456 3558 4511 κάλλει

1983 4564 2132 4636 παρά
2162 4565 2285 4628 τοὺς
2309 4563 2459 4625 υἱοὺς
2483 4561 2592 4615 τῶν
2623 4558 2952 4631 ἀνθρώπων.
2983 4556 3074 4610 Διδ
3111 4555 3170 4609 οὐ
3209 4554 3318 4624 χρὴ
3351 4550 3558 4620 ἀφορᾷ-θ

1978 4657 2117 4727 πρὸς
2147 4655 2306 4711 ἄλλον
2353 4655 2460 4709 τῶν
2509 4655 2603 4708 ἐπὶ
2656 4652 2759 4722 γῆς
2803 4651 3046 4721 ὡραίων,
3100 4649 3176 4712 ὡς
3226 4644 3558 4714 ὡραιότητος

1978 4747 2313 4820 ὼραιοτέρας
2345 4749 2437 4802 τοῦ
2468 4747 2599 4801 Υίοῦ
2627 4745 2719 4800 τοῦ
2743 4744 2878 4798 Θεοῦ
2924 4743 3000 4814 μὴ
3022 4740 3215 4810 οὔσης.
3255 4737 3320 4791 Ἦ
3357 4736 3414 4790 δὲ
3465 4733 3560 4788 καὶ

298 4828 496 4882 intueri
552 4830 618 4882 ad
675 4829 863 4894 alium,
911 4831 1002 4899 qui
1038 4830 1112 4885 sit
1143 4833 1192 4885 in
1250 4841 1392 4886 terra
1418 4837 1712 4906 speciosus,
1747 4855 1863 4896 cum

1981 4843 2212 4906 πλοῦτος
2241 4839 2336 4895 καὶ
2361 4841 2488 4906 δόξα
2512 4840 2570 4907 ἐξ
2590 4839 2782 4910 ἀνδρὸς
2814 4837 3103 4908 γενήσεται
3140 4830 3469 4902 περιφανής.
3494 4827 3560 4882 Τί

297 4917 420 4972 Fdii
465 4919 556 4975 Dei
585 4921 766 4990 specie
797 4935 906 4976 non
939 4923 1012 4976 sit
1041 4921 1148 4978 alia
1175 4925 1488 4992 speciosior.
1523 4929 1577 4983 Si
1605 4939 1784 4986 autem
1818 4941 1874 4988 et

298 5012 500 5064 divitia:
539 5021 594 5064 et
631 5012 844 5082 insigne
895 5026 1275 5070 ornamentum
1311 5036 1338 5071 a
1379 5021 1572 5076 marito
1606 5026 1870 5092 procedit,

297 5105 426 5173 quid
460 5117 528 5157 eo
557 5104 744 5170 ditius,
798 5104 890 5175 qui
923 5113 1006 5161 est
1059 5108 1180 5163 cteli
1216 5117 1272 5163 et
1307 5120 1461 5166 terra:
1501 5111 1784 5179 Dominus,
1819 5127 1873 5171 et

296 5198 504 5260 praebet
534 5193 782 5262 spiritum
811 5205 864 5249 et
893 5195 1100 5251 vitam?
1130 5196 1187 5252 Si
1213 5213 1338 5253 vero
1364 5214 1598 5269 sponsus
1617 5213 1702 5256 est
1721 5203 1872 5258 claro

297 5299 497 5352 genere
530 5293 709 5350 natus,
741 5286 867 5354 quid
917 5299 1002 5346 est
1040 5289 1186 5360 Rege
1220 5291 1532 5358 angelorum
1566 5295 1766 5352 clarius
1813 5308 1870 5352 et

296 5374 626 5444 gloriosius?
672 5378 728 5432 Si
761 5386 939 5432 autem
980 5391 1063 5436 est
1094 5381 1312 5450 sapiens
1357 5394 1411 5438 et
1447 5385 1872 5458 circumspectus

297 5465 513 5537 conjux,
561 5470 691 5540 quid
750 5479 832 5525 est
897 5471 1192 5539 sapientius
1228 5474 1433 5544 Opiﬁce
1467 5478 1728 5547 omnium,
1761 5489 1870 5536 tam

375 5605 422 5638 “
445 5603 587 5661 Gen.
620 5623 656 5669 ι,
700 5608 784 5662 l8.

1974 4935 2384 5003 πλουσιώτερον
2419 4931 2514 4986 τοῦ
2545 4931 2903 4994 δεσπόζοντος
2929 4925 3163 4997 οὐρανοῦ
3201 4926 3298 4978 καὶ
3331 4925 3436 4992 γῆς
3465 4921 3560 4976 καὶ

1973 5028 2306 5100 παρέχοντος
2329 5027 2499 5098 πνοὴν
2522 5027 2614 5079 καὶ
2636 5025 2781 5096 ζωήν
2801 5043 2815 5090 ;
2843 5025 2905 5078 Εἰ
2927 5023 2982 5076 δὲ
3005 5024 3099 5077 καὶ
3121 5020 3315 5088 γένους
3345 5016 3557 5081 ἐνδόξου

1972 5125 2000 5178 ὁ
2036 5122 2290 5192 νυμφίος,
2320 5119 2376 5174 τί
2416 5118 2684 5190 βασιλέως
2708 5117 2957 5186 ἀγγέλων
2987 5114 3370 5183 ἑνδοξότερονς
3411 5109 3472 5161 Εἰ
3501 5107 3558 5160 δὲ

1976 5216 2139 5284 σοφὸς
2162 5213 2255 5267 καὶ
2279 5213 2641 5286 περίϐλεπτος
2678 5215 2706 5266 ό
2730 5210 3000 5272 σύνοικος,
3037 5207 3089 5262 τί
3133 5203 3443 5274 σοφώτερον
3461 5195 3558 5252 τοῦ

1979 5309 2198 5364 πάντων
2232 5307 2447 5377 ὁρατῶν
2481 5307 2576 5362 καὶ
2630 5304 2878 5372 ἀοράτων
2927 5296 3292 5372 Δημιουργοῦ,
3348 5287 3410 5348 οὗ
3438 5307 3561 5344 συνο

1981 5401 2143 5469 ἀφεια
2177 5402 2292 5466 ταῖς
2317 5399 2498 5454 αὐτῶν
2524 5396 2974 5470 μνηστευθείσαις
2999 5393 3146 5464 χαρά
3167 5387 3558 5454 ἀνεκλὰλητοςι

1981 5491 2470 5556 λειποτακτούσαις
2518 5493 2573 5547 δὲ
2637 5490 2859 5555 κόλασις
2911 5476 3559 5557 ἀπαραίτητος;ταύτης

367 5761 700 5849 ςμλξριιε
761 5765 1130 5830 procuratoris
1195 5769 1481 5839 generalis,
1543 5773 1855 5843 ἐπίτροπος,

1972 5784 2240 5842 ocurator,
2303 5773 2756 5849 πεντεπίτροππ,
2819 5773 3058 5846 quinque
3144 5771 3278 5828 viris
3369 5783 3552 5828 rerum

295 5833 782 5902 procurandarum.
