3820 6470
237 463 384 531 1133

1513 468 1694 530 VITA
1733 467 1794 528 S.
1829 464 2233 531 AUXENTII.

3370 457 3512 526 ιιει

235 582 340 648 τῆς
377 581 674 653 μνηστείας
703 580 870 652 ἡδονὴ
905 581 1099 652 πείρας
1127 578 1398 653 σαρκικῆς
1421 579 1672 650 οὐδεμία,
1699 581 1822 650 ἀρε-

1938 594 2058 648 qua:
2081 580 2182 635 sub
2229 588 2510 651 aspectum
2564 579 2767 636 eadunt
2794 591 2958 649 quam
2985 591 3106 647 quae
3137 590 3243 632 non
3269 575 3472 630 cadunt
3497 577 3522 628 1

237 669 340 742 τῆς
367 674 422 727 δὲ
452 674 638 744 πάσης
659 676 756 728 καὶ
781 673 1155 744 ἀγαθοεργίας
1185 674 1282 726 καὶ
1323 672 1581 744 ὁμονοίας
1631 672 1728 725 σὺν
1758 671 1825 740 τῇ

235 766 304 818 ἐκ
327 766 587 836 νηστείας
621 766 718 818 καὶ
741 765 1054 835 ἀγρυπνίας
1083 764 1298 836 ἀνδρίᾳ.

1935 670 2106 739 Cujus
2156 673 2468 741 conjunctio
2501 673 2616 728 suis
2661 672 2878 740 sponsis
2928 680 3017 726 est
3048 669 3304 741 gaudium
3331 665 3521 722 ineffa-

1939 764 2048 818 bile
2077 783 2091 820 :
2123 765 2191 820 iis
2215 778 2393 820 autem
2417 781 2538 835 qua:
2571 765 2821 820 ordinem
2867 765 3146 828 deserunt,
3195 769 3281 816 cst
3313 757 3519 829 suppli-

235 857 388 911 cium
441 857 771 914 inetitabile.
801 858 973 928 Hujus
1029 858 1468 928 dcsponsationis
1515 856 1659 912 nulla
1705 863 1788 909 est
1824 859 2062 912 carnalis
2100 859 2452 927 experientiae
2493 859 2759 925 voluptas,
2819 858 2914 913 sed
2952 856 3222 910 universa:
3271 851 3513 906 virtutis-

238 949 729 1018 beueliccntizeque
754 959 806 1004 et
837 951 1162 1014 concordiae,
1195 966 1316 1006 cum
1358 966 1420 1003 ea
1462 965 1581 1019 quae
1637 943 1935 1018 percipitur
1993 963 2057 1003 ex
2083 950 2311 1017 jejunio,
2342 951 2648 1020 vigiliisque
2677 961 2732 1005 et
2761 951 2928 1003 animi
2959 948 3296 1003 fortitudine.

310 1041 430 1095 EI".
467 1039 702 1110 Νήψεως
722 1037 816 1094 οὖν
841 1042 1001 1112 χρεία
1037 1042 1305 1105 πλείονος,
1364 1043 1446 1094 ὅτι
1476 1042 1601 1101 ταῖς
1630 1039 1728 1109 μὲν
1769 1038 1826 1089 ἐν

235 1132 319 1202 τῷ
359 1131 459 1202 βίῳ
491 1133 596 1184 ὑπὸ
617 1133 717 1186 τοῦ
745 1133 952 1196 πάθους
1001 1134 1359 1204 όχλουμέναις
1389 1132 1553 1201 ἐγγὺς
1583 1131 1645 1184 τὸ
1703 1130 1830 1200 βοή-

237 1225 394 1295 θημα
427 1225 514 1278 διὰ
546 1228 645 1294 τῆς
671 1226 900 1296 ἐννόμου
938 1227 1418 1293 συγκαταθέσεως,
1448 1225 1568 1288 ταῖς
1595 1223 1653 1277 δὲ
1689 1239 1830 1293 παρο

237 1317 419 1379 θένοις
445 1319 541 1370 καὶ
576 1317 853 1388 σώφροσιν
887 1318 1106 1388 ἡδοναῖς
1141 1317 1635 1388 προσκλινομέναις
1661 1316 1828 1387 χαλε-

236 1410 342 1461 πῖν
373 1409 434 1462 τὸ
468 1409 730 1477 ναυάγιον
753 1411 847 1462 καὶ
877 1409 1067 1479 βαρεῖα
1101 1411 1134 1480 ή
1168 1409 1464 1473 ἔκπτωσις.
1493 1408 1686 1478 Μέγας
1719 1409 1829 1478 γὰρ

235 1501 342 1570 τῆς
371 1502 729 1571 σωφροσύνης
757 1503 784 1554 ό
815 1504 984 1570 ἀγὼν.
1040 1503 1164 1556 ἐπεὶ
1213 1504 1388 1572 μέγας
1431 1503 1636 1572 ταύτης
1672 1506 1764 1557 καὶ
1801 1504 1830 1556 ό

239 1593 529 1660 στέφανος.
587 1593 728 1647 Ἀλλ’
754 1595 862 1663 ὅσῳ
899 1593 1101 1662 μείζων
1152 1594 1248 1648 καὶ
1299 1597 1328 1648 ό
1360 1595 1543 1658 πόνος,
1589 1593 1829 1664 τοσούτῳ

239 1685 448 1756 μείζων
492 1689 591 1740 καὶ
651 1685 830 1755 πολλῷ
882 1686 1086 1755 μᾶλλον
1148 1687 1176 1739 ὁ
1213 1685 1424 1757 μισθός.
1472 1685 1598 1739 Ἐὰν
1628 1685 1721 1739 οὖν
1753 1685 1828 1756 μὴ

237 1777 485 1847 προδῶτε
511 1778 756 1848 ῥαθυμίᾳ
785 1779 880 1830 καὶ
918 1779 1360 1848 ματαιοποιήσει,
1387 1779 1446 1831 ὲν
1468 1781 1581 1841 τοῖς
1605 1778 1826 1846 μέλεσιν

2012 1039 2202 1096 LXIII.
2235 1041 2422 1112 Majori
2448 1056 2576 1095 vero
2603 1041 2852 1094 cautione
2875 1050 2924 1094 et
2948 1037 3224 1109 diligentia
3250 1045 3335 1091 est
3357 1050 3519 1104 opus,

1935 1135 2077 1200 quod
2111 1135 2176 1188 iis
2201 1134 2440 1203 quidem,
2475 1133 2564 1200 qui
2596 1133 2647 1184 in
2688 1132 2889 1186 mundo
2916 1139 3183 1184 vexantur
3220 1147 3247 1181 a
3296 1127 3520 1182 libidine

1937 1225 1988 1280 in
2025 1237 2273 1295 promptu
2296 1235 2378 1280 cst
2403 1225 2700 1279 remedium
2723 1240 2819 1293 per
2836 1225 3133 1287 legitimum
3152 1236 3477 1276 consensum
3501 1235 3517 1283 ;

1936 1320 2238 1395 virginibus
2267 1329 2449 1373 autem
2469 1327 2524 1372 et
2559 1315 2990 1382 continentibus,
3015 1316 3056 1369 si
3093 1327 3376 1382 propensae
3407 1312 3522 1366 sint

1935 1412 2002 1464 ad
2041 1411 2360 1478 voluptates,
2395 1426 2562 1481 grave
2599 1419 2682 1464 est
2743 1408 3090 1477 naufragium
3137 1415 3190 1460 et
3217 1404 3398 1476 gravis
3426 1418 3522 1457 ea-

1931 1518 2055 1565 Stts;
2090 1512 2170 1556 est
2201 1502 2345 1556 enim
2377 1517 2627 1570 magnum
2653 1511 2933 1555 certamen
2963 1497 3518 1566 teniperaittiae,quo-

1931 1595 2076 1649 niam
2132 1609 2321 1664 magna
2379 1608 2596 1663 quoque
2625 1603 2708 1647 est
2753 1593 2872 1662 i-jus
2902 1605 3126 1645 corona.
3155 1587 3260 1643 Sed
3292 1603 3401 1656 quo
3432 1593 3519 1640 est

1931 1687 2102 1754 major
2153 1686 2323 1750 labor,
2357 1701 2423 1740 eo
2471 1697 2557 1741 est
2612 1685 2777 1740 etiam
2832 1683 3006 1754 major
3035 1696 3268 1737 merces.
3306 1679 3363 1734 Si
3395 1694 3516 1734 eam

1929 1794 2056 1850 ergo
2087 1795 2194 1835 non
2227 1778 2566 1833 tradideritis
2603 1778 2806 1846 torpori
2835 1789 2887 1831 et
2919 1775 3188 1845 segnitiae,
3222 1774 3274 1827 in
3318 1773 3516 1828 vestris

235 1843 398 1941 ὑμῶν
429 1843 592 1942 ἡδονή
617 1843 976 1940 θυραυλοῦσία.
1022 1843 1314 1924 Ἀκούσατε
1348 1872 1456 1939 γὰρ
1489 1843 1622 1941 παρί
1647 1871 1822 1939 ὑμῶν,

1938 1874 2187 1927 membris
2211 1871 2408 1926 frustra
2439 1843 2711 1925 laborabit
2747 1843 3018 1939 voluptas,
3058 1868 3206 1922 fores
3227 1866 3509 1938 obsidens.

234 1964 322 2015 ὅτι
359 1963 420 2016 τὸ
449 1963 548 2032 μὲν
572 1961 671 2032 seu
695 1963 795 2032 τῆς
829 1963 1105 2034 ἁμαρτίας
1135 1961 1500 2032 βραχύτατον,
1542 1962 1602 2015 τὸ
1632 1963 1690 2016 δὲ
1717 1961 1826 2014 δει-

235 2054 333 2108 νὸν
363 2053 465 2123 τῆς
495 2053 766 2123 τιμωρίας
791 2053 1031 2115 αἰώνιον,
1069 2053 1262 2106 Ἀπιθι
1294 2054 1388 2122 ἀφ’
1416 2051 1571 2123 ήμῶν
1591 2070 1605 2085 ·
1656 2053 1825 2124 οὐρά-

238 2163 352 2199 νιον
403 2145 514 2216 γάρ
560 2145 794 2216 νυμφίον
818 2145 1200 2216 ήρμοσάμεθα,
1237 2146 1492 2216 Χριστὸν,
1519 2145 1826 2217 παρθένους

235 2238 411 2305 ἁγνὰς
433 2237 740 2308 παρθένους
769 2238 986 2302 ἑαυτάς.
1011 2239 1254 2309 Στήσατε
1278 2237 1372 2292 οὖν
1403 2241 1514 2302 τοῖς
1541 2238 1826 2307 λογισμοῖς

235 2329 396 2400 ὑμῶν
450 2328 950 2399 θησαυροφύλακας
1018 2332 1078 2383 ἐν
1109 2333 1231 2392 ταῖς
1274 2328 1564 2397 αἰσθήσεσι
1615 2329 1683 2382 τὰ
1727 2327 1823 2382 τοῦ

235 2422 478 2492 Χριστοῦ
508 2421 824 2491 ἐντάλματα
867 2421 1100 2475 πάντοτε
1144 2419 1496 2491 εἰσφέρουσαι
1547 2421 1684 2491 πρὸς
1731 2420 1826 2474 τὸν

232 2514 336 2581 τῆς
372 2511 674 2582 παρθενίας
702 2510 1188 2580 κάξισωφροσύνης
1233 2510 1533 2578 ἁγιασμὸν,
1585 2511 1659 2580 μή
1692 2527 1828 2563 ποτε·

232 2606 284 2656 οί
315 2604 527 2656 τούτων
557 2603 753 2674 λῃσταὶ
805 2601 890 2655 διὰ
932 2602 1040 2654 τῶν
1069 2600 1162 2654 τοῦ
1214 2600 1528 2672 βλέμματος
1558 2601 1823 2656 ἀνέλθωσι

233 2695 492 2766 θυρίδων,
529 2694 625 2746 καὶ
655 2693 724 2746 δι’
784 2693 955 2762 ἀκοῆς
987 2693 1302 2745 εἰσέλθωσιν
1352 2693 1593 2763 εὐχερῶς
1645 2707 1826 2761 παρα-

234 2788 529 2849 πείσαντες
553 2785 642 2839 τὸν
671 2784 798 2838 νοῦν
819 2786 894 2848 ὡς
916 2785 1166 2856 πυλωρὸν
1189 2785 1286 2838 καὶ
1307 2785 1376 2839 τὰ
1397 2786 1497 2854 τῆς
1525 2784 1825 2858 παρθενίας

231 2879 623 2945 ὂιανοίξαντες,
648 2878 823 2949 λάθρα
853 2878 1244 2950 ἀποσυλήσωσι
1290 2878 1388 2949 τὴν
1419 2878 1574 2948 ὑμῶν
1605 2895 1822 2950 σωφρο-

233 2973 430 3040 σύνην,
462 2970 560 3023 καὶ
586 2969 858 3038 ποιήσωσι
881 2967 1109 3039 χηρείας
1143 2968 1324 3036 πάσης
1367 2967 1468 3038 τὴν
1520 2967 1823 3038 παρθενίαν

231 3064 596 3131 ἀθλιωτέραν.
634 3061 884 3115 Χαλεπὸν
912 3063 1024 3129 γὰρ
1071 3062 1166 3113 καὶ
1216 3057 1377 3112 τοῦτο
1406 3060 1467 3111 τὸ
1496 3059 1823 3128 ἁμάρτημα,

1927 1965 2123 2017 Amliet
2157 1965 2299 2018 enim
2331 1978 2360 2015 a
2391 1963 2565 2028 vobis,
2596 1962 2739 2032 quod
2776 1962 2826 2014 id
2885 1960 3027 2028 quod
3057 1957 3264 2028 peccati
3297 1955 3511 2026 quidem

1927 2068 2012 2111 est
2041 2056 2359 2124 jucundum,
2394 2062 2476 2109 est
2513 2055 2917 2118 brevissimum,
2952 2063 3156 2107 aeterna
3204 2060 3386 2104 autem
3423 2058 3513 2102 est

1928 2149 2166 2220 gravitas
2199 2147 2470 2218 supplicii.
2522 2147 2733 2201 Recede
2785 2161 2814 2199 a
2849 2147 3004 2202 nobis
3036 2163 3051 2200 :
3089 2144 3301 2200 caelesti
3367 2143 3512 2195 enim

1928 2255 2127 2310 sponso
2179 2241 2462 2308 desponsa:
2523 2254 2710 2295 sumus
2770 2239 3011 2300 Christo.
3043 2249 3100 2292 ut
3133 2253 3232 2292 nos
3265 2235 3510 2304 virgines

1929 2345 2110 2390 castas
2139 2334 2542 2389 exhiberemus.
2578 2332 2812 2387 Statuite
2836 2347 2966 2400 ergo
3006 2331 3248 2386 rationes
3281 2340 3510 2392 vestras,

1926 2425 2180 2480 custodes
2202 2425 2364 2494 hujus
2385 2425 2648 2487 thesauri,
2677 2424 2728 2477 in
2755 2425 3000 2477 sensibus
3028 2422 3282 2476 mandata
3307 2420 3512 2475 Christi

1930 2532 2146 2587 semper
2200 2515 2440 2571 ferentes
2482 2533 2498 2571 :
2537 2517 2772 2585 primum
2834 2525 3012 2570 autem
3075 2515 3404 2583 virginitatis
3455 2525 3510 2568 et

1929 2609 2300 2678 temperantiae
2321 2609 2833 2671 sanetilieationem,
2867 2625 2935 2662 ne
2957 2609 3097 2664 forte
3125 2609 3246 2678 ejus
3274 2608 3514 2661 latrones
3562 2617 3567 2622 '

1929 2701 2226 2756 ascendant
2277 2716 2372 2770 per
2401 2700 2692 2765 fenestras,
2722 2711 2780 2754 et
2827 2701 3202 2769 ingrediantur
3231 2714 3328 2770 per
3352 2699 3512 2754 audio

1930 2803 2065 2858 tum,
2098 2808 2164 2848 ne
2201 2808 2462 2859 persuasa
2497 2804 2675 2848 mente
2701 2794 3227 2862 tanquamjanitore,
3254 2803 3304 2846 et
3326 2803 3512 2862 aperta

1928 2888 2258 2959 virginitate,
2295 2888 2602 2943 clanculum
2671 2888 2822 2941 vobis
2853 2897 3093 2941 vestram
3153 2886 3387 2953 eripiant
3420 2884 3514 2939 lae.

1932 2980 2127 3043 titiam,
2156 2988 2211 3034 et
2243 2979 2444 3032 faciant
2479 2979 2844 3047 virginitatem
2879 2979 3072 3043 quavis
3125 2977 3386 3030 viduitate
3411 2977 3518 3030 mi-

1929 3073 2212 3128 seriorem.
2247 3071 2345 3126 Est
2369 3087 2500 3126 vero
2532 3073 2633 3126 hoc
2666 3087 2919 3141 magnum
2951 3080 3003 3126 et
3039 3085 3201 3140 grave
3230 3077 3511 3138 peccatum

231 3158 330 3210 καὶ
357 3158 494 3226 βαρὺ
525 3157 636 3217 τοῖς
656 3154 1008 3224 πράττουσιν,
1029 3153 1110 3206 ὅτι
1131 3154 1232 3205 οὐκ
1259 3154 1374 3206 ἴσον
1399 3151 1517 3204 ἐστί
1544 3151 1820 3220 ἔγκλημα,

1938 3165 1998 3220 iis
2048 3165 2140 3233 qui
2171 3163 2400 3218 faciunt.
2435 3162 2552 3218 Non
2605 3172 2690 3218 est
2719 3164 2862 3216 enim
2897 3179 2994 3232 par
3029 3171 3331 3233 peccatum,
3375 3160 3518 3213 tuni-

236 3249 447 3320 χιτῶνα
477 3246 773 3317 διαρρῆξαι
823 3246 917 3298 καὶ
971 3245 1302 3314 πορφυρίδα,
1342 3243 1600 3314 βασιλέως
1638 3243 1824 3296 εἰκόνα

234 3341 532 3414 δαρῤἧξαι
557 3341 652 3394 καὶ
679 3338 914 3393 ἰδιώτου.
944 3338 1164 3401 Εἱκόνες
1189 3339 1296 3408 γὰρ
1317 3336 1452 3391 Θεοῦ
1476 3339 1532 3390 αἰ
1565 3338 1823 3406 παρθένοι

236 3437 400 3495 εἰσιν.
428 3433 594 3486 αὑτὸν
627 3433 684 3484 ἐν
727 3433 847 3493 ταῖς
885 3430 1119 3492 ἐννοίαις
1151 3429 1378 3498 ἔχουσαι
1407 3428 1820 3498 γεγραμμένον,

234 3533 295 3582 ὲν
326 3522 417 3588 αἷς
456 3526 519 3578 τδ
573 3523 926 3593 κατατολμᾷν
956 3521 1288 3592 τυραννικῆς
1318 3520 1704 3591 παραπληξίας
1730 3520 1824 3588 ἐγ-

232 3623 512 3692 χεὲρημαο
573 3619 670 3670 καὶ
735 3617 822 3669 διὰ
875 3613 1034 3667 τοῦτο
1091 3615 1188 3683 τῆς
1226 3614 1689 3684 πορνευομένηςή
1724 3614 1822 3681 τῆς

232 3709 721 3780 παρθενευομένης
778 3707 957 3777 φθορά
1023 3707 1366 3776 μιαρωτέρα.
1426 3707 1540 3759 Ούκ
1594 3707 1684 3775 ἴση
1710 3707 1821 3775 γὰρ

229 3805 494 3872 ἀσέλγεια
531 3801 632 3872 τῆς
676 3799 1034 3872 προεστὼσης
1065 3799 1160 3852 καὶ
1190 3799 1290 3869 τῆς
1324 3798 1402 3869 τῷ
1444 3799 1668 3870 Χριστῷ
1697 3816 1823 3852 συν·

229 3896 508 3964 αφθείσης
529 3910 542 3924 ·
582 3891 707 3945 οὔτε
767 3893 876 3962 γὰρ
899 3893 988 3960 ἴση
1017 3890 1196 3960 κλοπὴ
1249 3893 1480 3954 σκεύους
1509 3891 1818 3963 ἀργυραίου

229 3989 330 4041 καὶ
353 3985 660 4056 ἱερατικοῦ.
730 3983 930 4041 Σκεῦος
962 3983 1018 4034 δὲ
1048 3983 1321 4054 ἱερατικὸν
1353 3983 1386 4053 ή
1421 3983 1695 4054 παρθένος
1724 3983 1820 4037 καὶ

231 4077 512 4148 πορφυρὶς
538 4077 603 4146 ἢν
627 4077 727 4130 οὐκ
741 4075 948 4141 ἔξεστιν
972 4073 1117 4144 ἄλλῳ
1138 4074 1276 4146 πλὴν
1297 4075 1405 4130 τῶν
1420 4077 1557 4131 ὅλων
1574 4077 1823 4148 Δεσπότῃ

230 4172 330 4224 καὶ
362 4169 578 4240 βασιλεῖ
611 4164 1060 4236 περιϐάλλεσθαι.

309 4350 427 4404 ΞΔ’.
458 4351 520 4404 Ei
570 4350 627 4404 δὲ
683 4350 780 4404 καὶ
835 4349 1011 4418 γάμος
1040 4350 1166 4418 ὑμῖν
1218 4347 1444 4416 ἔννομος
1476 4348 1822 4420 παρενοχλεῖ,

229 4447 348 4498 τῶν
381 4448 445 4497 ἐκ
470 4443 665 4497 τούτου
699 4443 997 4512 συμφορῶν
1027 4444 1123 4495 καὶ
1153 4442 1290 4508 πρὸς
1311 4441 1409 4511 τὴν
1442 4441 1586 4494 Εὔαν
1617 4442 1827 4510 ἀποφά-

232 4553 379 4590 σεων
401 4535 702 4598 ἀκούσατε,
742 4529 815 4588 ὧν
849 4537 1006 4606 ὑμεῖς
1036 4536 1449 4606 ήλευθερώθητε
1479 4535 1819 4603 ἀπαλλαγεῖ-

232 4647 332 4684 ext
389 4629 478 4683 διά
515 4629 614 4699 τῆς
647 4629 945 4697 παρθενίας
979 4629 1219 4698 ὑποψίας
1251 4631 1490 4698 ματαίας
1524 4630 1825 4697 ὑπενέγκαι
1860 4609 1904 4665 D

231 4722 562 4792 ἐγκλήματα
608 4720 968 4790 πορνεύοντος
1013 4722 1304 4790 ἀνέχεσθαι
1343 4721 1534 4792 ἀνδρὸς
1576 4722 1825 4788 ἐξουσίαν

232 4815 457 4882 ἔχοντος
496 4813 593 4866 καί
620 4815 898 4883 χρήσιμον
953 4814 1308 4884 ἀφαιρεῖσθαι
1367 4815 1596 4884 πρόοδον
1660 4831 1822 4883 περι-

232 4907 482 4978 στροφῆς
513 4905 892 4959 διευθύνεσθαι
932 4907 1314 4975 κοσμουμένας
1339 4922 1354 4936 ⁸
1398 4907 1823 4976 ζηλοτυπεῖσθαι

238 5001 378 5070 πρὶν
428 5000 610 5052 τεκεῖν
659 4997 1046 5062 διαπτύεσθαι,
1086 4999 1341 5068 καθάπερ
1392 4999 1546 5055 οὔπω
1578 5006 1829 5076 γαμετὴν

237 5091 536 5145 τεκοῦσαν.
577 5091 678 5143 Διά
706 5091 759 5143 τί
789 5091 862 5160 μὴ
900 5092 1093 5161 ἄρρεν,
1151 5091 1287 5146 ἀλλά
1345 5091 1482 5160 θῆλυ
1509 5094 1570 5147 τὸ
1598 5097 1825 5165 τεχθένς

238 5186 338 5235 ἐὰν
367 5183 424 5235 δὲ
478 5183 572 5234 καὶ
602 5181 795 5253 ἄρρεν,
850 5182 987 5236 ἀλλά
1033 5183 1122 5236 διὰ
1157 5183 1208 5236 τί
1266 5183 1342 5254 μὴ
1374 5187 1576 5255 ὡραῖον
1603 5205 1618 5253 ;
1650 5190 1746 5242 ἐὰν
1769 5190 1826 5242 δὲ

237 5277 334 5327 καὶ
361 5275 586 5344 ὡραῖον,
615 5273 788 5326 πλείω
815 5275 849 5345 ή
881 5275 1102 5345 φροντίς
1126 5292 1141 5307 ⁶
1175 5276 1330 5331 οὔπω
1355 5280 1629 5348 γάλακτος
1651 5283 1826 5354 ἀπηλ-
1867 5323 1872 5325 -

231 5365 382 5434 iam
411 5366 502 5417 καὶ
540 5364 708 5426 πολὺς
741 5365 868 5434 περί
906 5368 1218 5438 ἀνατροφῆς
1239 5370 1267 5421 ό
1295 5369 1445 5438 ἀγών
1465 5388 1479 5402 °
1508 5372 1603 5425 ἐάν
1634 5390 1693 5426 τε
1725 5375 1824 5427 αύ-

237 5457 403 5525 ξῃθῇ,
462 5457 550 5510 ἴνα
604 5457 678 5527 μὴ
730 5458 959 5530 νοσήσῃ,
1005 5459 1100 5511 ἐὰν
1145 5460 1202 5513 δὲ
1237 5463 1332 5515 καὶ
1355 5465 1587 5537 νοσήσῃ,
1628 5465 1714 5518 ἵνα
1750 5467 1824 5537 μὴ

234 5547 492 5618 ἀποθάνῃ
515 5565 528 5579 ο
559 5549 655 5600 ἐὰν
693 5547 747 5600 δὲ
775 5549 850 5620 μὴ
879 5550 1176 5624 τελευτήσῃ
1219 5554 1294 5615 ὡς
1332 5557 1460 5625 περὶ
1495 5556 1697 5622 ζῶντος
1731 5575 1828 5612 πε-

239 5637 460 5710 ρισσότε
472 5654 563 5707 ρος
587 5639 613 5690 ὁ
631 5638 820 5704 κόπος,
840 5638 915 5709 μὴ
951 5643 1197 5706 παιδείας
1219 5645 1490 5717 ἀποτύχῃ,
1526 5647 1604 5718 μὴ
1641 5651 1826 5716 κακῶς

237 5733 450 5801 ἀτοῦᾕ,
483 5732 557 5801 μὴ
595 5732 700 5784 ὑπὸ
731 5734 894 5786 τινῶν
918 5735 1228 5808 ἀνατραπῇ,
1258 5738 1331 5809 μὴ
1361 5741 1500 5808 μετὰ
1532 5743 1826 5812 ἀχρήστων

235 5820 630 5891 κατασπασθῇ,
666 5823 740 5892 μὴ
772 5825 829 5876 ἐν
860 5823 1071 5893 θηρίοις
1098 5827 1396 5899 ἀχρειωθῇ,
1428 5831 1502 5901 μὴ
1538 5835 1593 5884 ὲν
1619 5851 1821 5903 προκε-

235 5916 367 5978 παῖς
391 5913 741 5988 διαφωνηθῇο
776 5915 939 5971 πόθεν
982 5919 1038 5972 τά
1069 5919 1204 5992 πρὸς
1228 5920 1324 5992 τὴν
1355 5924 1546 5994 χρείαν
1581 5930 1824 6002 χορηγῇ*

1932 3273 2050 3312 cam
2087 3259 2339 3327 frangere
2367 3266 2420 3310 et
2448 3271 2744 3325 purpuram
2778 3275 2792 3310 :
2825 3255 3168 3325 imperatoris
3223 3253 3516 3322 imaginem

1933 3364 2186 3417 rumpere
2209 3359 2264 3402 et
2286 3349 2503 3418 privati.
2523 3348 2618 3402 Dei
2646 3350 2788 3403 enim
2827 3349 3090 3417 imagines
3109 3356 3234 3400 sunt
3256 3345 3517 3414 virgines,

1933 3443 2110 3513 ipsum
2156 3440 2423 3496 habentes
2487 3442 2818 3507 descriptum
2859 3441 2910 3495 in
2953 3438 3377 3511 cogitationibus
3414 3454 3428 3491 :
3461 3438 3515 3490 in

1931 3552 2070 3605 quas
2105 3536 2308 3590 audere
2367 3536 2570 3604 aliquid
2617 3537 2924 3599 admittere,
2965 3545 3043 3589 est
3095 3533 3307 3587 facinus
3338 3542 3521 3602 tyran-

1935 3631 2069 3684 nica:
2101 3629 2354 3682 amentiae
2391 3644 2404 3680 :
2434 3637 2486 3681 et
2520 3629 2638 3681 ideo
2673 3627 2888 3695 virgini,
2912 3642 3072 3696 quam
3106 3625 3154 3680 ci
3189 3640 3305 3692 qum
3341 3623 3520 3677 forni-

1932 3736 2107 3788 catur,
2158 3723 2348 3778 vitium
2406 3723 2622 3787 afl'erre,
2678 3733 2763 3777 est
2823 3723 2996 3792 magis
3027 3718 3515 3776 sceleratum.Nou

1933 3826 2017 3872 est
2051 3816 2193 3869 enim
2227 3831 2328 3886 par
2350 3817 2518 3870 libido
2555 3818 2605 3869 in
2643 3831 2762 3870 eam
2812 3829 2933 3883 quae
2965 3824 3193 3883 prostat,
3230 3823 3284 3866 et
3316 3812 3366 3864 in
3396 3826 3516 3865 eam

1934 3924 2056 3979 quae
2090 3915 2174 3963 est
2238 3908 2458 3962 Christo
2485 3909 2795 3976 conjuncta.
2827 3906 2944 3961 Non
2987 3915 3068 3960 est
3100 3906 3242 3958 enim
3278 3919 3374 3972 par
3409 3902 3522 3955 fur-

1937 4011 2048 4056 tum
2085 4001 2230 4056 vasis
2259 4001 2510 4068 forensis,
2542 4009 2593 4055 et
2650 4000 3024 4056 sacerdotalis.
3059 3997 3170 4052 Vas
3205 4011 3384 4052 autem
3423 4012 3520 4051 sa-

1935 4094 2210 4150 cerdotale
2241 4104 2322 4148 est
2355 4096 2524 4163 virgo,
2556 4105 2609 4148 et
2634 4109 2891 4163 purpura,
2917 4108 3082 4162 quam
3111 4091 3240 4145 nulli
3271 4089 3362 4143 alii
3391 4089 3520 4144 licet

1937 4185 2183 4249 induere,
2246 4195 2601 4254 pmterquam
2658 4185 2789 4256 Regi
2844 4195 2897 4238 et
2958 4182 3185 4236 Domino
3237 4180 3517 4235 universo-

1937 4293 2081 4331 rum.

2007 4367 2196 4421 LXIV.
2231 4368 2385 4433 Quod
2444 4367 2488 4420 si
2522 4368 2683 4420 etiam
2720 4383 2816 4422 vos
2854 4366 3155 4436 legitimum
3190 4373 3371 4420 movet
3401 4380 3519 4418 ma-

1937 4459 2283 4523 trimonium,
2320 4457 2502 4512 audite
2523 4459 2643 4528 ejus
2675 4458 3103 4522 ralamitates,et
3126 4457 3317 4524 qnmin
3354 4455 3517 4510 Evam

1935 4552 2301 4619 pronuntiata
2379 4561 2509 4604 sunt
2559 4550 2866 4614 sententiae,
2926 4565 2954 4602 a
3013 4548 3214 4620 quibus
3256 4561 3350 4602 vos
3386 4548 3520 4602 estis

1937 4644 2200 4710 liberatte,
2234 4651 2456 4697 remotae
2481 4656 2580 4712 per
2599 4642 2961 4711 virginitatem
2989 4658 3016 4693 a
3043 4640 3181 4694 mala
3206 4638 3520 4708 suspicione

1940 4736 2183 4808 patiendi
2239 4735 2473 4791 erimina
2516 4735 2696 4790 mariti
2728 4734 3067 4799 fornicantis,
3098 4737 3190 4803 qui
3222 4733 3390 4788 habet
3417 4747 3517 4800 po-

1948 4839 2201 4883 testatein
2243 4827 2566 4894 prohibendi
2620 4842 2688 4881 ne
2715 4842 2810 4882 eas
2838 4840 2946 4893 quo
2970 4826 3064 4880 tibi
3097 4827 3352 4896 expedit:
3386 4840 3519 4878 con-

1933 4919 2302 4974 versationem
2366 4917 2706 4988 prohibemli,
2739 4928 2984 4985 comptas
3031 4917 3297 4987 zelotypia
3333 4931 3522 4988 prose-

1933 5011 2132 5082 quendi
2157 5027 2172 5076 ;
2199 5012 2247 5065 ei
2279 5024 2400 5081 quae
2435 5010 2660 5078 peperit,
2695 5011 3059 5079 exprobrandi
3090 5027 3104 5064 τ
3137 5009 3250 5064 Cur
3297 5027 3402 5065 non
3436 5020 3522 5065 est

1937 5105 2234 5166 masculus,
2269 5105 2362 5159 sed
2398 5103 2598 5158 femina
2625 5104 2790 5159 fastus
2818 5119 2979 5172 quem
3016 5104 3327 5173 peperisti?
3365 5104 3518 5172 Quod

1937 5198 1981 5250 si
2020 5197 2090 5249 sit
2119 5197 2284 5250 etiam
2332 5197 2634 5263 masculus,
2665 5211 2762 5249 cur
2819 5211 2923 5249 non
2991 5195 3305 5251 formosus?
3352 5197 3522 5267 Major

1933 5298 2102 5344 restat
2158 5304 2290 5343 cura
2323 5307 2336 5343 :
2369 5289 2607 5344 nondum
2661 5299 2746 5342 est
2792 5288 3120 5354 ablactatus,
3155 5302 3207 5345 et
3230 5291 3296 5344 de
3323 5291 3522 5344 educa-

1937 5379 2085 5433 tione
2137 5394 2330 5450 magua
2359 5388 2440 5433 est
2470 5380 2768 5432 contentio.
2811 5379 2906 5434 Sin
2951 5392 3132 5435 autem
3170 5384 3423 5444 creverit,
3451 5395 3518 5434 ne

1934 5480 2181 5539 mgrotel,
2232 5486 2300 5525 ne
2356 5470 2498 5525 forte
2553 5471 2858 5525 moriatur:
2897 5473 3191 5543 quomodo,
3253 5473 3418 5526 etiam
3469 5474 3516 5527 si

1934 5564 2098 5631 vivat,
2138 5563 2313 5633 major
2343 5575 2426 5618 est
2459 5563 2789 5629 sollicitudo,
2825 5581 2890 5620 ne
2945 5580 3050 5619 non
3089 5565 3183 5618 tlat
3243 5567 3512 5629 eruditus.

1933 5671 1998 5710 ne
2034 5657 2204 5711 iralns
2234 5658 2448 5723 evadat,
2483 5671 2548 5710 ne
2601 5668 2880 5712 evertatur
2912 5661 2979 5712 ab
3016 5659 3308 5729 aliquibus,
3359 5675 3427 5715 ne
3459 5663 3512 5715 iu

1932 5748 2301 5817 improborum
2385 5748 2734 5819 pertrahatur
2789 5752 3286 5814 consuetudinem,
3345 5766 3412 5806 ne
3482 5768 3512 5807 a

1935 5841 2120 5896 bestiis
2141 5842 2444 5907 mutiletur,
2493 5857 2581 5906 ne,
2609 5843 2736 5895 dum
2771 5843 3009 5912 proficit,
3040 5844 3094 5898 in
3132 5845 3391 5900 invidiam
3419 5862 3514 5904 vo-

1932 5943 2084 5990 cetur
2112 5945 2164 5991 et
2194 5935 2540 5992 seditionem.
2589 5933 2866 5992 Undenam
2921 5937 3344 6009 suppeditabunt
3388 5953 3512 6012 quae
