3820 6466
312 443 449 509 N35

1521 442 1808 509 MENSIS
1836 439 2354 507 FEBRUARIUS.

3437 438 3591 507 ιιεσ

302 574 428 618 sunt
454 563 800 620 necessaria?
832 564 1115 622 Undenam
1178 565 1574 636 comparabant
1601 577 1720 632 quae
1757 574 1881 628 per-

2039 577 2152 625 uot;
2208 559 2376 614 πόθεν
2433 556 2500 613 τὰ
2529 558 2666 629 πρὸς
2701 558 2879 629 γάμον
2936 556 3363 626 συναλλάγματα
3409 560 3588 629 πορι-

231 705 242 718 ,
311 658 486 712 tinent
543 655 608 712 ad
641 659 1080 713 contrahendum
1117 659 1567 714 matrimonium?
1600 656 1883 712 Undeuam

305 747 728 817 suppeditabunt
758 763 877 817 quae
929 748 1136 804 faciunt
1185 752 1250 804 ad
1283 749 1402 819 ejus
1432 749 1598 804 decus
1637 758 1692 802 et
1723 763 1885 803 orna-

307 847 549 893 mentum
572 839 595 892 ?
619 837 901 894 Uudenam
936 840 1041 895 alet
1063 841 1340 896 ministros
1361 842 1384 895 ?
1415 840 1614 896 Eadem
1643 841 1779 895 ratio
1804 848 1887 894 est

307 927 659 996 reliquarum,
683 944 804 998 quae
863 930 967 984 huc
1005 939 1060 984 et
1109 930 1236 984 illuc
1270 929 1600 992 distrahunt,
1627 942 1884 982 curarum

258 1057 263 1064 .
307 1027 359 1072 et
378 1019 800 1074 sollicitudinum
825 1037 840 1075 :
874 1036 943 1076 ne
969 1022 1140 1077 dicam
1162 1021 1376 1075 dolores
1395 1030 1583 1090 partus
1606 1029 1660 1075 et
1678 1029 1886 1074 natura:

309 1110 680 1168 necessitates.
709 1113 942 1178 Revera,
977 1121 1035 1166 ut
1077 1112 1209 1167 dicit
1255 1112 1470 1166 divinus
1495 1111 1788 1180 Apostolus
1816 1111 1884 1174 ",

309 1201 534 1272 innupta
578 1214 734 1258 curat
789 1220 908 1273 qua:
957 1213 1086 1260 sunt
1132 1205 1365 1269 Domini,
1405 1204 1590 1258 abhis
1629 1201 1886 1258 omnibus

309 1295 558 1360 liberata,
598 1297 712 1352 sola
764 1305 944 1350 autem
996 1309 1189 1351 ornata
1257 1296 1693 1367 incorruptione,
1729 1293 1885 1362 cujus

305 1391 678 1456 suppeditator
709 1398 796 1444 est
822 1399 878 1444 et
939 1388 1211 1459 perfector
1235 1389 1416 1454 Jesus,
1449 1399 1502 1444 et
1533 1391 1622 1458 qui
1659 1404 1753 1442 vos
1789 1403 1888 1458 po-

309 1489 416 1536 test
467 1481 742 1536 custodire
781 1482 834 1535 in
879 1482 1162 1536 tolerantia
1199 1492 1252 1535 et
1292 1498 1491 1550 augere
1521 1483 1571 1536 iu
1605 1496 1699 1551 spe
1726 1482 1882 1534 bona.

307 1574 589 1628 Custodite
623 1589 755 1644 ergo
783 1590 878 1629 vos
903 1578 1048 1644 ipsas
1083 1576 1134 1628 in
1163 1591 1246 1640 ea,
1287 1576 1337 1628 in
1370 1591 1476 1645 qua
1501 1585 1706 1630 vocatte
1733 1575 1885 1642 estis,

310 1667 615 1733 vocatione,
655 1678 712 1722 ut
771 1669 1010 1738 virgines
1069 1669 1284 1724 Christo
1320 1685 1414 1724 Vos
1465 1669 1792 1734 cxhibeatis,
1829 1678 1889 1721 ut

309 1760 472 1814 etiam
537 1761 676 1814 bona
719 1771 918 1815 αξιοι-[ιιι
972 1763 1374 1829 consequamini
1421 1763 1596 1831 gratia
1637 1761 1754 1828 Dei,
1797 1763 1885 1831 qui

310 1867 406 1906 vos
436 1852 650 1907 vocavit
681 1853 734 1907 in
767 1869 922 1907 suum
952 1869 1176 1924 regnum
1207 1865 1259 1909 et
1291 1856 1536 1925 gloriam.

383 1942 544 1998 LXV.
578 1943 872 2015 Postquam
901 1957 1078 2000 autem
1103 1949 1335 2002 cessavit
1372 1948 1442 2002 ah
1477 1948 1882 2013 adhortatione,

313 2039 451 2093 bene
511 2048 790 2108 precatus,
836 2054 930 2094 eas
969 2039 1187 2094 Christo
1241 2041 1662 2105 commendavit,
1693 2041 1891 2110 jubeus

311 2131 564 2186 omnibus
594 2141 652 2186 ut
683 2133 768 2186 die
797 2133 1048 2202 Sequenti
1087 2133 1324 2187 venirent
1370 2135 1434 2186 ad
1470 2134 1741 2202 synaxim,
1773 2148 1891 2200 qua:

315 2223 670 2276 circumcirca
719 2232 897 2288 erant,
951 2225 1166 2293 hymnis
1193 2224 1561 2277 sanctiﬁcans.
1598 2222 1888 2290 Postquam

313 2329 442 2384 ergo
499 2315 735 2369 venisset
787 2316 838 2368 in
877 2317 1264 2370 monasterium
1320 2317 1460 2382 quod
1484 2314 1890 2377 exstruehatur,

315 2406 545 2460 intonsis
573 2404 706 2462 fusis
740 2407 1013 2475 precibus,
1046 2423 1169 2460 cum
1199 2406 1549 2460 multitudine
1593 2420 1712 2476 quze
1767 2421 1890 2461 eum

317 2498 667 2564 sequebatur,
718 2498 966 2552 ascendit
1027 2500 1081 2552 in
1147 2509 1430 2552 montem:
1467 2499 1552 2551 ubi
1616 2509 1739 2568 post
1785 2508 1894 2552 tres

315 2589 534 2658 quidem
583 2589 701 2644 dies
764 2591 1065 2660 a-grotat'it,
1120 2601 1237 2659 post
1271 2591 1406 2644 alios
1446 2606 1574 2645 vero
1602 2592 1895 2644 deeemest

319 2692 587 2738 mortuus.

395 2769 577 2825 LXVI.
603 2771 943 2843 Congregata
974 2788 1102 2845 ergo
1161 2775 1459 2830 multitudo
1505 2776 1718 2845 piorum
1751 2775 1894 2828 viro-

321 2876 436 2912 rum
469 2877 534 2915 ex
570 2861 736 2927 clero,
761 2872 816 2918 et
848 2865 913 2918 iis
933 2880 1054 2934 qua:
1097 2866 1451 2920 circumcirca
1480 2876 1659 2930 erant,
1714 2882 1894 2920 mona-

317 2954 523 3017 steriis,
551 2969 673 3009 cum
706 2956 770 3010 iis
798 2956 888 3025 qui
920 2965 1078 3011 erant
1106 2967 1350 3012 amantes
1383 2957 1620 3020 virtutis,
1642 2975 1707 3013 ex
1738 2976 1896 3012 utun-

316 3047 522 3113 danis,
573 3049 620 3101 ei
674 3049 817 3115 justa
888 3048 1135 3104 fecerunt
1202 3053 1614 3120 quartodecimo
1692 3056 1895 3108 mensis

318 3137 620 3194 Februarii.
664 3141 840 3210 Atque
887 3143 1190 3198 volentibus
1244 3145 1461 3213 quidem
1514 3148 1807 3213 aliquibus,
1840 3157 1893 3201 et

1989 668 2125 706 σωσι
2153 669 2168 719 ;
2231 652 2396 706 πόθεν
2450 652 2518 705 τὰ
2551 652 2687 724 πρὸς
2720 650 3142 722 εὐσχημοσύνην
3172 651 3535 722 ὲπαρκέσωσι
3562 670 3580 713 ;

1989 743 2157 797 πόθεν
2185 742 2404 807 οἰκέτας
2431 741 2797 814 διαθρεύσωσι
2823 743 2918 796 καὶ
2947 741 3058 795 τῶν
3079 741 3172 794 ἐπὶ
3210 745 3324 805 τοῖς
3362 743 3588 806 λοιποῖς

1987 834 2098 887 τῶν
2141 834 2432 905 μοχθηρῶν
2460 835 2886 905 περισπασμῶν,
2915 834 3002 888 ἵνα
3032 835 3106 905 μὴ
3129 833 3274 899 λέγω
3319 835 3419 897 τὰς
3449 835 3586 888 ὀδύ-

1988 943 2084 988 νας
2108 926 2208 997 τῆς
2238 927 2486 996 κυήσεως
2512 927 2607 980 καὶ
2637 926 2737 989 τὰς
2781 926 3031 994 ἀνάγκας
3081 925 3182 988 τὰς
3226 926 3292 977 ἐκ
3321 926 3420 995 τῆς
3467 925 3588 994 φά..

1991 1033 2151 1081 σεως.
2188 1019 2420 1084 Ὄντως,
2445 1019 2590 1072 κατὰ
2613 1019 2704 1071 τὸν
2737 1018 2884 1071 θεῖον
2921 1017 3272 1082 ’Δπόστολον,
3299 1019 3332 1087 ἡ
3359 1019 3589 1086 ἄγαμος

1993 1113 2237 1182 μεριμνᾷ
2262 1111 2328 1166 τὶ
2363 1112 2457 1166 τοῦ
2495 1111 2727 1183 Κυρίου,
2759 1111 2967 1164 τούτων
3015 1111 3276 1165 ἁπάντων
3325 1111 3588 1164 ἀπαλλασ-

1991 1204 2171 1270 γεῖσα,
2197 1201 2477 1273 ἀφθαρσίᾳ
2513 1201 2568 1255 δὲ
2607 1203 2745 1275 μόνῃ
2765 1201 3276 1272 κατακοσμηθείσα,
3307 1197 3374 1271 ἧς
3407 1218 3585 1273 χορη-

1989 1293 2083 1362 γὸς
2114 1296 2206 1348 καὶ
2229 1293 2474 1364 ἀρχηγὸς
2502 1295 2592 1347 καὶ
2618 1293 2913 1364 τελειωτὴς
2959 1292 3191 1363 Ἰησοῦς,
3239 1296 3266 1346 ὁ
3297 1297 3391 1345 καὶ
3427 1292 3586 1361 ὑμᾶς

1989 1386 2288 1456 δυνάμενος
2344 1387 2742 1456 φρουρῆσαιὲν
2785 1385 3030 1454 ὑπομονῇ
3083 1387 3176 1438 καὶ
3235 1384 3470 1452 αὐξῆσαι
3519 1386 3584 1436 ὲν

1989 1478 2166 1531 ἐλπίδι
2194 1481 2428 1548 χρηστῇ.
2467 1478 2771 1532 Φυλάττετε
2802 1477 2980 1530 τοίνυν
3014 1477 3214 1540 ἑαυτὰς
3247 1479 3304 1530 ὲν
3325 1480 3389 1546 τῇ
3441 1478 3582 1544 κλή-

1992 1587 2094 1633 σει,
2195 1571 2485 1641 ἐκλήθητε,
2533 1567 2840 1639 παρθένους
2884 1568 3055 1636 ἁγνὰς
3108 1567 3464 1636 παραστῆσαι
3499 1567 3584 1635 τῷ

1991 1662 2237 1734 Χριστῷ,
2291 1663 2378 1715 ἵνα
2435 1661 2668 1715 καὶτῶν
2700 1661 2936 1713 αἰωνίων
2993 1658 3221 1727 ἀγαθῶν
3279 1657 3579 1725 ἀξιωθῆτε,

1991 1755 2177 1826 χάριτι
2223 1754 2316 1806 τοῦ
2378 1753 2710 1816 καλέσαντος
2763 1753 2908 1821 ὑμᾶς
2935 1754 3014 1815 εἰς
3057 1750 3153 1803 τὶν
3183 1749 3378 1802 ἑαυτοῦ
3419 1749 3583 1819 βασι-

1991 1847 2143 1900 λείαν
2177 1849 2271 1901 καὶ
2302 1847 2478 1911 δόξαν.

2063 1940 2182 1994 EE’.
2229 1938 2318 2001 Ὠς
2347 1934 2441 1990 οὖν
2465 1935 2745 1990 ἐπαύσατο
2773 1937 2873 2005 τῆς
2931 1936 3308 2004 παραινέσεως
3335 1938 3363 1987 ὁ
3395 1952 3585 2004 μακα-

1995 2050 2110 2104 ριος
2143 2033 2238 2086 καὶ
2297 2031 2668 2100 ἐπευξάμενος
2700 2028 2776 2099 τῷ
2825 2027 3048 2098 Χριστῷ
3078 2028 3248 2089 αὐτας
3279 2027 3582 2098 παρέθετο,

1994 2129 2129 2181 πᾶσι
2157 2125 2425 2189 κελεύσας
2464 2127 2546 2188 είς
2576 2123 2730 2192 λιτὴν
2764 2123 3048 2192 παρεῖναι,
3079 2121 3311 2185 σύναξιν-
3334 2121 3587 2173 ἐπετέλει

1992 2220 2059 2288 τῇ
2093 2218 2240 2287 ἑξῆς,
2305 2218 2373 2270 τὰ
2423 2217 2584 2288 πέριξ
2635 2219 2748 2279 τοῖς
2787 2214 2977 2286 ὕμνοις
3030 2213 3294 2281 ἁγιάζων.
3371 2213 3457 2274 '0;
3485 2210 3587 2265 οὖν

1997 2311 2246 2382 ἐληλύθει
2277 2311 2336 2362 ὲν
2363 2309 2441 2380 τῷ
2470 2307 2778 2379 κτιζομένῳ
2802 2305 3146 2376 ἀσκητηρίῳ,
3193 2305 3365 2374 εὐχὴν
3387 2305 3585 2374 ἐκτενῆ

1998 2405 2096 2457 σὺν
2141 2403 2220 2472 τῷ
2272 2400 2522 2470 ἑπομένῳ
2568 2399 2764 2469 πλήθει
2818 2399 3211 2468 ποιησάμενος,
3249 2396 3390 2450 ἀνίει
3421 2394 3588 2461 ἐντῷ

1997 2492 2133 2563 ὄρει,
2169 2493 2311 2563 μετὰ
2333 2495 2485 2563 τρεῖς
2513 2491 2612 2560 μὲν
2647 2491 2865 2562 ἡμέρας
2907 2489 3290 2560 ἀρρωστήσας,
3344 2488 3484 2556 μετὰ
3525 2487 3588 2541 δὲ

1997 2587 2128 2641 δέκα
2152 2587 2319 2649 ἄλλας
2353 2585 2706 2655 τελευτήσας.

2073 2767 2207 2835 Ξςο.
2244 2765 2518 2835 Συναχθὲν
2547 2759 2640 2817 οὖν
2691 2761 2894 2833 πλῆθος
2933 2759 3194 2828 ἁξιοθέων
3225 2757 3439 2828 ἀνδρῶν
3487 2757 3591 2810 καὶ

1997 2861 2242 2915 εὐλαδὼν
2272 2858 2366 2912 τοῦ
2394 2875 2450 2910 τε
2487 2857 2692 2926 κλήρου
2728 2856 2822 2908 καὶ⁵
2853 2853 2959 2907 τῶν
2991 2852 3153 2930 πέριξ
3202 2849 3590 2922 μοναστηρίων

2001 2957 2097 3008 σὺν
2131 2955 2243 3015 τοῖς
2304 2949 2750 3018 σπουδαιοτέροις
2800 2947 2910 3000 τῶν
2963 2945 3247 3017 κοσμικῶν
3281 2945 3590 3013 ἐκήδευσαν

1999 3047 2162 3101 αὑτὸν
2183 3047 2247 3116 τῇ
2272 3040 2850 3113 τεσσαρεσκαιδεκάτῃ
2874 3039 2967 3092 τοῦ
2988 3037 3357 3108 Φεϐρουαρίου
3389 3036 3587 3105 μηνός·

2000 3141 2164 3194 τινῶν
2207 3143 2305 3210 μὲν
2337 3138 2431 3192 οὖν
2465 3136 2805 3209 βουλομένων
2827 3137 2921 3188 tui.
2960 3134 3191 3202 μάλιστα
3213 3133 3322 3184 τῶν
3351 3131 3462 3183 ἀπὸ
3490 3127 3616 3184 τοῦ,

321 3233 554 3286 maxime
613 3234 678 3288 iis
732 3237 820 3302 qui
873 3247 1034 3289 erant
1095 3251 1160 3289 ex
1217 3239 1545 3293 monasterio
1594 3240 1892 3293 beatissimi

2039 3233 2366 3303 ,ovaorqpiou
2397 3232 2489 3284 τοῦ
2525 3230 2804 3300 μακαρίου
2848 3227 3140 3288 ’Υπατίου,
3200 3225 3260 3276 ὲν
3292 3217 3334 3291 ᾧ
3377 3223 3472 3275 καὶ
3504 3221 3588 3272 διο

321 3324 556 3396 llypatii,
612 3327 664 3380 in
717 3343 825 3396 quo
882 3339 1131 3385 versatus
1191 3339 1295 3394 est,
1349 3345 1469 3386 cum
1525 3332 1894 3386 descendisset

317 3426 538 3486 propter
569 3421 856 3488 synodum,
882 3422 1150 3490 pretiosas
1181 3422 1298 3491 ejus
1332 3423 1587 3492 reliquias
1627 3425 1896 3491 deponere

321 3507 375 3561 in
430 3508 627 3577 templo
699 3507 1022 3564 Sanctorum
1084 3512 1514 3581 Apostolorum,
1569 3515 1892 3582 quibusdam

323 3611 501 3653 autent
541 3600 594 3654 in
651 3604 852 3671 templo
911 3602 970 3656 S.
1007 3602 1303 3668 Zachariae,
1360 3605 1505 3674 quod
1552 3615 1638 3660 est
1691 3608 1899 3676 aliquot

323 3692 588 3748 milliariis
618 3696 764 3750 illinc
791 3696 959 3750 situm
988 3698 1040 3750 in
1077 3699 1280 3766 prazdio
1313 3700 1456 3768 quod
1486 3699 1687 3755 dicitur
1720 3699 1899 3754 Thea-

324 3794 488 3840 trum.
519 3791 648 3852 Quae
673 3789 738 3841 ab
764 3803 828 3844 eo
867 3801 1194 3860 congregata
1217 3791 1447 3855 fuerant,
1473 3793 1539 3846 iis
1561 3793 1652 3862 qui
1675 3793 1900 3847 aderant

321 3878 697 3946 supplicabant
733 3896 855 3934 cum
913 3883 1099 3937 multis
1128 3883 1407 3954 lacrymis,
1446 3899 1514 3938 ne
1554 3885 1716 3941 Pater
1740 3901 1899 3956 sepa-

322 3981 534 4023 raretur
567 3986 596 4024 a
629 3972 771 4026 liliis.
818 3971 969 4027 Tunc
1026 3975 1118 4028 Dei
1157 3975 1432 4031 voluntate
1477 3978 1544 4031 ad
1577 3992 1765 4032 eorum
1807 3980 1897 4047 qui

331 4059 444 4112 illic
475 4076 564 4112 era
577 4070 631 4113 ιιι
658 4062 912 4125 salutem,
939 4063 990 4116 in
1016 4065 1258 4118 oratorio
1281 4067 1348 4119 ab
1375 4081 1440 4120 eo
1475 4069 1694 4122 condito
1728 4069 1902 4124 instar

324 4153 661 4213 monasterii,
686 4166 809 4205 cum
845 4154 1235 4222 deposuerunt.
1282 4154 1446 4223 Cujus
1507 4159 1898 4214 monimentum

324 4261 420 4314 per
446 4245 798 4315 multiplicem
831 4247 1034 4304 Christi
1092 4250 1478 4323 benignitatem
1513 4254 1675 4309 elllcit
1731 4270 1896 4311 cura-

323 4340 503 4394 tiones
535 4355 707 4411 usque
739 4344 792 4396 in
819 4343 1141 4400 hodiernum
1166 4348 1330 4401 diem.

402 4430 609 4486 LXVII.
641 4433 1064 4492 Consumtnatus
1095 4449 1274 4494 autem
1323 4439 1424 4494 fuit
1455 4452 1678 4497 sanctus
1708 4453 1892 4498 uoster

322 4525 607 4595 presbyter
653 4536 706 4580 et
731 4529 1158 4586 archimandrita
1198 4521 1256 4586 ei
1302 4549 1530 4604 magnus
1561 4537 1702 4592 inter
1741 4553 1898 4591 eser-

2000 3328 2186 3397 ἐτριψε
2215 3326 2403 3388 διαϐὰς
2436 3325 2522 3376 διὰ
2546 3323 2643 3393 τὴν
2676 3321 2896 3374 σύνοδον
2922 3321 2977 3370 ἐν
3007 3315 3085 3386 τῷ
3113 3316 3247 3383 οἴκῳ
3275 3313 3384 3366 τῶν
3412 3312 3590 3377 ἁγίων

2011 3420 2346 3474 Ἀποστόλων
2379 3418 2560 3487 τίμιον
2589 3411 2753 3467 αὑτοῦ
2790 3410 3042 3478 λείψανον
3063 3406 3380 3462 ἀποθέσθαι.
3409 3405 3590 3456 Τινῶν

1999 3515 2056 3569 δὲ
2096 3519 2154 3568 ἐν
2225 3512 2303 3582 τῷ
2361 3511 2495 3578 οἴκῳ
2550 3511 2644 3558 τοῦ
2698 3505 2854 3571 ἁγίου
2914 3500 3186 3572 Ζαχαρίου
3228 3499 3306 3568 τῷ
3354 3500 3470 3550 ὄντι
3510 3501 3591 3562 ὡς

2000 3609 2109 3662 ἀπὸ
2181 3604 2426 3674 σημείων
2463 3605 2518 3654 ἐν
2553 3601 2794 3668 κτήματι
2847 3594 3125 3664 λεγομένῳ
3157 3592 3474 3661 θεατρῴδει,
3530 3592 3593 3642 αἱ

2005 3701 2098 3755 ὑπ’
2129 3697 2294 3753 αὐτοῦ
2341 3694 2690 3762 συναχθεῖσαι
2754 3689 2890 3760 μετὰ
2944 3685 3140 3740 πολλοῦ
3190 3684 3426 3754 ὀδυρμοῦ
3458 3688 3590 3747 τοὺς

2001 3793 2281 3864 παρόντας
2343 3791 2610 3848 ἱκέτευον,
2640 3785 2713 3852 μὴ
2746 3781 3080 3855 χωρισθῆναι
3115 3780 3204 3832 τὸν
3238 3779 3451 3848 πατέρα
3478 3780 3587 3829 τῷν

2001 3887 2229 3940 τέκνων.
2256 3884 2390 3936 Τότε
2426 3879 2546 3932 κατ’
2582 3876 2830 3930 εὐδοκίαν
2869 3873 2962 3927 τοῦ
2995 3872 3128 3925 Θεοῦ
3171 3871 3308 3941 πρὸς
3355 3871 3450 3938 τὴν
3478 3869 3589 3920 τῶν

2008 3983 2190 4034 ἐκεῖσε
2245 3974 2525 4044 σωτηρίαν
2581 3973 2638 4023 ὲν
2687 3968 2766 4039 τῷ
2793 3967 2956 4021 αὑτοῦ
2983 3963 3258 4017 κτισθέντι
3313 3962 3591 4031 εὐκτηρίῳ

2003 4075 2082 4136 είς
2105 4070 2255 4134 τάξιν
2309 4064 2674 4138 μοναστηρίου
2702 4059 2992 4114 κατέθεντο
3016 4057 3200 4121 αὐτὸν,
3228 4050 3288 4110 οὗ
3311 4055 3369 4107 τὸ
3399 4056 3588 4123 μνῆμα

2001 4165 2088 4218 διὰ
2146 4162 2246 4231 τῆς
2300 4157 2643 4227 πολυτρόπου
2720 4151 3130 4223 φιλανθρωπίας
3194 4148 3289 4201 τοῦ
3352 4144 3588 4217 Χριστοῦ

2004 4258 2130 4328 ἄχρι
2189 4254 2282 4308 τοῦ
2347 4253 2440 4307 νῦν
2478 4251 2647 4311 ἰάσεις
2685 4245 2944 4299 ἐπιτελεῖ.

2074 4437 2193 4493 ΞΖ’.
2231 4433 2553 4502 Ἐτελειὼθη
2583 4431 2640 4484 δὲ
2667 4432 2694 4483 ὁ
2727 4432 2782 4482 ὲν
2811 4428 2986 4496 ἁγίοις
3021 4424 3215 4494 Πατὴρ
3244 4424 3401 4493 ἡμων
3435 4438 3591 4491 πρεσο

2006 4530 2233 4598 εὐτερος
2283 4528 2376 4580 καὶ
2405 4520 2839 4593 ἁρχιμανδρίτης
2880 4517 2974 4568 καὶ
3011 4513 3185 4584 μέγας
3230 4514 3288 4564 ὲν
3321 4513 3589 4580 ἁσκτίταίς

319 4619 580 4674 citatores
606 4618 907 4676 Auxentius
939 4623 988 4676 in
1019 4622 1247 4689 imperio
1265 4625 1336 4691 pii
1356 4596 1421 4680 et
1436 4627 1638 4682 Christi
1663 4633 1892 4686 amantis

2039 4625 2294 4690 ιύξέντιος
2343 4622 2400 4672 ὲν
2457 4620 2524 4688 τῇ
2568 4613 2820 4685 βασιλείᾳ
2875 4611 2968 4664 τοῦ
3018 4610 3374 4679 φιλοχρίστου
3421 4605 3589 4659 Δέον-

321 4711 576 4775 Zenonis,
607 4711 888 4768 Februarii
914 4715 1118 4770 mensis
1146 4732 1256 4772 ειν.
1287 4716 1413 4773 Fuit
1442 4735 1574 4775 vero
1617 4723 1895 4791 depositus

323 4803 378 4857 in
413 4805 677 4872 praedicto
701 4809 1055 4872 monasterio,
1095 4809 1161 4862 ad
1193 4810 1421 4880 gloriam
1453 4811 1549 4867 Dei
1577 4816 1770 4880 nostri,
1801 4818 1890 4884 qui

320 4903 579 4961 operatur
602 4895 742 4950 dona
770 4896 823 4950 in
859 4899 1063 4952 sanctis
1089 4899 1223 4954 suis.
1259 4901 1527 4966 Quoniam
1579 4919 1699 4959 eum
1735 4906 1894 4960 decet

321 4986 491 5056 gloria
520 5003 642 5041 cum
681 4988 838 5044 Patre
867 5000 922 5045 et
946 5000 1134 5046 sancto
1157 4993 1386 5062 Spiritu,
1423 5013 1566 5053 nunc
1595 5008 1649 5054 et
1682 5014 1899 5068 semper

324 5086 377 5130 ct
408 5078 458 5130 in
490 5078 686 5133 szecula
713 5083 1057 5138 stcculorum.
1093 5086 1284 5141 Amen.

397 5352 442 5384 ³⁵
485 5350 657 5408 lCor.
695 5367 794 5420 vn,
819 5354 910 5409 54.

403 5512 517 5587 (ιὲ)
558 5511 852 5587 lnterpres,
886 5513 1132 5584 Zenonis,
1164 5515 1254 5587 qui
1298 5513 1466 5572 Leoni
1504 5516 1788 5572 successit.

1995 4733 2087 4780 τος
2117 4712 2261 4786 (12),
2299 4711 2430 4782 μηνὶ
2457 4707 2813 4778 Φεϐρουαρίῳ
2858 4700 3461 4772 τεσσαρεσκαιδεκάτῃ,
3495 4698 3592 4748 καὶ

1997 4805 2266 4874 κατετέθη
2304 4806 2361 4856 ὲν
2425 4802 2502 4872 τῷ
2550 4796 2940 4871 προειρημένῳ
2986 4795 3265 4864 εὐκτηρίῳ
3321 4793 3400 4854 εἰς
3431 4789 3589 4853 δόξαν

1995 4897 2238 4972 Χριστοῦ
2273 4896 2369 4950 τοῦ
2402 4894 2539 4948 Θεοῦ
2594 4893 2752 4964 ἡμῶν
2784 4889 2878 4943 τοῦ
2926 4887 3354 4955 ὲνδοξαζομένου
3383 4887 3444 4936 ὲν
3475 4885 3591 4945 τοῖς

1997 4993 2176 5063 ἁγίοις
2204 4988 2394 5052 αὐτοῦ,
2425 4989 2510 5040 ὅτι
2534 4985 2684 5056 αὐτῷ
2726 4982 2930 5055 πρέπει
2984 4979 3110 5044 δόξα
3143 4978 3240 5030 σὺν
3290 4975 3368 5046 τῷ
3416 4975 3594 5041 Πατρὶ

2007 5088 2106 5142 καὶ
2167 5085 2246 5154 τῷ
2292 5082 2433 5152 ἁγίῳ
2469 5079 2775 5148 Πνεῦματι,
2830 5076 2925 5129 νῦν
2978 5075 3068 5127 καὶ
3095 5070 3183 5124 ἀεὶ
3227 5069 3321 5123 καὶ
3357 5070 3436 5132 εἰς
3464 5066 3592 5119 τοῦ·

2007 5180 2208 5240 αἰῶνας
2233 5177 2341 5230 τῶν
2366 5174 2599 5229 αἰώνων.
2639 5170 2834 5241 Ἀμήν.
