3820 6484
310 465 452 541 1437
1577 482 1759 549 VlTA
1789 489 1849 551 s.
1880 492 1889 553 ς

1996 493 2253 556 [ιΙΑΝᾸί.

308 627 2697 658 Imm“-

1542 828 2421 952 ΜΑΡΤΥΡΙΟΝ

949 1083 1168 1170 ΤΗΣ
1240 1076 1564 1172 ΑΓΙΑΣ
1635 1085 2219 1174 ΜΑΡΤΥΡΟΣ
2292 1080 2907 1175 ΙΟΥΛΙΑΝΗΣ

1562 1273 1701 1330 ms
1738 1274 1832 1331 EN
1869 1273 2286 1347 ΝΙΚΟΜΗΔΙᾼ.

3425 490 3564 563 1438

363 628 3057 673 Mm

968 1706 975 1709 ,
1564 1618 2299 1716 MARTYBIUM

875 1824 1484 1946 SANCT/E
1558 1834 2209 1950 JULIANIE
2290 1835 3037 1950 MABTYRIS

1269 2053 1454 2128 QUIE
1495 2054 1578 2116 IN
1621 2055 2076 2119 NICOMEDIA
2117 2052 2361 2120 FASSA
2395 2058 2566 2119 ES'I‘.
2644 2058 2659 2069 ’

309 2222 514 2289 (Latine
544 2222 674 2286 apud
697 2221 897 2273 Surium
920 2221 981 2272 ad
1001 2221 1136 2273 diem
1161 2220 1218 2272 ιο
1238 2220 1499 2273 Februarii
1524 2220 1630 2287 (1);
1652 2222 1826 2274 Graece
1848 2221 1992 2272 nobis
2013 2221 2301 2287 suppeditat
2336 2225 2497 2276 codex
2522 2238 2614 2274 ms.
2640 2224 2768 2287 Reg.
2802 2224 2961 2274 Paris.
3000 2236 3054 2273 n.
3076 2223 3190 2273 921.
3224 2224 3362 2275 Eutr.
3390 2222 3571 2289 Pun.)

379 2532 455 2586 A'.
498 2531 610 2585 Kal.
633 2529 896 2601 καλλίστη
923 2527 1031 2583 τῶν
1057 2527 1315 2602 πόλεωνὴ
1354 2528 1702 2601 Νικομήδους
1734 2530 1881 2600 φημὶ

2057 2528 2098 2583 l.
2132 2526 2310 2582 Etiam
2363 2528 2641 2582 civitatum
2703 2526 3089 2597 pulcherrimo,
3115 2520 3453 2592 Nicomedia,
3487 2527 3572 2581 in-

305 2619 656 2691 Μαξιμιανοῦ
692 2618 785 2672 τοῦ
833 2618 1129 2682 δυσσεϐοῦς
1183 2620 1448 2689 ἄρξαντος
1487 2619 1888 2694 ἐμφιλοχηροῦν

1996 2632 2178 2689 quam,
2237 2632 2360 2674 cum
2417 2618 2508 2689 qui
2551 2618 2716 2688 impie
2747 2617 3052 2686 imperavit,
3093 2616 3457 2672 Maximianus
3505 2618 3571 2672 li-

304 2717 544 2787 τοσαύτη
578 2716 904 2778 κατείδωλος
943 2712 1011 2785 ἦν
1034 2734 1048 2748 ·
1073 2716 1283 2770 ἐκεῖθεν
1307 2712 1400 2770 οὖν
1429 2717 1529 2788 ἁνή
1539 2735 1569 2787 ρ
1590 2735 1674 2781 τις
1701 2716 1887 2789 όρμώὲ

311 2825 472 2879 μενος
500 2806 744 2877 τοῦνομα
787 2807 1080 2870 Ἐλεύσιος,
1111 2803 1191 2868 εἷς
1219 2809 1482 2880 ὑπάρχων
1510 2810 1620 2861 τῶν
1644 2812 1742 2877 τῆς
1767 2810 1888 2880 ﬂou-

304 2897 408 2970 λῆς
432 2898 532 2952 καί
565 2899 717 2965 φίλος
749 2899 847 2968 μὲν
874 2898 954 2969 τῷ
1000 2898 1313 2969 κρατοῦντι,
1355 2898 1510 2969 φίλος
1542 2898 1599 2954 δὲ
1631 2900 1886 2970 δαίμοσι·

309 2990 676 3059 μνηστεύεται
735 2991 924 3061 κόρην,
969 2990 1068 3057 τὴν
1106 2990 1256 3061 ὥραν
1302 2988 1581 3061 λαμπρὰν,
1626 2992 1688 3045 τὸ
1721 2994 1890 3061 γένος

306 3082 574 3152 ἐπιφανῆ,
604 3082 696 3136 τὸν
733 3082 935 3153 τρόπον
969 3083 1260 3154 ἐπαινετὴν
1309 3084 1404 3137 καὶ
1434 3084 1745 3156 φιλάρετον,
1781 3102 1890 3139 σω-

308 3173 588 3242 φροσύνης
641 3172 738 3241 οὐχ
784 3170 985 3242 ἥκιστα
1032 3172 1501 3244 μεταποιουμένην
1550 3172 1643 3226 καὶ
1686 3171 1890 3244 ταύτην

306 3265 514 3335 κόσμον
552 3265 754 3332 ἑαυτῆς
800 3264 1004 3317 εἰδυῖαν
1030 3279 1045 3295 ο
1081 3264 1141 3318 τὸ
1174 3265 1394 3318 πάντων
1445 3266 1631 3335 μεῖζον
1676 3267 1771 3319 καὶ
1802 3282 1889 3318 τε-

304 3355 580 3409 λεώτατον
615 3355 748 3408 πολὺ
786 3354 848 3407 τὸ
892 3354 1114 3417 εὐσεϐὲς
1141 3356 1221 3418 είς
1240 3355 1477 3426 Χριστὸν
1509 3344 1888 3426 κεκτήμένην·

303 3446 488 3498 καίτοι
513 3461 576 3514 γε
606 3446 668 3498 οὐ
694 3444 868 3508 καλὰς
890 3447 954 3498 ὲκ
979 3446 1321 3516 γεννητόρων
1346 3444 1543 3516 ἔχουσα
1572 3447 1709 3516 πρὸς
1732 3445 1892 3501 τοῦτο

301 3540 405 3603 τὰς
435 3537 692 3610 ἀφορμάς
718 3554 733 3570 ο
765 3539 951 3608 πατὴρ
986 3537 1088 3609 μὲν
1137 3539 1248 3609 γὰρ
1294 3539 1430 3610 αὐτῇ
1471 3539 1557 3593 ἐπ’
1600 3541 1723 3609 ἴσης
1757 3539 1890 3595 Ἔλ-

304 3629 433 3699 λησί
460 3643 517 3681 τε
543 3628 697 3696 φίλος
720 3631 813 3683 καὶ
842 3631 1191 3698 Χριστιανοῖς
1218 3632 1432 3701 ἄμαχος
1464 3632 1677 3703 ἐχθρὸς,
1708 3632 1891 3703 μήτηρ

304 3723 364 3776 δὲ
432 3722 685 3793 μεθόριον
721 3721 1047 3793 ὲλληνισμοῦ
1089 3723 1207 3792 ἅμα
1240 3724 1331 3776 καὶ
1355 3724 1660 3790 εὐσεϐείας,
1688 3726 1737 3776 εί
1766 3722 1889 3795 μηδ’

305 3814 485 3884 ἑτέρῳ
513 3814 574 3867 τὸ
607 3814 772 3867 πλέον
801 3815 1041 3885 νέμουσα
1063 3832 1075 3846 ·
1108 3815 1222 3868 ἀλλ’
1242 3816 1364 3884 οὐχὶ
1388 3816 1481 3869 καὶ
1510 3817 1542 3887 ἡ
1580 3817 1887 3885 πάνσεμνος

318 3905 583 3977 Ἰουλιανή
609 3923 624 3938 ·
656 3906 814 3960 τοῦτο
857 3908 965 3977 γὰρ
1009 3907 1183 3978 ὄνομα
1226 3910 1294 3978 τῇ
1338 3908 1513 3979 κόρῃ·
1550 3907 1666 3959 ἀλλ’
1706 3907 1890 3978 ὁρῶσα

308 4001 403 4054 τὸν
431 4000 684 4071 οὐρανὸν,
714 4001 876 4071 ἀέρα.
910 4000 1206 4067 θάλασσαν,
1239 4002 1372 4071 πῦρ,
1404 4001 1587 4072 ἐζήτει
1618 4002 1708 4056 τὸν
1737 4001 1891 4074 δεδη-

312 4094 688 4167 μιουργηκότα
718 4095 811 4148 καὶ
844 4096 912 4149 δι’
938 4095 1122 4149 αὐτῶν
1146 4097 1329 4161 ὁποῖος
1355 4097 1422 4150 ἂν
1449 4098 1531 4168 είη
1559 4111 1573 4126 ο
1598 4097 1719 4150 λίαν
1756 4112 1887 4150 συν-

308 4188 450 4251 ετῶς
507 4188 937 4259 κατεμάνθανεν,
1006 4189 1214 4242 Παῦλον
1261 4190 1459 4260 ἔχουσα
1524 4190 1844 4246 διδάσκαλον
1871 4230 1887 4257 ,

307 4286 402 4336 τὸν
436 4280 628 4353 σοφόν*
663 4283 733 4336 τὰ
759 4281 868 4351 γὰρ
909 4280 1114 4350 ἀόρατα
1153 4280 1341 4347 αὑτοῦ,
1372 4282 1538 4351 φησὶν
1582 4275 1758 4348 οὗτος,
1783 4282 1891 4335 ἀπὸ

310 4373 545 4437 κτίσεως
588 4375 795 4444 κόσμου
823 4375 934 4435 τοῖς
961 4373 1230 4442 ποιήμασι
1260 4372 1525 4443 νοούμενα
1551 4374 1888 4443 καθορᾶται·

310 4463 403 4519 διὰ
429 4464 640 4518 τοιοῦτο
681 4465 774 4517 καὶ
814 4462 907 4528 Ei;
924 4465 1033 4532 ἄρα
1060 4464 1215 4529 Θεὸς,
1248 4466 1425 4530 ἔλεγε,
1455 4466 1551 4519 καὶ
1589 4465 1780 4520 τοῦτον
1810 4466 1894 4519 δεῖ

309 4558 642 4627 προσκυνεῖν
664 4571 677 4584 '
713 4555 843 4619 τοὺς
872 4556 930 4608 δὲ
968 4555 1162 4620 ἄλλους
1196 4558 1294 4610 οὐκ
1327 4555 1394 4611 ἃν
1432 4556 1693 4629 Ἰουλιανὴ
1736 4557 1893 4621 θεοὺς

312 4647 459 4700 εἴποι
510 4647 640 4700 ποτὲ
696 4646 817 4700 οὐδὲ
862 4648 1028 4720 τιμὴν
1080 4650 1172 4704 καὶ
1204 4650 1370 4712 σέϐας
1405 4648 1481 4712 ὡς
1521 4649 1661 4715 Θεοῖς
1711 4650 1892 4713 αὐτοῖς

307 4738 585 4810 ἀπονείμη
606 4755 622 4770 ⁸
662 4738 837 4792 ταῦτα
863 4739 1015 4809 ἔλεγε
1049 4742 1141 4795 καὶ
1173 4741 1385 4812 συνῳδὰ
1411 4743 1524 4805 τοῖς
1550 4742 1735 4811 λόγοις
1765 4744 1892 4793 ἑπε-

306 4831 455 4884 τέλει
485 4831 554 4884 τὰ
584 4831 755 4901 ἔργον
799 4832 1099 4901 φροντίδων
1135 4833 1232 4903 μὲν
1257 4832 1349 4887 οῦν
1381 4833 1493 4886 τῶν
1518 4834 1694 4889 ἄλλων
1729 4832 1891 4889 ἀπεί-

308 4938 437 4991 χετο
459 4939 475 4954 ·
507 4922 655 4992 τρισὶ
680 4922 738 4975 δὲ
767 4922 978 4986 τούτοις
1003 4924 1096 4977 τὸν
1140 4924 1254 4995 βίον
1291 4926 1512 5001 ἐμέριζε
1539 4924 1633 4979 τὸν
1668 4927 1889 4993 οἰκεῖον,

308 5018 443 5087 εὐχῇ
472 5018 567 5072 καὶ
596 5020 745 5081 ναοῖς
771 5018 905 5071 Θεοῦ
950 5018 1043 5072 καὶ
1075 5019 1235 5072 θείων
1260 5019 1496 5091 Γραφῶν
1528 5018 1888 5089 ἀναγνώσεσι,

310 5108 407 5162 καὶ
446 5108 592 5163 οὕτω
640 5110 735 5162 τὸν
781 5110 985 5180 μεταξὺ
1019 5110 1198 5166 πάντα
1246 5112 1345 5183 τῆς
1394 5112 1691 5182 μνηστείας
1732 5113 1892 5184 διῆγε

308 5200 524 5271 καιρόν.

380 5458 459 5519 B'.
500 5464 654 5518 Ἐπεὶ
674 5466 730 5519 δὲ
756 5467 853 5521 καὶ
871 5470 899 5521 ό
934 5469 1206 5536 Ἐλεύσιος
1227 5474 1353 5539 τοὺς
1377 5475 1590 5547 γάμους
1624 5478 1897 5535 ἐπέσπευ-

384 5600 401 5633 ¹
437 5599 596 5657 Rom.
630 5616 671 5669 ι,
701 5601 792 5658 21.

378 5747 455 5821 (i)
491 5746 559 5803 Ut
603 5746 794 5821 Latina
825 5744 1029 5821 habent
1060 5742 1644 5821 Marty_ro_logia__qttod
1691 5761 1773 5805 est
1813 5754 1892 5807 leo

307 5813 451 5891 stum
507 5816 890 5891 translationis
935 5813 1076 5891 ejus.
1127 5813 1391 5891 ut'habet
1444 5813 1889 5891 Martyrologium

309 5890 641 5947 Romanum.
666 5886 839 5944 Graeci
879 5886 930 5942 in
967 5885 1291 5961 Menologio,
1334 5890 1562 5947 natalem
1587 5885 1704 5961 ejus
1740 5885 1883 5949 diem

1993 2711 2189 2766 benter
2227 2710 2280 2764 in
2311 2723 2373 2765 ea
2426 2710 2668 2778 degeret,
2701 2718 2823 2764 erat
2850 2708 3032 2763 dedita
3066 2708 3232 2762 cultui
3277 2709 3565 2764 idolorum.

1995 2801 2072 2856 Ex
2104 2816 2165 2856 ea
2194 2815 2324 2872 ergo
2354 2801 2440 2857 vir
2490 2801 2713 2870 quidam
2757 2801 2965 2855 ducens
3011 2801 3300 2870 originem,
3353 2802 3572 2856 nomine

1995 2895 2241 2951 Eleusius
2289 2894 2394 2966 (i),
2447 2894 2536 2963 qui
2605 2901 2723 2948 erat
2769 2908 2908 2947 unus
2939 2907 3006 2947 ex
3034 2900 3252 2959 senatu,
3277 2900 3331 2947 et
3358 2892 3569 2950 amicus

1993 2988 2212 3061 quidem
2271 2988 2630 3056 imperatori,
2689 2986 2901 3040 amicus
2962 2996 3142 3039 autem
3206 2985 3568 3052 dremonilms.

1992 3082 2291 3153 despondet
2317 3080 2547 3150 puellam
2574 3078 2754 3161 specie
2774 3077 3092 3142 formosam,
3113 3092 3314 3147 genere
3343 3077 3568 3142 claram,

1992 3177 2232 3231 moribus
2257 3173 2479 3244 probam
2518 3183 2574 3228 et
2613 3171 2962 3234 laudabilem,
3012 3172 3432 3242 temperantiam
3466 3171 3567 3227 sibi

1992 3267 2230 3339 maxime
2288 3266 2650 3321 vindicantem
2703 3273 2758 3319 et
2804 3262 3065 3318 scientem
3113 3278 3234 3318 eam
3262 3278 3385 3318 esse
3408 3278 3570 3318 suum

1990 3367 2398 3424 ornamentum,
2431 3367 2488 3413 et
2547 3357 2693 3426 quod
2746 3368 2830 3412 est
2877 3358 3119 3411 omnium
3179 3357 3475 3411 maximum
3517 3362 3573 3410 et

1992 3451 2497 3523 perfectissimum,
2561 3450 2615 3503 in
2671 3449 2948 3505 Christum
3006 3465 3257 3521 magnam
3314 3449 3571 3518 pietatem

1995 3544 2382 3616 possidentem,
2406 3543 2509 3598 etsi
2538 3556 2607 3597 ex
2634 3558 2697 3611 pa
2710 3540 2956 3597 rentibus
2986 3541 3052 3595 ad
3081 3542 3179 3594 hoc
3223 3555 3328 3594 non
3371 3538 3571 3594 bonam

1994 3640 2220 3692 haberet
2253 3635 2617 3691 occasionem.
2669 3631 2804 3687 Nam
2854 3634 2903 3687 ei
2972 3632 3188 3700 quidem
3245 3639 3365 3685 erat
3395 3641 3569 3699 pater,

1992 3745 2144 3800 εεῳιε
2174 3739 2228 3784 et
2260 3729 2468 3782 amicus
2493 3726 2810 3798 gentilibus,
2845 3733 2900 3779 et
2931 3723 3260 3779 Christianis
3322 3722 3573 3776 inimicus

1995 3820 2457 3892 inexpugnabilis.
2495 3820 2666 3874 Mater
2698 3833 2828 3873 vero
2860 3829 2974 3871 erat
3016 3817 3068 3869 in
3103 3813 3343 3870 conﬁnio
3368 3815 3573 3868 utrius-

1995 3932 2122 3987 que,
2154 3930 2347 3985 nempe
2376 3923 2431 3970 et
2462 3911 2747 3985 gentilium
2772 3911 2979 3967 erroris
3012 3909 3174 3965 simul
3228 3917 3283 3963 et
3331 3908 3571 3977 pietatis,

1992 4017 2049 4066 et
2099 4009 2276 4063 neutri
2335 4008 2585 4062 tribuens
2637 4004 2759 4074 plus
2813 4018 2975 4074 quam
3007 4001 3186 4057 alteri.
3217 4000 3324 4055 Sed
3358 4014 3466 4055 non
3495 3999 3576 4054 sic

1995 4101 2382 4160 honestissima
2411 4099 2622 4155 Juliana
2656 4099 2784 4170 (hoc
2803 4100 2946 4152 enim
2976 4108 3097 4151 erat
3118 4110 3314 4149 nomen
3339 4094 3574 4163 puellm),

1993 4198 2089 4251 sed
2153 4196 2345 4250 videns
2375 4194 2598 4258 calum,
2667 4202 2888 4256 terram,
2943 4203 3148 4253 aerem,
3177 4202 3345 4252 mare,
3374 4186 3572 4256 ignem,

1994 4286 2273 4359 quaerebat
2325 4300 2448 4341 eum
2489 4285 2583 4354 qui
2622 4298 2686 4339 ea
2727 4291 2810 4338 est
2850 4281 3172 4345 fabricatus,
3208 4289 3264 4334 et
3297 4294 3394 4348 per
3433 4279 3569 4347 ipsa,

1994 4379 2249 4448 quisnam
2285 4387 2449 4440 esset,
2486 4374 2642 4429 valde
2687 4374 2983 4441 prudenter
3020 4371 3232 4436 didicit,
3274 4371 3572 4438 sapientem

1994 4471 2220 4525 Paulum
2278 4469 2484 4524 habens
2538 4467 2882 4538 magistrum.
2914 4462 3210 4519 lnvisibilia
3261 4462 3405 4515 enim
3432 4462 3567 4529 ejus.

1995 4563 2191 4631 inquit,
2217 4576 2246 4615 a
2270 4569 2521 4627 creatura
2548 4559 2730 4612 mundi
2756 4557 3015 4626 operibus
3058 4554 3328 4610 intellecta
3359 4553 3577 4621 conspi-

1994 4653 2218 4708 ciuntur
2243 4653 2282 4706 ί.
2320 4650 2616 4721 Propterea
2671 4665 2800 4720 ergo
2840 4648 3094 4703 dicebat:
3131 4646 3283 4702 Unus
3323 4656 3402 4700 est
3431 4646 3575 4699 Deus

1995 4759 2179 4804 verus.
2212 4752 2270 4799 et
2324 4758 2450 4799 eum
2504 4751 2721 4812 oportet
2756 4741 3006 4796 adorare.
3045 4739 3195 4794 Alios
3224 4748 3406 4794 autem
3436 4752 3577 4792 nun-

1992 4850 2154 4907 quam
2189 4832 2548 4891 deos‘dixerit
2579 4833 2817 4896 Juliana,
2854 4848 3029 4903 neque
3071 4831 3274 4886 cultum
3314 4839 3372 4886 et
3408 4833 3575 4885 Itono-

1996 4940 2108 4982 rem
2142 4926 2224 4981 eis
2268 4935 2523 4995 tanquam
2579 4926 2684 4980 diis
2754 4924 3028 4979 tribuerit.
3061 4921 3191 4977 Haec
3243 4921 3484 4987 dicebat,
3520 4927 3579 4974 ct

1993 5019 2174 5075 verbis
2203 5018 2582 5075 convenientia
2613 5016 2882 5072 ciiieiebat
2907 5030 3092 5084 opera.
3124 5013 3301 5083 Atque
3343 5010 3412 5067 ab
3455 5011 3577 5066 aliis

1993 5109 2209 5178 quidem
2270 5109 2420 5165 curis
2469 5107 2812 5174 abstinebat;
2866 5105 2950 5161 his
3008 5119 3137 5161 vero
3194 5104 3365 5159 tribus
3420 5118 3575 5157 suam

1919 5229 1963 5287 ο
1999 5205 2164 5257 vitam
2192 5201 2568 5272 dispertiebat,
2600 5200 2857 5266 orationi,
2894 5197 3111 5268 templis
3141 5197 3329 5263 Dei,et
3354 5193 3575 5287 lectioni

2000 5308 2280 5349 sacrarum
2332 5292 2740 5363 Scripturarum
2777 5307 2792 5346 :
2836 5300 2893 5346 et
2937 5290 3024 5346 sic
3075 5296 3246 5345 totum
3316 5285 3578 5356 transegit

1999 5396 2214 5457 tempus
2238 5388 2382 5456 quod
2407 5385 2509 5439 fuit
2534 5386 2670 5438 inter
2700 5382 2999 5452 sponsalia.

2070 5480 2132 5537 ll.
2159 5481 2292 5537 Cum
2334 5489 2511 5534 autem
2545 5476 2793 5532 Eleusine
2825 5483 3046 5547 urgeret
3082 5482 3138 5529 et
3164 5479 3481 5544 pr0peraret
3507 5468 3575 5525 ad

1996 5753 2058 5808 2i
2105 5752 2413 5826 Decembris
2464 5761 2650 5826 agunt.
2687 5750 2822 5809 Vide
2869 5759 3028 5806 notas
3061 5746 3277 5806 Baronii
3316 5745 3385 5802 ad
3422 5744 3567 5803 Mar-

1997 5825 2345 5896 tyrolugium.
