3820 6466
277 435 413 500 1139

1541 439 1824 504 MENSIS
1857 442 2057 506 FEBR
2068 443 2381 509 UARIUS.

3422 449 3563 521 m0

274 555 509 626 nuptias,
534 554 645 610 haec
675 554 914 625 sapiens,
943 563 996 612 et
1019 570 1139 627 qua:
1175 568 1357 611 acrem
1387 555 1535 611 illum
1559 569 1856 613 amatorem

1993 576 2072 624 εν,
2109 561 2142 630 ή
2191 558 2331 632 σοφὴ
2369 557 2509 631 αὕτη
2557 559 2651 614 καὶ
2700 557 2792 614 τδν
2823 556 3028 630 θερμὸν
3069 557 3308 632 ἐραστὴν
3355 562 3563 618 ικεῐνον

273 658 463 718 potens
485 659 601 703 erat
636 650 924 720 depellere,
947 650 1012 703 ad
1045 665 1167 704 eum
1195 650 1414 706 mittens
1447 669 1460 705 :
1496 651 1634 716 Noli,
1658 652 1854 721 inquit,

275 749 326 794 te
366 755 556 808 parare
583 740 648 794 ad
680 740 916 810 nuptias.
947 741 1124 796 sciens
1148 740 1281 804 fore,
1321 749 1373 794 ut
1423 757 1510 796 me
1539 757 1642 796 non
1681 741 1856 812 possis

275 829 432 884 aliter
463 831 743 894 ducturus,
773 831 878 884 nisi
916 831 1067 900 prius
1088 831 1328 901 prmfecti
1362 847 1560 887 munus
1578 831 1857 902 acceperis

277 921 344 975 ab
396 921 744 990 imperatore.
785 919 909 976 lla'c
945 922 1156 988 dicens,
1194 934 1382 991 aperte
1432 924 1752 978 ostendebat
1797 939 1858 979 se

281 1013 439 1067 talem
478 1014 679 1069 habere
720 1029 968 1083 scopum,
1008 1026 1064 1070 ut
1094 1015 1139 1070 si
1183 1016 1272 1071 ille
1298 1016 1515 1085 quidem
1551 1031 1659 1071 non
1695 1031 1857 1086 pare-

283 1116 477 1161 retaut
503 1107 640 1161 forte
667 1108 829 1161 etiam
862 1123 968 1162 non
997 1117 1199 1178 posset,
1223 1109 1335 1163 haec
1365 1124 1469 1163 non
1506 1109 1777 1164 imbecilla
1807 1109 1856 1164 ei

274 1209 416 1254 esset
447 1199 661 1254 occasio
685 1201 750 1253 ad
815 1200 1152 1270 repellendas
1203 1199 1400 1254 Eleusii
1455 1199 1693 1270 nuptias.
1759 1200 1856 1256 Sin

275 1301 456 1345 autem
494 1307 616 1344 eum
667 1291 733 1345 ad
793 1293 896 1346 hoc
951 1292 1176 1347 haberet
1233 1306 1438 1348 morem
1472 1303 1774 1361 gerentem,
1803 1301 1858 1349 et

275 1387 366 1447 qui
397 1385 446 1438 id
480 1385 694 1454 assequi
721 1395 922 1454 posset,
953 1386 1193 1440 secundo
1227 1385 1433 1454 aliquid
1460 1385 1507 1438 ei
1537 1385 1858 1453 imperaret,

276 1478 363 1531 cui
391 1478 434 1532 si
467 1479 737 1547 paruisset
763 1489 818 1532 et
852 1479 900 1531 id
951 1479 1190 1544 fecissot,
1225 1488 1280 1532 ct
1305 1478 1450 1532 illam
1501 1479 1553 1532 iu
1617 1477 1858 1548 scipsum

276 1583 393 1625 erat
433 1573 758 1626 lucraturtts.
798 1572 892 1626 Sin
927 1587 1053 1627 vero
1085 1588 1190 1628 non
1219 1572 1488 1642 paruisset
1515 1583 1571 1628 et
1609 1573 1860 1628 haesitas-

279 1676 382 1727 set,
425 1674 473 1719 et
513 1681 572 1719 se
616 1667 871 1733 primum,
919 1665 1113 1720 deinde
1159 1665 1276 1735 ejus
1330 1680 1546 1735 quoque
1607 1665 1862 1734 perderet

279 1759 515 1827 nuptias.
568 1758 720 1824 Quod
771 1735 949 1812 autem
990 1758 1114 1812 talis
1143 1765 1292 1813 esset
1322 1757 1440 1828 ejus
1473 1772 1692 1826 scopus,
1733 1771 1860 1812 mox

277 1849 524 1904 ostendet
552 1850 746 1903 oratiu.
787 1847 919 1904 Nam
953 1849 1041 1903 ille
1085 1849 1326 1918 quidem,
1356 1847 1610 1919 quoniam
1665 1858 1861 1919 captus

277 1950 396 1993 erat
436 1955 650 1996 summo
677 1940 794 2007 ejus
830 1956 1034 2006 amore,
1069 1955 1190 1996 cum
1237 1955 1453 1995 omnem
1497 1941 1754 1996 movisset
1783 1943 1864 1996 la-
1896 1920 1936 1976 Β

281 2031 566 2100 pidetn,et
618 2033 848 2101 plurima
909 2031 1133 2101 pecunia
1185 2033 1408 2087 emisset
1454 2034 1854 2102 magistratum,

281 2122 448 2176 tuittit
476 2121 540 2176 ad
570 2123 821 2190 puellam,
858 2123 1172 2192 signiﬁcans
1212 2134 1265 2176 et
1288 2139 1346 2178 sc
1378 2123 1426 2177 ei
1450 2138 1706 2193 Sponsum
1733 2140 1860 2178 eva-

279 2215 416 2270 sisse
446 2215 753 2278 clariorem,
778 2225 832 2269 ct
862 2215 973 2282 jam
1001 2215 1286 2284 postulans
1341 2217 1576 2283 nuptias.
1608 2216 1703 2270 Illa
1731 2231 1859 2270 vero

280 2308 612 2372 (netessario
665 2308 808 2361 enim
871 2309 1064 2378 aperit,
1129 2310 1271 2378 quod
1313 2311 1494 2362 animo
1538 2310 1798 2378 agitabat)
1842 2327 1856 2364 :

283 2395 474 2456 Dicite.
520 2398 596 2451 ait
644 2397 710 2453 iis
741 2399 830 2467 qui
883 2398 1032 2452 missi
1087 2398 1304 2452 fuerant
1354 2399 1422 2453 ab
1452 2399 1668 2453 Eleusio
1700 2419 1713 2455 :
1748 2401 1862 2454 hazc

280 2490 498 2555 quidem
566 2498 712 2544 recte
767 2504 826 2544 se
885 2491 1128 2546 habent:
1161 2502 1214 2545 tu
1267 2500 1444 2545 autem
1523 2491 1623 2546 nisi
1681 2508 1858 2546 meum

288 2583 455 2636 Deum
505 2583 841 2646 adoraveris,
871 2593 925 2637 et
978 2600 1136 2652 quem
1173 2600 1272 2654 ego
1315 2585 1435 2640 colo
1469 2583 1773 2650 Dominum,
1805 2594 1858 2638 tu

283 2690 498 2745 quoque
556 2683 704 2729 tuum
759 2692 882 2730 esse
933 2677 1105 2733 fueris
1155 2679 1458 2740 confessus,
1490 2694 1673 2747 quaere
1699 2679 1860 2732 aliam

283 2785 404 2836 qua.-
425 2781 601 2823 tecum
644 2770 845 2826 habitet
873 2787 888 2837 ;
917 2772 1018 2825 hoc
1043 2771 1190 2825 enim
1210 2784 1293 2826 est
1321 2771 1400 2826 vel
1432 2772 1606 2828 solum
1631 2770 1862 2826 Julianus

284 2859 723 2927 fundamentum,
751 2873 804 2917 et
856 2863 948 2929 qui
979 2877 1084 2918 non
1111 2865 1324 2926 eadem,
1362 2881 1480 2933 qua:
1506 2878 1628 2932 ego,
1656 2863 1855 2932 Opina-

285 2966 372 3007 tur
408 2956 571 3008 vadat
595 2959 659 3008 ad
693 2955 875 3010 aliam.
900 2959 1074 3025 Atque
1097 2957 1167 3010 illi
1198 2957 1414 3024 quidem
1441 2956 1858 3010 renuntiarunt:

287 3049 380 3102 ille
411 3064 540 3102 vero
573 3049 671 3103 fuit
701 3049 779 3102 ira
801 3061 1125 3115 commotus,
1145 3057 1199 3104 et
1226 3065 1349 3105 cum
1388 3061 1596 3116 patrem
1625 3051 1743 3118 ejus
1773 3065 1864 3104 ac—

286 3140 614 3202 cersivisset,
665 3141 844 3193 omnia
891 3140 1153 3207 narravit,
1186 3149 1240 3195 et
1275 3141 1453 3195 verbis
1514 3156 1730 3210 quoque
1767 3144 1866 3194 ad-

279 3234 463 3303 juuxit
487 3233 684 3288 minas.

357 3325 444 3380 Ill.
481 3326 614 3381 Cum
644 3336 822 3382 autem
857 3327 971 3383 haec
1001 3327 1090 3384 ille
1121 3329 1440 3396 audivisset,
1481 3331 1574 3398 qui
1610 3340 1728 3386 erat
1751 3331 1868 3401 ipse

285 3433 502 3488 quoque
533 3419 745 3474 deditus
775 3420 1056 3491 gentilium
1081 3420 1229 3476 falsa:
1249 3422 1517 3490 religioni,
1541 3438 1643 3477 non
1671 3423 1866 3478 minori

286 3527 449 3580 quam
519 3512 638 3578 ipse
672 3511 860 3567 furore
895 3513 1158 3582 percitus,
1187 3525 1242 3568 et
1268 3527 1385 3569 rem
1411 3516 1728 3571 rescivisset
1762 3530 1866 3571 non

288 3603 462 3656 solum
499 3611 698 3673 praeter
743 3618 916 3672 spem,
947 3605 1042 3658 sed
1091 3607 1256 3660 etiam
1291 3615 1486 3676 prmter
1532 3607 1867 3675 opinionem,

289 3694 474 3750 dolore
539 3695 754 3764 quidem
815 3696 1047 3752 adicitur
1102 3707 1160 3752 ut
1223 3706 1396 3767 pater,
1430 3699 1685 3754 irascitur
1740 3715 1870 3754 vero

291 3799 511 3858 propter
541 3803 734 3844 novam
790 3789 1104 3857 religionem
1143 3810 1157 3844 :
1195 3800 1250 3846 et
1285 3792 1466 3847 statim
1497 3807 1620 3848 cum
1647 3791 1870 3848 domum

290 3882 549 3948 venisset,
577 3883 814 3952 primum
848 3883 1064 3954 quidem
1118 3883 1253 3939 nihil
1294 3899 1548 3954 asperum
1580 3901 1682 3941 nec
1712 3902 1870 3944 acer-

291 3977 415 4030 bum
454 3977 582 4032 dicit
611 3976 828 4045 virgini,
855 3976 1108 4031 dubitans
1137 3992 1202 4031 ne
1240 3979 1321 4032 sic
1370 3980 1541 4046 magis
1573 3995 1692 4034 eam
1731 3980 1870 4036 inci-

294 4077 434 4122 taret
451 4069 516 4122 ad
535 4069 895 4121 constantiam
917 4084 933 4131 ;
961 4069 1052 4122 sed
1074 4068 1311 4137 jucunde
1332 4071 1510 4136 potius
1532 4081 1586 4126 et
1609 4081 1832 4138 paterno
1853 4090 1868 4127 :

295 4160 391 4215 Die
453 4159 607 4224 mihi,
659 4159 853 4229 inquit,
906 4159 1015 4235 ﬁlia
1065 4160 1428 4226 charissima,
1475 4172 1526 4218 et
1568 4174 1722 4233 grata
1780 4164 1874 4221 lux

293 4264 542 4304 meorum
573 4249 878 4316 oculorum,
914 4237 1152 4320 quanam
1181 4250 1248 4306 de
1271 4266 1433 4309 causa
1454 4267 1599 4323 aegre
1631 4254 1742 4310 fers
1775 4270 1874 4308 nu-

293 4346 456 4413 ptias,
498 4352 553 4398 et
610 4343 830 4413 repellis
881 4344 1247 4416 praefectum?
1278 4347 1370 4402 Illa
1433 4363 1586 4413 vero,
1629 4347 1796 4404 veluti
1817 4349 1873 4404 in

211 4505 217 4512 ἢ
294 4437 517 4492 auribus
544 4438 776 4508 quodam
799 4453 1075 4514 percussa
1117 4439 1339 4494 stimulo
1371 4459 1384 4492 :
1417 4439 1639 4504 Desine,
1675 4442 1872 4510 inquit,

297 4539 452 4596 pater
486 4527 652 4597 :juro
710 4530 856 4583 enim
887 4544 1064 4584 meam
1121 4543 1299 4598 spem,
1353 4530 1636 4585 Dominum
1694 4546 1872 4586 meum

1961 652 2412 723 ἀποκρούσασθαι
2447 651 2647 725 δυνατὴ
2695 651 3088 716 άποστείλασα,
3132 651 3223 723 Μὴ
3251 652 3344 724 δὴ,
3388 654 3558 723 λέγει,

1963 744 2099 815 πρὸς
2125 745 2254 808 τοὺς
2279 745 2494 815 γάμους
2534 747 2732 800 σαυτὸν
2776 742 3192 817 παρασκεύαζε,
3245 745 3553 814 γινώσκων,

1961 837 2036 900 ὼς
2067 837 2170 891 ούκ
2195 837 2261 892 ἂν
2289 838 2468 904 ἄλλως
2492 838 2592 910 ἐμὲ
2620 839 2924 910 ληψόμενος
2946 841 2995 892 εί
3025 837 3099 908 μὴ
3130 838 3231 908 τὴν
3255 839 3351 891 τοῦ
3386 841 3558 910 ἐπέρ-

1961 947 2059 1000 χου
2105 930 2371 1002 πρότερον
2430 934 2496 986 ἐκ
2555 931 2819 1002 βασιλέως
2879 930 3069 994 λάϐοις
3119 931 3339 1002 ἀρχήνο
3386 930 3560 986 ταῦτα

1961 1021 2196 1090 λέγουσα
2221 1023 2355 1094 δήλη
2377 1019 2445 1094 ἦν
2462 1023 2703 1078 τοιοῦτον
2721 1024 2921 1094 ἔχουσα
2939 1023 3029 1077 τδν
3048 1025 3274 1086 σκοπὸν,
3291 1024 3368 1086 ὡς
3389 1027 3436 1076 εἰ
3461 1024 3558 1094 μὲν

1965 1114 2174 1177 ἐκεῖνος
2195 1115 2256 1168 οὺ
2279 1115 2536 1180 πείθοιτο,
2563 1115 2598 1188 ἢ
2625 1116 2787 1186 τυχὸν
2807 1118 2903 1169 καὶ
2931 1117 3007 1186 μὴ
3034 1115 3256 1169 δύναιτο
3283 1117 3559 1188 πρόφασις

1963 1207 2101 1276 αὑτῇ
2139 1207 2241 1262 ούκ
2271 1207 2563 1278 άνίσχυρος
2613 1207 2940 1262 ἀπώσασθαι
2979 1209 3106 1271 τοὺς
3145 1209 3423 1262 Ἐλευσίου
3457 1210 3555 1277 γά-

1967 1316 2124 1369 μους’
2146 1301 2194 1352 εί
2218 1299 2273 1353 δὲ
2295 1299 2450 1353 λάϐοι
2469 1300 2606 1371 προς
2623 1299 2780 1353 τοῦτο
2797 1299 3103 1370 καταπειθῆ
3122 1302 3216 1353 καὶ
3237 1301 3556 1370 δυνάμενον,

1961 1391 2106 1460 ἔχειν
2134 1409 2189 1445 τι
2222 1393 2319 1445 καὶ
2341 1393 2599 1463 δεύτερον
2625 1393 2963 1455 ἐπιτάττειν,
2987 1386 3032 1460 ᾧ
3059 1394 3305 1457 πεισθεὶς
3335 1393 3438 1463 μὲν
3466 1396 3557 1447 καὶ

1962 1483 2186 1552 δράσας,
2232 1485 2492 1556 κάκείνην
2523 1485 2781 1555 κερδήσει
2809 1487 2903 1538 καί
2933 1487 3128 1540 ἑαυτόν
3147 1504 3161 1518 ο
3203 1487 3279 1558 μὴ
3314 1487 3557 1550 πεισθεὶς

1963 1577 2021 1630 δὲ
2049 1577 2146 1632 καὶ
2190 1578 2516 1650 άπορῤήσας
2542 1578 2738 1633 ἑαυτόν
2762 1596 2822 1632 τε
2861 1580 3101 1648 πρῶτον,
3145 1577 3265 1633 εἶτα
3304 1579 3401 1632 καὶ
3433 1581 3555 1642 τοὺς

1967 1668 2210 1733 ἐκείνους
2270 1671 2484 1739 γάμους
2541 1671 2976 1742 προσαπολέσει·
3031 1672 3115 1725 ὅτι
3164 1671 3222 1724 δὲ
3276 1672 3304 1722 ό
3357 1671 3558 1734 σκοπὸς

1964 1760 2228 1826 τοιοῦτος,
2267 1761 2490 1834 δηλήσει
2521 1765 2667 1818 κατὰ
2718 1763 2888 1828 πόδας
2915 1765 2943 1817 ὁ
2974 1764 3132 1831 λόγος
3154 1780 3169 1795 ·
3199 1765 3226 1816 ὁ
3278 1762 3379 1832 μὲν
3427 1763 3555 1831 γάρ,

1964 1853 2088 1907 ἐπεὶ
2121 1853 2328 1924 ταύτης
2376 1854 2661 1923 κατάκρας
2707 1853 2876 1920 ἑάλω,
2919 1856 3100 1909 πάντα
3146 1856 3295 1909 λίθον
3330 1857 3558 1925 κινήσας

1969 1948 2064 2000 καὶ
2095 1947 2292 2001 πολλοῦ
2326 1947 2554 2019 χρυσίου
2583 1949 2682 2019 τὴν
2714 1949 2890 2020 ἀρχὴν
2934 1949 3313 2020 ὠνησάμενος.
3353 1951 3564 2016 πέμπει

1971 2040 2037 2109 τῇ
2071 2038 2208 2110 κόρῃ
2241 2039 2621 2111 λαμπρότερόν
2657 2058 2715 2093 τε
2749 2042 2841 2094 τὸν
2879 2042 3111 2111 νυμιρίον
3142 2041 3395 2108 γενέσθαι
3425 2044 3566 2112 αὐτῇ

1970 2127 2228 2197 μηνύων,
2266 2129 2364 2182 καλ⁵
2408 2131 2499 2184 τὸν
2553 2132 2732 2200 γάμον
2785 2132 2884 2201 ἤδη
2944 2131 3376 2202 προσαπαιτῶν·
3429 2135 3462 2201 ή
3508 2133 3562 2184 δὲ

1969 2218 2083 2289 (καὶ
2115 2220 2222 2292 γάρ
2274 2222 2590 2290 ἀναγκαίως
2645 2223 2982 2277 ἐκκαλύπτει
3029 2224 3090 2278 τὸ
3122 2224 3559 2295 βουλευόμενον),

1968 2311 2178 2365 Εἴπατε
2217 2314 2356 2382 πρὸς
2383 2317 2509 2377 τοὺς
2535 2315 2943 2379 ἀποσταλέντας
2981 2317 3261 2386 Ἐλευσίῳ,
3293 2317 3450 2385 φησὶ,
3484 2318 3562 2369 ὅτι

1971 2403 2144 2458 ταῦτα
2182 2406 2281 2476 μὲν
2315 2406 2491 2468 ἄλλως
2513 2424 2529 2439 ⁶
2569 2411 2633 2462 σὺ
2683 2408 2741 2462 δὲ
2774 2409 2840 2479 ἢν
2873 2409 2949 2480 μὴ
2981 2409 3060 2478 τῷ
3103 2410 3222 2480 ἐμῷ
3257 2411 3565 2478 προσκυνή-

1969 2513 2070 2571 σῃς
2098 2499 2218 2568 Θεῷ
2249 2500 2344 2553 καὶ
2373 2499 2434 2552 δν
2461 2501 2573 2568 ἐγὼ
2608 2501 2898 2570 πρεσϐεύω
2920 2503 3202 2568 Δεσπότην
3224 2503 3561 2572 ὁμολογήσας

1978 2588 2092 2654 σὸν,
2145 2589 2340 2660 ἑτέραν
2380 2589 2532 2660 ζήτει
2578 2593 2679 2661 τήν
2730 2593 3193 2662 συνοικήσουσαν·
3251 2593 3424 2646 ταῦτα
3457 2593 3564 2662 γὰρ

1969 2683 2064 2736 καὶ
2114 2683 2250 2751 μόνα
2296 2683 2587 2753 Ίουλιανῆς
2645 2686 2789 2749 ἕδνα,
2861 2687 2954 2740 καὶ
2999 2689 3026 2739 ὁ
3083 2686 3160 2755 μή
3221 2685 3398 2739 ταύτά
3441 2687 3564 2755 ἐμοὶ

1969 2774 2206 2844 νομίζων
2237 2777 2364 2846 παρ’
2399 2777 2593 2848 ἑτέραν
2638 2779 2911 2849 χωρείτω.
2964 2780 3029 2831 Οἱ
3078 2779 3177 2848 μὲν
3212 2779 3523 2847 ἀπήγγελυν
3545 2795 3559 2808 ο

1975 2867 2004 2920 ὁ
2030 2869 2086 2921 δὲ
2115 2869 2383 2937 ἐθυμοῦτο
2427 2871 2519 2922 καὶ
2547 2869 2640 2923 τὸν
2684 2869 2902 2940 πατέρα
2943 2868 3150 2941 ταύτης
3203 2869 3564 2940 μεταπεμψά-

1973 2980 2154 3031 μενος,
2189 2963 2366 3018 πάντα
2406 2981 2472 3018 τε
2520 2964 2766 3034 διηγεῖτο
2801 2966 2894 3018 καὶ
2941 2966 3056 3028 τοῖς
3097 2964 3278 3030 λόγοις
3331 2964 3564 3034 συνείρει

1978 3057 2073 3110 καὶ
2102 3057 2358 3121 ἀπειλάς.

2042 3321 2141 3392 Ῐ”.’,
2160 3323 2428 3387 Ἀκούσας
2463 3322 2521 3376 δὲ
2556 3324 2807 3386 κάκεῖνος
2840 3293 3129 3394 ἄνθρωπος
3159 3327 3286 3398 περὶ
3315 3327 3414 3399 τὴν
3452 3329 3569 3383 Ἐλο

1969 3421 2201 3490 ληνικὴν
2243 3419 2567 3490 θρησκείαν,
2616 3419 2738 3473 κατ’
2786 3420 2899 3474 ἴσον
2944 3421 3095 3491 αύτῷ
3152 3423 3412 3493 μεμηνὼς
3476 3425 3568 3478 καὶ

1937 3559 1946 3568 ,
1979 3517 2213 3586 πρᾶγμα
2245 3515 2308 3569 οὐ
2342 3513 2470 3585 παρ’
2498 3513 2690 3568 ἐλπίδα
2722 3513 2905 3581 μόνον,
2940 3513 3076 3566 άλλά
3104 3517 3198 3567 καὶ
3227 3514 3452 3584 γνώμην
3478 3534 3570 3583 με·

1982 3605 2267 3676 μαθηκὼς,
2306 3606 2560 3661 λυπεῖται
2603 3605 2704 3676 μὲν
2734 3607 2809 3669 ὡς
2841 3606 3046 3677 πατὴρ,
3084 3608 3365 3677 ὀργίζεται
3389 3608 3443 3660 δὲ
3483 3609 3568 3661 διὰ

1970 3695 2070 3766 τὴν
2105 3697 2236 3766 περὶ
2264 3696 2325 3748 τὸ
2369 3695 2536 3759 σέϐας
2565 3695 2936 3766 καινοτομίαν,
2975 3697 3068 3748 καὶ
3115 3695 3430 3764 παραυτίκα
3474 3695 3567 3763 τὴν

1975 3789 2156 3842 οἰκίαν
2201 3787 2548 3851 καταλαϐὼν,
2591 3788 2786 3860 πρῶτα
2829 3789 2928 3858 μὲν
2974 3788 3129 3842 οὐδὲν
3175 3789 3393 3856 ὀργίλον
3446 3790 3564 3842 οὐδὲ

1974 3881 2172 3950 πικρὸν
2202 3880 2354 3948 λέγει
2420 3881 2556 3951 πρὸς
2588 3882 2688 3950 τὴν
2741 3882 3033 3952 παρθένον,
3089 3881 3457 3944 ὑποπτεύσας,
3495 3882 3568 3951 μή

1973 3973 2034 4028 οὔ
2047 3991 2116 4027 τω
2149 3973 2351 4042 μᾶλλον
2371 3975 2508 4044 αὐτῇ
2529 3973 2626 4045 τὴν
2654 3975 2953 4028 ἀνάστασιν
2983 3974 3238 4044 ὲρεθίσῃ;
3287 3975 3489 4038 Ἡδέως
3513 3975 3566 4026 δὲ

1978 4068 2124 4138 μάλα
2159 4068 2256 4122 καὶ
2301 4067 2582 4139 πατρικῶς
2607 4082 2622 4098 ⁶
2655 4069 2796 4136 Λέγε
2846 4086 2959 4138 μοι,
2995 4068 3123 4138 ἔφη,
3162 4071 3262 4122 παῖ
3315 4070 3560 4137 φιλτάτη,

1983 4157 2080 4211 καὶ
2111 4157 2228 4226 φῶς
2261 4157 2592 4228 ἐπιχαριτῶν
2617 4158 2768 4227 ὲμῶν
2792 4158 3109 4225 ὀφθαλμῶν,
3139 4160 3264 4211 ὅτου
3294 4161 3452 4228 χάριν
3478 4159 3564 4210 τὸν

1976 4251 2156 4321 γάμον
2185 4267 2245 4302 τε
2276 4251 2653 4321 δυσχεραίνεις
2684 4249 2779 4302 καὶ
2818 4250 2910 4302 τὸν
2941 4249 3179 4320 ἔπαρχον
3212 4250 3388 4321 ἀποθῇ
3411 4268 3423 4280 ·
3454 4253 3485 4320 ἡ
3514 4250 3566 4302 δὲ

1977 4343 2167 4414 ὥσπερ
2209 4362 2262 4398 τι
2313 4343 2526 4413 κέντρῳ
2576 4343 2847 4413 πληγεῖσα
2889 4343 2987 4412 τὴν
3037 4345 3250 4414 ἀκοήνο
3297 4343 3563 4411 Ἐπίτχες,

1978 4436 2104 4506 ἔφη,
2137 4435 2312 4506 πάτερ
2335 4451 2348 4464 ·
2381 4435 2586 4505 ὄμνυμι
2619 4435 2726 4507 γὰρ
2755 4436 2854 4506 τὴν
2884 4435 3021 4506 ἐμήν
3049 4435 3264 4499 ἐλπίδα,
3305 4436 3396 4488 τδν
3441 4435 3568 4504 ἐμὸν

1979 4527 2259 4597 Δεσπότην
2289 4528 2554 4598 Χριστὸν,
2594 4529 2640 4579 εί
2673 4529 2746 4599 μή
2775 4529 2876 4599 τῆς
2919 4527 3078 4598 δόξης
3129 4529 3422 4598 πρότερον,
3452 4527 3568 4580 οῦδὲ

293 4625 591 4688 Clu-istum,
626 4623 673 4678 si
705 4639 812 4678 non
843 4624 992 4692 prius
1023 4623 1186 4678 fuerit
1212 4639 1345 4678 mea:
1368 4623 1664 4692 opinionis,
1697 4639 1867 4693 neque

1993 4619 2075 4672 τού
2128 4619 2310 4690 γάμου
2353 4619 2610 4683 κοινωνὸς
2661 4619 2855 4673 ἔσται’
2893 4619 2947 4672 τί
2997 4619 3107 4690 γάρ
3161 4618 3227 4672 ἂν
3275 4619 3360 4688 εῐη
3416 4618 3573 4671 τοῦτο

294 4718 403 4771 erit
438 4732 682 4772 mearum
707 4717 1019 4786 nuptiarum
1051 4716 1344 4786 particeps.
1376 4715 1514 4781 Quid
1541 4717 1688 4771 enim
1711 4715 1877 4772 fuerit

298 4811 400 4866 hoc
429 4811 594 4874 aliud.
629 4826 793 4880 quam
826 4823 1060 4879 corpore
1103 4808 1327 4864 omnino
1375 4809 1720 4879 coniunctos,
1754 4823 1878 4865 esse

299 4906 483 4958 hostes
511 4903 750 4957 animis?
773 4901 889 4955 Non
929 4900 1229 4956 tolerabilis
1259 4900 1337 4954 ira
1387 4909 1593 4969 patrem
1629 4902 1832 4958 invadit
1859 4919 1875 4967 ;

298 5001 374 5058 et,
403 4993 709 5062 Desipisne,
733 4994 924 5061 inquit,
948 5003 1003 5047 et
1025 5007 1179 5047 antas
1203 5000 1473 5046 tormenta
1497 4991 1520 5044 ?
1545 4991 1838 5048 Tormenta
1860 5035 1875 5058 ,

301 5088 454 5142 dixi?
486 5088 588 5142 Per
634 5087 904 5141 maximos
925 5088 1052 5142 deos
1083 5086 1384 5154 Apollinem
1407 5082 1724 5150 etDianam,
1751 5085 1880 5140 leris

301 5191 356 5235 et
419 5181 647 5235 canibus
708 5191 854 5234 tuum
912 5193 1113 5249 corpus
1162 5179 1414 5246 obiiciant
1485 5179 1879 5234 devorandum.

304 5271 508 5343 Martyr
567 5285 739 5334 vero,
791 5272 927 5337 Quid
1008 5272 1338 5327 cunctaris?
1390 5272 1566 5340 inquit
1604 5289 1620 5327 :
1663 5272 1884 5327 veniant

304 5382 488 5431 canes,
522 5366 742 5422 veniant
791 5363 940 5428 ferae,
984 5374 1150 5435 atque
1179 5367 1314 5420 adeo
1368 5365 1553 5421 multa:
1577 5377 1800 5426 mortes.
1835 5367 1882 5421 si

307 5465 421 5518 fieri
449 5464 640 5531 possit,
664 5479 761 5534 pro
781 5477 907 5516 una.
932 5460 1180 5516 Lzutabor
1197 5461 1368 5526 enim,
1385 5474 1527 5530 sape
1549 5473 1646 5529 pro
1669 5460 1886 5515 Christo

313 5557 574 5622 moriens,
597 5563 651 5612 et
671 5556 948 5626 accipiens
986 5551 1182 5607 multas
1225 5552 1714 5607 remunerationes.
1743 5549 1886 5606 Rur-

311 5666 402 5703 sus
434 5660 613 5704 autem
667 5649 756 5704 ille
787 5648 1017 5704 callidus
1064 5661 1381 5714 generosam
1427 5645 1692 5716 virginem
1737 5645 1890 5702 varie

309 5740 591 5803 invadens,
618 5751 882 5797 terrorem
915 5740 1094 5794 statim
1123 5737 1380 5807 relinquit
1421 5747 1476 5790 et
1515 5740 1886 5807 asperitatem,

315 5837 368 5884 et
397 5829 461 5882 ad
496 5830 725 5899 prin-am
769 5833 910 5882 viam
975 5829 1286 5894 revertitur,
1329 5837 1541 5882 cumet
1600 5836 1888 5897 paternum

315 5920 646 5976 desiderium
704 5928 758 5974 ct
815 5919 940 5974 hinc
983 5918 1170 5990 religio
1236 5934 1302 5978 ex
1342 5931 1496 5990 aequo
1523 5931 1646 5975 eum
1685 5917 1885 5974 distra-

1979 4713 2190 4782 ἓτερον,
2224 4711 2258 4782 ἢ
2299 4710 2517 4782 σώματι
2549 4711 2772 4775 πάντως
2805 4712 3271 4782 συναπτομένους,
3303 4713 3425 4774 ταῖς
3469 4711 3570 4780 ψο-

1975 4807 2104 4875 χαῖς
2136 4803 2429 4875 πολεμίους
2479 4798 2656 4869 εἷναι;
2693 4803 2878 4874 Θυμὸς
2939 4804 3157 4874 πατέρα
3211 4804 3480 4873 κατέσχεν
3510 4805 3569 4857 ού

1980 4900 2214 4970 φορητὸς
2244 4899 2359 4963 καὶ,
2393 4892 2465 4950 Ὦ
2491 4897 2655 4970 αὕτη,
2688 4899 3007 4969 μωραίνεις,
3039 4897 3165 4968 ἔφη·
3200 4899 3295 4950 καὶ
3325 4897 3571 4967 βασάνων

1981 4994 2135 5062 ιρᾷς.
2192 4992 2442 5062 βασάνων
2485 4987 2679 5044 εἶπον·
2747 4991 2813 5062 νὴ
2872 4991 2999 5054 τοὺς
3075 4989 3370 5060 μεγίστους
3415 4988 3571 5050 θεοὺς

1995 5083 2309 5138 Ἀπόλλωνά
2338 5100 2399 5136 τε
2429 5084 2525 5135 καὶ
2562 5083 2856 5152 Ἀρτεμιν,
2899 5082 3065 5152 θηρσὶ
3108 5085 3202 5136 καὶ
3236 5083 3366 5134 κυσὶ
3390 5081 3450 5133 τὸ
3483 5079 3572 5133 σὺν

1985 5176 2145 5246 σῶμα
2179 5175 2366 5246 ἐφήσω
2407 5173 2598 5246 βοράν.
2629 5175 2740 5228 Καὶ
2776 5176 2810 5244 ή
2851 5175 3061 5245 μάρτυς
3083 5189 3096 5204 ο
3127 5173 3194 5225 Τί
3227 5172 3282 5225 δὲ
3322 5171 3568 5241 μὲλλειςς

1986 5269 2216 5320 εῖτωσαν
2247 5267 2398 5338 [Ῑονι.
2428 5266 2652 5336 ἴτωσαν]
2679 5267 2775 5320 καὶ
2802 5267 2983 5330 κύνες,
3011 5265 3244 5318 είτωσαν
3266 5263 3417 5336 [Ῑονι.
3450 5265 3572 5316 ῐτωο

1991 5359 2109 5427 σαν)
2148 5361 2240 5411 καὶ
2272 5359 2456 5429 θῆρες,
2496 5360 2587 5412 καὶ
2612 5358 2833 5412 θάνατοι
2863 5357 2938 5422 δὲ,
2974 5359 3027 5410 εἴ
3063 5374 3145 5419 τις
3171 5357 3420 5424 δύναμις,
3457 5353 3573 5407 ἀνθ’

1989 5453 2108 5515 ἑνὸς
2140 5451 2324 5504 πολλοὶ
2345 5469 2356 5482 ⁸
2393 5453 2706 5523 ἡσθήσομαι
2735 5454 2846 5522 γὰρ
2872 5453 3131 5514 πολλάκις
3161 5451 3302 5520 ὑπὲρ
3336 5446 3571 5518 Χριστοῦ

1991 5544 2301 5614 θνήσκουσα
2350 5546 2446 5598 καὶ
2499 5546 2703 5609 πολλάς
2761 5546 3096 5615 ἐκδεχομένη
3146 5543 3244 5606 τάς
3315 5540 3570 5612 ἀμοιϐάς-

1993 5637 2161 5692 Πάλιν
2191 5639 2218 5691 ό
2244 5636 2414 5702 δεινὸς
2442 5639 2649 5700 ἐκεῖνος
2686 5639 2947 5701 ποικίλως
2983 5636 3081 5708 τὴν
3123 5635 3377 5705 γενναίαν
3417 5651 3573 5703 περι-

1990 5730 2308 5802 ερχόμενος,
2339 5729 2401 5784 τὸ
2441 5731 2542 5800 μὲν
2576 5731 2806 5800 φοϐερὸν
2836 5732 3018 5784 ἐκεῖνο
3056 5729 3149 5783 καὶ
3181 5729 3354 5798 τραχὺ
3402 5742 3569 5780 κατα·

1990 5823 2188 5887 λείπει,
2223 5824 2317 5878 ἐπὶ
2347 5823 2402 5876 δὲ
2443 5822 2541 5894 τὴν
2586 5825 2810 5894 πρώτην
2840 5821 3037 5894 ἐχώρει
3081 5821 3306 5894 μέθοδον
3337 5820 3425 5871 ἐπ’
3449 5819 3568 5886 τσης

1993 5913 2088 5971 καὶ
2113 5915 2205 5972 τοῦ
2237 5915 2404 5972 πόθου
2436 5915 2528 5972 τοῦ
2557 5913 2825 5988 πατρικοῦ
2859 5915 2949 5969 καὶ
2973 5914 3070 5986 τῆς
3103 5910 3397 5985 θρησκείας
3421 5908 3572 5963 ἐνθεν
