3820 6460
259 383 390 446 liii

1528 390 1708 452 VITA
1741 390 1803 453 S.
1841 389 2217 452 JULIANIE.

3389 394 3524 458 Ιίίέ

253 491 639 564 μεριζομένων
681 494 841 548 αὐτὸν
883 495 977 548 καὶ
1021 494 1366 548 παντοδαπὸν
1403 499 1704 552 ποιούντων
1751 515 1820 552 κα

1954 497 2172 560 berent,
2203 507 2344 554 etut
2391 513 2450 554 se
2486 500 2537 554 in
2587 515 2802 559 onmem
2864 512 3072 572 partem
3133 513 3387 571 verteret,
3421 507 3530 561 elli-

248 583 343 637 διά
371 583 534 638 τοῦτο
562 585 744 638 πειθοῖ
767 585 934 640 πάλιν
968 586 1140 658 αὐτὴν
1185 586 1279 638 καὶ
1317 585 1629 648 κολακείαις
1665 605 1846 659 παρα-

250 679 449 745 γαγεῖν
483 678 764 732 ἔσπευδεν.

325 773 400 824 A'.
447 770 532 834 Ὠς
555 771 611 824 δὲ
638 773 672 842 ή
707 772 806 842 μὲν
838 773 1040 844 ἥκιστα
1068 771 1232 842 εἶκεν,
1267 777 1295 828 6
1323 776 1378 829 δὲ
1406 775 1644 845 ὴνόχλει,
1678 773 1846 844 φθέγ-

246 861 410 928 γεταί
441 879 494 914 τι
536 864 631 914 καὶ
677 863 930 934 ἐτερονή
975 867 1186 937 μάρτυς
1234 867 1553 940 παρρησίας
1605 867 1841 937 μεστόν

245 957 465 1026 Μήτιγε
495 957 589 1009 καὶ
618 956 705 1022 σὺ,
741 959 983 1029 φαμένη,
1012 961 1125 1023 τοῖς
1150 961 1259 1023 σοῖς
1284 962 1468 1030 ὅμοιος
1493 955 1637 1031 ἦσθα
1678 959 1841 1024 Θεοῖς,

245 1038 368 1101 ὦτα
420 1047 520 1116 μὲν
567 1047 730 1117 ἔχων,
761 1049 979 1103 ἀκούων
1021 1049 1077 1103 δέ
1104 1051 1384 1120 οὐδαμῶ;;
1419 1052 1481 1103 οὐ
1532 1051 1710 1105 ταῦτά
1760 1068 1843 1105 σοι

245 1137 484 1209 λέγουσα
513 1142 620 1211 πρὸ
652 1142 851 1215 μικροῦ
876 1144 973 1198 καὶ
1001 1143 1165 1214 ὅρκον
1189 1144 1414 1214 ἐπῆγον,
1439 1145 1516 1207 ὼς
1537 1144 1696 1219 οὐδὲν
1720 1146 1842 1214 ἐμοὶ

195 1291 200 1295 ,
244 1235 345 1286 καὶ
385 1233 645 1305 Ἐλευσίῳ
705 1235 780 1306 μὴ
835 1237 1115 1290 πεισθέντι
1174 1235 1520 1305 προκυνῆσαι
1566 1237 1837 1307 Χριστόν;

213 1381 215 1383 ,
255 1325 414 1379 Ἐπεὶ
443 1327 587 1380 οὕτω
620 1327 885 1399 λεγούσης
913 1329 1115 1400 ῆκουεν
1149 1330 1176 1382 6
1205 1328 1410 1398 πατὴρ,
1453 1327 1666 1400 φυλακῇ
1704 1329 1839 1382 ταύο

243 1433 348 1488 την
387 1419 606 1472 δίδωσιν
631 1435 644 1450 ·
683 1415 806 1472 εἶτα
854 1424 1052 1484 νυκτὸς
1094 1420 1259 1473 πάλιν
1309 1421 1482 1492 αὐτὴν
1550 1437 1838 1492 μεταπεμ-

245 1510 492 1580 ψάμενος
519 1511 880 1584 ἀπεπειρᾶτο,
909 1514 960 1566 εί
979 1530 1030 1566 τι
1061 1514 1156 1567 καὶ
1179 1513 1207 1564 6
1231 1515 1422 1584 καιρὸς
1451 1516 1670 1584 ὑφεῖλεν
1697 1517 1835 1590 αὐτῇ

239 1601 344 1669 τῆς
385 1603 723 1668 ἐνστάσεως·
760 1604 915 1668 ὡςδὲ
951 1606 1259 1678 ἀνέκραγεν
1294 1609 1456 1673 εὐθὺς
1498 1612 1531 1682 ή
1577 1609 1836 1678 γενναίαο

242 1693 321 1746 Ού
351 1693 500 1748 θύσω
554 1695 814 1761 εἰδώλοις,
849 1698 910 1751 οὐ
955 1701 1322 1772 προσκυνήσω
1361 1703 1662 1771 γλυπτοῖςο
1703 1706 1838 1772 Χρι-

244 1785 371 1838 στὸν
401 1788 562 1858 μόνον
591 1790 906 1860 προσκυνῶ,
935 1791 1170 1862 Χριστὸν
1201 1793 1432 1864 σέϐομαι
1457 1812 1471 1826 ο
1506 1796 1626 1850 ἐπεὶ
1657 1797 1836 1854 πάντα

240 1877 504 1948 ἄπρακτα
543 1881 675 1951 παρ’
706 1883 844 1954 αὐτῇ
881 1883 977 1936 καὶ
1017 1884 1308 1950 κολακείας
1350 1887 1498 1958 ἐώρα
1543 1889 1639 1942 καὶ
1677 1890 1837 1944 ἀπει-
1867 1865 1912 1920 Β

243 1968 367 2032 λὰςν
398 1973 492 2024 ἐπὶ
534 1972 635 2043 τὴν
669 1977 867 2045 πεῖραν
898 1975 1004 2029 τῶν
1039 1977 1230 2030 δεινῶν
1264 1978 1460 2051 ἐχώρει
1493 1982 1586 2034 καὶ
1617 1982 1837 2053 πληγὰς

239 2063 506 2127 ἐντείνας,
533 2067 632 2134 οὐχ
663 2067 794 2130 ὅσας
815 2067 880 2120 ἂν
913 2069 1060 2132 ἔλεος
1086 2070 1357 2141 ἐμέτρησε
1388 2075 1694 2143 πατρικῶς,
1717 2075 1836 2129 ἀλλ’

237 2151 372 2216 ὅσας
422 2149 493 2224 ἦν
543 2156 755 2209 οίδῶντι
805 2159 962 2229 θυμῴ
1013 2160 1378 2231 χαρίσασθαι’
1426 2159 1546 2216 εἶτα
1609 2166 1703 2218 καὶ
1755 2165 1834 2237 τῷ

241 2248 518 2317 μνηστῆρι
551 2249 722 2322 αὐτὴν
753 2251 1054 2318 ἐκδίδωσιν,
1083 2255 1157 2317 ὡς
1190 2255 1399 2317 ἐκεῖνος
1428 2255 1494 2308 ἂν
1543 2256 1832 2330 βουληθείη

241 2339 505 2409 χρῆσθαι.

310 2514 385 2570 E'.
431 2517 582 2572 Ἐπει
624 2535 807 2572 τοινυν
859 2519 939 2591 τῷ
994 2521 1410 2593 παρεωραμένῳ
1457 2520 1678 2592 νυμφίῳ
1729 2521 1830 2592 τὴν

237 2606 575 2676 παρορῶσαν
601 2607 841 2680 νύμφην,
869 2611 1016 2680 ἐξῆν,
1053 2613 1147 2665 at:
1174 2611 1344 2664 δὲκαὶ
1377 2613 1550 2681 ἀρχῆς
1575 2613 1829 2684 τοιαύτης

234 2694 626 2768 ἐπελημμένῳ,
651 2701 916 2772 πρότερον
947 2702 1045 2771 μὲν
1073 2698 1227 2766 οὗτος
1251 2703 1522 2772 ἐσφάδαξε
1545 2703 1621 2774 τῷ
1644 2704 1824 2776 θυμῷ,

235 2791 336 2843 καὶ
363 2793 488 2854 τοὺς
523 2793 741 2857 ὀδόντας
771 2795 1040 2864 ὑπέπριεν
1065 2811 1078 2824 ·
1107 2796 1183 2858 ὡς
1209 2797 1264 2849 δέ
1302 2800 1395 2849 καὶ
1430 2798 1566 2868 πρὸς
1592 2799 1652 2850 τὸ
1672 2799 1828 2868 βῆμα

233 2881 499 2952 ἠπείγετο
532 2885 627 2937 και
654 2884 733 2955 τῷ
778 2887 1104 2957 περικαλλεῖ
1139 2888 1238 2959 τῆς
1271 2889 1448 2958 ὅψεως
1501 2890 1716 2943 πάντων
1745 2893 1827 2956 είς

233 2973 437 3044 ἑαυτὴν
461 2975 796 3040 ἐκάλειτοὺς
831 2978 1168 3049 ὀφθαλμοὺς,
1202 2979 1536 3050 ἀμυλύνεται
1571 2985 1826 3047 κάκεῖνος

232 3070 300 3138 τῇ
331 3073 511 3140 μορφῇ
543 3069 641 3140 τὴν
672 3070 862 3141 ὀργὴν,
899 3073 1042 3142 καὶὴ
1076 3074 1341 3144 ἐπιθυμία
1366 3075 1458 3128 τὸν
1483 3075 1655 3144 θυμὸν
1680 3077 1823 3146 ἡμέ-

236 3179 356 3231 ρου,
399 3165 492 3215 καί
536 3163 728 3234 ὥσπερ
766 3165 1090 3219 τὰ-πάντων
1139 3166 1405 3237 ἡδίστατά
1430 3185 1487 3220 τε
1523 3169 1618 3221 καὶ
1651 3170 1825 3239 μαλα-

235 3227 456 3308 κώτατα
484 3254 617 3325 πρὸς
667 3227 888 3327 ἐκείνην
935 3227 1308 3330 ἐκμελετήσας
1354 3261 1520 3332 ἐρεῖν,
1565 3227 1824 3333 Πείσθητί
1852 3227 1895 3286 c

237 3365 352 3418 μοι,
375 3349 706 3420 γλυκυτάτη,
727 3349 954 3418 ἔφασκε,
979 3354 1278 3421 γυναικῶν,
1304 3355 1398 3406 κα)⁵
1429 3355 1520 3408 τὸν
1554 3355 1685 3426 ἐμὸν
1708 3356 1827 3410 ἐλο-

233 3442 373 3513 μένη
404 3445 605 3512 γάμον,
647 3443 896 3515 βασάνων
919 3446 1134 3517 πικρῶν
1151 3447 1497 3517 ἀπαλλάγηθι
1516 3467 1532 3482 ο
1565 3452 1614 3503 εί
1647 3449 1704 3504 δὲ
1729 3451 1826 3506 καὶ

235 3535 312 3605 μὴ
339 3538 450 3598 τοῖς
483 3536 625 3600 θεοῖς
659 3537 808 3591 Θύειν
834 3539 1057 3603 ἐθέλεις,
1089 3539 1353 3610 οὐδεμίαν
1399 3542 1508 3595 οὐδ’
1549 3545 1714 3614 ήμεῖς
1740 3561 1824 3598 σοι

231 3624 356 3695 βίαν
384 3625 658 3697 ἐπάξομεν
682 3645 697 3661 ο
730 3631 793 3681 σὺ
818 3629 874 3682 δὲ
904 3631 1064 3697 μόνον
1104 3631 1229 3699 ἐμοὶ
1255 3631 1346 3683 τὸν
1373 3631 1554 3701 γάμον
1593 3634 1687 3685 τὸν
1728 3632 1823 3686 σὺν

228 3718 538 3770 ἐπίνευσον.
579 3718 724 3789 Πρὸς
753 3719 924 3772 ταῦτα
955 3721 987 3791 ή
1013 3720 1107 3772 τοῦ
1136 3721 1380 3791 Χριστοῦ
1415 3721 1651 3792 μάρτυς,
1684 3721 1821 3775 Οὔτε

227 3808 387 3878 λόγος
419 3811 585 3880 ἡμᾶς,
622 3811 748 3879 ἔφη,
780 3813 864 3876 τις
909 3812 1029 3865 οὔτε
1061 3812 1317 3882 βάσανος,
1373 3814 1472 3866 οὐκ
1512 3816 1672 3876 αὐτὸς
1704 3815 1770 3868 ἂν
1793 3815 1822 3867 6

228 3901 462 3965 θάνατος
495 3904 747 3966 πείσωσι,
778 3905 1046 3976 πρότερον
1082 3905 1420 3975 συναφθῆναί
1454 3922 1534 3958 σοι
1572 3906 1606 3978 ἢ
1639 3907 1731 3959 καὶ
1760 3907 1821 3961 σὲ

227 3995 330 4066 τῆς
367 3995 461 4048 τοῦ
496 3995 631 4066 ἐμοῦ
659 3997 900 4067 Χριστοῦ
925 3997 1181 4066 γενέσθαι
1210 3998 1429 4069 μερίδος
1460 3999 1558 4053 καὶ
1586 3999 1664 4070 τῷ
1687 4001 1819 4073 θείῳ

225 4084 395 4139 αὐτοῦ
437 4086 792 4155 τελειωθῆναι
821 4085 1185 4157 βαπτίσματι.
1234 4088 1398 4142 Ἀλλὰ
1441 4089 1536 4142 καὶ
1564 4090 1722 4143 τοῦτο
1752 4091 1820 4144 ἂν

223 4177 575 4248 ἐπραξάμην,
609 4179 865 4249 φιλτάτη,
901 4182 1070 4249 φησὶν
1100 4182 1128 4233 6
1156 4179 1416 4252 ἔπαρχος,
1445 4185 1494 4235 εί
1531 4183 1606 4253 μὴ
1646 4182 1819 4253 βαρὺς

222 4273 360 4342 ἡμῖν
395 4276 457 4325 ἐκ
490 4271 584 4324 τοῦ
615 4272 945 4344 κρατοῦντος
988 4273 1273 4344 ἐπήρτητο
1313 4274 1576 4337 κίνδυνος.
1616 4276 1678 4328 El
1707 4276 1818 4345 γάρ

223 4382 280 4419 τι
314 4364 558 4418 τοιοῦτον
597 4367 677 4429 είς
724 4365 930 4434 γνῶσιν
968 4365 1112 4419 ἔλθοι
1143 4365 1222 4437 τῷ
1271 4365 1504 4437 βασιλεῖ.
1554 4367 1616 4421 οὐ
1648 4368 1817 4438 τιμῆς

225 4455 412 4525 μόνον,
445 4455 580 4508 ἀλλὰ
613 4456 712 4510 σὺν
741 4457 878 4527 αὐτῇ
913 4458 1169 4527 στερήσει
1201 4458 1414 4528 καὶτῆς
1447 4457 1596 4531 ζωῆς
1623 4475 1638 4490 ⁸
1669 4455 1810 4527 εἶτα,

1952 599 2160 644 cereut.
2187 588 2252 643 Et
2287 589 2408 646 ideo
2440 593 2790 661 persuasione
2817 603 2872 650 et
2893 593 3167 653 blanditiis
3187 612 3306 651 eam
3341 614 3531 654 rursus

1948 682 2199 738 studebat
2232 683 2517 740 inducere.

2021 771 2109 826 IV.
2142 773 2274 828 Cum
2328 785 2508 831 autem
2547 777 2634 832 illa
2660 779 2878 848 quidem
2909 781 3134 836 minime
3158 783 3396 849 cederet,
3434 785 3528 840 ille

1951 878 2080 918 vero
2105 877 2350 936 pergeret
2402 884 2523 924 rsse
2573 871 2857 934 molestus,
2894 882 3103 944 martyr
3137 875 3337 943 aliquid
3376 877 3528 934 aliud

1949 955 2206 1025 loquitur,
2238 958 2382 1027 quod
2413 961 2628 1030 plenum
2672 973 2788 1018 erat
2830 965 3026 1020 lidueia
3083 976 3139 1022 et
3174 967 3426 1038 loquendi
3461 971 3530 1022 Ii-

1948 1046 2157 1102 bertate
2187 1065 2201 1102 :
2227 1047 2497 1120 Numquid
2531 1063 2584 1108 tu
2628 1069 2845 1124 quoque
2874 1057 3006 1123 eris,
3039 1057 3251 1124 dicens,
3278 1059 3386 1115 tuis
3421 1061 3530 1116 diis

1947 1138 2165 1205 similis,
2197 1149 2358 1196 aures
2388 1144 2604 1212 quidem
2668 1146 2893 1211 habens,
2937 1150 3164 1204 minime
3209 1160 3390 1206 autem
3434 1166 3530 1206 au-

1945 1229 2146 1286 diens?
2187 1229 2306 1285 Non
2337 1234 2452 1288 haec
2471 1234 2565 1288 tibi
2598 1237 2783 1291 dicens
2805 1237 2962 1307 paulo
2991 1238 3526 1310 ante,jusjurandom

1945 1336 2160 1392 quoque
2214 1325 2390 1392 intuli,
2426 1327 2560 1382 nihil
2612 1329 2744 1383 mihi
2797 1330 2872 1384 rei
2902 1328 3019 1385 fore
3045 1347 3168 1384 eum
3205 1333 3444 1400 Eleusio,
3477 1335 3526 1390 si

1945 1428 2051 1468 non
2079 1415 2231 1484 prius
2252 1417 2301 1470 ei
2331 1432 2651 1486 persuasum
2689 1418 2878 1484 fuerit,
2907 1431 2965 1474 ut
2991 1420 3270 1476 Christum
3297 1423 3530 1478 adoret?

1942 1502 2238 1577 Postquam
2267 1523 2390 1562 eam
2420 1519 2574 1578 pater
2597 1510 2810 1564 audivit
2830 1511 2910 1566 sic
2936 1511 3231 1578 dicentem,
3259 1527 3378 1568 eam
3409 1523 3528 1568 tra-

1941 1599 2020 1654 dit
2055 1599 2106 1654 iu
2139 1601 2469 1657 custodiam.
2525 1602 2727 1658 Deinde
2751 1618 2874 1658 cum
2898 1618 3017 1658 eam
3039 1614 3201 1660 noctu
3230 1621 3416 1660 rursus
3437 1621 3528 1660 ac-

1941 1695 2275 1760 cersivissel,
2312 1694 2544 1750 faciebat
2573 1696 2893 1766 periculum,
2928 1714 3052 1750 nutu
3083 1707 3296 1768 tempus
3321 1697 3526 1768 aliquid

1941 1786 2266 1843 detraxisset
2287 1791 2353 1843 de
2381 1789 2500 1858 ejus
2520 1789 2845 1844 constantia.
2892 1789 3181 1859 Postquam
3221 1807 3351 1846 vero
3403 1808 3526 1846 rur-

1941 1893 2038 1934 sus
2059 1879 2384 1935 exclamavit
2407 1894 2666 1950 geuerosa
2701 1896 2717 1934 :
2748 1879 2864 1934 Non
2885 1881 3206 1935 sacrificabo
3241 1882 3395 1935 idolis
3419 1897 3526 1936 non

1943 1971 2182 2027 adorabo
2204 1971 2474 2042 sculptilia
2502 1990 2516 2026 :
2541 1972 2814 2028 Christum
2837 1973 3008 2028 solum
3033 1973 3222 2039 adoro,
3245 1972 3525 2029 Christum

1941 2063 2062 2118 colo
2094 2081 2109 2118 :
2154 2065 2244 2118 ubi
2280 2065 2414 2117 vidit
2447 2067 2585 2133 apud
2608 2080 2726 2118 eam
2761 2065 2891 2120 nihil
2924 2064 3138 2118 ellicere
3170 2065 3458 2120 blanditias
3474 2072 3529 2120 et

1941 2156 2139 2222 minas,
2162 2157 2386 2211 accessit
2409 2161 2474 2209 ad
2492 2152 2913 2225 periclitandum
2930 2172 2992 2210 ea
3023 2171 3141 2226 quae
3159 2167 3283 2211 sunt
3300 2157 3525 2226 gravia:

1939 2258 1993 2304 et
2021 2265 2142 2302 cum
2171 2248 2355 2318 plagas
2383 2248 2688 2314 indixisset,
2707 2265 2810 2303 non
2841 2263 2976 2318 quas
3009 2260 3231 2319 paterna
3275 2250 3524 2305 dimensa

1938 2351 2021 2398 est
2069 2344 2462 2405 misericordia,
2501 2343 2594 2397 sed
2621 2357 2756 2412 quas
2781 2343 3008 2396 tumenti
3047 2344 3230 2398 animo
3258 2343 3528 2412 largieba-

1937 2443 2045 2499 tur,
2063 2433 2258 2488 deinde
2281 2449 2398 2487 eam
2427 2435 2588 2488 tradit
2605 2449 2828 2502 sponso,
2849 2445 2907 2489 ut
2927 2449 2988 2488 ea
3010 2445 3254 2488 uteretur
3277 2445 3334 2488 ut
3361 2435 3522 2490 volet.

2012 2523 2076 2578 V.
2112 2524 2247 2580 Cum
2295 2540 2428 2595 ergo
2465 2537 2779 2596 contempto
2829 2541 3031 2595 sponso
3081 2535 3522 2582 contemnentem

1935 2631 2192 2685 sponsam
2228 2616 2724 2685 licerct‘judicare,
2756 2625 2815 2670 ut
2865 2619 2956 2684 qui
3002 2614 3160 2670 talem
3193 2615 3522 2683 suscepisset

1937 2709 2333 2781 magistratum,
2371 2711 2484 2777 ipse
2514 2709 2736 2778 quidem
2789 2710 2967 2779 primo
3025 2710 3292 2763 acstuabat
3339 2707 3524 2762 animo

1935 2813 1988 2858 et
2013 2804 2276 2858 stridebat
2313 2803 2586 2858 dentibus.
2639 2801 2932 2872 Postquam
3001 2811 3180 2855 autent
3217 2815 3279 2854 ea
3307 2799 3406 2854 fuit
3438 2800 3522 2854 in-

1935 2896 2184 2950 troducta
2261 2893 2329 2950 ad
2403 2897 2689 2958 tribunal,
2735 2905 2790 2950 et
2871 2895 3058 2948 forata:
3114 2893 3520 2962 pulchritudine

1939 2986 2181 3040 omnium
2232 2985 2284 3039 iu
2337 2999 2396 3040 se
2447 2986 2719 3040 convertit
2747 2983 2955 3048 oculos,
3013 2983 3156 3039 illius
3190 2998 3406 3055 quoque
3436 2985 3518 3038 ira

1937 3078 2054 3148 ejus
2077 3078 2256 3149 specie
2283 3077 2622 3142 obtunditttr,
2655 3087 2710 3131 et
2734 3078 2871 3132 iratn
2908 3077 3174 3147 mitigavit
3221 3077 3515 3146 cupiditas,

1933 3183 1986 3226 et
2013 3180 2267 3238 tanquam
2297 3172 2387 3240 qui
2431 3169 2723 3224 meditatus
2762 3177 2908 3223 esset
2936 3168 3119 3223 dicere
3154 3169 3395 3223 omnium
3416 3167 3511 3238 ju-

1929 3263 2264 3317 cundissima
2319 3273 2374 3315 et
2401 3260 2715 3315 mollissima
2749 3277 2763 3314 :
2814 3259 2988 3315 Crede
3021 3260 3177 3323 milii,
3224 3260 3516 3327 dieebat,o

1929 3353 2218 3409 mulierum
2250 3353 2598 3418 suavissima,
2622 3362 2677 3407 et
2699 3368 2824 3407 eum
2849 3367 3001 3407 meas
3023 3353 3254 3422 elegeris
3271 3352 3513 3423 nuptias,

1928 3446 2160 3501 liberare
2185 3447 2253 3501 ab
2289 3447 2504 3500 acerbis
2537 3446 2846 3501 tormentis.
2887 3445 3043 3512 Quod
3072 3447 3118 3500 si
3147 3447 3310 3500 etiam
3373 3447 3517 3502 nolis

1926 3539 2032 3592 diis
2056 3539 2388 3603 sacriﬁcare,
2435 3551 2535 3592 nos
2567 3537 2665 3591 tibi
2695 3537 2898 3590 nullam
2920 3538 3030 3590 vim
3086 3535 3377 3592 sileremus
3407 3555 3422 3592 :
3455 3546 3514 3592 ιιι

1926 3631 2101 3686 solum
2137 3631 2268 3684 mihi
2295 3628 2474 3684 annue
2501 3629 2742 3698 nuptias.
2768 3627 2848 3680 Ad
2879 3628 2996 3682 haec
3026 3638 3234 3698 martyr
3256 3627 3461 3682 Christi
3493 3644 3509 3682 :

1925 3725 2112 3796 Neque
2147 3725 2252 3778 ulla
2292 3740 2411 3790 nos,
2466 3724 2664 3794 inquit,
2694 3723 2894 3787 oratio,
2939 3736 3118 3794 neque
3152 3731 3508 3786 tormentum,

1926 3832 2030 3870 non
2062 3817 2175 3885 ipsa
2217 3815 2454 3884 denique
2505 3829 2653 3868 mors
2714 3815 3051 3881 persuaserit
3074 3814 3168 3868 tibi
3195 3813 3348 3882 prius
3374 3828 3512 3868 cou-

1917 3908 2097 3979 jungi,
2135 3923 2299 3980 quam
2352 3918 2406 3962 tu
2437 3907 2616 3962 factus
2641 3907 2814 3964 fueris
2839 3908 2942 3962 mei
3001 3904 3208 3962 Christi
3247 3907 3508 3974 partium,

1922 4012 1971 4058 et
1999 4010 2413 4057 consummatus
2432 4000 2601 4056 fueris
2643 4002 2764 4072 ejns
2804 4001 2985 4056 divino
3021 4000 3368 4069 baptismate.
3402 4000 3512 4056 Sed

1923 4091 2032 4145 hoc
2063 4104 2282 4160 quoque
2313 4090 2640 4158 faceremus,
2698 4105 2732 4146 o
2767 4091 3114 4155 charissima,
3148 4091 3322 4159 inquit
3371 4105 3512 4160 prae—

1921 4183 2118 4249 fectus,
2150 4183 2252 4238 nisi
2284 4198 2451 4254 grave
2481 4182 2551 4237 ab
2602 4183 2936 4253 imperatore
2990 4183 3146 4238 nobis
3200 4183 3510 4238 immineret

1921 4273 2247 4342 periculum.
2276 4275 2332 4327 Si
2378 4274 2524 4328 enim
2562 4273 2667 4328 tale
2713 4274 2842 4343 quid
2895 4275 3081 4328 veniat
3140 4275 3208 4327 ad
3258 4273 3506 4328 notitiam

1919 4363 2295 4434 imperatoris,
2321 4377 2428 4418 non
2471 4364 2649 4418 solum
2705 4364 2938 4430 honore,
2967 4367 3061 4419 sed
3090 4379 3213 4420 cum
3247 4365 3366 4433 ipso
3395 4365 3506 4420 vita

1919 4473 2137 4529 quoque
2161 4458 2418 4527 privabit.
2453 4457 2658 4513 Deinde
2690 4467 2742 4511 tu
2775 4457 3014 4526 quidem,
3036 4458 3214 4527 inquit
3240 4458 3329 4511 illa
3353 4457 3506 4528 virgo

222 4548 297 4600 ΣΒ
335 4546 454 4618 μὲν,
491 4549 523 4619 ή
552 4549 773 4617 γενναία
797 4549 925 4620 ἔφη,
960 4550 1052 4604 τὸν
1083 4549 1276 4622 θνητὸν
1303 4550 1496 4604 τοῦτον
1519 4553 1615 4606 καὶ
1642 4553 1812 4624 πρόσ-

1939 4551 2206 4614 )rteclara,
2235 4551 2378 4604 hunc
2431 4549 2742 4613 mortalem,
2773 4559 2828 4604 et
2877 4549 2968 4618 qui
3019 4559 3107 4604 est
3140 4551 3208 4603 ad
3263 4560 3503 4620 tempus,

221 4656 416 4710 καιρον
465 4639 692 4711 βασιλέα
728 4643 822 4693 καὶ
872 4641 1125 4713 σώματος
1178 4643 1360 4713 μόνον,
1392 4645 1506 4698 ἀλλ’
1556 4645 1678 4715 οὐχὶ
1723 4646 1815 4698 καὶ

218 4735 402 4806 ψυχῆς
437 4737 638 4808 Κύριον
671 4735 816 4790 οὕτω
865 4739 1141 4807 φρίσσεις,
1168 4736 1278 4806 ἐγὼ
1322 4736 1379 4790 δὲ
1427 4736 1519 4790 τὸν
1549 4737 1816 4791 ἀθάνατον

220 4830 320 4883 καὶ
355 4831 574 4885 πάντων
610 4829 709 4901 μέν
733 4829 1000 4899 βασιλέων
1029 4829 1328 4901 Δεσπότήν,
1357 4832 1537 4900 πάσης
1561 4829 1618 4883 δέ
1647 4830 1816 4900 πνοῆς

219 4923 317 4975 καὶ
348 4921 534 4992 ψυχῆς
570 4922 899 4992 κυριεύοντα
931 4924 1062 4993 παρ’
1092 4921 1245 4976 οὐδὲν
1285 4922 1525 4992 θήσομαι
1565 4921 1661 4974 καὶ
1700 4923 1814 4984 τοῖς

218 5013 601 5085 ἐξυϐρίζουσιν
630 5015 792 5068 αὐτὸν
823 5015 960 5084 πρδς
991 5015 1170 5086 γάμον
1217 5013 1568 5084 ἀχθήσομαι;
1615 5013 1648 5084 ἢ
1689 5013 1812 5084 οὐχὶ

219 5107 317 5160 καὶ
360 5107 441 5158 σοι
491 5106 649 5176 ὕϐρις
697 5103 840 5158 εἷναι
881 5106 1050 5172 δοκεῖ,
1109 5105 1217 5158 τῶν
1247 5105 1450 5158 δούλων
1484 5104 1540 5156 εἴ
1590 5120 1674 5168 τις
1701 5105 1812 5158 τῶν

221 5198 334 5252 σῶν
363 5199 652 5270 παρελθὼν
691 5199 876 5270 φιλίαν
891 5201 1018 5262 ’τοῖς
1050 5200 1164 5262 σοῖς
1199 5199 1486 5252 σπείσαιτο
1529 5198 1811 5269 πολεμίοις

222 5292 319 5344 καὶ
342 5291 537 5361 γάμοις
561 5293 739 5353 αὐτοί,
773 5291 1000 5362 συνάψει
1030 5292 1122 5344 καὶ
1144 5291 1488 5362 συνοικεσίᾳς
1517 5289 1593 5362 μή
1615 5291 1810 5346 άπατῶ

216 5387 427 5451 τοίνυν,
465 5386 601 5454 μηδέ
636 5385 822 5455 κύκὶῳ
865 5402 930 5455 με
965 5387 1258 5456 περιέρχου
1291 5383 1503 5437 πείσειν
1522 5384 1768 5454 οἰόμενος
1790 5399 1805 5414 ·

215 5477 335 5531 ἀλλ’
369 5479 418 5529 εί
461 5477 560 5544 μὲν
613 5475 813 5545 βούλει,
847 5475 924 5546 τῷ
973 5477 1090 5547 ἐμῷ
1138 5476 1234 5528 καὶ
1284 5475 1448 5539 αὐτὸς
1501 5475 1807 5546 προσέρχου

217 5571 360 5641 Θεῷ,
399 5575 447 5622 εἰ
493 5572 539 5625 δ’
568 5569 652 5636 οὒ,
685 5571 821 5624 ἀλλὰ
869 5570 932 5623 σύ
965 5587 1028 5638 γε
1077 5570 1272 5638 σφάζε,
1301 5570 1446 5623 δίδου
1474 5571 1632 5640 πυρὶ,
1660 5570 1808 5634 ξατνιι

220 5668 468 5740 μάστιξι,
507 5668 669 5738 θηρσὶ
710 5665 1028 5737 παραδίδου,
1068 5667 1197 5732 πᾶν,
1233 5668 1425 5737 ὅτιπερ
1473 5666 1540 5720 ἂν
1571 5666 1804 5738 βούλοιο,

213 5759 334 5832 χρῶ
353 5773 368 5788 ο
390 5757 455 5810 σύ
480 5774 536 5810 τε
559 5757 667 5826 γὰρ
695 5757 819 5826 ἐμοὶ
849 5755 1161 5826 βδελυκτὸς,
1195 5757 1292 5809 καὶ
1315 5757 1343 5808 6
1374 5756 1464 5819 06;
1487 5758 1666 5828 γάμος
1691 5773 1806 5810 κοι-

217 5851 386 5907 νωνία
427 5853 565 5923 πρὸς
601 5849 736 5923 ᾅδην
775 5849 870 5905 atati.
905 5848 1078 5920 τάφος
1109 5849 1165 5903 ἐν
1196 5847 1498 5922 ὀφθαλμοῖς
1527 5848 1800 5922 κείμενος.

1922 4657 2126 4711 regem,
2163 4653 2221 4698 et
2253 4642 2346 4710 qui
2398 4651 2484 4698 est
2516 4641 2774 4696 dominus
2828 4649 3037 4696 tantum
3084 4643 3355 4711 corporis,
3398 4656 3502 4698 non

1917 4735 2082 4789 etiam
2135 4735 2353 4800 animae,
2401 4731 2605 4789 times?
2639 4747 2739 4804 ego
2796 4743 2977 4789 autem
3039 4733 3399 4788 immortalem
3447 4743 3504 4790 et

1917 4825 2207 4880 Dominum
2263 4827 2507 4881 omnium
2557 4841 2768 4896 regum,
2798 4832 2852 4881 et
2901 4825 2992 4896 qui
3035 4825 3180 4880 omni
3211 4826 3422 4895 spiritui
3448 4835 3504 4882 ct

1916 4919 2116 4972 animae
2176 4917 2492 4973 demittatur
2545 4919 2701 4973 nihili
2754 4917 2994 4973 faciam?
3043 4926 3098 4971 et
3153 4918 3503 4972 matrimonio

1915 5009 2217 5080 coiijnngar
2250 5025 2373 5065 cum
2416 5010 2483 5066 iis
2511 5010 2605 5080 qui
2633 5011 2809 5080 ipsum
2844 5009 3084 5064 adiciunt
3114 5007 3312 5076 injuria
3339 5009 3362 5063 τ
3387 5011 3502 5064 Διι-

1914 5117 2022 5158 non
2082 5103 2177 5156 tibi
2210 5117 2334 5159 esse
2365 5104 2583 5159 videtur
2639 5101 2862 5171 injuria,
2897 5103 2942 5157 si
2969 5103 3092 5172 quis
3119 5117 3152 5157 e
3181 5103 3288 5158 tuis
3323 5103 3503 5158 servis

1912 5194 2198 5260 accedens,
2232 5196 2530 5250 amicitiam
2582 5195 2770 5250 inierit
2819 5211 2941 5248 eum
2974 5195 3082 5250 tuis
3138 5195 3404 5260 hostibus,
3442 5205 3499 5250 et

1911 5300 2037 5340 cum
2068 5286 2148 5341 eis
2178 5288 2364 5344 inierit
2404 5279 2794 5343 matrimonia?
2822 5287 2899 5343 Ne
2921 5304 3051 5358 ergo
3071 5287 3295 5350 fallaris,
3319 5301 3496 5356 neque

1911 5379 2083 5432 utaris
2099 5379 2443 5448 ambagibus,
2466 5381 2742 5434 arbitrans
2753 5378 2871 5435 fore
2890 5391 2946 5434 ut
2963 5391 3018 5433 tu
3040 5393 3124 5431 me
3143 5377 3493 5449 persuadeas.

1912 5471 2019 5527 Sed
2068 5472 2114 5527 si
2158 5473 2296 5528 velis
2339 5475 2580 5544 quidem,
2627 5475 2743 5542 ipse
2763 5487 2984 5544 quoque
3007 5474 3074 5526 ad
3104 5472 3269 5526 Deum
3306 5486 3494 5527 meum

1911 5568 2116 5621 accede
2140 5583 2156 5622 :
2184 5567 2271 5621 sin
2299 5569 2500 5633 minus,
2534 5578 2589 5622 at
2622 5576 2676 5621 tu
2711 5583 2799 5622 tne
2827 5569 3093 5628 interfice,
3131 5565 3329 5620 manda
3359 5563 3494 5636 igni,

1909 5659 2060 5715 caede
2087 5657 2334 5730 ﬂagellis,
2366 5661 2520 5716 trade
2551 5660 2761 5727 bestiis,
2797 5672 2952 5715 utere
2997 5657 3498 5728 quomodocunquo

1911 5754 2168 5809 volueris.
2203 5753 2245 5808 Τ
2252 5771 2282 5808 ιι
2337 5755 2482 5810 enim
2541 5769 2602 5810 es
2632 5753 2766 5810 mihi
2797 5752 3221 5819 abominandus,
3256 5761 3492 5807 et°tuum

1909 5846 2321 5901 matrimonium
2355 5857 2437 5903 est
2457 5847 2698 5904 societas
2725 5859 2849 5903 cum
2888 5843 3078 5904 inieris
3095 5855 3151 5904 et
3179 5843 3490 5918 sepulcrum

1918 5939 2154 6011 positum
2187 5939 2245 5996 in
2273 5940 2466 5999 oculis.
