3820 6466
288 368 429 433 1443
1529 360 1813 424 MENSIS
1849 360 2363 422 FEBRUARIUS.
3420 362 3575 428 1444

358 490 446 549 Vl.
479 489 604 547 llaec
636 503 761 545 cum
793 486 1055 543 andiisset
1108 484 1417 557 praefectus,
1448 492 1502 539 et
1542 483 1650 553 igni
1690 483 1866 552 ignem

2058 478 2135 547 Τ.
2173 478 2393 535 Τόύτων
2441 479 2683 544 ἀκούσας
2727 482 2757 535 δ
2792 480 3037 554 ἔπαρχος
3095 482 3196 538 καὶ
3244 486 3385 556 πυρὶ
3439 487 3566 558 πῦρ

287 585 607 648 addidisset,
641 587 820 653 ignem
845 580 940 635 iraa
973 578 1082 649 igni
1104 578 1329 641 amoris,
1357 585 1502 632 totus
1531 576 1674 646 ignis
1694 589 1795 643 app

2060 568 2253 634 ὶσθεὶς,
2283 568 2346 623 τὸ
2393 568 2489 624 τοῦ
2538 569 2738 639 θυμοῦ,
2789 571 2974 626 τὸτοῦ
3020 572 3226 644 ἔρωτος
3266 573 3391 639 ὅλος
3442 575 3568 647 πῦρ

286 678 461 743 nebat,
495 687 545 731 et
572 673 756 729 furore
787 672 1115 742 agitabatur.
1157 668 1306 724 Talis
1347 670 1494 723 cnim
1544 675 1629 722 est
1687 679 1794 720 amt

2064 664 2281 717 ίκνυτο·
2340 663 2438 718 καὶ
2491 664 2660 733 μανία
2716 664 3031 735 συνείχετο·
3080 664 3324 731 τοιοῦτος
3368 670 3480 739 γὰρ
3536 673 3572 722 ὀ

284 771 330 825 si
362 768 526 823 luerit
582 765 917 833 contemptui
981 762 1219 818 habitus.
1245 761 1310 816 Et
1368 770 1656 831 propterea
1700 773 1792 830 gra

2060 770 2111 818 νς
2147 753 2475 824 ἀτιμασθείς
2504 768 2518 782 ·
2552 756 2649 807 καὶ
2678 754 2769 809 διὰ
2785 755 2961 809 ταῦτα
2995 758 3084 809 καὶ
3106 757 3351 828 χαλεπὴν
3382 761 3568 830 ἐπῆγε

289 866 614 916 tormentum
648 856 830 912 intulit
853 854 1085 926 egregia:
1116 853 1193 907 illi
1229 851 1450 923 virgini.
1481 850 1541 907 Id
1587 865 1718 906 vero
1746 867 1797 906 et

2071 845 2297 916 γενναίᾳ
2325 844 2424 915 τὴν
2456 844 2691 914 βάσανον
2712 863 2726 877 ·
2757 847 2793 916 ὴ
2820 847 2877 900 δὲ
2911 842 2981 918 ἦν
3019 848 3218 919 λῶροις
3262 851 3329 903 ὲκ
3358 853 3570 904 τεσσά-

282 950 576 1024 ejusmodi,
605 955 715 1003 uta
740 957 977 1017 quatuor
1006 945 1143 1001 loris
1170 953 1417 1012 extensa,
1444 943 1612 998 aridis
1642 942 1790 1013 quidt

2057 952 2083 986 ν
2113 936 2504 1002 διαταθεῖσαν,
2560 936 2774 1007 νεύροις
2836 938 2937 1006 μὲν
2988 938 3199 1010 ξηροῖς,
3259 939 3448 1009 λύγοις
3498 942 3564 993 δὲ

286 1044 492 1107 nervis,
524 1041 792 1096 viridibus
815 1046 996 1095 autem
1033 1036 1328 1093 viminibus
1360 1038 1476 1105 ipsa
1501 1036 1591 1091 diu
1622 1051 1651 1090 a
1681 1036 1790 1089 mul

2056 1032 2219 1099 υροῖς,
2250 1029 2342 1082 ἐπὶ
2392 1028 2526 1083 πολύ
2561 1046 2620 1083 τε
2655 1029 2828 1101 αὐτὴν
2860 1032 2955 1086 καὶ
3004 1032 3157 1103 παρά
3202 1032 3419 1088 πολλῶν
3459 1035 3564 1087 τύ-

287 1137 690 1190 verlieraretur.
719 1130 827 1188 Ubi
856 1140 1038 1184 autem
1062 1127 1265 1185 defessi
1296 1128 1517 1199 quidem
1556 1136 1716 1183 erant
1760 1127 1795 1183 il

2056 1120 2220 1175 εσθαι.
2261 1121 2347 1185 Ὠς
2385 1120 2443 1175 δὲ
2492 1122 2540 1174 oi
2587 1120 2688 1191 μὲν
2734 1121 3029 1185 τύπτοντες
3071 1125 3334 1194 ἔκαμνον,
3380 1129 3448 1196 τῇ
3495 1126 3564 1178 ἃ

284 1226 380 1298 qui
419 1224 779 1281 verberabant
803 1223 873 1292 (ei
908 1236 1036 1277 vero
1070 1220 1280 1290 punitio
1301 1230 1421 1276 erat
1462 1219 1641 1289 potius
1665 1218 1792 1274 coni

2057 1213 2259 1278 ῖαίωσις
2291 1208 2360 1283 ἦν
2396 1213 2598 1283 μᾶλλον
2648 1213 2758 1266 τῶν
2804 1214 2977 1284 αὐτῆς
3020 1213 3196 1283 λόγων
3225 1217 3260 1286 ἡ
3309 1216 3565 1279 κόλασις,

287 1318 457 1371 matio
521 1330 716 1370 eorum
775 1330 898 1385 qua
961 1313 1286 1378 dixerat,-ut
1328 1326 1450 1382 qua:
1478 1310 1613 1366 nihil
1643 1311 1795 1367 omni

2062 1305 2121 1358 ὲν
2155 1304 2294 1368 ὅλως
2333 1304 2466 1374 θῆλυ
2514 1304 2610 1359 καὶ
2653 1305 2875 1373 ἀγεννὲς
2911 1305 3311 1380 ὑποφαινούσῃ,
3344 1308 3568 1360 παύσα-

286 1409 604 1465 ostcnderet
633 1407 898 1463 muliebre
922 1421 1022 1461 nec
1063 1404 1377 1477 illiberale),
1413 1404 1614 1475 jubens
1644 1404 1794 1461 lictor

2057 1413 2096 1448 ιι
2126 1395 2255 1459 τοὺς
2276 1395 2508 1465 δημίους
2532 1396 2796 1461 κελεύσας
2831 1396 3105 1462 Ἐλεύσιος
3131 1416 3147 1465 ;
3193 1400 3353 1452 Ἀλλά
3379 1400 3565 1453 ταῦτα

285 1516 502 1556 cessare
527 1499 816 1570 prmleetus
845 1517 859 1551 :
893 1498 1000 1552 Sed
1034 1498 1151 1553 haec
1177 1497 1423 1568 quidem,
1456 1496 1660 1566 inquit,
1705 1511 1738 1553 ο
1767 1493 1793 1551 «1

2057 1506 2091 1549 ρ,
2116 1486 2245 1559 ἔφη.
2285 1487 2569 1561 Ίουλιανὴ,
2596 1489 2707 1541 τῶν
2750 1489 3001 1559 βασάνων
3034 1491 3206 1561 ἀρχαὶ
3243 1492 3341 1544 καὶ⁵
3367 1490 3565 1561 προοί-

288 1594 455 1656 lians,
492 1603 617 1648 sunt
651 1593 803 1647 initia
828 1599 885 1646 ct
911 1590 1176 1659 prommia
1210 1596 1636 1644 tormentorum.
1668 1586 1747 1642 Tu
1770 1602 1796 1642 ιι

2056 1595 2102 1635 ι’
2146 1583 2210 1635 σὺ
2259 1582 2318 1636 δὲ
2353 1582 2464 1635 ἀπὸ
2510 1582 2717 1636 τούτων
2765 1584 3061 1648 είκάζουσα
3115 1582 3211 1637 καὶ
3257 1584 3389 1654 περὶ
3448 1584 3564 1638 τῶν

288 1696 395 1741 tem
422 1702 488 1740 ex
520 1686 606 1740 his
633 1686 700 1740 de
731 1684 851 1739 aliis
871 1698 1087 1753 quoque
1102 1683 1325 1752 capiens
1350 1681 1744 1750 conjecturam,
1770 1696 1796 1733 ιι

2056 1692 2144 1728 ιων
2175 1674 2443 1746 πρόσελοε
2485 1678 2551 1747 τῇ
2605 1675 2819 1748 μεγάλῃ
2862 1675 3138 1746 ’Δρτὲμιδι
3185 1674 3460 1729 θύσουσαο
3506 1677 3564 1728 εἱ

285 1779 419 1833 cede
461 1792 670 1848 magna:
711 1776 895 1831 Diana;
939 1770 1453 1830 saerilicatura.Sin
1488 1773 1685 1838 minus,
1719 1787 1793 1842 po:

2054 1765 2105 1820 οὒ
2166 1767 2306 1837 μετά
2340 1768 2399 1820 τὸ
2434 1767 2628 1821 παθεῖν
2665 1767 2788 1838 είσῃ
2834 1766 3051 1830 πάντως
3094 1768 3158 1821 οὐ
3205 1767 3388 1830 καλῶς
3425 1770 3562 1839 περὶ

289 1883 451 1936 quam
477 1841 633 1937 passa
661 1866 849 1932 lucris,
879 1866 1021 1921 scies
1035 1865 1258 1919 omnino
1290 1873 1340 1919 te
1360 1863 1427 1919 de
1453 1862 1614 1918 rebus
1632 1861 1738 1917 tuis
1759 1878 1797 1915 nr

2050 1878 2079 1912 ν
2110 1862 2328 1916 οἰκείων
2358 1860 2790 1931 βουλευσαμένη.
2828 1859 2893 1915 Ἦ
2918 1861 2975 1913 δὲ
2991 1860 3438 1932 δεινοπαθήσασα
3468 1859 3558 1929 ἐφ’

284 1962 487 2017 bonum
528 1959 739 2030 cepisse
787 1958 1098 2013 consilium.
1131 1954 1227 2010 illa
1280 1970 1431 2019 vero,
1485 1969 1630 2023 aegre
1684 1951 1792 2008 fere

2084 1955 2179 2008 καὶ
2210 1952 2291 2007 ἔτι
2331 1955 2685 2023 μεταπείσειν
2712 1954 2885 2025 αὐτὴν
2916 1952 3074 2024 ᾤετο,
3123 1954 3297 2016 Ποίει,
3345 1957 3500 2023 φησὶ,
3529 1948 3564 2006 ὃ

287 2052 431 2122 quod
456 2060 673 2121 putaret
712 2065 773 2105 se
803 2065 965 2121 posse
988 2050 1036 2105 ei
1073 2048 1406 2119 persuadere
1438 2064 1453 2101 :
1483 2047 1616 2112 Fac,
1668 2047 1795 2117 inqu

2053 2064 2170 2110 ιεις,
2219 2047 2413 2117 ὴλίθης
2443 2047 2631 2116 σαφῶς
2667 2048 2759 2101 καὶ⁷
2788 2048 3004 2117 ἀνόητε,
3032 2047 3109 2111 ὡς
3140 2046 3237 2100 τοῦ
3267 2047 3329 2100 σὲ
3383 2052 3561 2100 ποιεῖν

288 2159 321 2199 o
353 2154 407 2199 tu
436 2143 591 2214 plane
617 2143 786 2199 stulte
813 2151 868 2196 et
892 2154 1099 2195 amens.
1125 2137 1259 2192 Nam
1315 2152 1401 2193 me
1442 2135 1667 2192 habebis
1693 2153 1796 2205 mat

2052 2139 2071 2191 ὲ
2104 2137 2306 2209 μᾶλλον
2337 2140 2480 2207 ἔξεις
2507 2139 2568 2193 τὸ
2597 2140 2788 2194 παθεῖν
2823 2140 3066 2210 ἕτοιμον.
3104 2139 3293 2204 Οὕτως
3322 2139 3560 2194 εἰποῦσα

288 2247 532 2305 paratam
564 2235 696 2305 pati,
728 2247 890 2303 quam
925 2242 980 2285 ιιι
1033 2232 1111 2285 sis
1140 2238 1362 2300 paratus
1392 2227 1593 2283 lacere.
1625 2226 1761 2283 Cum
1789 2245 1796 2281 ι

2052 2249 2147 2299 (ων
2180 2232 2525 2302 δριμυτέρων
2562 2231 2709 2286 ἔτισε
2740 2233 3013 2302 τιμωρίαν
3055 2214 3414 2303 πικροτάτην,
3443 2232 3560 2284 τῶν

287 2327 536 2391 dixisset,
552 2324 853 2380 acerbioris
878 2321 1143 2377 orationis
1163 2332 1354 2390 pinnas
1371 2318 1470 2372 luit
1490 2318 1795 2389 gravissim:

2051 2324 2175 2393 ιχῶν
2204 2325 2305 2395 μὲν
2332 2324 2703 2397 ἀναρτηθεῖσα
2735 2324 2838 2395 τῆς
2865 2325 3109 2396 κεφαλῆς
3128 2342 3143 2358 ·
3174 2329 3268 2383 ἐπὶ
3297 2328 3434 2381 πολὺ
3458 2328 3559 2396 τῆς

289 2433 550 2488 suspensa
577 2417 799 2487 quidem
831 2413 1047 2483 capillis
1077 2412 1292 2481 capitis,
1321 2425 1517 2479 magna
1548 2421 1730 2465 autem
1755 2410 1797 2465 di

2057 2416 2189 2486 έρας
2228 2417 2646 2486 ὲκκρεμαμένη,
2676 2415 2752 2479 ὣς
2778 2433 2838 2469 τε
2865 2419 2933 2487 τῇ
2971 2415 3063 2487 βία
3090 2417 3189 2487 τῆς
3221 2419 3463 2479 στάσεως
3495 2417 3560 2470 τὸ

289 2522 444 2583 parte
500 2510 763 2580 pendens,
797 2510 934 2561 adeo
992 2515 1049 2559 ut
1075 2515 1295 2574 propter
1353 2503 1646 2557 violentum
1679 2513 1797 2558 este

2053 2524 2148 2576 »μα
2180 2507 2281 2577 μὲν
2314 2508 2741 2579 ἀποσπασθῆναι
2768 2511 2867 2579 τῆς
2901 2510 3169 2577 κεφαλῆς,
3201 2509 3303 2580 τὴν
3344 2510 3470 2578 δ’ᾦιν
3496 2526 3561 2563 τε

289 2605 499 2659 sionem
548 2602 736 2657 avulsa
793 2598 1011 2669 quidem
1065 2599 1142 2653 sit
1196 2596 1348 2666 pellis
1393 2612 1421 2650 a
1454 2596 1655 2667 capite,
1690 2597 1797 2651 vult

2057 2600 2161 2664 νῶς
2190 2600 2553 2673 συγχυθῆναι,
2587 2602 2684 2655 καὶ
2707 2602 2807 2665 τὰς
2834 2601 3009 2673 ὀφρῦς
3032 2602 3146 2656 ἄνω
3170 2602 3267 2656 τοῦ
3299 2601 3565 2671 μετώπου

289 2709 421 2750 vero
446 2694 518 2748 sit
547 2692 703 2747 valde
725 2692 1094 2761 perturbatus,
1125 2699 1182 2744 et
1216 2703 1384 2758 super
1425 2686 1664 2742 frontem
1694 2697 1797 2743 trat

2058 2694 2408 2764 ρελκυθῆναι.
2438 2694 2498 2748 ’0
2513 2694 2747 2764 ἔπαρχος
2776 2695 2955 2749 τοίνυν
2979 2698 3071 2750 καὶ
3092 2694 3234 2767 μετά
3260 2696 3358 2765 τὴν
3384 2713 3566 2766 τιμω-

289 2787 491 2844 fuerint
523 2785 835 2857 supercilia.
885 2782 1187 2840 Praefectus
1227 2797 1359 2851 ergo
1381 2782 1548 2835 etiam
1576 2791 1708 2851 post
1729 2795 1790 2836 su

2056 2803 2100 2840 ιν
2123 2786 2290 2839 πάλιν
2324 2786 2517 2855 λόγους
2546 2787 2794 2859 προσῆγε
2836 2787 2932 2841 τοῦ
2968 2789 3170 2861 ἔρωτος
3205 2789 3369 2841 αὑτὸν
3391 2788 3564 2841 ἐπελ-

292 2881 513 2952 plicium
575 2879 739 2933 verba
780 2891 972 2932 rursus
1020 2875 1294 2942 adhibuit,
1319 2875 1369 2930 ei
1404 2889 1558 2945 spem
1598 2877 1800 2944 prmber

2060 2882 2225 2943 ζοντος
2273 2880 2371 2933 καὶ
2412 2879 2472 2942 ὃς
2525 2880 2732 2951 σφόδρα
2782 2880 3045 2949 ἠϐούλετο
3092 2881 3400 2951 προσδοκᾷν
3437 2880 3568 2935 πεί-

294 2986 503 3036 amore,
539 2978 597 3025 et
651 2979 711 3025 ut
766 2969 843 3033 id,
883 2968 1029 3038 quod
1084 2967 1242 3023 valde
1300 2966 1479 3032 vellet,
1528 2976 1873 3037 exspectaret
1974 2975 2180 3040 θοντος.

296 3065 675 3136 persuadente.

373 3154 482 3212 Vll.
511 3153 805 3224 Postquam
841 3161 1024 3206 autem
1056 3149 1150 3206 ille
1175 3149 1344 3205 multa
1375 3150 1586 3216 dicens,
1608 3150 1759 3206 visus
1786 3159 1874 3205 est

2058 3160 2109 3213 Ζ.
2166 3157 2319 3213 Ἐπεὶ
2370 3158 2428 3213 δὲ
2471 3159 2644 3213 πολλά
2671 3159 2847 3229 λέγων
2884 3161 3092 3224 ἐκεῖνος
3138 3158 3302 3230 κενὴν
3335 3159 3566 3231 ψάλλειν

298 3246 533 3301 inaniter
548 3220 768 3307 cauere,
798 3252 851 3296 et
883 3242 949 3295 ad
983 3256 1078 3295 cor
1106 3241 1327 3310 quidem
1357 3240 1489 3295 nihil
1514 3242 1714 3305 dicere,
1736 3241 1806 3296 fut

2058 3269 2161 3318 κει,
2186 3252 2282 3306 καὶ
2311 3252 2489 3321 λέγειν
2512 3253 2612 3322 μὲν
2633 3254 2712 3317 είς
2736 3220 2965 3321 καρδίαν
2984 3220 3159 3319 οὐδὲν,
3184 3220 3290 3318 ἔξω
3312 3220 3371 3306 si
3398 3256 3566 3323 μόνον

296 3345 479 3393 autem
535 3334 713 3390 solum
746 3347 906 3389 aures
942 3332 1190 3402 implere,
1224 3331 1474 3387 molestia
1518 3348 1708 3388 rursus
1739 3332 1804 3388 all

2076 3336 2191 3398 ὦτα
2217 3342 2585 3415 περιαντλεῖν,
2609 3344 2757 3414 λύπη
2784 3345 2945 3399 πάλιν
2978 3344 3181 3414 μείζων
3203 3345 3281 3414 τῷ
3304 3345 3565 3399 δυσσεὸΞῖ

294 3440 415 3485 ctus
434 3439 520 3483 est
549 3428 788 3498 impius:
822 3435 879 3482 et
915 3441 1105 3482 rursus
1158 3434 1558 3497 consequenter
1596 3427 1802 3496 ιιι-ωειλ

2058 3440 2075 3491 ι
2125 3436 2438 3501 ἀκολούθως
2468 3440 2533 3507 τῇ
2570 3437 2797 3511 γενναίᾳ
2832 3435 3057 3508 μείζους
3094 3439 3151 3490 αι
3186 3435 3453 3506 βάσανοι·
3482 3439 3566 3490 σί-

296 3526 526 3597 martyri
549 3522 794 3578 adhibita
818 3534 942 3578 sunt
966 3532 1259 3578 tormenta.
1277 3519 1448 3579 Iussit
1470 3524 1615 3578 enim
1636 3524 1804 3579 lamin

2057 3547 2118 3599 pa.
2174 3529 2281 3602 γὰρ
2339 3529 2592 3582 ἐκέλευεν
2654 3530 2796 3597 ἀγαν
2848 3528 3244 3598 ἐκπυρωθέντα
3293 3529 3438 3583 κατά
3498 3545 3565 3582 τε

295 3616 505 3672 ferreas
537 3614 689 3671 valde
718 3616 1014 3671 candentes
1041 3615 1245 3684 imponi
1279 3616 1399 3688 ejus
1439 3616 1621 3672 axillis
1658 3627 1712 3671 et
1740 3616 1803 3670 lat

2059 3637 2088 3671 ν
2142 3617 2436 3688 μασχαλῶν
2488 3619 2625 3690 αὐτῇ
2669 3620 2765 3672 καὶ
2811 3620 2919 3673 τῶν
2967 3621 3221 3691 πλευρῶν
3270 3619 3566 3674 τίθεσθαιο

297 3710 489 3767 ribus:
517 3708 713 3763 deinde
748 3707 1009 3764 lateribus
1054 3723 1273 3779 quoque
1305 3709 1519 3778 alligari
1576 3723 1793 3773 manus,

2062 3728 2097 3764 α
2131 3710 2228 3764 καὶ
2254 3713 2377 3774 ταῖς
2418 3712 2681 3782 πλευραῖς
2710 3712 2809 3775 τὰς
2841 3715 3031 3785 χεῖρας
3075 3713 3428 3783 περιδεθῆναι
3463 3713 3568 3767 aut

296 3800 514 3872 aliquod
551 3798 698 3855 aliud
748 3798 956 3854 ferrum
988 3800 1284 3869 transadigi
1321 3814 1416 3870 per
1445 3799 1622 3856 media
1648 3799 1804 3871 cjusl

2055 3803 2164 3871 ερόν
2184 3821 2239 3857 τι
2269 3802 2583 3873 διελαθῆναι
2618 3804 2861 3873 σιδήριον
2900 3805 3214 3873 καταμέσον
3254 3805 3429 3874 αὐτῆς
3452 3803 3563 3857 τῶν)

299 3907 470 3956 mora,
500 3902 557 3946 et
582 3892 664 3945 sic
689 3891 1019 3959 colligatam,
1050 3890 1135 3945 vel
1162 3895 1340 3960 potius
1366 3890 1660 3959 conﬁsam,
1681 3891 1807 3946 abdi

2067 3894 2175 3965 ρῶν
2201 3895 2296 3948 καὶ
2321 3894 2466 3948 οὕτω
2490 3893 2891 3965 συνδεθεῖσανῆ
2920 3894 3123 3963 μᾶλλον
3156 3896 3566 3965 περιπατεῖσαν

299 3989 355 4042 in
385 4001 685 4041 carcerem.
723 3984 815 4039 llla
849 3999 977 4039 vero
995 4000 1117 4038 cum
1143 3994 1198 4038 et
1229 3993 1338 4038 tum
1389 3984 1644 4037 acerbum
1690 3991 1807 4050 pert

2058 3986 2187 4058 τὴν
2238 3986 2467 4058 εἱρκτὴν
2517 3986 2854 4056 ἀπαχθῆναι,
2900 3985 2959 4038 'll
2989 3986 3046 4039 δὲ
3090 3985 3185 4038 καὶ
3217 3985 3428 4057 ταύτην
3460 3986 3566 4038 ὐπ-

297 4078 454 4133 lisset.
504 4076 855 4144 supplicium,
886 4082 945 4128 et
993 4074 1224 4127 abducta
1283 4084 1431 4129 esset
1464 4073 1516 4126 in
1575 4086 1805 4128 carcere:

2057 4076 2278 4146 ιγκοῦσα
2302 4078 2400 4148 τὴν
2425 4075 2681 4146 ἀλγεινὴν
2706 4075 2939 4145 βάσανον
2974 4077 3066 4128 καὶ
3092 4075 3230 4145 πρὸς
3262 4074 3362 4146 τὴν
3389 4091 3565 4145 φρουο

297 4169 449 4226 bumi
473 4169 710 4240 iacens:
738 4166 963 4220 Domine
992 4164 1133 4220 Deus
1163 4178 1315 4221 meus
1359 4164 1729 4235 omnipotens,
1760 4165 1805 4217 cl

2055 4184 2083 4221 ν
2129 4167 2462 4239 ἀπαχθεῖσα,
2496 4168 2638 4221 κατὰ
2679 4165 2775 4220 τοῦ
2817 4165 3049 4235 ἐδάφους
3098 4166 3354 4236 κειμένη,
3388 4166 3562 4236 Κύριὲ

299 4260 501 4326 msbat,
562 4259 655 4329 qui
719 4271 780 4314 es
834 4258 1073 4314 invictus
1122 4257 1175 4312 in
1219 4257 1482 4328 potentia,
1509 4255 1605 4327 qni
1634 4258 1791 4312 tortis

2054 4276 2106 4335 υ.
2131 4259 2283 4327 ἐϐόα,
2309 4258 2412 4312 Θεὲ
2444 4256 2847 4328 παντοκράτορ,
2878 4258 2907 4310 ὁ
2936 4255 3205 4327 ἀήττητος
3229 4255 3287 4307 ὲν
3307 4254 3562 4322 δυνάμει.

297 4353 577 4423 operibus,
610 4348 768 4406 aufer
789 4365 819 4405 a
851 4365 939 4405 me
964 4350 1066 4405 has
1101 4348 1447 4415 aﬂlictiones,
1485 4336 1543 4404 et
1569 4348 1751 4415 abiis,
1781 4365 1805 4419 q

2056 4352 2303 4426 ιραταιδς
2336 4354 2396 4405 ιν
2444 4350 2655 4422 ἔργοις,
2701 4351 2865 4412 αὐτὸς
2901 4347 3119 4419 περίελέ
3174 4364 3280 4418 μου
3316 4347 3417 4411 τάς
3448 4345 3564 4400 θλίς

296 4458 386 4501 me
433 4443 801 4510 circumdant,
864 4442 1033 4498 libera
1085 4442 1387 4506 doloribus,
1445 4452 1505 4496 ut
1529 4440 1804 4497 Danielem

2061 4462 2132 4510 ις,
2184 4446 2281 4499 καὶ
2317 4443 2427 4498 τῶν
2461 4443 2834 4514 περιεχουσῶν
2894 4459 2959 4511 με
2985 4439 3296 4507 ἀπάλλαξον
3337 4440 3561 4499 ὀύνῶν,

296 4538 562 4601 leonibus,
610 4547 670 4593 ut
729 4547 842 4592 tres
885 4549 1085 4606 pueros
1107 4536 1151 4600 ³,
1179 4545 1236 4590 et
1261 4532 1517 4590 Theclam
1562 4534 1633 4589 ab
1665 4533 1789 4602 igne

2085 4537 2283 4608 Δανιὴλ
2341 4538 2407 4592 lx
2445 4537 2698 4600 λεόντων,
2750 4536 2825 4598 ὼς
2872 4536 3000 4600 τοὺς
3030 4537 3179 4605 τρεῖς
3226 4532 3432 4595 παῖδας
3470 4533 3566 4585 καὶ

296 4630 504 4686 bestiis.
538 4629 701 4685 Pater
728 4643 882 4684 meus
905 4637 961 4683 et
988 4637 1161 4682 mater
1182 4640 1299 4681 mea
1325 4623 1733 4695 dereliquerunt
1753 4640 1803 4679 ιιι

2059 4630 2191 4687 κλαν
2221 4630 2284 4683 ὲκ
2328 4630 2499 4700 πυρος
2538 4632 2632 4682 καὶ
2684 4626 2892 4698 θηρίων
2918 4642 2933 4658 ο
2964 4627 2992 4679 ὁ
3027 4626 3213 4695 πατήρ
3265 4641 3369 4695 μου
3406 4623 3499 4676 καὶ
3527 4624 3565 4692 ἡ

295 4730 354 4780 ιιι
386 4733 593 4788 autem,
643 4720 891 4785 Domine,
941 4734 1007 4774 ne
1044 4716 1344 4774 recesseris
1384 4732 1415 4772 a
1445 4732 1531 4773 me
1561 4737 1575 4773 :
1604 4724 1702 4776 sed
1733 4733 1803 4788 qu

2060 4726 2170 4796 ,thp
2197 4741 2301 4793 μου
2332 4722 2694 4792 δγκατέλιπόν
2727 4738 2794 4791 με
2819 4738 2837 4754 ·
2872 4720 2937 4774 σὺ
2976 4719 3057 4784 δὲ,
3089 4717 3286 4790 Κύριε,
3321 4715 3398 4788 μὴ
3432 4717 3568 4771 ἀπο·

295 4818 457 4872 modo
515 4815 646 4870 olim
685 4826 907 4882 quoque
960 4811 1263 4882 fugientem
1299 4808 1559 4867 lsraelem
1589 4825 1688 4882 per
1729 4827 1803 4866 tua

2062 4819 2123 4886 ᾖς
2169 4816 2264 4870 ἀπ’
2302 4814 2463 4885 ἐμοῦ,
2499 4814 2616 4869 ἀλλ’
2647 4812 2706 4866 ὃν
2740 4812 2941 4880 τρόπον
2980 4810 3074 4865 καὶ
3123 4810 3293 4864 πάλαι
3328 4811 3423 4861 τὸν
3469 4811 3570 4878 μὲν

296 4907 635 4965 conservasti
659 4910 704 4969 ³,
732 4906 868 4960 mari
913 4918 1044 4960 vero
1077 4902 1329 4959 inimicos
1372 4917 1562 4959 eorum
1593 4904 1804 4961 obruist

2064 4907 2213 4979 ’ραὴλ
2263 4907 2534 4976 φεύγοντα
2587 4904 2680 4959 διὰ
2715 4903 2991 4973 θαλάσσης
3035 4902 3272 4967 ἔσωσας,
3320 4899 3572 4972 θαλάσσῃ

295 5004 371 5058 ita
404 5015 549 5057 nunc
572 5011 792 5071 quoque
826 5012 913 5053 me
941 5010 1121 5053 serva.
1164 4996 1299 5051 Eum
1348 5006 1529 5052 autem
1563 4998 1654 5066 qui
1687 4998 1803 5052 adw

2074 5001 2201 5062 τοὺς
2236 4997 2466 5069 ἐχθροὺς
2514 4995 2699 5052 αὐτῶν
2749 4994 3159 5063 κατεκάλυψας,
3210 4992 3356 5046 οὕτω
3387 4992 3446 5045 δὲ
3475 4994 3574 5045 καὶ

292 5108 389 5151 sus
415 5106 500 5148 me
531 5090 730 5147 bellum
782 5091 945 5161 gerit,
971 5089 1274 5162 confringe,
1306 5106 1400 5146 res
1457 5090 1678 5156 invicte,
1709 5100 1800 5160 et;

2067 5111 2073 5138 ν
2107 5093 2282 5147 σῶσον
2323 5091 2421 5163 μὲν
2464 5090 2586 5160 ius,
2619 5089 2711 5144 τὸν
2744 5086 3086 5156 πολεμοῦντα
3127 5085 3184 5138 δέ
3238 5102 3330 5155 μοι
3366 5083 3575 5155 κατάρ-

294 5199 445 5250 eum,
478 5182 951 5247 adversarium,et
972 5183 1067 5253 qui
1103 5197 1203 5238 nos
1240 5193 1473 5238 conatur
1501 5182 1802 5253 supplantat

2061 5185 2170 5251 ξον,
2204 5186 2446 5253 ἀήττητε
2496 5180 2743 5254 βασιλεῦ,
2784 5181 2877 5235 καὶ
2900 5180 2970 5234 δι’
3001 5179 3167 5233 αὐτοῦ
3197 5178 3290 5231 τὸν
3326 5179 3569 5230 ἀντικεί-

297 5275 583 5337 Satanam.
1987 5277 2148 5348 μενόν
2168 5293 2229 5329 τε
2252 5277 2347 5329 καὶ
2368 5273 2748 5338 ὑποσκελίζειν
2767 5273 2912 5343 ἡμᾶς
2936 5269 3276 5341 πειρώμενον
3296 5268 3568 5322 Σατανᾶν.

312 5412 315 5417 .
362 5368 503 5424 Vill.
533 5367 666 5424 Cum
700 5380 892 5437 preces
921 5368 1098 5423 adhuc
1126 5376 1313 5423 essent
1350 5367 1403 5421 in
1436 5365 1628 5441 labris,
1653 5366 1721 5421 ad
1748 5381 1820 5421 ea;

2068 5371 2142 5425 [Γ.
2178 5369 2301 5423 Ἔτι
2328 5368 2428 5437 τῆς
2475 5367 2641 5436 εύχῆς
2680 5365 2738 5417 ὲν
2771 5364 3005 5436 χείλεσιν
3052 5361 3245 5432 ούσης.
3285 5361 3576 5427 πρόσεισιν

290 5461 528 5530 accedit,
584 5460 678 5532 qui
734 5458 838 5516 sub
894 5467 1175 5528 aspectum
1230 5475 1339 5517 non
1401 5458 1569 5533 cadit,
1628 5462 1798 5517 omni:

2068 5467 2122 5535 τῇ
2151 5465 2180 5517 ὁ
2213 5462 2427 5532 ἀφανὴς
2460 5461 2680 5514 πάντων
2727 5457 2922 5529 ἐχθρὸς
2951 5456 3047 5512 καὶ
3091 5455 3373 5526 πολέμιος,
3402 5453 3576 5520 ἄγγε-

298 5555 470 5611 bostis
495 5562 553 5609 et
582 5553 855 5618 inimicus,
884 5551 1153 5631 simulans
1186 5566 1245 5608 se
1288 5567 1412 5609 esse
1449 5552 1705 5625 angelum
1732 5555 1806 5610 De

2070 5578 2071 5581 η
2103 5556 2239 5612 Θεοῦ
2269 5555 2410 5612 εἶναι
2452 5552 2865 5626 προσποιηθεὶς,
2894 5551 3072 5615 Δεινά,
3101 5549 3296 5618 λέγων,
3337 5539 3384 5600 ὦ
3444 5549 3578 5600 Ἰου·

293 5646 514 5712 Gravia,
544 5648 751 5711 dicens,
772 5661 813 5713 vo
847 5645 1085 5712 intima,
1111 5655 1166 5700 et
1197 5644 1355 5701 valde
1392 5648 1578 5717 gravia
1604 5657 1659 5705 et
1715 5647 1800 5718 pla

2068 5651 2163 5724 ινὴ,
2219 5651 2362 5706 κατά
2417 5648 2513 5704 σοῦ
2566 5651 2592 5702 ὁ
2629 5650 2831 5721 ἅρχων,
2884 5646 3036 5702 Sed)
3081 5645 3285 5716 σφόδρα
3334 5645 3432 5699 καὶ
3477 5643 3576 5696 ἀν-

348 5824 606 5900 εοιιιηιι
628 5835 680 5885 et
702 5840 786 5882 ιιι.
867 5825 888 5858 ³
911 5821 1081 5883 Exod.
1118 5828 1216 5881 snt
1242 5831 1299 5881 et
1322 5838 1435 5880 svi.
