3820 6480
252 396 397 462 1445

1524 397 1707 461 νιΤΑ
1735 396 1795 457 S.
1828 395 2200 459 IULIAN/R.

3264 382 3269 389 ”
3375 387 3513 454 1448

250 509 486 562 ύιιοιστα
516 504 905 578 παρεσκεύασε
934 504 1292 577 κολαστήρια·
1318 504 1384 560 σὺ
1417 505 1498 571 δὲ,
1531 505 1648 561 ἀλλ’
1672 506 1818 578 ήνίκι

1942 505 2302 562 intolerabilia
2326 504 2589 561 adversus
2612 511 2662 559 te
2684 501 2973 574 praefectus
2990 500 3207 573 paravit
3221 502 3511 574 supplicia.

249 600 416 669 μόνον
466 597 778 667 ὲξαγάγωσί
810 614 870 651 σε
902 597 1005 668 τῆς
1057 597 1328 669 φυλακῆς,
1386 598 1704 671 πρόσδραμε
1738 600 1833 669 καὶ

247 689 414 744 θύσον
444 689 633 755 εὐθὺς,
667 690 791 744 οὐδὲ
815 692 924 761 γὰρ
954 688 1198 754 ὑποίσοις
1242 689 1306 743 τὸ
1332 690 1451 744 λίαν
1492 691 1691 760 πικρὸν
1721 690 1833 744 τῶν

244 780 547 837 κολάσεων.
578 782 645 836 Ἥ
671 782 750 835 δέ’
782 784 890 836 Καὶ
911 780 1015 846 τίς,
1040 768 1222 852 ᾔρετο,
1251 780 1349 848 uti;
1378 781 1487 836 Kal.
1514 784 1544 836 6
1573 782 1829 852 πονηρόςθ

247 874 519 943 Ἀγγελός
568 876 687 942 εἰμι
739 874 834 926 τοῦ
876 874 1048 928 Θεοῦ·
1098 873 1195 928 καὶ
1247 875 1437 947 ἐπειδὴ
1492 875 1648 944 λόγος
1682 873 1832 944 αὐτῷ

244 967 381 1035 περὶ
415 963 533 1031 σοῦ,
572 966 782 1035 πέμπει
815 980 882 1035 με
913 963 1052 1036 πρὸς
1082 965 1161 1030 σὲ,
1200 965 1493 1036 πεισθῆναί
1520 983 1580 1019 σε
1606 966 1831 1036 μηνύων

245 1057 342 1109 καὶ
374 1056 451 1125 μὴ
477 1057 598 1120 ταῖς
629 1054 855 1119 πολλαῖς
877 1053 1133 1123 βασάνοις
1165 1057 1227 1113 τὸ
1252 1057 1413 1127 σῶμα
1440 1057 1826 1129 διαφθαρῆναι·

245 1145 629 1216 συγγνώσεται
678 1148 787 1217 γάρ
822 1161 905 1200 σοι
958 1146 1268 1220 πεισθείσῃ,
1312 1147 1697 1220 φιλάνθρωπος
1727 1147 1826 1213 ὢν,

241 1235 335 1290 διὰ
357 1236 456 1308 τὴν
489 1234 690 1306 πολλὴν
726 1236 928 1308 σαρκὸς
973 1236 1280 1294 ἀσθένειαν.
1312 1239 1357 1291 Τ
1359 1238 1566 1310 αράχου
1597 1240 1691 1292 καὶ
1717 1238 1828 1293 δεί-

246 1342 422 1393 ματος
455 1326 547 1378 ἐπὶ
591 1325 800 1390 τούτοις
845 1328 878 1398 ἡ
913 1327 1126 1398 μάρτυς
1155 1327 1329 1399 μεστὴ
1372 1330 1618 1396 γίνεταιθ
1663 1330 1827 1402 ἐῴκει

244 1415 356 1487 γάρ
387 1416 479 1470 τοῦ
513 1420 847 1489 φαινομένου
879 1421 911 1485 ἡ
967 1421 1068 1492 μὲν
1101 1421 1286 1494 μορφὴ
1319 1423 1576 1491 ἀγγέλου,
1605 1425 1640 1493 ἡ
1683 1441 1826 1495 συμ⁶

243 1507 411 1577 ϐουλὴ
441 1507 499 1560 δὲ
529 1507 791 1580 ἄντικρυς
825 1510 1022 1583 ἐχθροῦ
1047 1528 1061 1542 ·
1096 1513 1240 1582 μέγα
1272 1510 1366 1568 οὖν
1397 1515 1491 1569 καὶ
1522 1515 1828 1586 περιπαθὲς

245 1601 554 1667 στενάξασα
603 1607 700 1657 καὶ
729 1606 982 1678 δακρύων
1012 1608 1138 1671 τοὺς
1186 1609 1501 1681 ὀφθαλμοὺς
1549 1612 1822 1682 πλήσασα,

243 1694 423 1766 Κύριέ
459 1714 584 1765 μου,
638 1696 811 1766 λέγει,
846 1699 1045 1771 ποιητά
1089 1700 1200 1754 τῶν
1246 1702 1524 1767 ἀπάντων,
1575 1704 1635 1757 ὃν
1663 1705 1827 1775 μόνον

241 1785 353 1838 τῶν
393 1786 493 1856 μὶν
525 1790 793 1859 οὐρανίων
816 1792 872 1844 αἱ
910 1791 1168 1862 δυνάμεις
1202 1792 1451 1862 ὑμνοῦσι,
1493 1795 1601 1848 τῶν
1623 1796 1827 1866 ἀερίων

240 1877 300 1931 δὲ
333 1877 608 1948 δαιμόνων
658 1883 977 1952 φρίττουσιν
1011 1886 1044 1956 η
1096 1884 1329 1956 πληθὺς,
1362 1887 1438 1956 μή
1475 1903 1543 1957 με
1591 1887 1826 1959 παρόψει
1860 1867 1900 1925 Β

239 1971 344 2040 τὴν
377 1970 703 2026 πεποιθυίαν
743 1976 823 2040 είς
866 1975 945 2037 σὲ,
988 1977 1110 2048 μηδ’
1139 1978 1196 2030 ἐν
1227 1980 1497 2048 προφάσει
1531 1999 1621 2052 μοι
1649 1999 1827 2054 σωτη-

243 2060 370 2130 ρίας
411 2063 440 2114 6
493 2064 727 2133 πονηρὸς
776 2067 973 2137 πικρόν
1004 2084 1058 2120 τι
1105 2071 1315 2143 κεράσῃ
1350 2075 1638 2144 ποτήριον·
1688 2074 1824 2130 ἀλλὰ

240 2151 417 2221 δεῖξόν
459 2171 549 2225 μοι
574 2156 653 2220 τίς
684 2158 713 2209 ὀ
754 2158 926 2212 ταῦτα
954 2161 1127 2230 λέγων
1158 2166 1251 2218 καὶ
1287 2165 1377 2229 σὸς
1414 2163 1555 2222 εἶναι
1607 2170 1825 2241 οἰκέτης

243 2245 864 2317 ὑποκρινόμενος.Εἷπε·
885 2252 981 2307 καὶ
1007 2255 1035 2306 6
1058 2255 1391 2326 καλούμενος
1411 2260 1571 2324 εὐθὺς
1600 2261 1823 2331 ἤκουσε,

241 2336 340 2389 καὶ
378 2340 532 2410 φωνὴ
587 2342 916 2413 οὐρανόθεν
972 2345 1199 2417 Θάρσει,
1250 2349 1458 2417 ἔλεγεν,
1519 2353 1821 2423 Ἱουλιανή·

241 2429 357 2498 ἐγὼ
385 2429 499 2503 γάρ
519 2433 636 2502 ειμι
664 2434 802 2502 μετὰ
836 2435 958 2502 σοῦ,
986 2439 1178 2492 τούτου
1202 2439 1258 2492 δὲ
1293 2440 1459 2495 λαϐοῦ
1477 2443 1688 2515 (δίδωμι
1715 2446 1824 2518 γάρ

243 2537 329 2574 σοι
358 2525 481 2595 κατῖ
503 2524 671 2579 αὐτοῦ
713 2525 811 2598 τὴν
842 2527 1042 2600 ίσχὺν),
1081 2532 1178 2585 καὶ⁸
1203 2532 1349 2597 ὅστις
1375 2534 1464 2606 εἴη
1495 2536 1625 2609 παρ’
1656 2538 1823 2592 αὐτοῦ

243 2611 516 2679 μάνθανε.

312 2877 392 2932 6’.
412 2878 567 2934 Οὕτω
584 2883 650 2953 τῇ
674 2882 805 2955 εὐχῇ
828 2885 927 2953 μὲν
946 2887 978 2957 ἡ
996 2890 1146 2961 φωνή
1167 2907 1182 2922 ο
1202 2892 1264 2963 τῇ
1285 2897 1438 2966 φωνῇ
1453 2894 1508 2948 δὲ
1533 2896 1820 2967 ἠκολούθει

237 2971 303 3024 τὸ
342 2971 532 3042 θαῦμα
554 2989 567 3003 ⁸
596 2975 797 3029 αὐτίκα
835 2979 945 3049 γὰρ
969 2981 1189 3037 ἐλύοντο
1223 2987 1323 3056 μὲν
1360 2990 1430 3041 τά
1473 2988 1670 3061 δεσμά,
1702 2991 1820 3057 ἐξέ-

241 3080 413 3117 πιπτε
440 3064 497 3116 δὲ
541 3066 570 3118 6
600 3066 819 3138 σίδηρος
865 3070 976 3125 τῶν
1017 3074 1209 3144 μηρῶν
1235 3092 1250 3107 ’
1281 3077 1313 3149 ἠ
1340 3077 1396 3132 δὲ
1447 3079 1544 3132 τοῦ
1588 3082 1821 3152 ἐδάφους

237 3155 403 3219 εὐθὺς
432 3157 778 3222 ἐξανίσταται
809 3165 905 3217 καὶ
956 3165 1043 3234 ἐφ’
1071 3168 1276 3239 ἑαυτῆς
1308 3171 1547 3238 γίνεται·
1577 3175 1671 3227 καὶ
1710 3175 1819 3228 τῶν

1936 595 2016 651 Tu
2046 607 2227 653 autem
2260 595 2602 653 solummodo
2633 610 2756 650 cum
2786 603 2840 650 te
2861 592 3152 651 eduxerint
3184 608 3215 650 e
3241 594 3513 661 custodia,

1933 702 2166 744 accurre
2191 698 2247 744 et
2282 688 2466 744 statim
2499 684 2776 744 sacriﬁca.
2808 684 2998 756 Neque
3018 685 3163 741 enim
3217 684 3515 740 sustinebis

1933 780 2316 851 suppliciorum
2371 780 2595 836 nimiam
2651 779 3030 834 acerbitatem.
3067 775 3164 830 illa
3189 786 3368 830 autem
3400 791 3414 830 :
3447 774 3515 830 Et

1933 875 2184 943 quisnam
2211 880 2264 927 tu
2281 887 2340 927 es
2358 871 2384 927 ἳ
2404 872 2634 941 rogavit.
2663 869 2927 939 Malignus
2947 882 3078 924 vero
3096 885 3111 924 :
3132 865 3284 933 Sum,
3313 865 3512 936 inquit,

1934 963 2028 1019 Dei
2056 962 2283 1034 angelus
2313 981 2327 1017 :
2359 973 2414 1018 et
2461 956 2720 1034 quoniam
2756 963 2804 1016 is
2833 975 3088 1032 magnam
3137 960 3213 1014 tui
3247 960 3400 1014 ducit
3423 973 3513 1014 ra-

1933 1058 2157 1121 tionem,
2189 1056 2357 1111 mittit
2383 1071 2470 1112 me
2493 1058 2562 1112 ad
2598 1066 2672 1121 te,
2704 1053 3095 1124 ntagnil‘aciens
3111 1061 3170 1108 ut
3200 1061 3255 1108 tu
3284 1066 3503 1122 pareas,

1930 1159 1984 1207 et
2032 1166 2141 1205 non
2200 1165 2399 1221 corpus
2449 1160 2599 1205 tuum
2656 1151 2844 1205 multis
2906 1148 3194 1206 tormentis
3256 1149 3508 1206 intereat.

1930 1243 2176 1314 Ignoscet
2200 1245 2345 1299 enim
2392 1243 2515 1308 tibi,
2540 1242 2589 1299 si
2634 1243 2908 1313 parueris,
2950 1256 3071 1296 cum
3106 1242 3180 1298 sit
3218 1241 3509 1311 benignus,

1929 1343 2152 1405 propter
2170 1336 2390 1390 multam
2413 1336 2598 1391 carnis
2616 1334 3064 1389 imbecillitatem.
3091 1332 3511 1390 Pertttrbatione

1928 1437 1984 1483 et
2007 1438 2213 1484 terrore
2243 1438 2448 1498 martyr
2480 1436 2702 1496 propter
2731 1426 2847 1481 btec
2872 1425 2972 1481 fuit
2993 1425 3170 1497 plena.
3206 1425 3340 1481 Nam
3359 1425 3502 1496 ejus,

1928 1519 2020 1590 qui
2072 1518 2390 1589 apparebat,
2446 1518 2739 1573 videbatur
2804 1517 3022 1587 quidem
3087 1518 3277 1572 forma-
3309 1516 3508 1587 angeli,

1930 1609 2221 1666 consilium
2269 1618 2450 1666 autem
2501 1619 2691 1680 aperte
2737 1608 2968 1664 inimici.
3029 1607 3164 1665 Cum
3186 1623 3316 1678 ergo
3356 1608 3515 1663 valde

1928 1702 2395 1759 etmiserabiliter
2429 1702 2789 1773 ingemuisset
2851 1710 2906 1757 et
2952 1699 3208 1771 lacrymis
3234 1699 3513 1770 implesset

1928 1792 2117 1846 oculos
2148 1810 2163 1845 :
2193 1789 2421 1846 Domine
2474 1791 2574 1858 mi,
2623 1791 2823 1861 inquit,
2871 1790 3136 1855 omnium,
3193 1805 3314 1862 qua:
3360 1797 3508 1855 sunt,

1928 1881 2198 1939 eﬂector:
2246 1896 2411 1953 quem
2467 1881 2642 1938 solum
2702 1882 2919 1952 quidem
2992 1881 3215 1936 laudant
3277 1881 3512 1936 virtutes

1927 1972 2256 2040 ctelestium,
2310 1974 2500 2028 horret
2551 1986 2683 2027 vero
2723 1986 3011 2028 aet-eorum
3049 1973 3344 2028 multitudo
3396 1973 3511 2026 da:-

1927 2080 2147 2122 monum
2177 2080 2193 2119 :
2226 2078 2294 2120 ne
2345 2079 2433 2119 me
2485 2064 2820 2132 despexeris,
2874 2079 2997 2135 quae
3042 2075 3265 2134 propter
3303 2073 3357 2119 te
3387 2079 3510 2120 sum

1925 2171 2085 2227 passa
2120 2173 2135 2210 :
2163 2170 2261 2211 nec
2286 2155 2418 2209 mibi
2436 2164 2700 2224 praatextu
2733 2139 2943 2221 salutis,
2964 2156 3240 2224 malignus
3263 2169 3509 2213 amarum

1926 2248 2146 2319 aliquod
2236 2257 2501 2318 temperet
2562 2248 2860 2317 poculum:
2898 2249 2994 2305 sed
3061 2250 3288 2305 ostende
3352 2248 3507 2313 mihi,

1926 2343 2179 2411 quisnam
2226 2342 2320 2405 sit,
2351 2340 2444 2410 qui
2484 2341 2599 2396 haec
2632 2341 2783 2408 dicit,
2815 2350 2870 2395 et
2903 2341 2996 2411 qui
3034 2354 3094 2396 se
3139 2340 3296 2411 lingit
3358 2350 3507 2395 tuum

1924 2447 2047 2489 esse
2072 2432 2361 2486 famulum.
2402 2432 2571 2496 Dixit,
2601 2440 2654 2486 et
2678 2435 2860 2486 statim
2889 2432 3133 2487 exaudiit
3166 2433 3211 2487 is
3237 2432 3328 2501 qui
3357 2433 3509 2487 invo.

1924 2524 2175 2588 cabatur,
2204 2534 2260 2578 et
2295 2538 2399 2578 vox
2447 2524 2660 2578 exstitit
2689 2524 2906 2579 caelitus
2941 2544 2956 2578 ;
2983 2523 3229 2591 Conﬁdo,
3262 2524 3507 2589 Juliana,

1923 2632 2042 2690 ego,
2073 2619 2220 2672 enim
2250 2634 2369 2674 sum
2401 2629 2599 2674 tecum.
2634 2617 2769 2673 Eum
2795 2624 2977 2674 autem
3015 2619 3364 2691 apprehende
3413 2620 3510 2690 (do
3610 2628 3617 2635 ‘

1923 2711 2067 2766 enim
2098 2711 2192 2767 tibi
2225 2714 2487 2769 adversus
2507 2726 2631 2768 eum
2662 2710 2857 2783 vires),
2896 2721 2951 2768 et
2972 2727 3037 2767 ex
3063 2727 3131 2768 eo
3162 2712 3313 2770 disce
3350 2713 3510 2783 quis-

1925 2817 2054 2856 nam
2080 2803 2174 2858 sit.

1995 2912 2091 2970 ιιι.
2117 2913 2209 2970 Sic
2238 2929 2430 2984 preces
2468 2930 2570 2970 vox
2596 2915 2814 2985 quidem
2859 2926 2942 2972 est
2966 2926 3283 2984 consecuta,
3314 2933 3504 2976 vocem

1926 3020 2056 3061 vero
2108 3006 2457 3063 miraculum.
2500 3005 2694 3062 Statim
2746 3009 2889 3063 enim
2921 3009 3094 3065 soluta
3130 3011 3348 3080 quidem
3381 3020 3509 3068 sunt

1925 3097 2159 3164 vincula,
2181 3098 2375 3153 cecidit
2404 3108 2589 3153 autem
2611 3098 2819 3155 ferrum
2848 3115 2876 3153 a
2902 3098 3221 3156 femoribus.
3253 3101 3342 3155 Illa
3375 3117 3504 3157 vero

1844 3210 1891 3273 ρ
1926 3194 2092 3247 homo
2122 3192 2306 3247 statim
2359 3192 2625 3262 exsurgit,
2649 3200 2705 3246 et
2751 3190 2811 3246 lit
2859 3193 2940 3248 sui
2968 3193 3109 3265 juris
3142 3212 3156 3248 :
3190 3202 3245 3249 et
3273 3210 3395 3249 cum
3423 3195 3507 3251 sic

236 3246 455 3319 δεσμῶν
508 3251 729 3324 ἐκείνης
778 3254 923 3310 οὕτω
976 3258 1324 3329 λυθέντων,ό
1380 3265 1567 3332 φανεὶς
1614 3266 1815 3337 μᾶλλον

1926 3282 2099 3338 soluta
2125 3291 2312 3338 essent
2336 3283 2483 3338 illius
2512 3283 2748 3348 vincula,
2786 3284 3003 3339 vinctus
3032 3284 3322 3339 videbatur
3345 3287 3392 3340 is
3410 3287 3503 3356 qui

234 3343 424 3415 ὼρᾶτο
466 3347 842 3421 πεπεδημένος
863 3368 879 3385 ο
921 3352 981 3409 δν
1012 3356 1044 3426 ἡ
1078 3356 1288 3428 μάρτυς
1319 3361 1666 3433 κατασχοῦσα
1693 3380 1818 3433 γεν-

236 3438 426 3504 ναίως,
450 3440 638 3495 δοῦλον
667 3441 818 3497 ὥσπε
828 3463 857 3515 ρ
876 3446 1027 3500 δεινὰ
1050 3453 1442 3522 πεπραγμένον
1465 3454 1602 3524 πρὸς
1634 3455 1816 3521 ἐξέτα-

235 3546 322 3585 σιν
356 3527 486 3602 ἦγε,
538 3534 633 3597 Τίς
681 3552 742 3587 τε
788 3532 838 3589 εἶ
893 3540 988 3592 καὶ
1017 3542 1207 3608 πόθεν,
1255 3543 1511 3612 λέγουσα,
1538 3547 1634 3599 καὶ
1665 3549 1816 3619 παρὰ

231 3626 380 3688 τίνος
414 3625 523 3695 ἄρα
559 3628 853 3699 τυγχάνεις
878 3631 1325 3706 ἀπεσταλμένοςς
1365 3639 1458 3692 τὸν
1499 3639 1557 3692 δὲ
1586 3643 1815 3713 (στερρὰ

233 3717 344 3786 γάρ
370 3733 453 3779 τις
500 3719 596 3771 καὶ
629 3722 861 3791 ἀόρατος
894 3725 1092 3793 ἤπειγε
1124 3727 1345 3797 μάστιξ)
1369 3729 1624 3799 ἀληθύειν
1649 3732 1815 3803 ἠνάγ-

232 3810 401 3872 καζεν
443 3812 581 3874 ὅλως
609 3810 739 3867 ὄντα
769 3815 1072 3887 φιλοψευδῖγ
1093 3857 1109 3883 ,
1140 3821 1236 3873 καὶ
1272 3822 1448 3875 πάντα
1473 3823 1611 3893 όμοῦ
1641 3839 1813 3878 κατα·

233 3902 405 3969 λέγει,
459 3903 551 3956 τὸν
604 3906 1008 3973 ἀπεσταλκότα,
1056 3911 1139 3964 ὃτι
1192 3911 1277 3982 εἴη
1330 3916 1360 3966 6
1406 3914 1669 3985 Σατανᾶς,
1723 3920 1816 3973 τὸν

231 3995 651 4065 ἀπεσταλμένον
702 4000 887 4067 αὐτὸν,
922 4003 1003 4055 ὃτι
1035 4005 1250 4058 ἐκείνου
1287 4008 1560 4077 δαιμόνων
1598 4012 1628 4062 ό
1660 4013 1816 4083 πρῶ·

229 4100 322 4147 τος
341 4102 354 4115 ·
387 4086 486 4156 τὴν
517 4089 718 4152 αἰτίαν,
745 4090 825 4142 ὃτι
862 4094 1074 4161 μεγάλα
1100 4096 1166 4147 δι’
1196 4097 1367 4167 αὐτῆς
1397 4101 1426 4151 ό
1458 4103 1694 4172 πονηρὸς
1719 4105 1817 4156 πέ-

231 4176 477 4247 πληκτο’
519 4182 655 4250 πρὸς
703 4183 938 4250 τούτοις,
974 4186 1056 4238 ὅτι
1112 4188 1273 4251 αὐτὸς
1311 4192 1518 4256 ἐκεῖνος
1561 4196 1590 4246 ό
1629 4196 1720 4247 καὶ
1747 4200 1813 4268 τῇ

230 4270 350 4342 Elii;
384 4272 549 4325 πάλαι
579 4274 676 4346 τὴν
710 4274 958 4346 ὀλεθρίαν
984 4280 1354 4349 προσαγαγὼν
1386 4286 1696 4357 συμϐουλὴν
1720 4293 1814 4342 καὶ

231 4365 374 4417 Κάίν
402 4364 483 4429 είς
511 4365 935 4436 ἀδελφοκτονίαν
961 4372 1171 4439 ὲπάρλς
1206 4373 1300 4426 καὶ
1324 4374 1384 4427 τὸ
1415 4376 1662 4444 φονεύειν
1697 4382 1812 4432 εἰσ-

228 4456 603 4528 ηγησάμενος,
639 4460 1115 4531 Ναϐουχοδονόσορ
1156 4465 1255 4532 τὴν
1297 4468 1398 4536 τῆς
1441 4467 1650 4535 εικόνος
1684 4473 1812 4526 ἀνά-

1919 3385 2265 3445 apparuerat.
2327 3373 2498 3442 Quem
2557 3390 2680 3430 cum
2732 3386 2939 3447 martyr
2989 3386 3214 3433 strenue
3243 3387 3501 3447 tanquam

1918 3479 2137 3519 servum
2171 3466 2693 3536 comprehendisset,
2717 3467 2807 3537 qui
2841 3468 3025 3537 gravia
3068 3478 3500 3537 perpetraverat,

1917 3555 2076 3610 duxit
2111 3556 2178 3611 ad
2215 3556 2699 3623 exautinationem,
2753 3556 2942 3613 dicens
2975 3576 2990 3613 :
3027 3557 3286 3626 Quisnam
3319 3577 3402 3626 es,
3446 3570 3501 3618 et

1919 3650 2089 3715 unde,
2115 3656 2170 3704 et
2200 3663 2229 3703 ιι
2253 3663 2360 3719 quo
2392 3650 2634 3705 missus?
2665 3648 2819 3705 Illum
2844 3660 3023 3707 autem
3047 3652 3303 3725 (validum
3332 3656 3501 3720 enim,

1918 3742 2060 3811 quod
2096 3741 2199 3797 sub
2224 3749 2506 3811 aspectum
2540 3756 2646 3797 non
2665 3741 2921 3809 cadebat,
2958 3748 3185 3814 urgebat
3208 3744 3501 3819 ﬂagellum)

1918 3832 2096 3901 coegit
2153 3845 2338 3886 verum
2411 3833 2615 3899 dicere,
2665 3847 2790 3888 cum
2843 3842 2986 3890 esset
3014 3836 3236 3891 omnino
3293 3839 3503 3895 amicus

1919 3922 2185 3978 mendacii
2220 3940 2234 3977 :
2272 3931 2327 3978 et
2357 3924 2540 3978 omnia
2571 3924 2735 3980 simul
2782 3935 3049 3993 recenset,
3082 3942 3228 3995 eum,
3266 3931 3359 4000 qui
3395 3932 3499 3986 mi-

1917 4028 2086 4083 serat,
2121 4019 2265 4087 quod
2311 4019 2523 4074 scilicet
2570 4030 2718 4076 esset
2750 4020 2980 4078 Satanas
3019 4038 3139 4091 :se,
3180 4025 3273 4096 qui
3302 4027 3499 4082 missus

1917 4107 2114 4174 fuerat,
2158 4124 2350 4180 nempe
2379 4111 2523 4179 quod
2561 4120 2709 4167 esset
2736 4113 2943 4182 primus
2971 4128 3039 4168 ex
3090 4114 3209 4185 ejus
3242 4117 3501 4172 dtemoni-

1918 4200 2062 4253 bus:
2094 4214 2337 4267 causam,
2370 4202 2513 4270 quod
2559 4217 2656 4270 per
2701 4203 2873 4272 ipsam
2929 4206 3195 4274 malignus
3240 4222 3492 4277 maguum

1918 4290 2112 4346 vulnus
2174 4301 2483 4361 acceperat.
2519 4291 2789 4348 Praeterea
2844 4298 2987 4364 quod
3039 4296 3154 4365 ipse
3208 4309 3354 4353 esset
3403 4299 3497 4356 ille

1919 4381 2034 4451 ipse
2066 4382 2158 4451 qui
2193 4383 2318 4436 Eva:
2354 4382 2481 4436 olim
2536 4384 2906 4452 perniciosum
2944 4386 3092 4440 dedit
3122 4389 3407 4443 consilium
3439 4405 3496 4447 et

1918 4472 1985 4526 ad
2048 4472 2235 4529 fratris
2279 4476 2482 4530 cuidem
2516 4474 2655 4530 Cain
2704 4476 3024 4545 incitavit‘,
3060 4488 3114 4534 et
3142 4480 3235 4550 qui
3284 4481 3496 4539 induxit

228 4565 423 4604 στασιν
476 4551 737 4617 ὑποθεὶς,
789 4553 1003 4622 Ἰίρώδη
1047 4556 1146 4627 τὴν
1193 4558 1566 4627 παιδοφονίαν,
1638 4563 1809 4618 Ἰούδα

1926 4569 2289 4635 parricidium,
2344 4562 2445 4641 'qui
2505 4573 2772 4642 suggessit
2828 4571 3372 4645 Nabucltodonosori,
3431 4590 3491 4636 ut

223 4642 331 4715 τὴν
375 4644 688 4712 προδοσίαν,
740 4640 860 4696 εἶτα
913 4649 1006 4699 καὶ
1051 4650 1146 4718 την
1179 4649 1439 4721 ἀγχόνην.
1479 4654 1619 4723 Ἐγὼ
1666 4659 1816 4710 κεκί-

224 4751 395 4802 νιρια,
426 4739 613 4806 φησιν,
646 4740 739 4789 καὶ
768 4739 907 4791 κατὰ
938 4739 1213 4808 Στεφάνου
1241 4743 1331 4794 τὸν
1360 4743 1642 4816 λιθασμὸν,
1671 4751 1811 4804 κατά

225 4828 452 4900 Πέτρου
495 4831 553 4883 δὲ
595 4835 687 4883 καὶ
748 4834 958 4885 Παύλου
1004 4836 1098 4888 τοῦ
1161 4837 1264 4907 μὲν
1315 4837 1415 4910 τὴν
1473 4842 1811 4916 ὲπικεφαλὴν

225 4922 559 4992 σταύρωσιν,
595 4922 688 4975 τοῦ
740 4924 797 4977 δὲ
846 4929 942 4995 τὴν
985 4927 1076 4980 διὰ
1124 4931 1311 4998 ξίφους
1367 4933 1683 5004 ἀναίρεσιν·
1716 4938 1809 4991 ἐπὶ

221 5014 437 5078 τούτοις
474 5019 639 5068 πᾶσιν
678 5018 788 5084 ἐγώ
834 5021 949 5088 εἰμι
980 5021 1009 5071 ό
1065 5022 1347 5094 Ἐϐραίους
1387 5025 1487 5096 μὲν
1524 5029 1807 5083 είδωλολαυ

1914 4660 2178 4714 excitaret
2206 4670 2437 4716 statuam
2469 4662 2513 4727 ⁵,
2548 4662 2742 4718 Herodi
2799 4679 3089 4735 puerorum
3139 4669 3492 4741 occisionem,

1910 4748 2060 4805 Judae
2092 4752 2455 4821 proditionem
2480 4763 2534 4809 et
2555 4755 2750 4810 deinde
2786 4757 3038 4827 laqueum
3064 4758 3105 4812 ⁵.
3137 4758 3270 4831 Ege,
3298 4763 3492 4834 inquit,

1909 4843 2071 4896 etiam
2106 4842 2488 4912 lapidationem
2509 4849 2648 4901 movi
2671 4849 2931 4906 adversus
2956 4848 3293 4919 Stephanum
3319 4855 3339 4885 '
3359 4871 3374 4909 :
3397 4858 3495 4908 ad-

1908 4948 2104 4990 versus
2131 4933 2351 4992 Petrum
2383 4946 2560 4994 autem
2591 4951 2646 4995 et
2673 4938 2921 5007 Paulum,
2953 4945 3097 4999 illius
3131 4947 3351 5015 quidem
3398 4961 3494 5001 ca-

1908 5026 2019 5096 pite
2044 5028 2286 5085 demisso
2320 5031 2371 5085 iu
2420 5041 2622 5087 terram
2655 5036 3084 5102 crttciﬂxionem,
3131 5020 3294 5107 bujus
3364 5053 3494 5096 vero

221 5108 376 5176 τρεῖν
394 5106 724 5173 ἀναπείσας,
771 5112 1098 5181 Σολομῶντα
1126 5115 1182 5167 δὲ.
1213 5119 1304 5169 τὸν
1340 5120 1504 5188 σοφὸν
1546 5125 1808 5194 μωράνας

1926 5133 2037 5176 ense
2090 5121 2589 5193 interetuptionem.
2654 5126 2939 5182 Postremo
3024 5144 3124 5200 ego
3186 5106 3331 5198 sum,
3393 5136 3491 5204 qui

222 5201 319 5253 καὶ
344 5201 595 5268 παίγνιον
632 5206 963 5275 παρανόμων
1001 5207 1178 5272 δείξας
1208 5211 1447 5280 ἐρώτων.

290 5467 353 5521 l'.
387 5467 573 5522 Ταῦτα
604 5468 678 5533 ὡς
712 5469 945 5539 ἤκουσεν
977 5470 1259 5545 Ἰουλιανὴ,
1286 5474 1381 5541 καὶ
1402 5474 1592 5547 ἔτερόν
1618 5494 1672 5532 τι
1695 5478 1806 5532 τῶν

220 5560 546 5631 ταραδόξων
577 5562 754 5617 ἐποίει
779 5579 794 5593 ·
838 5563 1074 5636 δεσμοὺς
1107 5566 1308 5631 ἄλλους
1349 5568 1525 5636 ἐπῆγε
1576 5570 1656 5642 τῷ
1686 5571 1804 5625 δαί-

219 5671 345 5725 μονι
401 5656 498 5709 καὶ
548 5654 794 5727 ’πληγάς⁹
827 5658 1048 5723 πάντως
1097 5659 1157 5714 δὲ
1208 5662 1238 5714 6
1266 5663 1362 5716 καὶ
1410 5665 1621 5718 τούτων,
1671 5666 1802 5720 ἄνευ

1905 5213 2147 5280 persuasi
2200 5212 2442 5271 Hebraeis
2505 5227 2564 5272 ut
2634 5227 2818 5274 essent
2865 5219 3105 5277 cultores
3179 5223 3491 5287 idolorum;

1906 5304 2250 5361 Salomonem
2283 5317 2465 5362 autem
2539 5309 2839 5380 sapientem
2891 5311 3185 5387 iul‘atuavi,
3225 5325 3281 5370 et
3325 5313 3483 5372 eﬂ'eci

1914 5395 2246 5452 nefariorum
2282 5412 2529 5454 amorum
2577 5400 2892 5457 ludibrium.
3462 5422 3468 5427 ‘

1990 5485 2060 5542 Χ.
2092 5485 2219 5545 Haec
2275 5498 2562 5561 postquam
2595 5494 2801 5549 audivit
2828 5492 3070 5559 Juliana.
3095 5495 3243 5553 aliud
3266 5513 3485 5571 quoque

1914 5579 2041 5635 fecit
2069 5580 2391 5637 admirabile
2423 5599 2437 5635 :
2474 5582 2579 5637 alia
2616 5584 2834 5641 vincula
2881 5596 2936 5641 et
2986 5587 3177 5659 plagas
3232 5589 3493 5661 imposuit

1913 5673 2167 5728 damnaui.
2220 5674 2452 5730 Omnino
2502 5685 2682 5731 autem
2736 5677 2784 5734 is
2808 5678 2996 5747 etiam,
3028 5682 3121 5751 qui
3146 5682 3351 5753 absque
3381 5682 3491 5751 bis,

325 5833 596 5897 ‘Getmu
638 5812 797 5897 ettv.‘
866 5837 1045 5898 'Dan.
1096 5855 1180 5898 ttt.
1264 5842 1675 5901 'Mattlt.xxvt.
1750 5848 2094 5907 'Actorn‘tt.
