3820 6462
314 369 449 434 fit?

1523 369 1810 431 MENSIS
1846 369 2372 434 FEBRUARIUS.

3435 369 3573 436 tua

314 478 722 538 inevitabilibus
756 477 904 533 illum
937 477 1270 534 constrinxit
1317 477 1569 544 vinculis,
1606 487 1661 533 et
1715 477 1895 534 effecit

2006 479 2214 549 δεσμοῖς
2243 481 2452 534 ἐκεῖνον
2477 477 2743 549 ἀφύκτοις
2773 478 3087 552 περιϐαλὼν
3118 478 3214 534 καὶ
3262 484 3423 553 χερσί
3448 498 3581 552 κρα-

310 585 371 630 υι
425 582 699 629 teneretur
759 573 1030 637 manibus,
1094 586 1200 626 non
1263 579 1346 625 cst
1401 571 1724 625 incredibile
1764 585 1890 626 eum

309 680 632 737 procurasse
661 681 675 718 ι
708 673 767 716 ιιι
800 663 1028 717 vinculis
1056 677 1244 717 rursus
1268 662 1524 730 ligaretur
1547 678 1575 715 a
1600 672 1810 727 sancta,
1837 673 1894 716 et

312 757 543 812 sentiret
590 756 794 823 plagas.
847 754 1024 823 Atque
1086 753 1175 808 ille
1223 753 1442 822 quidem
1501 754 1894 809 admirabiliter

310 863 529 919 gravem
554 846 798 900 dolorem
819 846 1112 910 sentiebat,
1145 855 1198 898 et
1233 843 1455 913 rogabat
1488 854 1546 898 ut
1593 842 1896 897 solveretur

311 955 339 992 a
375 936 601 992 vinculis
635 949 692 993 et
735 937 1073 992 relaxaretur
1128 953 1158 990 a
1199 936 1391 1006 plagis.
1452 935 1720 1002 Quoniam
1765 947 1895 986 vero

312 1043 418 1083 non
489 1027 821 1092 solvebatur,
871 1026 1102 1082 deﬂebat
1158 1028 1558 1082 calamitatem:
1598 1026 1694 1080 Hei
1738 1025 1892 1088 mihi,

311 1123 520 1186 (licens,
580 1119 718 1186 Quid
781 1122 846 1176 de
903 1136 990 1174 me
1050 1119 1188 1174 fiet?
1242 1134 1354 1189 quo
1400 1118 1648 1188 lugiam?
1694 1117 1894 1171 Multos

311 1214 530 1284 quidem
558 1213 742 1281 decepi
772 1231 786 1268 :
821 1212 1003 1266 multis
1043 1223 1222 1266 autem
1262 1211 1415 1266 intuli
1464 1209 1807 1274 afﬂictiones,
1840 1218 1896 1263 et

310 1307 607 1360 multorum
647 1304 725 1359 fui
764 1321 929 1360 causa
983 1305 1279 1372 malorum,
1307 1321 1614 1372 carcerum,
1648 1305 1892 1375 publica-

312 1401 544 1462 Iionum,
605 1400 908 1468 plagarum,
962 1398 1490 1470 conflagrationum,
1549 1399 1889 1467 exsiliorum,

311 1500 365 1547 et
397 1501 674 1560 postremo
728 1491 925 1546 mortis
956 1492 1188 1546 acerba.
1229 1490 1334 1546 Sed
1369 1490 1548 1546 nullus
1573 1507 1766 1548 eorum
1808 1508 1895 1547 me

311 1584 536 1636 omnino
596 1582 894 1650 superavit.
945 1579 1070 1635 Haec
1133 1596 1260 1635 vero
1319 1592 1576 1649 tanquam
1619 1582 1894 1652 mancipio

311 1675 476 1728 etiam
534 1672 744 1726 vincula
794 1673 1072 1741 imposuit,
1103 1682 1158 1727 et
1207 1673 1396 1741 plagas
1449 1674 1696 1739 incussit,
1729 1683 1894 1728 etme

314 1765 542 1818 detinet.
579 1763 708 1828 Sed,
745 1779 778 1818 ο
804 1776 958 1834 pater
985 1775 1042 1818 et
1086 1765 1342 1834 princeps
1375 1775 1580 1833 noster,
1621 1767 1895 1836 quomodo

1993 574 2203 628 τεῖσθαι
2247 577 2680 644 παρασκευάσας
2735 573 2830 628 καὶ
2877 573 3081 628 ἄκοντα
3133 573 3346 644 τάληθῆ
3399 574 3580 644 λέγειν

1995 665 2418 736 ἐκϐιασάμενος,
2443 666 2594 719 οὐδὲν
2642 666 2872 721 ἄπιστον
2901 667 2950 719 εί
2993 667 3087 720 καὶ
3119 666 3367 720 δεδέσθαι
3415 669 3578 722 αὑτὸν

1992 757 2215 826 δεσμοῖς
2245 756 2409 810 πάλιν
2439 756 2576 828 πρὸς
2603 759 2702 824 τῆς
2729 757 2892 826 ἁγίας
2928 760 3022 812 καὶ
3061 757 3289 829 πληγῶν
3326 759 3578 815 αίσθάνε·

1995 851 2120 904 σθαι
2177 850 2614 922 παρεσκεύασεν.
2656 849 2716 902 '0
2754 856 2856 920 μὲν
2902 848 2995 905 οὖν
3045 851 3370 924 παραδόξως
3419 853 3576 922 ἦλγιι

1994 945 2090 997 καὶ
2143 944 2255 998 τῶν
2307 944 2526 1014 δεσμῶν
2575 942 2802 1014 λυθῆναι
2846 943 3000 1016 ἠξίου
3049 947 3143 998 καὶ
3189 946 3298 1000 τῶν
3351 935 3579 1017 πλητῶῦ

1995 1036 2288 1105 ἀνεθῆναι·
2315 1037 2440 1090 ἐπεὶ
2469 1036 2526 1090 δέ
2573 1037 2648 1107 μὴ
2688 1037 2931 1099 ἐλέλυτο,
2965 1037 3065 1108 τὴν
3105 1038 3395 1110 συμφορὰν
3421 1041 3577 1091 ἀπω-

1995 1126 2224 1197 δύρετο·
2263 1127 2444 1196 Οίμοι,
2477 1125 2674 1195 λέγων,
2705 1126 2792 1189 τίς
2825 1131 3108 1197 γένωμαις
3140 1130 3235 1181 ποῖ
3265 1127 3573 1196 φεύξομαις

1998 1221 2213 1285 πολλοῖς
2242 1222 2341 1292 μὲν
2371 1223 2614 1292 ἀπάτην,
2658 1220 2873 1284 πολλοῖς
2903 1222 2960 1275 δέ
3002 1221 3095 1274 καὶ
3127 1221 3338 1291 θλίψεις
3369 1224 3579 1290 ἐπηγα-

1997 1331 2094 1383 γον
2140 1315 2235 1368 καὶ
2283 1314 2472 1368 κακῶν
2517 1314 2690 1378 αίτιος
2733 1315 3000 1384 κατέστην
3054 1314 3271 1367 πολλῶν
3318 1312 3575 1384 είρκτῶν,

1997 1408 2344 1479 δημεύσεων,
2395 1407 2646 1477 πληγῶν,
2693 1406 2967 1476 καύσεων,
3014 1407 3327 1478 ὑπεροριῶν
3375 1408 3470 1460 καὶ
3515 1405 3578 1457 τὸ

1995 1501 2307 1555 τελευταῖον
2336 1499 2570 1554 θανάτου
2597 1500 2795 1571 πικροῦ
2816 1516 2830 1532 ⁸
2859 1499 2994 1554 ἀλλὰ
3015 1498 3222 1553 τούτων
3245 1499 3420 1561 οὐδεὶς
3445 1497 3575 1565 ἐμοῦ

1996 1595 2058 1647 τδ
2085 1592 2346 1662 παράπαν
2380 1591 2748 1662 περιεγένετο.
2781 1591 2928 1661 Λῦτη
2951 1591 3008 1645 δέ
3038 1579 3138 1644 ἰαὶ
3166 1591 3241 1653 ῶς
3266 1588 3578 1659 ἀνδραπόδῳ

1997 1685 2105 1738 τινὶ
2139 1685 2230 1736 καὶ
2275 1683 2452 1752 δεσμὰ
2497 1683 2790 1754 περιέϐαλε
2823 1684 2916 1737 καὶ
2967 1683 3183 1755 πληγὰς
3215 1681 3449 1735 ἐνέτεινε
3484 1680 3578 1732 καὶ

1999 1777 2252 1848 κατέχειο
2283 1776 2419 1841 ἀλλ’,
2449 1769 2494 1829 ὦ
2527 1777 2702 1845 πάτερ
2724 1778 2818 1830 καὶ
2850 1777 3016 1847 ἄρχον
3039 1777 3301 1846 ἡμέτερε,
3339 1774 3456 1838 πῶς
3480 1776 3578 1826 οὐκ

315 1875 421 1914 ιιοη
461 1859 762 1928 cognovisti
803 1861 853 1911 id
886 1861 1029 1928 quod
1080 1868 1200 1913 erat
1226 1859 1591 1912 eventurum?
1615 1857 1894 1924 Quomodo

2006 1871 2172 1939 ἔγνως
2199 1869 2259 1923 τὸ
2286 1869 2664 1939 συμϐήσεσθαι
2720 1869 2954 1939 μέλλονς
2988 1869 3104 1932 πῶς
3137 1869 3426 1939 ἔπεμπεςς
3465 1869 3577 1920 πῶς

314 1951 566 2005 misisti?
602 1951 884 2017 Quomodo
941 1952 1199 2020 ignorasti
1260 1951 1361 2005 hoc
1411 1951 1612 2006 malum
1661 1951 1893 2021 inexpu-

314 2043 554 2111 gnabile,
625 2045 768 2113 quod
829 2044 1143 2112 virginitate
1215 2043 1346 2096 nihil
1402 2044 1476 2098 sit
1505 2044 1798 2110 excelsius,
1845 2052 1898 2098 et

316 2138 567 2206 martyris
587 2137 840 2204 precibus
871 2135 1005 2188 nihil
1028 2135 1261 2190 fortius?

385 2226 478 2283 XI.
519 2227 654 2281 Cum
689 2242 816 2281 vero
845 2228 894 2281 is
947 2228 1028 2282 sic
1059 2228 1490 2292 examinaretnr,
1521 2227 1670 2283 misit
1703 2227 1897 2298 prwfe-

315 2330 461 2384 ctus,
494 2321 584 2390 qui
615 2319 887 2373 Julianam
923 2321 1177 2374 educeret
1211 2334 1242 2374 ο
1289 2335 1532 2387 carcere,
1560 2321 1603 2376 si
1648 2322 1804 2375 modo
1835 2335 1899 2375 ea

317 2417 541 2469 viveret.
571 2411 662 2465 lila
704 2428 832 2482 ergo
861 2411 1164 2467 ducebatur
1201 2431 1212 2466 :
1241 2413 1415 2467 malus
1469 2424 1653 2468 autem
1688 2414 1896 2469 daetnon

313 2507 382 2561 ab
414 2521 477 2560 ea
509 2513 735 2569 tractus,
772 2506 1126 2573 sequebatur.
1154 2503 1367 2575 Martyr
1415 2519 1544 2560 vero
1575 2507 1725 2560 stetit
1774 2516 1900 2562 ante

314 2597 652 2665 praefectum,
714 2598 943 2666 primam
1021 2612 1246 2652 servans
1311 2597 1797 2668 pulchritudinem,
1844 2609 1900 2654 et

313 2691 543 2759 perinde
570 2705 632 2744 ac
660 2690 708 2744 si
759 2689 893 2744 nihil
940 2690 1068 2744 mali
1125 2691 1476 2745 sustinuisset
1498 2707 1676 2760 neque
1708 2693 1762 2746 in
1798 2696 1898 2746 ob-

313 2795 474 2835 scuro
515 2796 732 2836 carcere
779 2782 984 2836 inclusa
1057 2782 1289 2836 fuisset:
1334 2783 1425 2836 sed
1485 2785 1709 2853 perinde
1759 2799 1824 2840 ac
1853 2785 1900 2838 si

317 2873 509 2940 fuisset
539 2875 590 2927 in
625 2874 883 2939 thalamo,
922 2883 976 2928 et
1003 2874 1139 2930 bene
1185 2885 1237 2930 et
1273 2876 1422 2930 laute
1470 2888 1656 2930 curata
1712 2877 1898 2931 fuisset

315 2974 635 3034 etaccepta.
662 2966 807 3020 Dixit
856 2977 1040 3021 autem
1096 2967 1386 3036 pratfectus
1415 2987 1428 3023 :
1459 2968 1559 3022 Dic
1624 2971 1781 3035 mihi,
1811 2969 1898 3022 iu-

315 3059 455 3128 quit,
479 3057 710 3125 Juliana,
754 3061 972 3128 quando
1000 3070 1053 3114 et
1086 3077 1116 3113 a
1179 3076 1285 3130 quo
1335 3063 1432 3116 has
1488 3061 1724 3116 didicisti
1764 3079 1902 3131 pra:-

319 3151 530 3218 stigias,
553 3159 606 3202 ct
633 3165 866 3216 quanam
897 3161 1016 3204 arte
1070 3151 1142 3204 ita
1193 3153 1568 3220 contempsisti
1599 3162 1891 3220 tormenta,

325 3255 389 3300 ut
417 3245 624 3297 nullum
647 3258 831 3297 serves
857 3259 1044 3297 eorum
1077 3246 1398 3316 vestigium?
1421 3249 1522 3301 Ars
1552 3248 1789 3317 quidem,
1818 3249 1900 3301 in-

317 3335 453 3405 quit,
483 3349 516 3389 ο
545 3334 817 3403 praefecte,
855 3336 997 3390 nulla
1024 3347 1107 3392 est
1141 3353 1158 3391 :
1198 3341 1292 3393 sed
1342 3339 1522 3392 divina
1581 3342 1815 3408 quadam
1846 3347 1902 3392 et

317 3428 572 3485 ineffabili
629 3430 892 3499 potentia,
929 3446 1048 3500 quas
1101 3447 1206 3484 non
1242 3430 1416 3486 Solum
1456 3440 1528 3496 te,
1567 3434 1660 3486 sed
1691 3445 1899 3500 patrem

319 3539 534 3594 quoque
571 3535 718 3577 tuum
751 3524 1008 3578 Satanam
1037 3525 1244 3594 pudore
1281 3523 1481 3586 affecit,
1509 3541 1592 3579 tne
1625 3540 1752 3578 vero
1783 3541 1903 3578 ain-

319 3617 490 3670 hobus
519 3614 696 3670 effecit
736 3617 1120 3685 potentiorem,
1150 3631 1340 3686 nempe
1388 3627 1445 3670 et
1476 3624 1570 3671 tuo
1621 3616 1802 3670 furore
1849 3627 1902 3672 et

321 3709 570 3778 improba
630 3707 774 3762 illius
809 3718 925 3761 arte
959 3725 973 3762 :
1007 3709 1089 3763 sic
1125 3708 1213 3762 hic
1242 3708 1462 3778 quidem
1511 3710 1762 3766 Christus
1812 3726 1903 3766 ve-

318 3807 460 3852 stras
495 3799 641 3854 vires
671 3799 973 3863 enervavit,
1005 3799 1116 3854 illic
1140 3807 1322 3854 autem
1358 3801 1456 3855 tibi
1504 3810 1560 3854 et
1623 3811 1712 3862 tuo
1760 3802 1898 3870 patri

317 3900 373 3944 et
409 3891 601 3943 vestris
646 3891 874 3946 asseclis
905 3893 1082 3959 ignem
1121 3892 1338 3962 paravit
1377 3893 1696 3960 terribilem,
1736 3904 1792 3948 et
1824 3904 1903 3948 te-

319 3992 462 4036 trum
513 3991 800 4048 tartarum,
841 3995 897 4038 et
955 3986 1234 4050 tenebras,
1265 3994 1323 4038 et
1374 3999 1636 4053 vermem,
1679 3997 1732 4040 et
1781 4001 1903 4056 qua:

319 4089 420 4129 nec
444 4083 623 4127 mente
648 4083 823 4140 potest
850 4074 1050 4144 aliquis
1083 4075 1553 4144 comprehendere
1585 4091 1684 4132 nec
1706 4091 1896 4147 perse-

318 4169 410 4239 qui
451 4169 726 4222 oratione.

393 4259 505 4314 χιι.
535 4260 668 4315 (inm
691 4263 868 4332 ignem
891 4261 1153 4318 audiisset
1177 4260 1488 4332 prmfectus,
1513 4263 1689 4334 ignem
1713 4272 1904 4319 contra

322 4353 494 4423 ipsam
523 4356 754 4423 paravit,
787 4357 876 4424 qui
905 4365 990 4409 est
1015 4357 1082 4408 ad
1119 4365 1332 4427 ten‘ipus
1366 4357 1576 4411 scilicet
1619 4366 1674 4410 et
1699 4357 1907 4451 exstin-

321 4445 522 4515 guitur.
554 4447 816 4502 Accendit
839 4448 1021 4515 itaque
1047 4449 1318 4504 fornacem
1340 4449 1498 4519 lignis
1515 4457 1571 4502 et
1589 4445 1903 4513 sarmentis,

1997 1961 2217 2032 ἠγνόεις
2253 1961 2312 2013 τὸ
2341 1960 2552 2030 ἄμαχον
2589 1958 2750 2011 τοῦτο
2778 1958 2973 2023 δεινὸν,
3004 1958 3082 2020 ὡς
3110 1957 3221 2026 ἄρα
3255 1956 3405 2008 οὐδὲν
3437 1970 3581 2024 παρ-

1999 2053 2181 2116 θενίας
2215 2053 2513 2122 ψηλότερον
2550 2051 2700 2124 (fort.
2737 2051 3069 2122 ῦψ.],·οὔδὲν
3103 2049 3448 2120 μαρτυρικῆς
3477 2050 3580 2099 εὑ·-

1998 2149 2100 2218 χῆς
2135 2149 2483 2217 ἰσχυρότερον
2511 2163 2527 2210 ;

2069 2235 2177 2293 IA'.
2228 2238 2315 2290 Ἐν
2375 2231 2419 2305 ᾧ
2456 2237 2512 2289 δέ
2571 2230 2726 2300 οὗτος
2782 2237 2980 2290 οὑτωσὶ
3035 2235 3348 2304 ἐξητάζετο,
3410 2233 3506 2286 καὶ
3550 2234 3579 2285 ὁ

1999 2330 2238 2402 ἔπαρχος
2295 2330 2516 2400 ἔπεμπε
2554 2333 2652 2402 τῆς
2694 2329 2920 2401 εἱρκτῆς
2976 2328 3274 2396 Ἰουλιανὴν
3330 2329 3578 2394 ἀγαγεῖν,

2000 2424 2161 2493 εἴπερ
2191 2423 2327 2484 ὅλως
2358 2423 2453 2475 καὶ
2485 2422 2552 2492 ζῇ
2581 2438 2594 2452 ·
2633 2423 2665 2492 ἡ
2698 2421 2797 2492 μὲν
2829 2418 2922 2475 οὖν
2955 2422 3122 2492 ἧγετο
3149 2435 3164 2448 ⁸
3199 2420 3228 2471 ὁ
3261 2420 3492 2489 πονηρὸς
3523 2420 3578 2470 δὲ

2000 2513 2139 2585 αὐτῇ
2193 2515 2404 2584 δαίμων
2457 2515 2755 2584 συρόμενος
2811 2513 3035 2567 εἵπετο·
3085 2515 3121 2582 ἡ
3164 2513 3223 2565 δέ
3265 2515 3473 2580 μάρτυς
3503 2513 3579 2578 τῷ

2000 2609 2228 2676 ἐπάρχῳ
2256 2607 2580 2677 παρίστατο,
2611 2608 2672 2659 τὸ
2708 2606 2926 2676 πρῶτον
2976 2603 3339 2668 ἀποσώζουπα
3389 2601 3581 2664 κάλλος

2003 2701 2101 2753 καὶ
2144 2701 2336 2770 ὥσπερ
2370 2700 2521 2753 οὐδὲν
2555 2700 2840 2752 ὑποστᾶςα
2881 2698 3054 2750 δεινὸν
3093 2697 3214 2750 οὐδὲ
3250 2698 3442 2766 εἱρκτῇ
3481 2695 3582 2756 ξωο

2005 2790 2170 2861 φῴδει
2201 2792 2681 2853 κατακλεισθείσα,
2701 2789 2815 2842 ἀλλ’
2835 2786 2946 2842 οἷον
2965 2792 3022 2843 ὲν
3058 2788 3287 2857 θαλάμῳ
3313 2783 3449 2840 οὖσα
3488 2786 3584 2837 καὶ

2006 2881 2206 2952 πολλῆς
2231 2881 2529 2952 ἀξιουμένη
2558 2887 2656 2951 τῆς
2678 2882 3001 2944 εὐπαθείαςο
3035 2881 3128 2933 καὶ
3157 2882 3184 2932 ὁ
3203 2881 3418 2949 ἄρχων·
3451 2877 3583 2930 Εἰπέ

2008 2991 2120 3044 μοι,
2149 2975 2275 3044 ἔφη,
2325 2974 2609 3043 Ἰουλιανὴ,
2651 2975 2783 3026 πότε
2832 2975 2927 3026 καὶ
2958 2973 3089 3040 παρ’
3115 2973 3238 3024 ὅτου
3279 2971 3340 3038 δὴ
3373 2971 3441 3022 τὰ
3478 2985 3588 3020 τοι-

2005 3065 2146 3118 αῦτα
2181 3065 2287 3118 τῶν
2319 3065 2585 3136 γοητειῶν
2611 3065 2821 3134 ἤσκησε
2867 3070 2964 3117 καὶ
3014 3065 3118 3117 τίνι
3162 3063 3323 3133 τέχνῃ
3363 3064 3460 3123 τὰς
3491 3061 3588 3131 βα-

2007 3159 2202 3221 σάνους
2228 3158 2546 3225 ἐφαύλισας,
2575 3156 2718 3210 ὥστε
2741 3157 2863 3212 οὐδὲ
2893 3159 3036 3228 ἴχνος
3062 3155 3241 3210 αὑτῶν
3266 3154 3420 3209 οὐδὲν
3449 3155 3587 3206 ἁπο-

2008 3251 2234 3315 σὼζεινς
2278 3251 2342 3306 Ἥ
2366 3252 2444 3304 δέ·
2479 3252 2654 3325 Τέχνῃ
2676 3252 2795 3320 μὲν,
2834 3253 3002 3320 λέγει,
3024 3245 3069 3304 ὦ
3097 3251 3298 3322 ἄρχων,
3332 3248 3584 3316 οὐδεμιᾷ,

2002 3344 2301 3414 δυνάμειδὲ
2321 3345 2440 3416 θείᾳ
2467 3345 2530 3416 δή
2565 3363 2669 3398 τινι
2703 3348 2797 3398 καὶ
2839 3346 3094 3418 ἀρρήτῳ,
3137 3345 3171 3415 ἢ
3207 3345 3269 3395 οὗ
3303 3344 3466 3412 μόνον
3503 3341 3581 3402 σὲ,

2003 3437 2141 3491 ἀλλὰ
2202 3439 2419 3490 καὶτὸν
2453 3438 2544 3490 σδν
2583 3438 2822 3508 πατέρα,
2866 3439 2954 3489 τὸν
3010 3437 3280 3500 Σατανᾶν,
3325 3438 3584 3507 ᾔσχυνεν,

2005 3530 2108 3600 ἐμὲ
2163 3532 2218 3583 δὲ
2270 3533 2474 3602 ἀμφοῖν
2508 3531 2796 3603 κρείττονα
2845 3532 2938 3584 καὶ
2979 3529 3080 3600 τῆς
3113 3531 3314 3598 μανίας
3355 3531 3450 3582 καὶ
3489 3532 3587 3600 τῆς

2004 3624 2214 3678 ἐκείνου
2255 3625 2612 3694 κακοτεχνίας
2653 3623 2970 3690 ἀπέδειξενο
3003 3625 3176 3686 οὕτως
3216 3623 3454 3676 ἐνταῦθα
3491 3623 3590 3692 μὲν

2003 3713 2102 3782 τὴν
2145 3715 2300 3782 ἰσχὺν
2350 3713 2504 3784 ὑμῶν
2543 3715 2572 3765 ὁ
2614 3713 2849 3783 Χριστὸς
2889 3713 3233 3783 ἐξενεύρισεν
3258 3727 3272 3740 ·
3310 3715 3490 3766 ἐκεῖσε
3530 3712 3588 3766 δὲ

2008 3807 2092 3860 σοὶ
2121 3807 2217 3859 καὶ
2241 3805 2317 3876 τῷ
2351 3804 2432 3874 σῷ
2463 3805 2662 3876 πατέρι
2691 3809 2784 3857 καὶ
2813 3807 2927 3868 τοῖς
2959 3804 3082 3858 καθ’
3108 3806 3254 3874 ὑμᾶς
3299 3806 3408 3876 πῦρ
3441 3807 3588 3876 ἡτοίο

2009 3913 2151 3968 μασε
2187 3897 2417 3966 φοϐερὸν
2446 3897 2540 3949 καὶ
2570 3897 2843 3966 τάρταρον
2871 3895 3108 3966 χαλεπὸν
3141 3899 3237 3950 καὶ
3276 3900 3466 3959 σκότος
3494 3898 3590 3950 καὶ

2009 3986 2267 4056 σκώληκα
2300 3989 2392 4040 καὶ
2423 3989 2522 4040 ὅσα
2555 3989 2691 4059 μήτε
2727 3987 2804 4057 νῴ
2822 3988 3139 4058 περιλαϐεῖν
3162 4005 3246 4052 τις
3277 3990 3417 4059 μήτε
3446 3989 3590 4058 λόγῳ

2005 4080 2296 4145 διεξελθεῖν
2323 4080 2572 4135 δύναται.

2080 4253 2178 4311 IB'.
2215 4255 2334 4328 Πῦρ
2364 4255 2604 4320 ἀκούσας
2637 4260 2666 4311 ό
2708 4257 2969 4328 ἔπαρχος,
3001 4258 3115 4330 πῦρ
3143 4259 3442 4329 ηὑτρέπιζε
3473 4260 3594 4312 κατ’

2008 4351 2202 4420 αὐτῆς,
2235 4353 2374 4422 πρὸς
2401 4353 2592 4422 καιρὸν
2613 4351 2814 4423 δηλαδὴ
2838 4355 2927 4406 καὶ
2952 4355 3143 4406 σϐεννιὲ
3153 4371 3316 4424 μενον
3334 4372 3350 4387 ·
3382 4354 3595 4406 ἐκκαίει

2007 4445 2300 4513 τοιγαροῦν
2333 4446 2564 4514 κάμινον
2606 4446 2783 4510 ξύλοις
2812 4464 2870 4500 τε
2914 4448 3008 4500 καὶ
3037 4447 3338 4518 φρυγάνοις
3373 4450 3467 4501 καὶ
3496 4449 3597 4500 ὅσα

321 4547 380 4592 et
410 4537 651 4608 qualibet
674 4541 924 4604 materia,
959 4555 1078 4608 qua)
1111 4539 1267 4593 facile
1298 4548 1482 4608 potest
1535 4539 1621 4594 uri
1662 4549 1718 4594 et
1775 4540 1898 4610 igne

2006 4537 2104 4604 τῆς
2144 4534 2275 4606 ὕλης
2305 4534 2598 4606 εῦπρηστα
2627 4539 2720 4592 καὶ
2751 4539 2829 4608 τῷ
2861 4543 2994 4610 πυρὶ
3021 4539 3235 4610 δαπάνη
3280 4538 3594 4609 ἐπιτηδείαο

320 4631 590 4685 consumi.
644 4629 742 4686 Ubi
776 4641 955 4686 autem
992 4632 1342 4685 vehementer
1389 4631 1548 4700 arsit,
1588 4632 1903 4702 praeclaram

324 4722 591 4792 virginem
653 4722 705 4776 in
739 4738 863 4775 eum
920 4722 1196 4790 injiciunt.
1228 4722 1319 4776 llla
1354 4737 1482 4778 vero
1532 4727 1598 4778 ad
1631 4724 1798 4778 Deum
1829 4725 1912 4778 in-

324 4814 598 4878 tuebatur,
644 4823 698 4866 et
755 4813 1026 4882 lacrymas
1085 4814 1373 4868 emittebat
1418 4829 1484 4870 ex
1513 4817 1704 4880 oculis,
1749 4826 1802 4870 et
1829 4817 1910 4870 ha:

323 4920 504 4974 parva:
532 4915 719 4974 guttae,
755 4905 950 4980 fluvios
989 4906 1234 4972 imitatae,
1283 4908 1460 4976 ignem
1509 4910 1910 4963 exstinxeruut.

325 4995 558 5050 Maximo
594 4999 777 5065 itaque
807 5007 936 5052 sunt
962 5001 1324 5069 obstupefacti
1347 5001 1608 5056 miraculo
1643 5011 1787 5056 totus
1817 5017 1915 5070 po-

324 5089 482 5159 pulus
551 5088 1069 5159 Nicomediensium,
1133 5108 1187 5147 et
1240 5094 1338 5146 viri
1397 5109 1626 5149 numero
1691 5095 1911 5152 circiter

328 5181 606 5251 quingenti
642 5198 745 5235 una
795 5199 924 5238 voce
953 5188 1007 5238 et
1041 5196 1220 5241 mente
1242 5186 1688 5240 exclamaverunt
1717 5203 1731 5238 ι
1761 5184 1912 5240 Unus

325 5283 411 5332 est
457 5272 618 5338 Deus,
657 5290 819 5339 unus,
851 5278 1095 5347 inquam,
1127 5277 1292 5344 Deus,
1329 5278 1421 5347 qui
1477 5288 1562 5333 est
1593 5277 1737 5332 Deus
1769 5293 1916 5331 inar-

329 5369 463 5438 tyris
487 5365 717 5422 Juliana:
747 5383 762 5420 :
793 5369 967 5438 ipsum
1029 5385 1126 5425 nos
1157 5372 1378 5441 quoque
1413 5370 1666 5436 colimus,
1702 5380 1756 5424 et
1782 5386 1915 5437 gen-

331 5461 502 5515 tilium
577 5460 745 5517 cultui
801 5462 1194 5518 renuntiamus.
1255 5463 1446 5518 Veniat
1500 5465 1669 5528 ensis,
1729 5464 1916 5529 veniat

334 5553 498 5626 ignis,
528 5556 707 5610 veniat
760 5555 964 5624 quaevis
995 5554 1097 5608 alia
1131 5572 1276 5612 mors
1307 5565 1362 5610 et
1421 5557 1800 5625 cujuscunque
1823 5571 1917 5625 ge-

330 5647 500 5698 neris.
531 5646 710 5716 Atque
731 5661 828 5702 eos
875 5645 1094 5716 quidem
1145 5648 1328 5708 statim
1357 5649 1567 5716 accepit
1595 5648 1763 5711 ensis,
1790 5661 1917 5702 cum

327 5737 406 5790 sic
439 5735 689 5802 iussisset
719 5738 1032 5806 praefectus,
1071 5738 1220 5792 nullo
1257 5739 1442 5794 relicto
1481 5741 1570 5810 qui
1624 5755 1730 5792 non
1754 5739 1918 5794 fuerit

329 5826 385 5880 iu
416 5827 634 5884 Christo
686 5841 1117 5889 consummatus.
1151 5833 1409 5906 Ejusdem
1471 5847 1686 5905 quoque
1733 5832 1915 5893 exitus

2011 4628 2137 4681 ἐπεὶ
2162 4627 2220 4681 δὲ
2269 4629 2506 4700 ἰσχυρῶς
2535 4631 2884 4699 ἐξεκέκαυτο,
2917 4632 3280 4702 ἐμϐάλλουσιν
3324 4635 3468 4702 αὐτῇ
3500 4639 3600 4701 τῖιν

2011 4724 2302 4792 γενναίαν·
2333 4726 2367 4792 ἠ
2396 4725 2452 4778 δὲ
2488 4727 2623 4796 πρὸς
2677 4725 2812 4778 Θεὸν
2855 4727 3004 4796 ἐώρα
3057 4725 3152 4780 καὶ
3198 4727 3414 4798 δάκρυα
3447 4729 3599 4797 ἠφίει

2010 4816 2122 4871 τῶν
2153 4818 2471 4887 ὀφθαλμῶν,
2508 4821 2602 4875 καὶ
2637 4822 2693 4874 αί
2733 4822 2930 4890 μικραὶ
2956 4814 3120 4875 αὗται
3159 4824 3445 4890 σταγόνες,
3473 4822 3602 4875 ὑδάο

2011 4925 2122 4962 των
2174 4903 2451 4981 ποταμοὺς
2505 4912 2912 4982 μιμησάμεναι,
2962 4914 3024 4966 τὸ
3073 4915 3186 4986 πῦρ
3211 4914 3470 4968 ἔσϐεσαν.
3511 4912 3603 4982 Τῷ

2017 5002 2261 5071 μεγίστῳ
2309 5002 2490 5056 τοίνυν
2539 5003 2910 5072 ἐκπληγέντες
2956 5005 3052 5060 τοῦ
3093 5007 3393 5077 θαύματος.
3426 5007 3601 5077 δῆμος

2014 5094 2134 5158 ὅλος
2183 5096 2565 5165 Νικομηδέων,
2597 5097 2793 5166 ἄνδρες
2837 5099 2929 5152 τὸν
2954 5099 3185 5170 ἀριθμδν
3218 5101 3353 5154 ὡσεὶ
3398 5117 3605 5154 πεντα-

2015 5187 2210 5251 κόσιοι,
2239 5191 2340 5258 μιᾷ
2381 5189 2474 5242 καὶ
2505 5193 2657 5260 φωνῇ
2717 5192 2811 5245 καὶ
2847 5192 3046 5264 γνώμῃ
3070 5207 3084 5221 ’
3130 5188 3222 5256 Εἷς
3258 5193 3413 5256 Θεὸς,
3464 5189 3544 5254 εἷς
3577 5194 3607 5244 ό

2013 5281 2112 5349 τῆς
2141 5279 2418 5352 μάρτυρος
2458 5281 2774 5351 Ίουλιανῆς,
2806 5285 3036 5350 ἐξεϐόων
3060 5301 3074 5314 ·
3109 5285 3271 5338 αὑτὸν
3312 5289 3407 5338 καὶ
3441 5285 3607 5355 ἡμεῖς

2021 5372 2296 5437 σεϐόμεθα
2354 5373 2452 5426 καὶ
2505 5376 2574 5428 τὰ
2612 5373 2886 5445 Ἐλλήνων
2914 5379 3420 5448 ἁποτετράμμεθα·
3477 5380 3609 5430 εῐτω

2022 5459 2197 5530 ξίφος,
2229 5465 2358 5518 sine
2405 5464 2536 5536 πῦρ,
2565 5466 2694 5520 εῐτω
2743 5469 3087 5533 παντοδαπὸς
3134 5469 3293 5533 ἄλλος
3343 5471 3604 5534 θάνατος.

2019 5557 2258 5624 Τούτους
2291 5561 2391 5628 μὲν
2433 5561 2634 5616 αὐτίκα
2667 5563 2730 5616 τδ
2778 5563 2929 5632 ξίφος
2978 5564 3310 5635 ἐλάμϐανεν,
3339 5566 3487 5619 οὕτω
3515 5583 3611 5620 κε-

2019 5649 2312 5715 λεύσαντος
2345 5652 2440 5706 τοῦ
2474 5655 2743 5727 ἐπάρχου,
2774 5655 3002 5726 μηδενὸς
3031 5657 3214 5711 αὐτῶν
3248 5656 3612 5727 ἁπολειςρθέν-

2021 5759 2131 5810 τος,
2179 5745 2278 5817 τῆς
2325 5749 2385 5801 ἐν
2435 5748 2661 5819 Χριστῷ
2709 5746 3084 5814 τελειὼτεως·
3128 5752 3501 5822 ἐκοινώνησαν
3548 5751 3608 5804 δέ

2019 5835 2200 5902 αὐτοῖς
2256 5839 2351 5894 καὶ
2401 5842 2662 5910 γυναῖκες
2705 5842 2798 5897 τοῦ
2856 5843 2972 5899 [σου
3025 5844 3212 5910 τέλους
3261 5844 3458 5900 ἐκατδν
3513 5844 3607 5899 καὶ
