3820 6480
215 460 354 529 1449

1482 459 1656 520 VlTA
1700 459 1762 518 S.
1805 458 2172 520 JULIANAS.

3336 455 3472 516 1450

206 576 526 646 τριάκοντα.
553 570 689 625 Οὐδὲ
719 569 829 640 γὰρ
855 568 1050 639 ἥττους
1075 561 1236 624 αὗται
1262 568 1371 623 τῶν
1405 568 1636 638 ἀνδρῶν,
1665 567 1790 622 ὅσον

1925 582 2047 622 uere
2102 566 2262 622 sociae
2323 576 2536 621 centum
2577 572 2631 621 et
2686 564 2904 634 triginta
2961 564 3255 631 mulieres;
3300 584 3472 637 neque
3561 607 3567 616 .

209 669 291 732 είς
321 668 626 728 εὐσέὅειαν,
657 662 1032 732 ἀνεφάνησαν.

280 845 385 903 ll".
423 845 727 916 Παφλάζων
758 844 814 897 δὲ
844 841 925 896 ἔτι
955 845 982 897 6
1010 841 1248 914 ἔπαρχος
1279 841 1355 912 τῷ
1388 840 1565 911 θυμῷ,
1597 843 1675 901 εἰς
1708 839 1796 892 λέ-

211 941 353 1011 6η-τα
389 940 580 1006 ζέοντα
613 938 746 1010 πυρὶ
784 935 963 1008 πολλῷ
999 935 1098 1004 τὴν
1138 932 1431 1004 Ἰουλιανὴν
1453 932 1793 1003 ἐμϐληθῆναι

211 1033 543 1104 προστάττει
571 1048 583 1062 ο
618 1033 652 1101 ἡ
687 1031 743 1083 δὲ
784 1028 905 1082 θεία
953 1029 1113 1098 χάρις
1147 1026 1316 1080 αὑτὸν
1351 1027 1632 1096 μονονουχὶ
1672 1024 1795 1078 λου-

210 1127 342 1198 τρὸν
374 1125 584 1179 ὲδείκνυ
612 1127 677 1194 τῇ
715 1122 951 1192 μάρτυρι
985 1121 1078 1174 καὶ
1097 1119 1208 1173 τῶν
1231 1118 1432 1182 πόνων,
1460 1117 1576 1172 ἀλλ’
1603 1117 1664 1170 οὐ
1689 1117 1797 1170 τῶν

215 1217 396 1287 μελῶν
426 1216 580 1288 τῆξίν
609 1231 666 1266 τε
708 1216 800 1268 καὶ
833 1211 1079 1266 διάλυσιν
1099 1227 1113 1241 ⁸
1147 1211 1261 1273 τοῖς
1289 1210 1346 1262 δέ
1378 1225 1442 1278 γε
1471 1210 1602 1281 περὶ
1634 1209 1797 1261 αὐτὸν

211 1308 654 1378 διακονουμένοις
687 1302 1000 1375 Χαλδαῖκὴν
1024 1302 1190 1372 ἀλλην
1207 1301 1437 1372 κάμινον
1461 1315 1474 1328 °
1504 1300 1655 1369 ἄφνω
1690 1299 1798 1369 γὰρ

211 1403 240 1454 6
268 1400 434 1470 λέϐης
467 1398 657 1470 ραγεὶς
692 1397 786 1451 καὶ⁵
815 1395 1002 1466 κύκλῳ
1031 1393 1221 1464 ὥσπερ
1247 1391 1352 1445 61:6
1377 1406 1521 1454 τινος
1549 1389 1794 1460 μηχανῆς

213 1493 489 1564 ἐκχυθεὶς,
543 1491 671 1553 τοὺς
729 1485 1105 1559 περιεστῶτας
1155 1483 1402 1539 ἀπώλεσε
1455 1480 1794 1552 παραδόξως,

216 1583 416 1645 αὐτούς
474 1599 535 1634 τε
569 1579 794 1642 δικαίως
833 1579 1070 1640 κολάσας
1118 1579 1212 1632 καὶ
1260 1577 1424 1646 πεῖρα
1467 1572 1647 1638 δείξας
1674 1571 1799 1634 τοὺς

217 1675 481 1744 ἄφρονας,
536 1667 648 1735 οἶος
682 1671 756 1724 ὢν
791 1671 878 1724 ἐπ’
916 1670 1136 1733 αὐτοὺς,
1169 1663 1283 1730 οἷος
1333 1667 1389 1719 έν
1441 1667 1508 1736 τῇ
1560 1664 1800 1735 μάρτυρι

216 1766 498 1835 κατεφάνη
523 1783 536 1797 ·
589 1763 733 1817 οὕτω
757 1763 865 1816 τῶν
888 1761 1099 1832 δημίων
1129 1757 1539 1820 ἀναλωθέντων,
1575 1759 1602 1810 6
1631 1755 1804 1826 ἔπαρο

216 1876 310 1930 χος
336 1859 435 1911 οὐκ
474 1857 706 1928 ἤνεγκεν
753 1856 812 1909 τὸ
845 1854 1062 1925 συμϐὰν
1115 1852 1225 1906 οὐδ’
1257 1849 1492 1920 ἀνεκτὴν
1532 1849 1670 1913 ὅλως
1703 1849 1803 1918 τὴν

221 1950 509 2021 συμφορὰν
541 1949 847 2019 ὲλογήσατο
867 1963 881 1978 ·
915 1942 984 2016 ἦν
1009 1945 1066 1998 δὲ
1092 1945 1152 1997 τὸ
1187 1943 1418 2014 καιρίως
1461 1940 1689 2004 λυποῦν,
1721 1940 1802 1992 ὅτι

223 2043 358 2114 μηδὲ
387 2044 556 2113 κόρας
603 2043 734 2112 μιᾶς
773 2038 1158 2109 περιγενέσθαι
1211 2036 1434 2106 ίσχυσε”
1472 2035 1672 2103 δεῖγμα
1704 2032 1806 2101 τῆς

221 2135 463 2206 ἀθυμίας
497 2132 829 2205 περιέρρηξε
871 2131 970 2201 μὲν
1016 2128 1184 2183 αὑτοῦ
1212 2131 1312 2198 τὴν
1350 2126 1554 2196 ἐσθῆτα
1582 2141 1594 2153 ·
1633 2123 1806 2176 πολλὰ

218 2228 280 2282 δὲ
322 2227 464 2282 κατὰ
507 2227 616 2279 τῶν
667 2225 830 2278 αὐτοῦ
885 2222 1029 2276 θεῶν
1083 2220 1192 2274 ὑπὸ
1223 2219 1568 2291 βαρυθυμίας
1627 2216 1807 2284 ἀφῆκε

224 2323 463 2392 ῥήματα.
505 2321 594 2381 Ὠς
635 2318 728 2372 οὖν
759 2316 981 2384 ἐπάγων
1013 2312 1112 2376 τὰς
1140 2311 1410 2382 τιμωρίας
1441 2308 1593 2362 οὐδὲν
1624 2309 1808 2377 ἤνυεν,

223 2412 446 2466 πλείονα
481 2411 681 2481 μᾶλλον
712 2409 812 2480 τὴν
863 2408 1115 2460 ἔνστασιν
1159 2402 1335 2466 οὕτως
1369 2401 1510 2475 δρῶν
1561 2403 1625 2471 τῇ
1665 2401 1809 2472 μάρ-

228 2521 352 2575 τυρι
386 2504 701 2575 γινομένην,
725 2503 816 2557 τὸν
846 2502 935 2557 διὰ
966 2500 1150 2572 ξίφους
1183 2498 1413 2554 θάνατον
1447 2494 1809 2565 ἀποφαίνεται

227 2600 350 2654 κατ’
376 2600 566 2669 αὐτῆς.

301 2879 397 2931 1Δ⁷.
427 2877 685 2948 Πρόσεισι
706 2875 764 2930 δὲ
791 2874 885 2932 καὶ
909 2870 1064 2939 αὖθις
1085 2876 1113 2928 6
1135 2871 1432 2946 πειράζων,
1463 2875 1491 2928 6
1514 2874 1614 2944 τὴν
1638 2873 1814 2945 ἀρχὴν

228 2971 294 3040 τῇ
333 2970 572 3040 μάρτυρι
604 2967 923 3039 προσελθὼν
962 2966 1232 3032 Σατανᾶς,
1268 2969 1362 3020 καὶ
1409 2965 1580 3020 πολλά
1613 2966 1814 3036 μᾶλλον

1901 660 2044 713 enim
2069 659 2201 714 viris
2232 658 2360 713 visas
2385 666 2511 714 sunt
2539 657 2846 724 inferiores,
2879 657 3022 729 quod
3051 660 3241 714 attinet
3269 661 3332 716 ad
3364 663 3474 730 pie-
3560 647 3562 650 ’

1905 759 2094 807 talent.

1978 842 2116 898 Xlli.
2145 844 2334 899 Adhuc
2368 853 2548 898 autem
2588 845 2665 900 ira
2731 845 2945 900 fervens
2996 845 3300 915 praefectus,
3327 846 3478 914 jubet

1904 934 2175 990 Jnlianam
2203 951 2390 991 rursus
2412 936 2558 1004 injici
2605 937 2656 990 in
2689 937 2943 1002 lebetem,
2981 939 3150 992 multo
3213 939 3336 1008 igne
3357 939 3482 994 bul-

1906 1027 2149 1082 lientem.
2189 1026 2378 1081 Divina
2435 1043 2566 1084 vero
2614 1031 2786 1100 gratia
2819 1045 2941 1084 eum
2977 1031 3366 1100 pr0pemodum
3397 1031 3482 1085 ef-

1907 1119 2036 1176 fecit
2094 1121 2319 1192 martyri
2372 1120 2644 1176 lavacrum
2703 1121 2970 1188 laborum,
3020 1139 3128 1178 non
3169 1133 3349 1178 autem
3389 1124 3480 1193 qui

1907 1215 2150 1269 membra
2213 1214 2570 1284 liquefaceret
2624 1225 2677 1269 et
2732 1216 3052 1272 dissolveret
3086 1235 3099 1272 :
3129 1217 3194 1272 iis
3237 1233 3362 1271 vero
3391 1217 3485 1287 qui

1907 1305 2050 1359 circa
2085 1305 2257 1374 ipsum
2293 1305 2698 1370 ministrabant,
2721 1304 3066 1362 Chaldaicam
3103 1309 3265 1361 aliam
3298 1309 3487 1362 forna-

1910 1410 2048 1450 cem.
2072 1396 2204 1449 Nam
2224 1411 2344 1449 cum
2371 1406 2588 1466 repente
2607 1399 2881 1466 erupisset
2904 1397 3074 1464 iebes,
3090 1409 3146 1452 et
3171 1399 3487 1453 circumcir-

1913 1502 1973 1541 ca
2001 1490 2345 1562 tanquamab
2368 1489 2545 1558 aliqua
2574 1489 2818 1543 machina
2839 1499 2983 1543 esset
3003 1489 3222 1554 effusus,
3248 1492 3486 1545 admira-

1915 1578 2093 1634 biliter
2119 1589 2173 1634 et
2201 1589 2396 1649 praeter
2425 1581 2734 1650 opinionem
2763 1581 2994 1650 perdidit
3015 1595 3108 1636 eos
3131 1584 3223 1652 qui
3250 1583 3487 1638 circurn-

1912 1675 2176 1726 stabant:
2224 1683 2278 1726 et
2330 1688 2453 1726 cum
2511 1687 2605 1728 eos
2665 1674 2810 1743 jnste
2861 1674 3151 1746 puniisset,
3205 1689 3260 1730 et
3308 1677 3488 1731 stultis

1912 1764 2241 1819 ostendisset
2301 1766 2663 1834 experientia,
2700 1766 2877 1835 qualis
2926 1771 2977 1823 in
3015 1769 3182 1837 ipsos,
3215 1779 3268 1824 et
3314 1770 3490 1840 qualis

1913 1859 2218 1926 apparuerit
2244 1859 2295 1912 in
2323 1872 2634 1931 martyrem.
2665 1863 2800 1916 Cum
2832 1863 2910 1919 sic
2935 1864 3157 1918 fuissent
3179 1865 3490 1935 consumpti

1914 1945 2152 2011 lictores,
2187 1951 2471 2020 prafemus
2500 1969 2605 2007 non
2659 1954 2783 2008 tulit
2814 1955 2960 2025 quod
2985 1957 3280 2024 acciderat,
3315 1970 3489 2025 neque

1911 2042 2133 2096 omnino
2199 2044 2530 2099 tolerandam
2585 2048 2857 2115 reputavit
2907 2047 3297 2103 calamitatem.
3333 2049 3486 2116 Quod

1913 2145 2093 2188 autem
2128 2150 2249 2188 eum
2283 2137 2551 2205 praecipue
2582 2138 2723 2191 male
2751 2139 3002 2203 habebat,
3035 2147 3171 2206 erat,
3205 2141 3348 2208 quod
3389 2158 3492 2196 nec

1913 2225 2088 2292 potuit
2116 2226 2332 2294 quidem
2375 2242 2534 2280 unam
2597 2243 2858 2295 superare
2885 2229 3136 2296 puellam.
3170 2229 3322 2295 Quod
3365 2246 3493 2284 vero

1915 2315 2016 2369 fuit
2042 2317 2295 2370 indit-ium
2328 2317 2443 2385 ejus
2471 2319 2828 2387 aegritudinis,
2858 2331 3060 2375 vestem
3091 2324 3307 2390 quidem
3337 2339 3487 2378 suam

1915 2406 2170 2461 laceravit
2208 2424 2223 2462 :
2268 2409 2434 2461 multa
2495 2420 2676 2463 autem
2715 2410 2876 2465 verba
2913 2412 2963 2464 in
3001 2426 3130 2466 suos
3157 2413 3286 2467 deos
3312 2413 3493 2467 emisit

1916 2517 2026 2571 prae
2055 2502 2260 2558 dolore.
2290 2501 2425 2558 Cum
2465 2518 2597 2574 ergo
2625 2505 2888 2574 supplicia
2921 2506 3180 2572 inferens,
3209 2506 3338 2561 nihil
3364 2522 3492 2576 prou

1917 2595 2124 2658 ficeret,
2158 2595 2229 2650 ita
2259 2597 2428 2664 magis
2461 2597 2648 2652 videns
2679 2599 2902 2670 martyri
2934 2613 3181 2654 crescere
3236 2607 3488 2654 constano

1917 2692 2068 2757 tiam,
2113 2689 2217 2745 fert
2263 2691 2316 2743 in
2359 2706 2478 2744 eam
2512 2692 2863 2758 sententiam,
2897 2701 2955 2748 ut
2988 2708 3119 2748 ense
3143 2705 3368 2749 mortem
3400 2709 3491 2749 su-

1917 2782 2062 2837 beat.

1994 2873 2422 2932 XlV.Proeedit
2482 2887 2658 2932 autem
2726 2893 2916 2933 rursus
2974 2893 3188 2949 quoque
3240 2888 3496 2945 tentator,

1917 2967 2009 3036 qui
2039 2969 2108 3024 ab
2135 2970 2290 3026 initio
2335 2971 2403 3026 ad
2457 2983 2750 3044 martyrem
2809 2983 3119 3029 accesserat
3159 2975 3411 3036 Satanas.
3444 2987 3499 3030 et

229 3061 484 3130 παθὼνῆ
525 3061 731 3132 δράσας
767 3060 863 3115 καὶ
908 3060 1193 3133 πόρρωθεν
1230 3060 1362 3123 στὰς
1411 3059 1514 3131 (ἔτι
1544 3059 1653 3132 γὰρ
1703 3060 1815 3112 έδε-

1925 3059 2077 3129 longe
2136 3063 2289 3131 plura
2341 3079 2534 3133 passus
2585 3080 2748 3135 quam
2791 3065 3017 3132 faciens,
3046 3077 3100 3122 et
3135 3068 3320 3135 procul
3347 3079 3498 3121 stans

228 3154 399 3208 δοίκει
433 3155 528 3207 καὶ
558 3152 785 3224 πληγῶν
823 3152 1121 3223 ἐμέμνητο)
1158 3151 1420 3222 ἐπέχαιρε
1450 3149 1612 3221 δῆθεν
1645 3150 1815 3217 αὐτῆς

1925 3153 2121 3223 (adhuc
2140 3157 2283 3210 enim
2309 3157 2554 3222 timebat,
2586 3170 2640 3214 et
2674 3161 2952 3230 plagarum
2985 3163 3346 3230 meminerat),
3379 3163 3498 3228 ejus

230 3247 311 3316 τῷ
366 3245 584 3316 θανάτῳ
623 3245 718 3299 καὶ
768 3246 895 3306 τοὺς
949 3243 1180 3314 δημίους
1227 3243 1491 3312 παρόρμα
1532 3241 1671 3313 πρὸς
1716 3239 1815 3310 τὴν

1925 3257 2099 3302 morte
2133 3250 2433 3318 gaudebat,
2469 3260 2524 3306 et
2581 3253 2648 3306 ad
2705 3253 2906 3308 caedem
2955 3254 3216 3308 incitabat
3254 3253 3496 3308 lictores.

233 3339 451 3406 σφαγήν
473 3353 487 3368 '
523 3338 648 3390 ἐπεὶ
673 3337 731 3391 δὲ
761 3339 794 3408 ἡ
827 3335 1050 3405 γενναία
1074 3335 1240 3407 δριμὺ
1273 3335 1411 3405 πρὸς
1437 3334 1601 3386 αὐτὸν
1625 3332 1813 3386 ἀπεῖδε

1925 3337 2052 3393 Cum
2103 3349 2284 3393 autem
2318 3343 2468 3411 virgo
2497 3341 2584 3396 illa
2619 3343 2776 3398 fortis
2821 3359 2944 3399 eum
3002 3346 3170 3400 torvis
3199 3347 3502 3415 aspexisset

233 3429 332 3482 καὶ
365 3429 704 3500 διεὸλέψατο,
742 3430 879 3484 Οὐαί
907 3445 1019 3499 μοι,
1061 3428 1270 3500 κράξας
1305 3429 1532 3491 ἐκεῖνος,
1563 3427 1707 3497 τάχα
1747 3441 1814 3496 με

1925 3430 2109 3497 oculis,
2148 3432 2256 3496 ille,
2293 3432 2387 3486 llei
2423 3435 2576 3500 mihi,
2614 3435 2878 3499 clamans.
2905 3450 2993 3489 me
3021 3436 3160 3490 forte
3181 3438 3293 3492 vult
3318 3453 3505 3493 rursus

231 3523 354 3584 ταῖς
381 3522 539 3592 χερσὶ
567 3523 661 3575 καὶ
690 3517 843 3584 αὖθις
873 3521 1015 3574 ἑλεῖν
1041 3519 1311 3590 βούλεται,
1343 3519 1556 3590 ἀφανὴς
1598 3519 1811 3587 γέγονε.

236 3609 352 3662 Καὶ
377 3610 404 3662 6
442 3611 540 3679 μὲν
578 3611 683 3664 ὑπὸ
710 3609 919 3664 πολλῶν
948 3609 1058 3662 τῶν
1091 3613 1384 3681 μαρτύρων
1414 3609 1586 3673 οὕτως
1617 3609 1678 3663 τὸ
1700 3609 1818 3672 δέος

234 3702 670 3771 ἀνομολογήσας,
715 3703 928 3772 ἀπέδρα
955 3718 967 3732 ·
1000 3704 1032 3770 ἡ
1067 3702 1122 3754 δὲ
1176 3702 1482 3764 καλλίνικος
1526 3700 1817 3772 Ἰουλιανὴ,

235 3792 428 3863 ὥσπερ
454 3794 552 3846 οὐκ
585 3793 679 3847 ἐπὶ
705 3794 958 3857 θάνατον,
990 3792 1106 3846 ἀλλ’
1137 3793 1230 3845 ἐπὶ
1265 3792 1418 3844 λῦσιν
1452 3792 1652 3860 μᾶλλον
1691 3791 1822 3860 ἀγο-

242 3885 382 3954 μένη
427 3884 658 3938 θανάτου
690 3885 787 3939 καὶ
815 3885 994 3938 πόνων
1027 3885 1352 3954 ἀπαλλαγὴν
1394 3884 1690 3954 ἐπορεύετο
1717 3901 1820 3954 χα-

240 3977 436 4047 ρίεσσα
462 3977 560 4048 τὴν
589 3977 733 4047 δψιν,
768 3977 972 4048 φαιδρὰ
1008 3980 1122 4041 τοῖς
1151 3977 1449 4048 ὀφθαλμοῖς
1479 3977 1575 4032 καὶ
1597 3977 1696 4046 τὴν
1720 3976 1819 4046 τῆς

236 4070 417 4140 ψυχῆς
445 4067 594 4123 ἔνδον
623 4069 817 4141 ἡδονὴν
859 4069 1256 4141 ὑπογράφουσα
1283 4085 1295 4098 ·
1330 4068 1501 4123 πολλὰ
1533 4069 1666 4139 πρὸς
1693 4070 1821 4131 τοὺς

242 4163 765 4231 συμπορευομένους
813 4162 950 4232 αὐτῇ
1000 4163 1362 4233 διαλεγομένη
1416 4163 1509 4216 καὶ
1557 4159 1821 4214 πείθουσα

243 4255 413 4324 μηδὲν
438 4248 578 4306 εἶναι
614 4253 752 4324 μήτε
786 4254 896 4306 τῶν
926 4253 1210 4323 παρόντων
1238 4254 1459 4322 ἀγαθῶν
1495 4253 1821 4322 τιμιώτερον

245 4349 383 4416 μήτε
415 4346 525 4397 τῶν
555 4345 818 4413 ἀλγεινῶν
850 4346 1198 4416 ἰσχυρότερον
1226 4346 1323 4416 τῆς
1354 4348 1433 4408 είς
1462 4345 1554 4398 τὸν
1584 4343 1822 4413 Χριστὸν

240 4441 486 4510 ἀγάπης.
517 4440 704 4494 Ταῦτα
750 4435 872 4493 εἷπε
925 4439 1167 4501 καὶτοῖς
1214 4439 1396 4511 ἔργοις
1446 4439 1818 4511 ὲπεσφράγιζε

238 4532 311 4586 τά
361 4532 626 4602 λεχθέντα
657 4548 671 4562 ο
707 4532 830 4586 ἐπεὶ
870 4532 980 4604 γὰρ
1013 4530 1148 4601 πρὸς
1196 4531 1345 4601 αὐτῷ
1376 4530 1454 4600 τῷ
1497 4533 1648 4602 τόπῳ
1688 4549 1821 4586 κατ-

241 4628 398 4699 έστη,
459 4627 588 4682 ἔνθα
621 4627 728 4681 ἔδει
755 4627 851 4682 καὶ
882 4627 979 4698 τὴν
1009 4625 1288 4678 τελείωσιν
1320 4624 1597 4690 δέξασθαι,
1626 4625 1819 4695 πρῶτα

246 4720 346 4788 μὲν
379 4720 580 4791 ἑαυτὴν
615 4720 924 4774 ἀντέτεινεν
957 4719 1036 4784 είς
1061 4719 1229 4790 εὐχήν
1253 4733 1267 4749 ⁸
1300 4717 1491 4772 ἔπειτα
1520 4718 1576 4772 δὲ
1613 4719 1820 4772 καὶτὸν

243 4810 449 4881 αὐχένα
482 4812 618 4883 πρὸς
643 4812 857 4882 σφαγὴν
881 4813 1082 4878 ἔκλινε,
1109 4810 1207 4882 τὴν
1245 4812 1415 4882 αὐτὴν
1444 4810 1692 4875 σώζουσα
1721 4811 1820 4880 τῆς

244 4904 426 4975 ψυχῆς
480 4907 821 4978 εὐφροσύνην
852 4909 946 4961 καὶ
995 4906 1161 4979 μηδὲν
1211 4907 1348 4969 ὅλως
1383 4905 1635 4976 κατηφὴς
1691 4905 1822 4957 ὑπο-

251 4997 522 5062 φαίνουσα
552 4999 646 5052 καὶ
675 4997 819 5052 οὕτω
855 4999 954 5070 τὴν
981 4998 1271 5070 νικοιρόρον
1318 4998 1688 5068 ἀποτέμνεται
1734 5016 1824 5050 κε-

247 5089 444 5159 φαλήν.

326 5184 423 5237 IE'.
458 5184 598 5254 Γυνὴ
626 5185 681 5238 δέ
713 5204 796 5250 τις
827 5188 1000 5256 Σοφία
1029 5186 1272 5258 τοῦνομα
1302 5187 1444 5242 κατά
1471 5204 1594 5240 τινα
1630 5203 1826 5238 συντυ-

253 5275 376 5344 χίαν
399 5275 496 5347 τὴν
527 5279 875 5349 Νικομήδους
909 5281 1031 5334 τότε
1063 5281 1388 5352 διερχομένη
1417 5281 1511 5333 καὶ
1557 5278 1694 5350 πρὸς
1726 5279 1826 5349 τὴν

255 5370 621 5439 μεγαλόπολιν
672 5372 910 5428 ἀπιοῦσα
958 5374 1200 5445 Ῥώμην,
1230 5375 1289 5428 τὸ
1323 5374 1465 5447 ἱερὸν
1489 5375 1664 5428 έκεῖνο
1708 5373 1827 5445 μεθ’

251 5462 450 5533 ἑαυτῆς
481 5465 748 5536 λαμϐάνει
776 5465 1029 5536 λείψανον
1048 5505 1064 5532 ,
1111 5470 1207 5522 καὶ
1235 5469 1418 5521 οἴκαδε
1445 5467 1501 5521 δὲ
1541 5467 1703 5521 τοίτο
1733 5484 1827 5520 κο-

256 5555 487 5624 μίσασα,
515 5557 641 5610 ναὸν
686 5563 751 5630 τῇ
792 5561 1030 5631 μάρτυρι
1067 5561 1176 5614 τῶν
1214 5560 1391 5616 ἄθλων
1431 5561 1580 5629 ἄξιον
1617 5561 1830 5629 ἀνεγεί-

256 5666 361 5721 ρει.
389 5653 524 5706 Μετ’
555 5652 614 5705 οὐ
655 5653 789 5708 πολὺ
818 5654 912 5707 καὶ
943 5657 970 5708 6
999 5655 1192 5726 μιαρὸς
1232 5655 1505 5719 Ἐλεύσιος
1533 5657 1630 5726 τῆς
1658 5673 1830 5725 προσ⁴

252 5745 500 5814 ηκὶύσης
536 5745 685 5816 αὺτῷ
730 5746 886 5816 δίκης
927 5747 1342 5817 παραπολαύειο
1379 5747 1610 5801 πλέοντα
1639 5749 1747 5818 γάρ
1776 5749 1832 5800 ὲν

257 5837 501 5908 θαλάσσῃ
529 5839 724 5908 ἄνεμοί
753 5857 897 5904 τινες
945 5840 1129 5910 ἄγριοι
1155 5841 1568 5911 παραλαϐόντες
1595 5842 1690 5895 καὶ
1735 5859 1835 5913 χα-

253 5928 419 5986 λεπὸν
445 5931 596 6003 αὐτῷ
627 5931 918 5986 κλυδώνιον
953 5934 1410 6005 περιστήσαντες,
1443 5934 1541 6007 τὴν
1573 5934 1672 6006 μὲν
1703 5935 1833 5992 ναῦν

575 6032 847 6096 Ρλτιιοι..
892 6035 1006 6096 Gn.
1047 6034 1259 6127 CXIV2

1921 3525 2332 3593 apprehendere
2362 3528 2895 3591 manibus,evanuit.
2923 3529 2989 3583 Et
3017 3530 3107 3585 ille
3132 3532 3347 3601 quidem
3377 3547 3498 3585 eum

1923 3619 2077 3673 multi
2101 3620 2356 3676 adessent
2381 3631 2563 3688 testes,
2590 3632 2792 3677 metum
2823 3625 2902 3679 sic
2921 3625 3221 3692 confessus,
3249 3627 3457 3697 aufugit
3484 3643 3498 3681 :

1922 3711 2153 3784 gloriosa
2179 3728 2308 3768 vero
2339 3715 2532 3770 victrix
2555 3713 2790 3783 Iuliana,
2819 3727 3075 3786 tanquam
3107 3733 3214 3772 non
3249 3719 3315 3773 ad
3350 3735 3498 3774 mor-

1925 3815 2030 3858 tem
2077 3804 2394 3868 duceretur,
2445 3809 2540 3861 sed
2605 3807 2780 3875 potius
2835 3809 2902 3862 ad
2931 3808 3254 3862 solutionem
3287 3811 3501 3874 mortis,

1925 3897 2236 3952 ambulabat
2290 3898 2460 3953 alacri
2492 3899 2663 3965 vultu,
2697 3900 2832 3954 laetis
2885 3901 3080 3966 oculis,
3114 3913 3169 3956 et
3200 3903 3397 3958 anima:
3427 3902 3508 3956 in-

1925 3997 2134 4043 ternam
2173 3991 2485 4060 exprimens
2533 3991 2891 4061 voluptatem,
2922 4007 3042 4046 cum
3086 3991 3152 4044 iis
3171 3993 3258 4062 qui
3291 4009 3415 4047 cum
3439 4009 3501 4047 ea

1925 4079 2278 4134 ambulabant
2304 4079 2531 4134 multum
2569 4079 2867 4145 disserens,
2898 4090 2954 4136 et
3000 4084 3355 4151 persuadens,
3389 4083 3507 4138 nul-

1929 4171 2035 4222 lunt
2087 4185 2208 4226 esse
2265 4186 2439 4240 neque
2475 4187 2539 4224 ex
2595 4172 2750 4225 bonis
2806 4173 3166 4238 praesentibus
3188 4173 3502 4241 pretiosius,

1929 4277 2101 4333 neque
2127 4279 2188 4315 ex
2232 4265 2476 4318 tristibus
2507 4264 2737 4318 validius
2767 4264 3059 4320 dilectione
3117 4266 3169 4319 in
3202 4264 3503 4322 Christum.

1929 4353 2053 4408 llaac
2077 4356 2234 4417 dixit,
2261 4365 2318 4408 et
2370 4356 2532 4410 factis
2587 4358 2718 4424 ipsis
2763 4357 3072 4425 obsignavit
3106 4373 3226 4427 qua:
3267 4359 3506 4414 dixerat.

1928 4445 2217 4516 Postquam
2251 4447 2397 4501 enim
2433 4447 2530 4500 fuit
2581 4448 2634 4501 in
2687 4463 2751 4502 eo
2792 4448 2909 4502 loco
2948 4451 3038 4504 ubi
3073 4450 3358 4519 oportebat
3383 4465 3506 4506 eam

1929 4538 2177 4606 accipere
2200 4539 2752 4604 consummationem,
2786 4543 3021 4609 primum
3053 4541 3270 4610 quidem
3301 4557 3359 4598 se
3382 4557 3509 4598 ere-

1932 4629 2008 4683 xit
2031 4630 2097 4683 ad
2131 4631 2460 4694 orationem,
2491 4629 2688 4685 deinde
2712 4638 2768 4685 et
2795 4630 2991 4686 collum
3021 4632 3300 4688 inclinavit
3331 4634 3383 4688 in
3403 4649 3507 4690 ca:-

1926 4725 2069 4791 dem,
2107 4723 2348 4779 eamdem
2373 4739 2599 4780 servans
2623 4725 2790 4780 animi
2811 4726 3072 4793 laetitiam,
3098 4736 3155 4782 et
3178 4725 3310 4782 nihil
3328 4730 3510 4784 omni-

1929 4833 1996 4871 no
2018 4820 2169 4873 triste
2195 4819 2508 4874 ostendens.
2537 4817 2613 4872 Ita
2643 4818 2868 4874 victoria
2894 4819 3089 4890 insigni
3119 4819 3168 4874 ei
3197 4829 3362 4890 caput
3387 4835 3506 4876 am-

1927 4921 2161 4980 putatur.

2004 5179 2120 5236 κν.
2183 5181 2373 5238 Mulier
2429 5192 2606 5238 autent
2669 5185 2952 5254 quaedam,
3009 5183 3232 5242 nomine
3278 5184 3502 5256 Sophia,

1933 5276 2070 5332 forte
2129 5278 2342 5332 fortuna
2411 5288 2540 5334 tunc
2601 5282 2869 5334 trensiens
2929 5276 3328 5345 Nicomediam,
3355 5290 3410 5334 et
3435 5281 3502 5335 ad

1933 5386 2183 5438 magnam
2238 5371 2428 5427 urbem
2483 5372 2833 5441 proficiscens
2881 5372 3127 5439 Romam,
3176 5373 3294 5428 illas
3322 5387 3510 5428 sacras

1933 5478 2118 5536 secum
2176 5463 2374 5532 accipit
2426 5464 2685 5533 reliquias
2719 5477 2967 5534 :easque
2998 5465 3214 5518 domum
3250 5473 3501 5532 portans,

1933 5556 2136 5611 excitat
2165 5557 2390 5625 martyri
2419 5555 2676 5623 templum
2700 5556 2920 5626 dignum
2949 5555 3065 5626 ejus
3089 5553 3502 5609 certaminibus.

1935 5647 2102 5702 Paulo
2165 5657 2284 5716 post
2335 5646 2702 5712 exsecrandus
2764 5661 2978 5714 quoque
3005 5641 3258 5697 Eleusius
3287 5643 3512 5696 meritas

1936 5744 2038 5798 luit
2097 5756 2307 5813 poenas.
2342 5741 2475 5794 Nam
2534 5756 2655 5795 eum
2713 5739 2766 5794 in
2818 5739 2954 5793 mari
3009 5739 3355 5808 navigantem
3383 5737 3511 5791 επιεινί

1937 5840 2156 5909 quidam
2181 5839 2325 5894 venti
2357 5837 2862 5906 deprehendissent,
2902 5843 2955 5888 ct
2982 5833 3255 5904 ingentem
3301 5841 3510 5899 tempe-

1937 5943 2135 5993 Statem
2170 5932 2525 6001 excitassent,
2555 5931 2724 6002 ipsam
2775 5928 2994 6001 quidem
3023 5943 3217 5985 navem
3248 5940 3354 5983 una
3391 5939 3515 5982 cum

3089 6023 3161 6087 ιιϐ
