3820 6538
308 473 445 540 1453
512 465 517 471 ‘

1277 482 1459 546 VlTA
1498 482 1602 545 SS.
1644 481 1921 544 LEONIS
1958 484 2054 545 ET
2085 483 2526 547 PAREGORII.

3422 479 3559 547 1454

304 596 649 664 Χριστιανοίς
706 592 1041 666 ἀνθίστησιν,
1092 595 1228 650 ἀλλὰ
1279 595 1348 651 τὰ
1394 597 1741 667 πνευματικὰ
1783 598 1882 667 τῆς

2013 615 2107 654 ura
2138 600 2458 666 Christiani,
2496 599 2590 656 sed
2632 598 2897 670 spiritalia
2925 597 3200 669 nequitiae.
3230 596 3433 655 Christi
3460 613 3559 654 au-

307 690 570 760 πονηρίας
595 702 608 717 ·
641 690 676 760 ἡ
709 688 764 741 δὲ
813 687 906 743 τοῦ
941 688 1180 759 Χριστοῦ
1238 688 1458 761 βοήθεια
1497 689 1884 761 ἰσχυροτέρους

306 783 452 836 κατὰ
486 780 584 835 τοῦ
635 781 885 835 διαϐόλου
925 781 1051 844 τοὺς
1095 781 1292 835 ἐαυτοῦ
1323 782 1558 845 οἰκείους
1588 781 1882 836 δείκνυσιν.

306 871 604 926 Πιστοῦται
636 871 690 925 δὲ
722 870 783 924 τὸ
830 873 1064 943 ρημένον
1100 873 1302 938 ίκανῶς
1348 875 1413 927 ἐκ
1466 872 1570 944 τῆς
1602 872 1711 927 τῶν
1766 890 1887 941 γεν-

305 965 472 1034 ναίων
510 964 805 1036 μαρτύρων
834 963 1059 1028 Λέοντος
1085 965 1182 1020 καὶ
1206 967 1555 1038 Παρηγορίου
1580 967 1882 1037 ὑπομονῆς*

307 1055 402 1110 τοῦ
432 1056 543 1126 γὰρ
571 1057 845 1126 μακαρίου
903 1058 1253 1128 Παρηγορίου
1307 1058 1791 1129 προτελειωθέντες
1827 1061 1885 1114 ἐν

308 1150 557 1221 ὑπομονῇ
583 1151 640 1202 ἐν
672 1151 863 1221 Κυρίῳ
887 1150 984 1204 καὶ
1015 1151 1115 1222 τῆς
1154 1150 1262 1205 τῶν
1294 1151 1504 1206 πολλῶν
1553 1153 1731 1206 πόνων
1758 1153 1889 1207 ἀνα·
1918 1192 1931 1201 .

311 1241 527 1311 παύλης
556 1241 655 1311 τὴν
698 1241 982 1311 βασιλείαν
1042 1242 1152 1296 τῶν
1183 1243 1451 1314 οὐρανίων
1476 1243 1807 1315 εὑραμένου,
1861 1246 1888 1297 6

313 1337 584 1406 μακάριος
641 1335 793 1389 Λέων
843 1335 935 1388 τὸν
990 1335 1089 1406 μὲν
1127 1335 1317 1404 ἀγῶνα
1356 1335 1450 1390 τοῦ
1505 1336 1888 1400 τελειωθέντος

310 1425 671 1498 ἐμακάριζεν,
704 1427 865 1491 αὐτὸς
885 1426 942 1480 δέ
964 1428 1022 1479 ἐν
1050 1426 1197 1498 λύπῃ
1228 1424 1535 1496 κατείχετο,
1569 1426 1651 1479 ὃτι
1681 1425 1755 1497 μὴ
1783 1425 1890 1480 τῶν

313 1520 494 1574 αὐτῶν
511 1519 811 1590 τετύχηκεν
836 1518 1084 1587 ἀγώνων,
1111 1518 1298 1590 κοινῆς
1314 1517 1683 1589 προκειμένης
1705 1518 1890 1579 αὐτοῖς

313 1612 413 1684 τῆς
443 1609 586 1665 ὁδοῦ.

386 1721 464 1776 B'.
499 1722 634 1773 Κατ’
664 1720 880 1783 ἐκείνας
900 1719 958 1773 δὲ
997 1719 1096 1784 τὰς
1119 1719 1333 1790 ἡμέρας
1380 1718 1583 1790 συνέϐη
1613 1718 1706 1772 τὸν
1766 1718 1894 1772 ἀνθ-

320 1812 526 1866 ύπατον
552 1812 844 1866 Λολλιανδν
863 1810 968 1864 ὑπὸ
985 1810 1094 1865 τῶν
1115 1806 1382 1881 βασιλέων
1411 1808 1765 1881 κληρωθέντα
1789 1827 1896 1864 πα-

320 1902 648 1973 ραγενέσθαι
677 1901 782 1965 ἕως
815 1900 996 1954 αὐτῶν
1024 1900 1454 1972 φυλαττωμένης
1475 1902 1571 1970 τῆς
1594 1900 1768 1971 ἀρχῆς
1789 1900 1895 1953 ὑπὸ

316 1996 410 2049 τοῦ
448 1996 748 2065 ἐπιτρόπου
779 1994 880 2065 τῆς
936 1994 1148 2057 πόλεως
1180 1993 1275 2047 τοῦ
1315 1995 1372 2048 ἐν
1400 1994 1698 2065 Πατάροις.
1746 1993 1896 2047 Ἑπι-
1927 1983 1967 2037 Β

318 2086 488 2140 τελῶν
515 2082 607 2139 οὖν
634 2088 662 2140 6
699 2087 1025 2157 παμμίαρος
1057 2087 1351 2155 ἐπίτροπος
1379 2084 1573 2163 ἐθορτὴν
1600 2083 1900 2154 Σεράπιδος

306 2178 420 2230 ικαὶ
455 2176 669 2229 σύνοδον
700 2176 913 2230 ἀσεϐῶν
950 2175 1294 2247 συγκροτῶν,
1323 2175 1466 2229 κατὰ
1499 2174 1609 2229 τῶν
1633 2177 1899 2245 Χριστια-

321 2264 429 2318 νῶν
459 2264 775 2319 ἐϐουλεύετο
805 2265 897 2319 καὶ
928 2266 1139 2327 πάντας
1202 2264 1622 2335 κατηνάγκαζεν
1665 2263 1761 2316 ἐπὶ
1801 2264 1900 2333 τὴν

321 2356 738 2428 είδωλομανίαν.
787 2356 1012 2411 Πολλῶν
1066 2355 1127 2411 δέ
1153 2357 1558 2428 συντρεχόντων
1614 2355 1712 2409 καὶ¹
1749 2354 1902 2424 φόϐῳ

321 2448 653 2517 ἀνθρωπίνῳ
704 2447 1105 2518 συνεχομένων,
1167 2448 1366 2518 ἤχθετο
1411 2449 1565 2517 μένὸ
1627 2447 1900 2516 μακάριος

319 2539 475 2594 Λέων
501 2539 620 2592 οὐδὲ
659 2540 853 2609 μέχρις
879 2540 1052 2610 ἀκοῆς
1080 2539 1263 2609 φέρων
1294 2537 1394 2609 τὴν
1427 2538 1537 2592 τῶν
1567 2537 1902 2609 παρανόμων

321 2630 528 2701 τόλμαν
556 2651 568 2663 ’
598 2631 1126 2702 προσδιαλεγόμενος
1147 2631 1204 2685 δὲ
1230 2631 1365 2702 πρὸς
1397 2629 1609 2691 ἑαυτὸν,
1637 2629 1783 2701 ἐξῄει
1808 2628 1903 2682 ἐπὶ

322 2721 412 2774 τὶν
433 2722 619 2784 τόπον,
669 2721 800 2774 ἔνθα
850 2721 912 2776 τὸ
968 2721 1220 2792 λείψανον
1265 2722 1446 2776 ἔκειτο
1492 2721 1587 2774 τοῦ
1623 2719 1899 2791 μακαρίου

328 2817 603 2886 μάρτυρος
634 2816 1022 2886 Παρηγορίου·
1074 2815 1369 2884 γενόμενος
1419 2814 1478 2869 δὲ
1525 2813 1653 2868 κατ’
1696 2814 1905 2867 ἐκεῖνον

325 2909 419 2961 τὸν
452 2908 643 2971 τόπον,
672 2911 730 2960 ἐν
756 2903 800 2975 ᾧ
840 2906 942 2979 τὴν
973 2906 1146 2978 ἀσεϐῆ
1192 2907 1507 2977 πανήγυριν
1536 2903 1828 2958 ἐπετέλουν
1856 2904 1906 2956 of

325 2999 531 3070 ταύτης
563 2999 729 3066 ἄξιοι,
764 2998 1000 3063 ἕκαστος
1023 2998 1132 3053 τῶν
1164 2999 1419 3070 ὁρώντων
1442 2997 1551 3052 ἀπό
1577 3014 1636 3052 τε
1661 2996 1761 3066 τῆς
1792 2997 1909 3058 ἠλι-

327 3094 455 3156 κίας
474 3093 646 3162 αὐτῆς
677 3093 772 3146 καὶ
799 3091 908 3146 ἀπὸ
929 3093 1029 3164 τῆς
1060 3090 1192 3160 περ)⁸
1216 3090 1278 3144 τὸ
1306 3089 1601 3161 πρόσωπον
1627 3086 1908 3142 καταστά-

329 3201 469 3248 σεως
493 3185 588 3239 καὶ
612 3184 711 3254 τῆς
733 3182 985 3254 ἐσθῆτος,
1007 3184 1102 3237 καὶ
1123 3182 1233 3237 άπδ
1252 3182 1346 3236 τοῦ
1368 3180 1444 3253 μὴ
1470 3178 1907 3236 συνδιατίθεσθαι

326 3278 439 3339 τοῖς
467 3275 766 3347 δρωμένων
813 3275 994 3329 αὐτῶν
1043 3276 1260 3341 κακοῖς,
1296 3273 1627 3344 Χριστιανὸν
1660 3272 1909 3343 ὑπελάμ-

328 3370 490 3426 ϐανεν
526 3367 664 3424 εἶναι
698 3369 794 3423 καὶ
842 3368 1059 3440 άληθῶς
1090 3368 1273 3432 αίδοῦς
1305 3367 1457 3434 ἄξιον
1483 3384 1497 3398 ο
1523 3362 1593 3438 ἧν
1617 3366 1726 3438 γὰρ
1756 3366 1906 3438 αὐτῷ
1932 3349 1976 3409 c

330 3463 725 3534 μεμετρημένα
752 3463 823 3517 τὰ
849 3462 1030 3515 πάντα
1049 3477 1062 3491 ·
1100 3463 1197 3515 καὶ
1219 3461 1328 3532 γὰρ
1355 3460 1652 3530 άσκητικδς
1666 3459 1759 3513 τὸν
1790 3459 1905 3530 βίον

326 3552 416 3626 ἦν,
441 3557 505 3608 ἐκ
538 3554 808 3625 νεωτέρου
837 3553 1016 3626 τούτῳ
1066 3551 1489 3625 προσεσχηκὼς,
1528 3554 1587 3605 ἐν
1607 3550 1906 3622 ἐγκρατείᾳ

328 3647 424 3700 καὶ
450 3648 510 3700 ἐν
530 3648 723 3719 ἁγνείᾳ
754 3648 850 3700 καί¹
881 3646 1206 3719 σωφροσύνῃ
1224 3662 1239 3677 ·
1271 3646 1332 3698 τὸ
1352 3644 1411 3699 δὲ
1432 3643 1638 3713 ἔνδυμα
1667 3639 1814 3714 εἶχεν
1842 3644 1907 3696 ἐκ

329 3737 532 3808 τριχῶν
587 3737 930 3808 ὑφασμένον,
960 3736 1146 3800 αὐτοῖς
1189 3735 1373 3807 ἔργοις
1401 3734 1764 3789 ἀποστολικὸν
1793 3733 1908 3804 βίον

334 3828 673 3899 μιμούμενος
742 3830 838 3882 καὶ
888 3826 1142 3898 ζηλωτὴς
1192 3825 1287 3879 τοῦ
1317 3826 1474 3895 ἁγίου
1515 3824 1765 3878 Ἰωάννου
1813 3822 1907 3878 τοῦ

333 3920 648 3991 Προδρόμου
680 3920 777 3976 καὶ
802 3918 1114 3974 Βαπτιστοῦ
1136 3919 1449 3996 γενόμενος.

409 4038 480 4094 I".
523 4037 976 4110 Παραγενόμενος
1001 4031 1095 4092 οὖν
1117 4036 1214 4091 ἐπὶ
1239 4036 1334 4090 τὸν
1366 4035 1731 4109 προκείμενον
1760 4032 1911 4103 αὐτῷ

330 4134 497 4187 τόπον
548 4132 642 4184 καὶ
693 4130 791 4193 τὰς
838 4129 1096 4201 συνήθεις
1120 4129 1355 4193 ἀποδοὺς
1388 4128 1576 4201 εὐχὰς,
1606 4124 1912 4197 ἐπανῆλθεν

333 4226 426 4278 ἐπὶ
459 4223 559 4294 τὴν
612 4223 815 4285 οἰκίαν,
871 4221 966 4275 καὶ
998 4221 1147 4275 ἔνδον
1208 4222 1471 4274 εἰσελθὼν
1523 4219 1784 4274 καὶκατὰ
1812 4220 1913 4288 τὴν

336 4317 629 4389 συνήθειαν
664 4315 983 4385 εὐξάμενος,
1013 4314 1108 4367 καὶ
1137 4314 1303 4384 ἄρτου
1339 4311 1686 4381 μεταλαϐὼν,
1718 4311 1913 4380 ἔμενεν

334 4410 420 4478 ἐφ’
450 4405 648 4477 ἐαυτῷ,
676 4406 828 4461 οὐδὲν
854 4405 1042 4475 ἐτερον
1069 4406 1103 4476 ἢ
1134 4404 1205 4458 τὰ
1232 4406 1458 4474 γενναῖα
1508 4401 1913 4472 κατορθώματα

333 4503 428 4556 τοῦ
450 4499 738 4564 θεοσεϐοῦς
768 4497 1116 4569 Παρηγορίου
1170 4495 1430 4567 μελετῶν.
1481 4497 1592 4552 Καὶ
1623 4497 1682 4549 ἐν
1703 4495 1915 4558 τούτοις

334 4595 444 4656 τοῖς
472 4592 758 4663 λογισμοῖς
788 4589 885 4655 ὣν,
904 4590 984 4656 είς
1012 4589 1179 4644 ὕπνον
1210 4589 1348 4660 πρὸς
1374 4590 1559 4658 ὀλίγον
1577 4590 1910 4662 κατηνέχθη,

336 4682 425 4735 ἶνα
464 4682 563 4755 τὴν
599 4684 709 4737 τῶν
754 4680 1033 4750 ἐσομένων
1090 4680 1240 4751 αὑτῷ
1275 4682 1619 4751 πραγμάτων
1650 4679 1914 4752 θεάσηται

336 4774 515 4841 δόξαν.
574 4776 792 4845 Ὥσπερ
853 4774 965 4844 γὰρ
1008 4775 1036 4827 6
1066 4771 1413 4844 πατριάρχης
1453 4772 1655 4842 Ἰωσὴφ
1695 4768 1802 4825 εἶδε
1847 4772 1917 4826 τὰ

342 4866 602 4939 μέλλοντα
633 4868 783 4939 παρὰ
804 4866 898 4921 τοῦ
930 4866 1066 4920 Θεοῦ
1087 4866 1390 4935 ἐπάγεσθαι
1414 4867 1502 4919 ἐπ’
1532 4867 1716 4932 αὑτὸν,
1743 4865 1915 4930 οὕτως

340 4961 433 5013 καὶ
458 4961 485 5013 6
518 4959 792 5030 μακάριος
814 4957 966 5012 Λέων
995 4958 1262 5013 ἐθεάσατο
1294 4957 1385 5012 διὰ
1411 4957 1728 5028 Πνεύματος
1756 4958 1915 5026 ἁγίου

338 5052 438 5121 τὴν
477 5051 585 5104 τῶν
619 5034 895 5119 ἐσομένων
917 5049 1069 5120 αὑτῷ
1102 5051 1446 5121 πραγμάτων
1482 5048 1728 5104 ἔκϐασιν.
1775 5048 1918 5103 Ἐδό-

341 5162 427 5199 κει
461 5143 639 5197 τοίνυν
662 5145 797 5216 όρᾷν
826 5144 1098 5216 χειμῶνος
1122 5145 1275 5208 δντος
1301 5145 1533 5214 σφοδροῦ
1565 5147 1658 5197 καὶ
1688 5146 1919 5219 χειμάρ-

343 5237 452 5306 ρων
511 5235 830 5307 κατάρρυαν
893 5234 1203 5306 εἰληφότων
1270 5235 1493 5306 πολλὴν,
1550 5237 1694 5290 κατὰ
1753 5239 1918 5305 μέσου

342 5323 563 5377 ἑστάναι
616 5323 708 5377 τοῦ
739 5324 1046 5396 χειμάρρου
1095 5324 1187 5379 τὸν
1223 5326 1569 5397 Παρηγόριον
1594 5328 1689 5380 καὶ
1723 5327 1925 5383 ἐαυτδνχ

344 5415 522 5470 καίτοι
583 5414 931 5469 ἐπικινδύνου
993 5416 1204 5488 σφόδρα
1265 5417 1420 5481 δντος
1475 5417 1571 5472 τοῦ
1628 5419 1918 5490 ῥεύματος,

343 5508 653 5579 ἐπιρίπτειν
710 5507 802 5559 καὶ
858 5508 1171 5579 ἐπιτρέχειν
1233 5509 1310 5578 τῷ
1372 5509 1629 5581 μακαρίῳ
1680 5512 1919 5581 μάρτυρι

350 5601 701 5672 Παρηγορίῳ,
762 5602 860 5673 τὴν
911 5602 1005 5654 ἐπὶ
1060 5602 1121 5656 τὸ
1168 5602 1468 5673 μαρτύριον
1513 5603 1633 5657 ὁδὸν
1661 5605 1925 5660 ὁδεύοντι.

357 5692 416 5747 'U
470 5695 566 5763 μὲν
612 5691 704 5747 οὖν
760 5697 899 5763 μετὰ
948 5694 1046 5766 τὴν
1071 5694 1164 5748 τοῦ
1193 5694 1467 5766 ὁράματος
1500 5697 1628 5749 θέαν
1656 5697 1923 5768 ἐγερθεὶς,

426 5920 443 5951 ⁸
478 5920 613 5975 Gen.
648 5938 855 5977 X\\\'il.

1990 702 2092 745 tem
2118 693 2378 746 auxilium
2407 706 2537 748 suos
2570 690 2736 748 efficit
2781 691 3035 747 fortiores
3077 691 3339 746 adversus
3374 690 3559 746 diabo-

1988 785 2120 838 lum.
2153 785 2298 841 Satis
2326 799 2453 839 vero
2478 785 2745 855 probatur
2771 784 2823 839 id
2856 784 2999 854 quod
3032 784 3236 838 dictum
3263 792 3347 838 est
3375 797 3441 838 ex
3467 799 3561 853 ge-

1990 891 2307 931 nerosarum
2340 886 2636 947 martyrum
2676 875 2875 931 Leonis
2902 885 2957 931 et
3006 875 3280 946 Paregorii
3318 874 3557 929 toleran-

1992 971 2087 1024 tia.
2121 968 2255 1023 Nam
2287 985 2411 1024 cum
2445 969 2505 1023 Β.
2534 969 2857 1038 Pare'gorius
2887 966 3078 1023 fuisset
3118 966 3270 1037 prius
3304 981 3561 1021 consum-

1993 1071 2172 1116 matus
2204 1061 2256 1115 iu
2284 1060 2570 1116 tolerantia
2605 1063 2656 1115 in
2715 1060 2967 1124 Domino,
3007 1069 3061 1114 et
3097 1058 3386 1113 multorum
3413 1057 3566 1111 labo-

1995 1169 2112 1207 rum
2163 1153 2402 1223 requiem
2440 1152 2739 1208 invenisset
2790 1166 3013 1220 regnum
3063 1150 3346 1214 caelorum,
3370 1148 3565 1203 beatus

1994 1250 2198 1312 martyr
2226 1240 2429 1296 Christi
2465 1238 2597 1305 Leo,
2627 1240 2743 1309 ejus
2799 1240 3016 1310 quidem
3050 1239 3141 1309 qui
3180 1237 3282 1292 fuit
3303 1252 3564 1292 consum-

2000 1343 2200 1398 matus,
2235 1342 2510 1389 certamen
2537 1333 2756 1389 beatum
2781 1346 2901 1387 esse
2926 1331 3157 1386 ducebat
3193 1349 3206 1383 :
3240 1329 3354 1400 ipse
3385 1337 3566 1383 autem

1999 1425 2334 1481 adiciebatur
2371 1441 2566 1498 magno
2607 1424 2792 1480 dolore
2821 1427 2965 1493 quod
3002 1439 3107 1477 non
3151 1421 3339 1476 fuisset
3373 1436 3571 1477 conse-

1997 1527 2157 1572 cutus
2183 1517 2325 1573 idem
2364 1526 2665 1584 certamen,
2705 1532 2828 1574 cum
2858 1523 3001 1571 esset
3026 1515 3335 1571 communis
3380 1516 3462 1567 via
3487 1514 3567 1567 cis

1996 1609 2296 1679 proposita.

2069 1718 2135 1776 ll.
2169 1719 2281 1775 lllis
2316 1735 2446 1774 vero
2476 1721 2664 1774 diebus
2725 1719 2958 1790 contigit
3012 1717 3394 1790 proconsulem
3444 1715 3572 1772 Lol-

2000 1814 2214 1877 lianum
2229 1814 2461 1869 electum
2508 1813 2576 1869 ab
2625 1812 3067 1883 imperatoribus,
3091 1812 3277 1867 venire
3305 1823 3476 1878 usque
3506 1809 3573 1863 ad

2000 1922 2116 1971 eos,
2144 1921 2267 1962 cum
2300 1906 2474 1961 rectio
2505 1914 2653 1961 esset
2690 1919 2756 1959 eo
2785 1913 3029 1974 tempore
3051 1917 3218 1974 penes
3247 1910 3572 1974 procurato-

2004 2016 2115 2056 rem
2148 1999 2321 2063 urbis,
2352 1999 2443 2068 qui
2493 2008 2611 2054 erat
2642 1997 2873 2053 Pataris.
2906 1997 3200 2055 Celebrans
3251 2006 3430 2051 autem
3458 2007 3576 2049 sce-

2004 2093 2209 2148 leratus
2241 2100 2562 2161 procurator
2615 2090 2757 2146 diem
2807 2090 3002 2145 festum
3041 2089 3340 2158 Serapidis,
3364 2097 3419 2143 et
3445 2102 3578 2142 con-

2002 2199 2235 2255 gregans
2264 2183 2555 2240 concilium
2596 2182 2912 2253 impiorum,
2949 2182 3291 2238 consultabat
3316 2182 3579 2234 adversus

2002 2274 2371 2338 Christianos,
2402 2282 2456 2329 et
2484 2272 2710 2341 cogebat
2745 2286 2939 2326 omnes
2987 2272 3053 2325 ad
3086 2270 3289 2326 cultum
3327 2269 3576 2323 insanum

2006 2365 2293 2421 idolorum.
2327 2364 2462 2419 Cum
2521 2359 2673 2418 multi
2725 2377 2855 2419 vero
2899 2370 3309 2423 concurrerent,
3341 2370 3396 2415 et
3431 2369 3578 2414 metu

2005 2460 2248 2514 humano
2268 2467 2620 2524 tenerentur,
2651 2472 2794 2528 aegre
2832 2452 2970 2511 tulit
3001 2454 3218 2526 quidem
3256 2452 3319 2507 B.
3351 2452 3479 2517 Leo,
3513 2467 3580 2506 ne

2004 2549 2194 2605 audire
2228 2549 2448 2616 quidem
2472 2549 2753 2605 sustinens
2775 2550 3061 2618 impiorum
3085 2546 3392 2603 audaciam.
3426 2545 3579 2614 Apud

2006 2655 2067 2696 se
2099 2651 2278 2696 autem
2313 2641 2612 2700 disserens.
2636 2656 2893 2711 egressus
2919 2649 3002 2696 est
3053 2642 3123 2695 ad
3164 2639 3341 2694 locum
3371 2638 3424 2692 iu
3473 2652 3583 2708 quo

2003 2732 2260 2804 iacebant
2315 2733 2555 2800 reliquiae
2588 2732 2649 2787 Β.
2681 2734 2937 2803 martyris
2984 2730 3285 2800 Paregorii.
3318 2730 3454 2786 Cum
3488 2745 3583 2782 au.

2010 2833 2116 2879 tem
2150 2824 2344 2881 fuisset
2368 2825 2420 2879 in
2447 2825 2539 2879 illo
2573 2825 2718 2891 loco,
2744 2826 2799 2879 in
2826 2840 2937 2892 quo
2986 2824 3318 2895 peragebant
3381 2822 3580 2878 festum

2007 2918 2406 2973 exsecrandum
2438 2930 2491 2973 ct
2517 2918 2764 2989 impium,
2796 2919 2889 2989 qui
2917 2933 2984 2973 co
3014 2917 3158 2988 digni
3204 2925 3382 2982 erant,
3415 2931 3586 2971 unus-

2010 3008 2238 3078 quisque
2266 3023 2458 3064 eorum
2488 3011 2582 3080 qui
2637 3010 2913 3074 videbant,
2945 3020 3052 3064 tam
3082 3018 3150 3065 ex
3187 3011 3305 3080 ipsa
3356 3017 3584 3070 statura,

2008 3113 2171 3169 quam
2201 3114 2270 3154 ex
2302 3100 2454 3156 vultu
2481 3109 2537 3157 et
2566 3111 2741 3166 veste,
2770 3111 2827 3157 et
2851 3116 2917 3158 ex
2949 3117 3015 3158 eo
3045 3102 3191 3172 quod
3235 3116 3341 3154 non
3394 3114 3585 3155 assen-

2014 3189 2209 3246 tiretur
2236 3190 2419 3254 malis,
2451 3208 2573 3262 qua:
2591 3192 2660 3249 ab
2688 3193 2822 3264 ipsis
2846 3193 3066 3260 fiebant,
3088 3191 3437 3249 existimabat
3463 3206 3586 3245 eum

2010 3294 2133 3337 esse
2164 3280 2540 3338 Christianum
2572 3284 2806 3354 etplane
2831 3285 3186 3341 reverendum
3212 3299 3226 3347 ;
3260 3290 3418 3337 erant
3442 3281 3587 3337 enim

2014 3374 2061 3429 ei
2104 3377 2381 3430 moderata
2402 3377 2609 3443 omnia,
2661 3377 3021 3432 monasticam
3059 3375 3202 3430 enim
3236 3374 3402 3429 vitam
3430 3388 3591 3429 exer-

2014 3478 2204 3524 cuerat
2233 3484 2263 3523 a
2289 3467 2621 3537 iuventute:
2667 3477 2724 3525 et
2772 3470 2893 3525 ideo
2944 3468 3157 3525 deditus
3193 3467 3369 3523 fuerat
3418 3467 3593 3521 conti-

2016 3561 2234 3625 nentiae.
2264 3558 2504 3642 castitati
2534 3573 2590 3618 et
2637 3564 3032 3633 temperantiae.
3082 3560 3460 3617 lndumentum
3503 3575 3595 3614 au-

2016 3661 2124 3709 tem
2160 3654 2278 3722 ejus
2299 3666 2366 3709 ex
2408 3654 2534 3726 pilis
2567 3663 2901 3722 contextum,
2936 3663 2991 3712 et
3019 3655 3180 3726 plane
3200 3667 3259 3709 re
3292 3655 3404 3722 ipsa
3422 3652 3592 3708 vitam

2020 3744 2383 3800 aemulabatur
2431 3747 2806 3817 apostolicam,
2842 3758 2896 3805 et
2927 3748 3104 3804 fuerat
3163 3747 3478 3803 immutator
3529 3744 3591 3801 S.

2015 3834 2241 3893 Joannis
2266 3836 2649 3893 Prmcursoris.
2676 3870 2681 3876 ο

2089 4034 2179 4091 lll.
2206 4034 2340 4090 Cum
2366 4051 2497 4108 ergo
2521 4037 2843 4093 accessisset
2863 4037 2929 4093 ad
2957 4038 3132 4092 locum
3156 4040 3204 4092 el
3232 4039 3594 4109 propositum,

2019 4136 2074 4182 et
2104 4142 2298 4198 preces
2319 4126 2555 4185 fudisset
2583 4136 2898 4193 consuetas,
2935 4127 3152 4184 domum
3186 4138 3269 4184 est
3298 4144 3547 4185 reversus
3579 4150 3592 4188 :

2020 4230 2073 4276 et
2105 4236 2231 4276 cum
2278 4218 2475 4277 fuisset
2536 4222 2839 4292 ingressus,
2869 4232 2924 4277 et
2955 4222 3020 4278 de
3060 4237 3214 4276 more
3236 4231 3512 4293 precatus,
3545 4232 3600 4279 et

2020 4325 2214 4380 panem
2270 4309 2620 4380 sumpsisset,
2663 4312 2918 4366 manebat
2965 4312 3104 4382 apud
3159 4326 3237 4376 se,
3285 4312 3416 4366 nihil
3452 4313 3597 4368 aliud

2022 4402 2289 4458 meditans
2314 4417 2477 4472 quam
2514 4402 2769 4473 praeclara
2825 4402 2967 4458 facta
3010 4405 3083 4472 pii
3135 4384 3429 4475 Paregorii.
3462 4405 3596 4461 Cum

2023 4497 2137 4551 haec
2162 4504 2338 4551 autem
2374 4495 2515 4566 apud
2571 4510 2629 4550 se
2678 4496 2866 4552 animo
2921 4497 3176 4566 agitaret,
3235 4497 3510 4566 paululum
3545 4498 3598 4554 in

2023 4600 2270 4640 somnum
2334 4593 2418 4641 est
2472 4585 2764 4650 resolutus,
2801 4593 2860 4640 ut
2908 4600 3086 4640 rerum
3148 4585 3250 4642 sibi
3296 4587 3599 4643 futurarum

2023 4675 2248 4746 gloriam
2305 4675 2593 4746 aspiceret.
2640 4674 2921 4743 Quomodo
2962 4678 3111 4733 enim
3147 4679 3463 4749 patriarcha
3500 4678 3599 4734 Jo-

2020 4771 2151 4837 seplt
2183 4767 2333 4832 vidit,
2376 4784 2496 4840 quae
2530 4784 2558 4823 a
2601 4768 2710 4824 Deo
2767 4779 2951 4825 essent
2984 4770 3085 4826 sibi
3121 4772 3401 4827 inferenda
3427 4774 3442 4805 ¹
3472 4790 3486 4827 :
3525 4773 3602 4829 ita

2019 4862 2181 4916 etiam
2229 4861 2292 4916 B.
2322 4859 2432 4915 Leo
2489 4862 2620 4917 vidit
2666 4876 2763 4932 per
2803 4859 3066 4931 Spiritum
3133 4874 3381 4919 sanctum
3421 4880 3600 4920 rerum

2020 4955 2124 5011 sibi
2189 4953 2494 5007 futurarttm
2553 4961 2831 5009 eventum.
2888 4953 3052 5009 Visus
3101 4965 3186 5010 est
3229 4972 3358 5025 ergo
3394 4958 3597 5025 videre,

2022 5065 2142 5103 cum
2174 5058 2318 5103 esset
2354 5049 2650 5103 vehemens
2680 5056 2992 5118 tempestas,
3019 5059 3073 5103 et
3105 5060 3374 5106 torrentes
3404 5068 3600 5119 magno

2024 5145 2223 5210 impetu
2259 5140 2581 5203 defluerent,
2613 5140 2963 5212 Paregorium
2988 5151 3043 5197 et
3071 5158 3132 5197 se
3157 5154 3301 5198 stare
3334 5145 3384 5197 iu
3421 5146 3597 5202 medio

2026 5244 2264 5290 torrente
2292 5252 2304 5287 :
2340 5242 2395 5287 et
2428 5233 2555 5287 licet
2576 5242 2717 5286 esset
2739 5231 2997 5287 ﬂuentum
3019 5236 3177 5289 valde
3206 5238 3595 5304 periculosum,

2026 5341 2083 5381 se
2107 5326 2372 5396 projicere
2393 5334 2445 5379 et
2484 5338 2771 5380 accurrere
2802 5325 2870 5379 ad
2915 5324 2975 5378 Β.
3015 5336 3308 5398 martyrem
3365 5329 3599 5397 βίη-«ιεοο

2028 5418 2191 5481 rium,
2223 5415 2313 5487 qui
2347 5414 2755 5485 ingrediebatur
2782 5414 2885 5469 lter
2911 5416 2975 5468 ad
3027 5417 3374 5489 martyrium.
3408 5419 3599 5485 itaque

2031 5524 2312 5582 postquam
2355 5508 2617 5565 visionem
2673 5510 2995 5577 aspexisset,
3035 5512 3325 5575 excitatus,
3362 5513 3500 5580 apud
3545 5530 3604 5569 se

2032 5612 2257 5659 eventus
2287 5600 2493 5657 faciens
2526 5598 2916 5671 conjecturam,
2937 5599 3169 5667 coujecit
3198 5616 3283 5665 ea,
3313 5617 3430 5669 qua:
3453 5614 3608 5657 eraut

2034 5709 2311 5754 eventura.
2378 5695 2629 5764 Seipsum
2677 5702 2855 5748 autem
2920 5693 3135 5747 beatum
3199 5693 3603 5762 pronuntiabat,
