3820 6378
312 345 447 411 MSS
1490 344 1768 406 MENSIS
1808 345 2330 409 FEBRUARIUS.
3422 343 3566 411 1456

308 436 450 505 quod
472 435 746 506 aliquanto
782 442 1020 505 tempore
1060 443 1306 489 versatus
1340 438 1482 490 esset
1517 449 1639 489 cum
1668 432 1732 488 Β.
1765 434 1871 489 Pa-

1984 435 2070 487 καὶ
2094 436 2271 505 ἐαυτῴ
2294 435 2598 507 συγκρίνων
2621 438 2719 508 τὴν
2748 436 2999 500 ἔκϐασιν,
3017 436 3117 490 οὐκ
3149 436 3254 500 ἔξω
3284 435 3395 489 τῶν
3420 437 3563 486 ἀπο-

310 529 541 598 regorio.
1983 522 2302 593 ϐησομένων
2333 525 2655 589 ἀπείκαζεν,
2683 526 2874 580 ἑαυτὸν
2906 526 2963 578 δὲ
2994 525 3355 596 ἐμακάριζεν,
3388 524 3467 577 ὅτι
3491 524 3566 577 ἂν

1980 617 2117 689 πρὸς
2141 618 2326 687 ὀλίγον
2360 618 2436 691 τῷ
2465 622 2722 693 μακαρίῳ
2773 619 3108 693 Παρηγορίῳ
3139 617 3486 689 συνέτριψεν.

387 732 468 789 IV.
507 735 765 802 Deinceps
803 748 931 803 ergo
961 734 1026 787 ad
1082 748 1202 788 etim
1255 733 1566 796 accedebat,
1616 744 1871 803 tanquam

2049 731 2126 784 A'.
2172 729 2262 797 Ἐξ
2296 731 2464 801 αὐτῆς
2516 728 2631 798 οὖν,
2665 732 2855 805 ὥσπερ
2905 733 3042 802 πρός
3071 750 3194 787 τινα
3226 731 3562 787 πιστότατον

311 826 375 879 ad
418 824 790 879 fidelissimum
829 825 1059 895 aliquem
1122 825 1329 881 socium
1373 825 1709 892 certaminis,
1778 826 1871 880 sed

1985 822 2397 891 συναγωνιστὴν
2429 822 2781 894 παρεγένετο,
2805 822 3011 877 οὐκετι
3038 822 3364 894 λεληθότως,
3387 824 3474 877 διὰ
3499 824 3562 877 δὲ

310 928 407 981 per
428 911 662 967 medium
707 912 901 979 forum,
936 921 990 968 et
1044 928 1137 983 per
1165 914 1234 974 id.
1266 916 1407 984 quod
1439 915 1717 969 dicebatur
1750 914 1875 970 Tri-

1984 915 2151 986 μέσης
2216 915 2427 986 ἀγορᾶς
2475 917 2570 971 καὶ
2630 916 2719 971 διὰ
2773 915 2868 971 τοῦ
2902 917 3199 986 λεγομένου
3245 917 3558 989 Τροιχείου.

276 1050 283 1057 .
315 1008 519 1060 rhaeum
550 1025 565 1058 :
598 1015 652 1061 et
683 1021 802 1062 cum
824 1008 1060 1064 venisset
1088 1009 1153 1063 ad
1192 1006 1392 1072 locum,
1422 1008 1568 1063 videt
1622 1007 1874 1065 lucernas

1984 1007 2196 1078 Προϊὼν
2253 1008 2434 1062 τοίνυν
2485 1010 2589 1080 ὁρᾷ
2631 1008 2860 1080 λύχνους
2891 1009 2986 1062 καὶ¹
3016 1009 3307 1080 κηριόλους
3347 1010 3473 1077 περὶ
3496 1009 3561 1061 τὸ

311 1108 367 1152 ot
409 1099 655 1154 cereolos
704 1114 966 1154 accensos
1019 1100 1161 1155 circa
1224 1099 1512 1156 delubrum
1546 1118 1560 1156 :
1596 1109 1652 1156 et
1685 1116 1873 1157 eorum

1984 1097 2250 1152 είδωλεῖον
2282 1100 2716 1170 ἀνακαιομένους
2743 1100 2834 1153 καὶ
2860 1100 2973 1163 τοῖς
3008 1099 3107 1169 μέν
3134 1096 3337 1169 ἃφασιν
3359 1100 3562 1171 συνηλ-

310 1191 547 1257 quidem,
575 1191 664 1260 qui
700 1191 1085 1253 accenderant,
1120 1191 1375 1247 misertus
1401 1201 1504 1257 est,
1541 1200 1597 1244 ut
1634 1192 1723 1263 qui
1783 1192 1877 1247 de-

1984 1206 2151 1261 γησεν
2185 1191 2260 1255 ὡς
2290 1191 2667 1262 ὴπατημένοις
2695 1207 2709 1221 ⁸
2741 1190 3098 1246 ἀτοπώτατον
3127 1191 3185 1246 δέ
3241 1186 3382 1244 εἶναι
3408 1190 3559 1259 λογι-

311 1280 448 1348 ι’σΊὶῑῘ
478 1288 661 1334 essent
693 1294 708 1333 :
736 1295 856 1335 cum
916 1280 1136 1350 propius
1196 1296 1325 1335 vero
1360 1282 1698 1342 accessisset.
1740 1298 1872 1336 con-

1984 1281 2215 1352 σάμενος
2267 1284 2365 1350 τὴν
2416 1283 2595 1337 αὐτῶν
2650 1284 2905 1353 ἀνομίαν,
2967 1281 3202 1354 πλησίον
3251 1282 3559 1350 γινόμενος,

312 1370 461 1424 trivit
498 1373 746 1424 lucernas
776 1371 886 1425 suis
918 1371 1185 1437 manibus,
1216 1381 1270 1425 et
1305 1387 1492 1429 cereos
1538 1374 1877 1428 cniicnlcavit

1984 1372 2103 1436 τούς
2163 1391 2221 1426 τε
2256 1369 2486 1443 λύχνους
2535 1377 2658 1438 ταῖς
2696 1375 2859 1438 ίδίαις
2897 1374 3055 1445 χερσὶ
3121 1374 3412 1445 συνέτριψε
3463 1373 3562 1427 καὶ

312 1463 558 1528 pedibus,
603 1462 683 1516 eis
740 1464 970 1518 dicens:
1006 1462 1059 1517 Si
1108 1465 1235 1518 deos
1290 1465 1616 1519 existimatis
1675 1466 1876 1522 habere

1984 1464 2104 1526 τοὺς
2131 1465 2418 1533 κηριόλους
2441 1467 2556 1529 τοῖς
2574 1466 2703 1519 ποσὶ
2740 1466 3136 1536 συνεπάτησεν,
3161 1466 3390 1535 φάσκων
3419 1467 3562 1536 πρὸς

310 1555 475 1621 vires,
502 1555 712 1624 seipsos
747 1554 1060 1609 defendant.
1094 1554 1276 1625 Mystze
1321 1568 1498 1610 autem
1555 1558 1875 1626 iniquitatis,

1984 1553 2176 1616 αὐτούς
2195 1570 2210 1587 ο
2235 1555 2298 1607 El
2321 1554 2578 1625 νομίζητε
2602 1556 2727 1619 τοὺς
2758 1555 2914 1619 θεοὺς
2942 1554 3098 1625 ὑμῶν
3126 1555 3274 1626 ἔχειν
3302 1554 3555 1625 δύναμιν,

309 1654 454 1699 rmtu
482 1654 806 1715 congregato
846 1645 1159 1715 impiorum,
1183 1646 1488 1700 clamabant
1520 1647 1780 1703 adversus
1809 1647 1868 1704 S.

1984 1644 2207 1708 ἑαυτοὺς
2230 1644 2700 1715 ἐκδικησάτωσαν.
2748 1647 2812 1700 Ἦ
2846 1646 2902 1700 δὲ
2934 1645 3134 1718 πρᾶξις
3159 1646 3255 1701 τοῦ
3284 1647 3554 1716 μακαρίου

311 1733 567 1800 Leonem,
602 1735 775 1805 utqui
807 1744 1077 1789 averteret
1101 1748 1243 1800 eam,
1280 1750 1399 1803 quae
1447 1751 1473 1787 a
1513 1733 1725 1791 (ortum
1755 1744 1877 1791 erat

1984 1733 2211 1798 Λέοντος
2251 1734 2370 1798 όδδς
2414 1730 2484 1806 ἦν
2526 1735 2621 1788 τοῦ
2668 1735 2975 1799 ἀποϐάντος
3032 1734 3182 1806 αύτῷ
3237 1735 3555 1806 μαρτυρίῳ·

311 1825 487 1879 oblata
519 1825 572 1880 in
605 1826 902 1890 civitatem,
932 1825 1383 1881 benevolentiam.
1415 1825 1548 1880 Cum
1598 1842 1726 1881 vero
1755 1841 1875 1881 cre-

1984 1824 2423 1896 προσευξάμενος
2449 1824 2543 1880 οὖν
2572 1825 2648 1896 τῷ
2683 1825 2895 1897 Κυρίῳ,
2933 1827 3112 1897 εἴχετο
3136 1825 3237 1895 τῆς
3262 1824 3556 1896 προκειμέ-

310 1916 476 1972 visset
505 1916 791 1981 tumultus,
824 1926 878 1972 et
904 1918 1044 1971 fama
1081 1926 1225 1974 esset
1262 1933 1358 1988 per
1385 1924 1553 1972 totam
1601 1918 1871 1973 civitatem

1984 1933 2083 1988 νης
2102 1917 2247 1971 ὁδοῦ.
2281 1918 2343 1971 Oi
2364 1916 2422 1971 δέ
2445 1917 2543 1988 τῆς
2566 1918 2801 1987 ἀνομίας
2826 1918 3026 1988 μύσται
3058 1918 3314 1988 σύστημα
3342 1917 3554 1971 ἀσεϐῶν

310 2007 427 2075 ejus
467 2008 609 2077 quod
639 2005 843 2063 factum
894 2007 1090 2073 fuerat,
1122 2016 1172 2063 et
1222 2009 1554 2076 pervenisset
1591 2010 1657 2063 ad
1713 2023 1875 2065 aures

310 2100 673 2164 procuratoris
718 2100 805 2168 qui
845 2110 976 2155 tunc
1007 2100 1418 2155 administrabat
1456 2100 1869 2169 rempublicam,

310 2204 407 2245 sua
465 2205 594 2245 usus
632 2191 936 2259 iniquitate,
964 2189 1116 2260 jubet
1178 2191 1380 2246 milites
1416 2192 1706 2246 observare
1760 2189 1878 2256 ejus

309 2281 570 2343 reditum,
602 2288 656 2335 et
688 2283 864 2334 virum
910 2281 1395 2349 comprehendere.
1424 2279 1491 2335 Et
1548 2280 1608 2336 S.
1657 2281 1877 2351 quidem

311 2369 421 2425 Leo
443 2380 529 2426 est
578 2385 855 2435 reversus,
881 2386 978 2438 per
1009 2387 1070 2428 se
1113 2373 1466 2429 considerans
1499 2373 1551 2428 id
1592 2372 1735 2442 quod
1759 2378 1880 2427 erat

310 2471 649 2527 eventurum,
676 2463 862 2520 oculos
884 2465 1078 2534 mentis
1105 2466 1172 2519 ad
1190 2462 1355 2518 Deum
1376 2462 1658 2519 extollens.
1681 2462 1881 2518 Milites

314 2569 442 2610 vero
478 2570 603 2610 cum
630 2568 800 2625 prope
827 2556 1210 2621 accessissent,
1241 2562 1297 2609 et
1340 2569 1461 2610 eam
1492 2552 1882 2625 apprehendis-

312 2655 435 2701 sent
466 2661 572 2701 non
620 2647 963 2703 resistentem
1015 2659 1192 2717 neque
1228 2646 1666 2709 tumultuantem,
1714 2644 1883 2700 addu-

311 2746 442 2792 cunt
475 2753 596 2793 eum
626 2738 692 2792 ad
732 2749 1164 2809 procuratorem.
1194 2738 1291 2793 ille
1341 2751 1471 2793 vero
1498 2746 1753 2807 tanquam
1781 2736 1882 2791 im-

314 2829 491 2885 manis
519 2830 762 2897 qnmdam
798 2828 936 2896 fera,
966 2844 1166 2884 vorans
1213 2830 1556 2898 sanguinem,
1588 2827 1777 2899 plenus
1796 2826 1878 2881 [ιι-

315 2933 457 2986 rare,
484 2922 803 2975 movebatur
824 2920 1086 2977 adversus
1122 2931 1439 2991 martyrem.

1992 2009 2465 2080 συγκροτήσαντες
2527 2009 2806 2063 κατεϐόων
2847 2008 2942 2062 τοῦ
2998 2009 3154 2077 ἁγίου
3205 2010 3451 2070 Λέοντος.
3487 2008 3564 2069 ὡς

1979 2100 2382 2169 ἀποστιφοντος
2430 2099 2529 2166 τὴν
2567 2099 2720 2171 παρὰ
2773 2103 2872 2171 τῆς
2922 2100 3092 2170 τύχης
3139 2101 3220 2163 είς
3265 2100 3366 2169 τὴν
3411 2097 3564 2154 πέλεν

1989 2186 2223 2241 εῦνοιαν.
2256 2188 2347 2251 ⁸ος
2371 2187 2428 2242 δὲ
2461 2191 2488 2242 6
2514 2187 2987 2260 θόρυϐοςέπηύξει
3015 2191 3110 2243 καὶ
3147 2191 3463 2259 περιηχεῖτο
3483 2191 3561 2252 εἰς

1983 2280 2167 2333 πᾶσαν
2188 2279 2288 2350 τὴν
2315 2280 2494 2345 πόλιν,
2522 2281 2585 2333 τὸ
2615 2280 2843 2349 γεγονὸς
2867 2276 3031 2350 ἦλθεν
3058 2281 3151 2334 καὶ
3174 2282 3253 2342 είς
3273 2280 3374 2339 τὰς
3391 2280 3554 2343 ἀκοὰς

1979 2368 2076 2423 τοῦ
2130 2370 2255 2423 τότε
2294 2371 2393 2441 τὴν
2441 2372 2616 2443 ἀρχὴν
2665 2370 3189 2443 παραφυλάσσοντος
3240 2370 3557 2441 ἐπιτρόπου,

1982 2462 2079 2516 καὶ
2112 2461 2290 2535 οἰκείᾳ
2322 2463 2669 2533 χρησάμενος
2696 2461 3019 2535 παρανομίᾳ
3045 2461 3374 2535 προστάττει
3397 2478 3561 2531 στραι-

1982 2553 2186 2617 τιώτας
2221 2556 2613 2630 παρατηρῆσαι
2648 2556 2749 2626 τὴν
2780 2556 2974 2610 τούτου
3010 2554 3270 2610 ἐπάνοδον
3310 2555 3402 2609 καὶ
3433 2554 3557 2607 συλ-

1982 2641 2168 2695 λαϐεῖν
2199 2643 2293 2698 τὸν
2345 2644 2537 2716 ἄνδρα.
2577 2645 2637 2699 ⁸0
2688 2647 2787 2717 μὲν
2815 2642 2912 2701 οὖν
2950 2646 3176 2718 ἐπανῄει
3215 2645 3341 2701 καθ’
3370 2645 3556 2700 ἐαυτὸν

1985 2734 2207 2789 σκοπῶν
2222 2735 2283 2789 τὸ
2312 2737 2750 2808 ἀποϐησόμενον,
2777 2738 2908 2801 τοὺς
2945 2738 3261 2809 ὀφθαλμοὺς
3313 2738 3414 2804 τῆς
3445 2738 3559 2790 δια-

1988 2827 2139 2890 νοίας
2195 2829 2494 2883 ἀνατείνων
2551 2830 2688 2900 πρὸς
2724 2830 2817 2885 τδν
2842 2831 2995 2885 Θεόν.
3038 2833 3101 2885 Οί
3134 2831 3192 2885 δέ
3233 2830 3559 2902 στρατιῶται

1985 2919 2215 2988 πλησίον
2241 2920 2530 2992 γενόμενοι
2559 2923 2654 2976 καὶ
2706 2922 3089 2993 ἐπιλαϐόμενοι
3135 2923 3235 2975 ούκ
3265 2922 3561 2991 ἀντιπράτο

309 3032 472 3070 τοντα
505 3017 625 3071 οὐδὲ
646 3016 1047 3089 θορυϐούμενον
1071 3017 1153 3089 τῷ
1174 3017 1458 3089 ἐπιτρόπῳ
1489 3017 1878 3086 προσάγουσιν.
1933 3014 1993 3068 Ὀ
2038 3014 2119 3081 δέ,
2153 3009 2245 3069 οἷά
2285 3032 2370 3077 τις
2428 3016 2533 3089 θὴρ
2559 3015 2877 3088 αίμοϐόρος,
2906 3018 3121 3090 πλήρης
3159 3017 3427 3089 ὑπάρχων
3457 3034 3561 3085 μα·

313 3113 452 3176 νίας,
485 3114 627 3166 κατὰ
669 3113 764 3166 τοῦ
828 3113 1106 3185 μάρτυρος
1131 3114 1387 3179 ἐκινεῖτο,
1454 3110 1809 3181 λογιζόμενος
1880 3109 2093 3180 μήποτε
2146 3110 2508 3182 συγχωρήσας
2569 3110 2670 3183 τὴν
2706 3111 2947 3184 πρᾶξιν·
3012 3110 3273 3183 πρόξενος
3338 3112 3561 3184 γένηται

312 3206 629 3277 παρρησίας
664 3206 1012 3274 Χριστιανοῖς
1037 3206 1138 3277 τῆς
1170 3207 1249 3272 είς
1278 3207 1346 3262 τὰ
1385 3206 1494 3260 τῶν
1531 3204 1801 3277 Ἑλλήνων
1829 3202 2023 3259 εἴδωλα
2056 3202 2424 3267 καταλύσεως.

388 3349 448 3406 ν.
478 3352 767 3420 Postquam
803 3360 982 3406 autem
1008 3352 1141 3406 vidit
1179 3367 1343 3423 prope
1365 3367 1486 3408 esse
1517 3352 1579 3405 Β.
1616 3350 1873 3413 Leonem,

2056 3364 2130 3421 E'.
2175 3366 2325 3419 Ἐπεὶ
2348 3365 2405 3419 δέ
2433 3363 2663 3434 πλησίον
2684 3363 2976 3432 γενόμενον
3004 3357 3143 3415 εἶδεν
3166 3360 3260 3414 τὸν
3287 3360 3555 3430 μακάριον

311 3442 496 3500 statim
528 3443 577 3497 ei
603 3444 800 3512 ohjecit
836 3444 1145 3508 audaciam,
1172 3442 1440 3514 qua‘usus
1482 3443 1657 3497 fuerat
1680 3441 1875 3497 adver-

312 3550 405 3590 sus
471 3536 746 3601 lucernas,
794 3536 986 3591 dicens
1018 3552 1032 3591 :
1064 3536 1188 3590 Mihi
1241 3533 1537 3602 videris,'o
1566 3550 1748 3600 senex,
1796 3534 1877 3590 vel

314 3633 565 3697 ignorare
615 3627 757 3681 vires
825 3629 1047 3687 deorum
1109 3627 1437 3694 caelestium,
1491 3627 1633 3697 quod
1692 3640 1879 3680 eorum

314 3730 530 3775 cvertas
585 3719 896 3788 religionem
941 3737 954 3773 :
1001 3727 1094 3771 aut
1151 3719 1414 3784 insanire,
1466 3728 1524 3771 ut
1568 3718 1658 3786 qui
1716 3717 1884 3771 iacias

314 3820 509 3881 praeter
548 3811 599 3866 id
627 3812 768 3881 quod
824 3810 1038 3864 videtur
1077 3809 1429 3864 divinissimis
1461 3812 1659 3863 nostris
1707 3808 1880 3877 impe-

316 3904 590 3963 ralnribus
616 3922 629 3959 :
659 3918 796 3973 quos
819 3903 1091 3958 secundos
1121 3913 1428 3958 servatores
1456 3913 1511 3958 et
1533 3903 1663 3957 deos
1680 3904 1883 3972 optime

315 3996 573 4052 incientes
613 4010 710 4050 nos
742 4009 1019 4049 vocamus.
1055 3997 1129 4049 Ad
1160 3995 1273 4050 haec
1307 3995 1440 4049 dixit
1478 3993 1586 4050 Leo
1645 3993 1872 4049 sanetis-

313 4089 481 4143 simus
516 4101 530 4137 :
563 4085 758 4140 Multos
783 4085 1035 4143 cmlestes
1064 4085 1193 4141 deos
1223 4086 1427 4152 dixisti,
1476 4100 1510 4140 ο
1537 4094 1877 4156 procurator.

312 4177 528 4233 Veritas
566 4186 746 4233 autem
782 4193 892 4236 non
917 4178 989 4233 ita
1020 4178 1225 4247 habet;
1263 4188 1347 4234 est
1390 4179 1534 4234 enim
1578 4192 1715 4234 "IIIIS
1748 4178 1884 4231 Deus

313 4269 614 4329 caelestium
677 4277 733 4325 et
785 4269 1148 4335 terrestrium,
1203 4268 1463 4326 Dominus
1514 4278 1697 4324 noster
1724 4268 1883 4326 Jesus

312 4361 580 4428 Christus,
616 4359 786 4416 Filius
837 4359 930 4415 Dei
966 4360 1095 4425 vivi,
1151 4360 1243 4430 qui
1299 4376 1408 4417 non
1459 4361 1622 4416 habet
1651 4376 1789 4431 Opus
1822 4371 1881 4415 ut

1983 3461 2213 3524 Λέοντα,
2239 3459 2444 3523 εὐθέως
2466 3459 2664 3528 ἐνῆγεν
2692 3458 2793 3529 τὴν
2821 3458 2948 3526 περὶ
2975 3457 3101 3518 τοὺς
3132 3454 3361 3526 λύχνους
3380 3454 3559 3507 αὐτῶν

1981 3552 2283 3623 γενομένην
2311 3552 2538 3622 τόλμαν,
2563 3550 2737 3619 λέγων
2758 3566 2773 3581 ο
2822 3550 2975 3619 Ἐμοὶ
3014 3548 3214 3610 δοκεῖς,
3256 3546 3555 3618 πρεσϐύτα,

1980 3643 2014 3715 ἢ
2042 3642 2142 3712 τὴν
2165 3644 2273 3697 τῶν
2307 3642 2650 3712 ἐπουρανίων
2683 3640 2822 3695 θεῶν
2848 3640 3063 3708 ἀγνοεῖν
3090 3640 3344 3709 δύναμιν,
3367 3640 3554 3709 ὅτιπερ

1980 3736 2077 3796 τὰς
2091 3735 2269 3787 αὐτῶν
2285 3733 2584 3804 θρησκείας
2600 3732 2926 3801 ἀνατρέπεις
2948 3732 3013 3801 ’ἦ
3040 3731 3344 3800 μεμηνέναι
3372 3731 3546 3798 πράτ-

1982 3844 2088 3880 των
2116 3825 2186 3879 τὰ.
2218 3827 2367 3893 παρὰ
2399 3825 2460 3879 τὸ
2510 3825 2702 3879 δοκοῦν
2740 3826 2852 3888 τοῖς
2884 3823 3183 3885 θειοτάτοις
3210 3821 3371 3892 ἡμῶν
3401 3821 3552 3890 βασι-

1984 3917 2188 3983 λεῦσιν,
2238 3916 2330 3981 οὒς
2385 3916 2675 3987 δευτέρους
2720 3915 2974 3986 σωτῆρας
3009 3915 3100 3970 καὶ
3146 3914 3301 3975 θεοὺς
3357 3912 3547 3983 ἄριστα

1989 4007 2277 4070 ποιοῦντας
2322 4006 2706 4078 άποκαλοῦμεν
2740 4009 2925 4079 ἡμεῖς.
2958 4006 3103 4078 Πρὸς
3128 4004 3301 4058 ταῦτα
3328 4004 3356 4055 6
3386 4002 3550 4072 ἁγιώ-

1984 4116 2143 4163 τατος
2166 4100 2318 4153 Λέων
2372 4096 2476 4169 ἔφη
2500 4115 2512 4129 ·
2546 4099 2784 4162 Πολλοὺς
2807 4098 2968 4161 αὐτὸς
3006 4095 3369 4166 ἐπουρανίους
3401 4094 3551 4157 θεοὺς

1985 4190 2212 4262 εἴρηκας
2235 4208 2247 4221 ·
2287 4189 2402 4261 ἔχει
2432 4190 2487 4245 δὲ
2521 4191 2619 4260 οὐχ
2644 4187 2839 4253 οὕτως,
2863 4182 2908 4242 ὦ
2933 4188 3217 4259 ἐπίτροπε,
3234 4189 3268 4254 η
3296 4185 3550 4256 ἀλήθεια·

1985 4276 2062 4341 εἷς
2099 4280 2207 4352 γὰρ
2236 4283 2264 4334 6
2288 4281 2395 4334 τῶν
2423 4280 2763 4350 ἐπουρανίων
2795 4279 2889 4333 καὶ
2914 4278 3173 4347 ἐπιγείων
3215 4275 3367 4340 Θεὸς,
3399 4275 3428 4325 6
3451 4272 3555 4327 Κύ-

1987 4388 2100 4442 ριος
2134 4372 2289 4441 ἡμῶν
2334 4370 2538 4442 Ἰησοῦς
2564 4370 2798 4441 Χριστὸς
2836 4372 2866 4425 6
2895 4370 3021 4434 Υἱὸς
3047 4368 3143 4422 τοῦ
3178 4368 3337 4431 Θεοῦ,
3379 4364 3556 4420 τοιαύ-

312 4455 389 4509 sic
416 4455 621 4509 colatur
654 4455 722 4509 ab
779 4454 1116 4509 horninibus.
1147 4451 1381 4521 Spiritus
1414 4452 1558 4507 enim
1592 4456 1877 4518 contritus,

1986 4483 2084 4535 της
2134 4465 2433 4537 θεραπείας
2473 4466 2626 4536 παρὰ
2663 4465 2773 4517 τῶν
2831 4461 3135 4534 ἀνθρώπων
3187 4462 3249 4515 ού
3305 4459 3550 4532 χρῄζων·

312 4556 364 4601 et
392 4547 570 4600 anima
599 4562 719 4616 quae
735 4544 1020 4601 consuevit
1047 4544 1324 4599 humiliter
1343 4543 1410 4598 de
1431 4558 1491 4598 se
1510 4544 1729 4609 sentire,
1758 4554 1882 4598 sunt

311 4642 451 4710 apud
487 4638 648 4694 Deum
680 4640 734 4693 in
762 4654 952 4708 magna
974 4638 1396 4693 existimatione.
1426 4636 1681 4692 Lucerna:
1699 4648 1879 4693 autem

311 4744 366 4788 et
421 4734 563 4787 cerei
618 4732 708 4803 qui
758 4731 900 4785 circa
954 4728 1247 4784 simulacra
1311 4730 1699 4796 accenduntur,
1755 4739 1882 4784 sunt

313 4830 433 4885 vani
462 4836 516 4881 et
547 4826 735 4880 inanes
759 4825 1013 4893 quoniam
1050 4824 1254 4879 sentire
1279 4837 1386 4878 non
1410 4832 1633 4891 possunt
1663 4823 1799 4891 lapis
1829 4832 1883 4878 et

311 4935 385 4974 a-s
421 4928 474 4973 et
509 4920 735 4987 lignum,
764 4931 884 4986 quae
906 4915 974 4969 ab
1012 4916 1289 4970 hominum
1319 4923 1436 4969 arte
1458 4924 1581 4971 sunt
1606 4923 1879 4970 exstructa

317 5023 368 5067 et
398 5011 681 5065 fabricata.
717 5008 773 5064 Si
821 5024 971 5077 vero,
999 5024 1032 5063 ο
1078 5018 1423 5080 procurator,
1465 5024 1586 5063 eum
1634 5008 1723 5077 qui
1754 5022 1881 5064 vere

312 5114 395 5159 est
432 5103 574 5157 Deus
631 5102 986 5171 intelligeres,
1043 5118 1148 5156 non
1206 5102 1346 5157 hanc
1403 5102 1682 5156 materiam
1736 5101 1883 5156 nullo

312 5213 473 5251 sensu
500 5195 780 5263 praeditam
815 5197 1137 5250 honorasses
1164 5195 1366 5248 honore
1387 5192 1682 5249 suﬂituum.
1713 5192 1881 5248 Cessa

312 5305 441 5360 ergo
473 5286 526 5343 in
550 5288 635 5345 his
671 5289 870 5343 frustra
896 5289 1162 5351 laborare,
1192 5301 1243 5342 et
1269 5290 1425 5341 lauda
1456 5286 1621 5342 Deum
1666 5290 1883 5341 univer-

311 5398 519 5445 sorum,
554 5390 607 5435 et
638 5380 755 5450 ejus
809 5379 1006 5435 Filium
1062 5381 1417 5448 unigenitum,
1453 5377 1737 5434 Dominum
1781 5394 1881 5432 no-

312 5487 454 5533 lrtgm
485 5474 670 5531 Iesum
732 5471 1033 5536 Christum,
1077 5473 1425 5527 Servatorem
1458 5472 1641 5527 mundi
1675 5483 1729 5527 ct
1752 5471 1882 5542 Opi-

314 5574 465 5623 ticem
499 5567 806 5621 animarqu
840 5575 1173 5622 nostrarmn.
1211 5565 1289 5618 Ad
1321 5566 1431 5619 hanc
1464 5565 1600 5621 dixit
1623 5579 1882 5633 procura-

315 5672 398 5712 tor
438 5677 452 5713 :
485 5658 602 5714 Non
649 5657 974 5727 respondisti
1003 5658 1055 5712 in
1090 5658 1374 5725 praesentia
1400 5659 1465 5711 ad
1500 5656 1728 5712 crimina
1762 5673 1882 5728 qum

312 5750 406 5807 tibi
452 5749 801 5819 objiciuntur,
870 5748 962 5805 sed
1027 5748 1129 5802 alia
1204 5747 1384 5803 dixisti
1432 5762 1530 5817 pro
1566 5747 1707 5803 aliis.
1750 5747 1879 5803 Nam

1984 4555 2200 4627 πνεῦμα
2228 4556 2337 4626 γὰρ
2361 4553 2824 4628 συντετριμμένον
2882 4552 3032 4624 παρὰ
3062 4550 3182 4622 Θεῷ
3210 4550 3433 4617 δόκιμον
3462 4547 3551 4600 καὶ

1981 4647 2127 4720 ψυχὴ
2168 4646 2615 4715 ταπεινοφρονεῖν
2653 4644 2969 4713 εἰθισμένη·
3028 4639 3214 4714 λύχνοι
3239 4641 3297 4695 δὲ
3328 4640 3424 4693 καὶ
3453 4657 3551 4709 κη-

1988 4740 2155 4811 ριόλοι
2189 4740 2237 4793 oi
2292 4737 2423 4807 περὶ
2466 4735 2536 4789 τά
2598 4733 2790 4790 είδωλα
2826 4734 3083 4802 μάταιοιο
3140 4730 3267 4785 ἐπεὶ
3314 4730 3446 4800 μηδέ
3478 4729 3553 4790 είς

1983 4832 2234 4901 αῐσθησιν
2267 4830 2442 4885 ἐλθεῖν
2462 4828 2738 4892 δύνανται,
2767 4827 2859 4879 ὅτε
2939 4823 3106 4889 λίθος,
3156 4824 3250 4877 καὶ
3279 4825 3306 4877 6
3331 4821 3548 4893 χαλκὸς,

1984 4925 2080 4980 καὶ
2100 4923 2159 4977 τὸ
2191 4923 2368 4989 ξύλον,
2393 4924 2457 4975 ἐκ
2473 4922 2671 4993 τέχνης
2687 4919 2785 4976 ἀνθ
2795 4919 2991 4991 ρώπων
3012 4915 3545 4985 κατασκευαζόμενα·

1983 5019 2031 5071 εί
2057 5017 2114 5070 δὲ
2144 5017 2337 5081 ἐνόεις,
2360 5008 2405 5069 ὦ
2440 5013 2731 5085 ἐπίτραπε,
2776 5010 2868 5064 τὸν
2898 5010 3069 5073 ὅντως
3104 5008 3237 5062 Θεόν
3267 5009 3368 5061 οὐκ
3397 5005 3461 5060 ἂν
3486 5006 3547 5076 τῇ

1986 5107 2088 5179 ὕλῃ
2138 5106 2308 5178 ταύτῃ
2342 5103 2635 5178 προσῆψας
2681 5102 2847 5173 τιμὴν
2882 5100 3246 5172 θυμιαμάτων
3295 5095 3548 5164 ἀναισθη-

1983 5198 2155 5253 τοῦσι.
2191 5197 2405 5252 Παῦσαι
2459 5192 2554 5251 οὖν
2590 5196 2691 5265 τῆς
2743 5194 2999 5264 τοιαύτης
3061 5190 3443 5261 ματαιοποιίας
3465 5186 3551 5240 καὶ

1982 5290 2172 5357 δόξαζε
2199 5289 2289 5342 τὸν
2318 5289 2411 5344 ἐπὶ
2436 5288 2654 5345 πάντων
2700 5286 2831 5340 Θεὸν
2871 5286 2964 5339 καὶ
3001 5284 3093 5337 τὸν
3123 5283 3252 5335 Υἱδν
3279 5280 3443 5334 αὑτοῦ
3464 5279 3549 5331 τὸν

1986 5381 2277 5452 μονογενῆ,
2332 5382 2421 5436 τὸν
2463 5380 2665 5452 Κύριον
2702 5377 2861 5449 ἡμῶν
2921 5375 3128 5447 Ἰησοῦν
3185 5372 3440 5446 Χριστὸν,
3467 5371 3550 5423 τὸν

1984 5472 2212 5543 Σωτῆρα
2270 5471 2364 5525 τοῦ
2430 5475 2636 5541 κόσμου
2691 5471 2784 5523 καὶ
2836 5467 3175 5539 Δημιουργὸν
3228 5464 3336 5517 τῶν
3374 5462 3551 5532 ψυχῶν

1986 5564 2144 5637 ἡμῶν
2166 5581 2179 5595 ο
2210 5565 2345 5634 πρὸς
2361 5564 2533 5617 ταῦτα
2556 5565 2583 5616 6
2614 5561 2910 5632 ἐπίτροπος
2947 5559 3050 5629 ἔφη
3080 5575 3093 5587 ’
3127 5559 3241 5610 Οὐκ
3265 5553 3550 5622 ἀπολογίαν

1987 5656 2127 5728 ὑπὲρ
2158 5651 2232 5712 ὧν
2268 5657 2473 5728 ἐγκαλῇ
2518 5655 2655 5726 πρὸς
2686 5654 2746 5706 τὸ
2780 5651 2955 5723 παρὸν
2982 5652 3228 5721 εἴρηκας,
3260 5648 3373 5700 ἀλλ’
3396 5646 3552 5713 ἓτερα

1987 5751 2100 5804 ἀνθ’
2140 5751 2379 5823 ἐτέρων·
2444 5747 2848 5819 ἐγκαλούμενος
2912 5745 3021 5815 γὰρ
3074 5743 3202 5815 περὶ
3238 5741 3343 5794 τῶν
3397 5738 3548 5803 θεῶν,
