3820 6466
269 443 406 507 1457

1258 451 1430 511 νΙΤΑ
1468 452 1572 515 SS.
1619 453 1903 515 LEONIS
1941 451 2037 511 ET
2070 451 2521 512 PAREGORII.

3368 453 3503 516 1458

260 558 504 627 περὶτοῦ
533 560 964 632 Χριστιανισμοῦ
1006 565 1278 627 διδάσκεις
1314 565 1633 636 προθύμωςο
1668 566 1825 637 χάρις

1934 577 2055 617 cum
2098 564 2165 616 de
2195 564 2259 616 iis
2289 559 2581 624 accuseris,
2613 568 2865 630 prompto
2905 568 2961 614 et
2995 558 3158 614 alacri
3193 560 3373 613 animo
3407 563 3505 614 do-

258 653 315 705 δὲ
341 654 450 715 τοῖς
485 652 648 717 θεοῖς,
683 657 797 717 τοῖς
834 656 909 728 μὴ
944 657 1167 710 ἐάσασίν
1215 674 1274 710 σε
1304 657 1579 712 διαλαθεῖν
1604 660 1830 715 τοιαῦτα

257 741 645 810 τολμήσαντα’
677 744 710 814 ἢ
749 744 928 798 τοίνυν
973 745 1236 813 ὲπίγνωθι
1275 747 1402 810 τοὺς
1446 747 1603 810 θεοὺς
1640 749 1736 802 καὶ
1762 749 1831 803 τά

262 831 387 900 ίερά
421 833 502 894 είς
531 833 727 897 αὐτοὺς
761 836 1144 906 ὲπιπλήρωσον
1165 839 1231 908 τῇ
1263 837 1455 910 γνώμῃ
1484 839 1591 892 τῶν
1625 840 1832 909 παρόν-

258 936 366 972 των
401 921 742 992 πειθόμενος,
776 925 807 995 ἢ
836 925 977 997 ὑπὲρ
1029 920 1102 980 ὧν
1136 928 1462 1000 ἐτόλμησας,
1510 930 1599 994 δὸς
1621 931 1719 1003 τὴν
1749 948 1830 985 τι-

262 1015 498 1084 μωρίαν.

329 1132 419 1196 (τ’.
452 1131 591 1200 Πρὸς
619 1132 791 1186 ταῦτα
846 1136 876 1187 ὀ
915 1135 1127 1205 μάρτυς
1177 1134 1364 1192 εἶπενο
1411 1138 1568 1209 Ἐμοὶ
1601 1140 1700 1211 μὲν
1732 1140 1830 1211 ἡδὺ

258 1216 346 1292 ἦν,
387 1223 522 1292 μηδὲ
559 1224 653 1277 ἕνα
686 1225 717 1294 ἢ
750 1225 1005 1296 δεύτερον
1042 1230 1325 1300 όλισθῆσαι
1358 1233 1459 1302 τῆς
1500 1234 1830 1304 ἐπουρανίου

256 1314 533 1379 γνώσεως,
561 1313 622 1367 οὔ
651 1316 705 1368 τί
735 1333 797 1386 γε
823 1319 930 1388 μὴν
955 1318 1207 1373 τοσοῦτον
1242 1321 1471 1389 πλῆθος’
1529 1323 1720 1394 ἐπειδὴ
1773 1323 1832 1378 δὲ

257 1405 370 1472 ὁρῶ
386 1407 512 1469 τοὺς
527 1407 755 1471 πολλοὺς
772 1411 1081 1480 μεμηνότας
1112 1413 1362 1476 ἀνοσίως.
1389 1415 1462 1485 μὴ
1489 1421 1716 1487 νομίσῃς
1738 1416 1833 1470 ἕνα

262 1514 330 1565 με
358 1498 562 1552 τούτων
598 1497 761 1564 εἶναι,
818 1503 1145 1571 Χριστιανὸν
1183 1504 1345 1560 ὅντα·
1389 1504 1503 1574 εγὼ
1536 1506 1645 1578 γὰρ
1683 1507 1833 1561 ἔνδον

258 1588 399 1658 ἔχων
428 1590 495 1642 τά
545 1591 878 1645 ἀποστολικά
916 1595 1378 1665 παραγγέλματα,
1437 1595 1650 1660 τούτοις
1693 1599 1833 1669 πρὸς

259 1680 505 1752 ὑπακοὴν
534 1685 829 1754 χρήσομαι.
857 1685 919 1737 Εἰ
944 1684 1001 1737 δὲ
1027 1687 1299 1756 τιμωρίαν
1322 1689 1414 1741 ἐπὶ
1439 1688 1650 1752 τούτοις
1665 1690 1834 1743 ἀπαισ

257 1773 391 1834 τετς.
431 1773 504 1841 μὴ
542 1773 772 1843 βράδυνε
796 1792 809 1805 ·
838 1776 900 1831 οὐ
924 1778 1033 1848 γάρ
1064 1777 1152 1831 διὰ
1180 1779 1278 1849 τὴν
1304 1781 1670 1853 νομιζομένην
1698 1784 1832 1853 παρ’

261 1861 390 1931 ὑμῖν
451 1862 762 1933 βαρυτάτην
828 1866 1061 1935 βάσανον
1097 1870 1425 1940 φυλάξομαι,
1483 1873 1619 1926 ἀλλά
1654 1875 1831 1928 πάντα
1858 1894 1907 1954 Β

260 1952 557 2021 ὑπομένειν
610 1956 844 2024 ἑτοίμως
890 1958 1021 2029 ἔχω,
1075 1960 1216 2031 ὑπὲρ
1240 1961 1334 2014 τοῦ
1367 1964 1442 2034 μή
1498 1982 1620 2018 τινα
1645 1964 1827 2021 δοῦναι

263 2043 388 2096 καθ’
420 2044 575 2113 ἡμῶν
604 2045 681 2114 τῷ
715 2046 946 2117 διαϐόλῳ
978 2048 1180 2120 χώραν.
1212 2051 1277 2105 Ei
1331 2051 1388 2105 δὲ
1420 2053 1494 2122 μὴ
1537 2054 1735 2117 πάντες
1762 2057 1832 2110 τά

262 2136 402 2189 αύτά
427 2138 714 2206 φρονοῦσιν
766 2142 918 2210 ἡμῖν,
965 2142 1220 2212 ζήσονται
1269 2144 1367 2215 τὴν
1405 2146 1662 2217 τοιαύτην
1685 2146 1831 2218 ζωὴν

263 2227 455 2296 μόνην.
492 2227 554 2281 'H
587 2230 695 2300 γὰρ
726 2230 996 2300 μέλλουσα
1030 2233 1143 2305 ζωὴ
1176 2235 1265 2288 διὰ
1293 2235 1401 2290 τῶν
1435 2239 1694 2294 τοιούτων
1715 2239 1830 2294 θλί-

256 2316 405 2385 ψεων
431 2323 799 2388 περιποιεῖται
825 2337 841 2352 ⁶
872 2322 1044 2386 οὕτως
1072 2325 1181 2396 γάρ
1205 2327 1238 2394 ή
1268 2327 1459 2397 Γραφὴ
1510 2328 1680 2398 λέγει,
1712 2351 1832 2389 στε-

259 2409 358 2476 νὴν
404 2404 543 2462 εἶναι
576 2411 668 2463 καὶ
700 2412 1069 2484 τεθλιμμένην
1101 2419 1201 2487 τὴν
1231 2419 1349 2472 ὁδὸν
1387 2422 1485 2491 τὴν
1506 2425 1831 2494 ἀπάγουσαν

258 2500 339 2561 εἰς
368 2499 465 2569 τὴν
491 2501 708 2555 αίώνιον
729 2502 896 2573 ζωήν.
928 2505 987 2558 Ὀ
1010 2508 1308 2579 ἐπίτροπος
1336 2507 1490 2567 εἶπεν
1508 2532 1521 2546 ·
1554 2516 1619 2571 Ei
1646 2518 1830 2573 τοίνυν

257 2590 423 2654 αὐτὸς
465 2593 766 2661 ὁμολογεῖς,
805 2597 1000 2670 στενὴν
1029 2595 1170 2654 εῖναι
1213 2603 1308 2657 καὶ
1330 2605 1698 2680 τεθλιμμένην
1727 2611 1829 2684 τὴν

258 2681 390 2751 παρ’
419 2682 547 2751 ὑμῖν
604 2684 743 2753 ὁδὸν,
776 2687 869 2741 ἐπὶ
899 2691 1001 2761 τὴν
1049 2693 1328 2765 ἡμετέραν
1374 2697 1544 2753 οὖσαν
1566 2681 1830 2759 πλατεῖαν

258 2772 355 2824 καὶ
381 2771 631 2841 βελτίονα
671 2778 995 2850 μετάστηθι.
1041 2783 1099 2836 '0
1125 2783 1283 2852 ἅγιος
1319 2789 1474 2843 Λέων
1498 2784 1685 2845 εἶπεν·
1716 2797 1831 2870 Οὐχ

256 2864 431 2961 οὕτως
473 2864 785 2961 ἔφηνεῖναι
827 2872 1020 2945 στενὴν
1052 2875 1127 2941 ὡς
1184 2878 1258 2951 μὴ
1297 2885 1495 2953 χωρεῖν
1525 2889 1650 2952 τοὺς
1676 2864 1830 2961 βαδίΙ

257 2954 454 3054 ζοντας
473 2973 488 2989 ο
525 2959 710 3014 πολλοὶ
759 2963 868 3037 γάρ
890 2966 983 3019 ἐπὶ
1013 2969 1220 3041 ταύτην
1247 2974 1344 3046 τὴν
1365 2979 1659 3054 καλλίστην
1676 2954 1688 2961 '
1708 2984 1829 3041 ὁδὸν

258 3049 560 3119 ἐπέδησαν,
593 3053 730 3108 ἀλλά
762 3057 924 3129 στενὴ
971 3060 1210 3131 εἴρηται,
1235 3066 1360 3136 ἥτις
1389 3071 1527 3138 μετά
1558 3049 1826 3147 στενοχω-

260 3140 404 3237 ρίας,
438 3145 546 3237 καὶ
595 3146 846 3217 θλίψεως,
875 3151 970 3205 καὶ
1016 3154 1285 3229 ἀνάγκης,
1332 3162 1426 3217 καὶ
1458 3163 1703 3237 διωγμοῦ
1718 3140 1825 3225 ’τοῦ

257 3233 401 3305 ὑπὲρ
428 3236 774 3314 δικαιοσύνης
811 3246 924 3308 τοῖς
949 3244 1096 3300 οὕτω
1126 3253 1574 3323 προστιθεμένοις
1598 3233 1825 3329 Ὗβαδίζε-

254 3343 344 3379 ται
369 3343 385 3360 ο
424 3330 537 3392 τοῖς
565 3331 674 3403 γάρ
698 3339 1155 3409 προαιρουμένοις
1195 3342 1370 3399 ταῦτα
1398 3347 1430 3417 ἡ
1475 3348 1658 3417 πίστις
1687 3353 1824 3409 πλα-

252 3419 458 3491 τυτάτη
495 3422 769 3492 όδηγοῦσα
807 3430 863 3480 ὲν
886 3432 1006 3495 ταῖς
1029 3431 1188 3498 ίδίαις
1217 3438 1441 3508 ἀρεταῖς
1461 3456 1475 3472 ⁸
1506 3444 1622 3508 πῶς
1640 3446 1697 3499 δὲ
1726 3449 1825 3503 οὐκ

251 3511 625 3615 ἀποφήνῃ,
680 3524 779 3591 τὴν
811 3523 910 3593 μὲν
944 3529 1077 3598 παρ’
1132 3531 1269 3600 ἡμῖν
1294 3532 1601 3610 λεγομένην
1633 3542 1824 3615 στενὴν

252 3607 373 3661 ὁδὸν
404 3608 753 3685 πλατυτάτην
779 3620 859 3681 είς
906 3622 1180 3692 σωτηρίαν
1231 3622 1408 3696 εἷναι;
1444 3607 1632 3699 μαθων
1661 3635 1735 3699 ὡς
1760 3607 1824 3691 ἐκ

255 3699 493 3761 πίστεως
543 3703 662 3767 ἑνὸς
738 3711 1081 3780 προπάτορος
1138 3716 1394 3788 Ἀϐραάμ
1450 3723 1824 3796 ἀναρίθμητον

255 3790 459 3858 πλῆθος
492 3795 550 3846 ἐν
586 3796 767 3851 πίστει
802 3799 1128 3866 δικαιοῦται,
1170 3807 1583 3880 ἀναπαυόμενον
1610 3815 1668 3869 ἐν
1712 3820 1826 3883 τοῖς

252 3883 476 3947 κόλποις
499 3887 665 3940 αὑτοῦ
691 3904 706 3920 ο
734 3888 832 3960 τὴν
859 3892 915 3944 δὲ
943 3895 1074 3966 παρ’
1105 3897 1236 3965 ὑμῖν
1263 3902 1523 3957 πλατεῖαν
1558 3906 1676 3961 ὁδὸν
1700 3925 1823 3962 στε-

253 3972 350 4044 νὴν
385 3971 526 4030 εἶναι
558 3980 698 4033 κατά
746 3982 1007 4038 ἀπιστίαν
1055 3988 1151 4041 καὶ
1179 3990 1375 4062 ἀληθὲς
1398 3996 1589 4050 τοῦτο·
1622 4000 1679 4053 αί
1712 4001 1823 4074 γὰρ

250 4066 446 4161 ἀρεταὶ
504 4070 759 4142 διαφοραὶ
810 4078 904 4130 καὶ¹
951 4080 1201 4136 πλατεῖαι
1257 4090 1653 4159 τυγχάνουσαι,
1708 4066 1822 4161 τοῖς

248 4155 501 4228 ἀπείροις
534 4166 720 4217 στεναὶ
751 4169 849 4219 καὶ
881 4169 1073 4223 ἄϐατοι
1099 4155 1528 4249 καθεστήκασιν.

317 4247 392 4303 Z’.
424 4251 656 4307 Πλείονα
687 4253 781 4311 οὖν
811 4259 1195 4332 διαλεγομένου
1228 4247 1333 4320 τοῦθ
1377 4271 1532 4339 ἀγίου
1592 4275 1821 4342 Λέοντος

250 4341 345 4438 καὶ
397 4342 633 4413 ίσχυρῶς
685 4353 1077 4422 συνισταμένου
1108 4355 1187 4427 τῷ
1228 4362 1356 4431 περὶ
1385 4362 1817 4438 Χ⁸ριστιανισμοῦ

247 4432 411 4504 λόγῳ,
437 4435 496 4488 τὸ
518 4438 628 4491 τῶν
657 4440 835 4496 ἀθέων
873 4444 1142 4501 Ἰουδαίων
1163 4467 1223 4502 τε
1250 4454 1344 4506 καὶ
1381 4455 1657 4527 Ἑλλήνων
1681 4432 1818 4533 πλῆ-
1845 4461 1848 4463 “

246 4525 338 4588 θος
361 4527 579 4593 ἀνεϐόα,
615 4531 800 4596 ἀξιοῦν
832 4535 908 4607 μὴ
937 4544 1242 4612 συγχωρεῖν
1288 4545 1451 4601 αὐτὸν
1490 4525 1669 4605 λαλεῖν
1716 4525 1819 4611 ὅσα
1849 4557 1894 4614 ο

245 4615 520 4684 βούλεται.
562 4621 621 4675 ’0
648 4622 742 4677 οὖν
776 4626 1072 4699 ἐπίτροπος
1107 4633 1243 4702 πρὸς
1270 4637 1341 4690 τά
1369 4640 1518 4710 παρά
1563 4642 1657 4696 τού
1681 4645 1819 4718 πλή-

245 4709 372 4808 θους
400 4712 668 4784 εἰρημένα
718 4722 917 4791 φησιν’
984 4725 1126 4794 Ἐγὼ
1174 4728 1268 4781 καὶ
1298 4709 1459 4801 λόγου
1505 4709 1817 4808 παρρησίαν

242 4803 382 4866 τέως
416 4808 754 4880 μεταδίδωμι
795 4816 891 4868 καὶ
922 4817 1109 4891 κοινὴν
1154 4821 1339 4890 φιλίαν
1377 4803 1688 4900 πειθομένιρ
1705 4833 1817 4894 τοῖς

243 4896 389 5007 θεοῖς
408 4899 904 5007 ὑπισχνοῦμαι.-⁹Ο
933 4909 991 4963 δὲ
1039 4912 1194 5007 ἆγθός
1222 4932 1391 4987 φησιν
1410 4934 1425 4950 ⁸
1466 4896 1667 4991 Είμὲν⁷
1691 4924 1815 4979 ἐπι-

241 4987 468 5061 λέλησαι
499 4994 609 5047 τῶν
636 4995 787 5065 ἐμῶν
818 4997 1014 5070 λόγων,
1044 4987 1327 5077 ὲπῖτροπε,
1363 5011 1544 5076 καλῶς
1561 4987 1666 5069 Ὕκαὶ
1693 5016 1814 5070 δεύ-

240 5177 465 5231 δυνατδν
492 5185 603 5245 τοῖς
651 5183 811 5252 φύσει
854 5186 929 5258 μὴ
960 5184 1080 5243 οὖσι
1113 5191 1255 5256 θεοῖς
1284 5197 1647 5253 συντίθεσθαι.
1688 5201 1814 5272 Ὀρ-

186 5284 196 5334 ;
243 5269 407 5335 γέλως
429 5270 521 5324 οὖν
542 5273 808 5339 διατεθεὶς
832 5280 959 5348 περὶ
985 5281 1112 5344 τοὺς
1135 5282 1349 5352 λόγους,
1382 5287 1593 5341 κελεύει
1622 5269 1816 5356 μαστί-

189 5366 195 5373 ’
246 5363 431 5427 ςεσθαι
461 5367 522 5418 τὸ
541 5366 719 5434 τίμιον
754 5369 915 5440 σῶμα
938 5373 1032 5426 τοῦ
1066 5374 1376 5449 μάρτυρος·
1400 5380 1475 5444 ὡς
1506 5380 1562 5434 δὲ
1593 5382 1652 5436 τὸ
1677 5383 1814 5454 πλῆ..

242 5456 332 5546 θος
357 5456 462 5508 τῶν
493 5458 717 5529 πληγῶν
751 5462 891 5534 ὑπὲρ
926 5465 1160 5535 ἀριθμὸν
1205 5464 1272 5540 ἦν
1301 5471 1333 5541 ἢ
1363 5472 1507 5525 κατά
1534 5474 1812 5546 ὑπομονὴν

243 5545 493 5613 σώματος
520 5548 950 5621 ἀνθρωπίνου,’ὁ
999 5558 1381 5626 γενναιότατος
1433 5563 1671 5637 ἀθλητὴς
1718 5568 1809 5622 τοῦ

240 5639 479 5707 Χριστοῦ
502 5644 639 5710 πρὸς
664 5646 814 5700 οὐδὲν
846 5649 954 5702 τῶν
986 5655 1375 5723 πραττομένων
1407 5657 1671 5715 διετίθετο
1691 5664 1809 5716 οὐδὲ

238 5727 342 5791 ἕως
371 5731 706 5802 βραχυτάτου
736 5741 1038 5811 στεναγμοῦ
1077 5744 1449 5816 φθεγξάμενος
1475 5766 1487 5780 ·
1517 5747 1659 5824 εἶχεν
1700 5754 1807 5827 γὰρ

292 5854 771 5916 ’λίυι’1ι.γιι.ίί.

1931 667 2024 707 ccs
2050 652 2114 707 de
2144 651 2584 707 Christianismo.
2615 650 2726 705 Diis
2764 660 2944 705 autem
2991 650 3187 719 gratia,
3246 651 3337 719 qui
3392 667 3499 705 non

1933 743 2177 797 siverunt
2212 751 2265 797 te
2294 742 2481 805 latere,
2513 757 2638 797 cum
2668 744 2782 797 lucc
2811 756 2975 796 ausus
3008 742 3198 796 fueris.
3230 742 3338 795 Aut
3370 757 3499 810 ergo

1935 848 2170 902 agnosce
2226 834 2377 898 deos,
2411 845 2467 888 et
2492 831 2654 902 imple
2699 848 2886 887 eorum
2943 847 3120 895 sacra,
3171 848 3359 887 eorum
3408 833 3498 900 qui

1934 926 2154 987 adsunt,
2210 939 2406 993 parens
2460 925 2741 978 sententia:
2771 941 2784 978 :
2819 932 2911 977 aut
2960 923 3026 977 da
3081 937 3264 991 plenas
3286 937 3502 989 eorum,

1933 1026 2057 1082 quae
2088 1025 2255 1065 ausus
2279 1026 2338 1065 es
2366 1011 2672 1073 admittere,

2004 1120 2071 1175 Vl
2123 1122 2205 1177 Ad
2248 1122 2362 1176 hanc
2403 1122 2538 1175 dixit
2587 1130 2793 1193 martyr
2825 1141 2838 1177 :
2868 1121 2997 1177 Mihi
3046 1123 3263 1192 quidem
3314 1122 3507 1179 luisset

1928 1211 2254 1284 jucundum,
2292 1213 2496 1267 nullum
2554 1212 2646 1268 hic
2676 1228 2799 1269 esse
2847 1213 3056 1282 lapsum
3109 1230 3140 1269 a
3173 1216 3383 1270 cmlesti
3412 1231 3505 1270 co-

1933 1304 2177 1377 gnitione
2200 1320 2308 1359 non
2337 1303 2509 1359 solum
2534 1313 2744 1359 tantam
2772 1304 3200 1361 mollitudinem.
3230 1305 3500 1372 QuOniam

1934 1404 2110 1450 autem
2147 1396 2301 1451 video
2338 1397 2536 1450 multos
2565 1394 2726 1465 impie
2762 1395 3069 1459 iusaniisse,
3112 1411 3181 1450 ne
3234 1406 3390 1464 putes
3419 1411 3507 1451 me

1932 1500 2053 1543 esse
2083 1503 2246 1541 unum
2283 1503 2348 1542 ex
2378 1488 2463 1542 his
2495 1503 2617 1542 cum
2650 1486 2753 1541 sim
2783 1486 3129 1542 Christianus
3152 1488 3175 1540 ?
3197 1486 3307 1556 Ego
3334 1488 3501 1554 enim,

1931 1579 2025 1649 qui
2059 1579 2203 1634 intus
2264 1578 2437 1633 habeo
2481 1590 2747 1649 praecepta
2802 1577 3120 1648 apostolica,
3176 1578 3260 1633 bis
3288 1591 3413 1631 utar
3438 1577 3505 1632 ad

1933 1669 2317 1725 obedientiam.
2355 1667 2453 1724 Sin
2507 1681 2686 1724 autem
2716 1681 2937 1740 propter
2973 1670 3087 1724 lucc
3136 1685 3324 1740 pceuas
3358 1686 3387 1724 a
3421 1685 3507 1725 me

1934 1761 2129 1832 exigis,
2163 1776 2232 1816 ne
2260 1760 2499 1815 diiieras.
2532 1761 2646 1815 Non
2689 1762 2832 1816 enim
2898 1770 3120 1832 propter
3151 1773 3502 1829 tormentum,

1934 1827 2147 1922 quod\a
2201 1852 2352 1906 vobis
2406 1851 2751 1906 existimatur
2793 1827 3193 1920 grasissimum,
3250 1852 3502 1905 cavebo:

1935 1943 2030 1999 sed
2054 1942 2236 1998 omnia
2260 1957 2377 1997 sum
2415 1953 2639 2011 paratus
2682 1943 2976 2007 sustinere,
3015 1956 3082 1995 ne
3114 1942 3235 2011 quis
3264 1944 3356 1995 det
3388 1942 3506 1995 dia-

1936 2033 2058 2089 bolo
2087 2034 2138 2089 in
2174 2048 2273 2089 nos
2306 2033 2483 2089 locum
2519 2033 2776 2103 aliquem.
2817 2033 2912 2087 Sin
2964 2049 3092 2088 vero
3138 2049 3245 2089 non
3314 2048 3506 2088 omnes

1936 2125 2127 2180 eadem
2165 2141 2284 2194 qua:
2307 2141 2406 2180 nos
2428 2127 2690 2190 sentiunt,
2721 2126 2834 2180 llaec
2864 2126 2981 2181 sola
3014 2126 3124 2180 vita
3161 2126 3362 2179 vivent.
3402 2124 3506 2178 Fu-

1933 2226 2053 2272 tura
2120 2222 2265 2273 enim
2295 2220 2403 2273 vita
2436 2220 2735 2291 acquiritur
2765 2235 2861 2289 per
2888 2221 2988 2277 bas
3040 2218 3380 2275 sinit-tiones.
3415 2219 3506 2275 Sic

1932 2305 2079 2361 enim
2106 2307 2243 2361 dicit
2266 2307 2545 2376 Scriptura
2581 2310 2625 2375 ²,
2649 2316 2857 2363 arctam
2886 2322 3008 2364 esse
3038 2308 3181 2362 viam
3211 2321 3332 2377 quae
3357 2309 3507 2366 ducit

1932 2401 1998 2455 ad
2028 2400 2193 2455 vitam
2243 2410 2525 2456 aeternam.
2576 2403 2722 2457 Dixit
2775 2403 3069 2473 praefectus
3108 2420 3122 2456 :
3155 2402 3211 2457 Si
3272 2413 3326 2455 tu
3378 2416 3508 2469 ergo

1932 2486 2210 2542 confiteris
2231 2497 2437 2544 arctam
2460 2504 2581 2546 esse
2602 2491 2766 2557 viam,
2786 2506 2908 2562 qua:
2925 2501 3009 2548 est
3024 2492 3165 2563 apud
3190 2507 3308 2558 vos,
3338 2491 3507 2547 transi

1931 2576 1997 2631 ad
2052 2585 2320 2644 nostram,
2374 2595 2493 2650 qua
2524 2590 2610 2638 est
2660 2582 2765 2638 lata
2794 2591 2850 2639 et
2898 2583 3111 2640 melior.
3143 2583 3287 2638 Dixit
3324 2594 3504 2638 autem

1929 2675 2150 2722 sanctus
2183 2668 2342 2723 :Non
2383 2684 2502 2724 eam
2565 2671 2675 2726 dixi
2708 2686 2831 2728 esse
2878 2674 3013 2728 adeo
3062 2682 3269 2729 arctam
3315 2683 3372 2727 ut
3399 2688 3508 2727 non

1931 2758 2106 2828 capiat
2134 2774 2231 2815 eos
2256 2761 2348 2830 qui
2378 2760 2465 2816 illa
2491 2761 2889 2832 ingrediuntur.
2910 2763 3060 2819 Multi
3084 2765 3228 2821 enim
3254 2765 3508 2836 pulcher-

1930 2849 2123 2905 rimam
2153 2851 2294 2908 lianc
2321 2853 2463 2908 viam
2486 2864 2612 2909 sunt
2645 2853 2901 2925 ingressi.
2947 2854 3052 2911 Sed
3102 2855 3246 2912 dicta
3290 2863 3377 2912 est
3406 2871 3507 2910 an-

1928 2950 2103 3013 gusta.
2125 2958 2244 3013 quze
2275 2958 2401 2999 cum
2441 2944 2753 3010 aliiictione,
2783 2946 3030 3017 angustia
3067 2956 3123 3003 et
3167 2948 3501 3005 necessitate

1928 3042 1983 3088 et
2013 3047 2112 3101 pro
2137 3030 2347 3100 iustitia
2377 3035 2755 3104 persecutione
2785 3036 2955 3092 initur
2978 3036 3133 3093 abiis
3158 3037 3252 3108 qui
3286 3037 3355 3093 ad
3380 3052 3503 3093 eam

1930 3120 2219 3176 accedunt.
2254 3121 2328 3176 lis
2348 3136 2478 3178 vero
2500 3122 2590 3188 qui
2627 3122 2866 3180 eam‘sua
2921 3132 3117 3195 sponte
3174 3125 3501 3196 suscipiunt,

1854 3227 1897 3286 ο
1933 3210 2065 3267 ﬁdes
2099 3221 2182 3267 est
2209 3211 2500 3281 latissima,
2532 3216 2808 3273 deducens
2849 3216 2917 3272 ad
2965 3217 3215 3288 proprias
3249 3218 3500 3273 virtutes.

1928 3301 2036 3357 Cur
2063 3317 2168 3356 non
2195 3309 2377 3358 autem
2411 3305 2749 3373 pronuntias.
2776 3307 2919 3362 viam
2945 3307 3186 3376 quidem,
3218 3322 3338 3376 qua:
3360 3307 3501 3378 apud

1930 3408 2027 3449 nos
2059 3393 2256 3449 dicitur
2298 3408 2552 3467 angusta,
2591 3414 2713 3455 esse
2743 3401 3066 3457 latissimam
3106 3402 3173 3457 ad
3212 3402 3445 3457 salutem
3484 3421 3499 3457 :

1929 3498 2051 3539 cum
2077 3485 2331 3541 didiceris
2356 3489 2496 3557 quod
2549 3504 2614 3544 ex
2662 3491 2767 3547 [ide
2817 3493 2974 3546 unius
3031 3494 3276 3563 parentis
3333 3493 3503 3546 nostri

1929 3574 2158 3630 Abrahae
2188 3577 2476 3634 multitudo
2495 3581 2909 3638 innumerabilis
2933 3582 3265 3651 justiiicatur
3287 3589 3338 3640 in
3365 3586 3493 3651 (ide,

1931 3668 2276 3738 requiescens
2329 3671 2384 3725 in
2411 3670 2528 3742 ejus
2559 3674 2681 3730 sinu
2711 3693 2724 3729 :
2761 3676 2903 3730 viam
2947 3691 3074 3731 vero
3099 3690 3218 3745 qua:
3250 3685 3336 3733 est
3362 3680 3502 3746 apud

1930 3774 2027 3816 vos
2059 3760 2191 3827 lata,
2238 3776 2362 3818 esse
2407 3773 2690 3831 angustam
2744 3781 2841 3835 per
2903 3767 3503 3825 incredulitatemirlst

1927 3860 2106 3906 autem
2143 3853 2245 3908 hoc
2279 3869 2484 3911 verum.
2511 3855 2754 3914 Virtutes
2789 3859 2956 3923 enim,
2984 3875 3107 3915 cum
3137 3860 3247 3915 sint
3275 3861 3502 3916 diversze

1926 3949 1981 3996 et
2019 3940 2162 4011 latae,
2197 3954 2324 4000 sunt
2359 3945 2627 4017 imperitis
2677 3960 2843 4006 arcte
2873 3960 2929 4006 et
2963 3952 3276 4008 inaccessae.

1994 4307 2106 4362 νυ.
2137 4307 2263 4364 Haec
2307 4323 2437 4379 ergo
2482 4318 2538 4365 et
2590 4310 2677 4366 his
2740 4313 2893 4382 plura
2959 4323 3153 4372 sancto
3203 4315 3500 4377 disserente

1922 4393 2124 4462 Leone,
2149 4407 2204 4453 et
2253 4398 2654 4457 Cbristianismi
2710 4402 2972 4460 rationem
3029 4416 3249 4464 strenue
3297 4412 3500 4465 contir-

1921 4496 2126 4553 mante,
2152 4486 2440 4560 impiorum
2465 4486 2775 4546 Judzeorum
2810 4501 2866 4549 et
2891 4495 3177 4565 gentilium
3222 4498 3498 4553 exclama-

1924 4576 2001 4629 vit
2036 4575 2347 4647 multitudo,
2379 4593 2578 4648 rogans
2608 4594 2677 4636 ne
2723 4581 2772 4636 ei
2819 4585 3139 4640 concederet
3184 4585 3329 4655 loqui
3375 4603 3499 4657 qua:

1921 4669 2103 4725 vellet.
2136 4669 2277 4726 Dicit
2307 4679 2488 4728 autem
2518 4681 2843 4743 procurator
2868 4676 2937 4729 ad
2957 4690 3017 4731 ea
3046 4691 3166 4746 quae
3201 4677 3343 4733 dicta
3366 4689 3498 4735 sunt

1918 4776 1947 4816 a
1982 4762 2326 4820 multitudine
2360 4763 2515 4834 :Ego
2546 4780 2690 4820 nunc
2717 4765 2767 4821 ei
2786 4766 2853 4822 do
2890 4777 3209 4837 potestatem
3235 4771 3491 4841 loquendi

1918 4851 2106 4918 libere,
2147 4863 2197 4909 et
2232 4869 2579 4911 communem
2629 4857 2927 4913 amicitiam
2985 4860 3261 4930 polliceor,
3294 4865 3338 4918 si
3391 4866 3496 4920 diis

1915 4950 2122 5011 pareat.
2178 4942 2319 4997 Dixit
2355 4951 2534 4999 autem
2571 4942 2632 5001 S.
2673 4945 2784 5002 Leo
2820 4964 2834 5001 :
2867 4945 2923 5003 Si
2961 4964 3206 5004 meorum
3270 4951 3490 5022 quidem

1918 5031 2206 5088 verborum
2251 5032 2450 5090 oblitus
2506 5049 2588 5102 es,
2624 5051 2657 5092 o
2701 5049 3042 5107 procurator,
3099 5050 3246 5096 recte
3295 5058 3487 5100 rursus

1918 5121 2238 5191 interrogas.
2270 5123 2327 5179 Si
2362 5140 2487 5182 vero
2510 5127 2983 5196 meministi,scias
3013 5131 3126 5186 iieri
3158 5148 3260 5187 non
3298 5150 3481 5203 posse,
3531 5156 3539 5197 ι

1916 5215 2261 5268 utassentiar
2325 5216 2637 5272 adorandos
2670 5234 2793 5274 esse
2856 5221 3006 5287 deos,
3050 5223 3141 5293 qui
3186 5238 3293 5280 non
3352 5236 3485 5280 sunt
3526 5224 3533 5297 ί

1916 5314 2129 5360 natura.
2167 5305 2318 5361 Tunc
2344 5308 2427 5362 itis
2444 5309 2625 5365 verbis
2647 5309 2728 5364 ira
2753 5311 3125 5382 motus,jubet
3150 5315 3487 5386 caiditlagris
3525 5305 3529 5309 ’

1914 5397 2277 5450 venerandum
2313 5412 2510 5469 corpus
2542 5402 2820 5474 martyris.
2847 5404 2979 5461 Cum
3007 5416 3189 5462 autem
3240 5408 3486 5463 multitu-

1912 5485 1980 5540 do
2013 5484 2289 5556 plagarum
2318 5499 2461 5544 esset
2512 5490 2946 5561 innumerabilis,
3004 5505 3058 5551 et
3109 5497 3280 5565 major
3325 5513 3486 5568 quam

1914 5586 1970 5630 ut
1999 5578 2050 5631 id
2075 5581 2345 5635 sustinere
2382 5592 2566 5651 posset
2600 5584 2896 5640 humanum
2926 5602 3141 5658 corpus,
3163 5590 3487 5647 fortissimus

1912 5669 2110 5724 athleta
2142 5670 2344 5728 Cbristi
2386 5672 2515 5740 Leu,
2551 5675 2699 5730 nulla
2739 5691 2805 5732 ex
2839 5678 2904 5733 iis
2934 5694 3055 5749 qua:
3081 5680 3303 5747 ﬂebant,
3325 5684 3477 5750 quid-

1910 5775 2069 5828 quam
2099 5759 2448 5833 adiciebatur,
2479 5780 2546 5823 ne
2607 5767 2892 5824 minimum
2948 5770 3163 5841 quidem
3217 5772 3478 5830 cniittens

3544 5012 3553 5053 Ι
