3820 6280
320 355 458 420 1459

1544 360 1824 421 MENSIS
1863 359 2377 424 FEBRUARIUS.

3446 358 3587 424 1460

314 473 632 540 suspirium,
659 479 826 526 totam
848 471 991 526 enim
1025 479 1263 527 mentem
1295 486 1448 528 suam
1479 481 1532 528 et
1562 473 1890 528 desiderium

2030 476 2087 527 ὸν
2113 476 2278 530 πόθον
2305 476 2443 542 πρὸς
2475 475 2565 529 τδν
2599 474 2829 546 Κύριον.
2863 469 3032 529 Εἶπεν
3062 471 3156 529 οὖν
3199 476 3227 528 6
3257 476 3584 546 ἐπίτροπος·

314 562 669 616 convertebat
697 565 762 615 ad
795 563 1102 616 Dominum.
1142 562 1365 616 Dicebat
1409 574 1588 618 autem
1626 579 1887 633 procura-

318 665 399 707 tor
430 671 443 706 :
473 652 640 707 Parva
682 663 830 720 sunt,
859 669 891 706 ο
953 652 1084 720 Leo,
1143 654 1276 716 haec,
1309 655 1507 724 quibus
1555 655 1778 710 allectus
1809 669 1887 720 es,

318 753 607 808 tormenta,
637 744 677 794 si
702 744 1128 796 considerantur
1167 759 1288 797 cum
1319 744 1536 797 futuris.
1579 743 1654 798 De
1691 753 1891 798 cancro

316 836 447 888 mihi
473 849 620 902 pare,
658 846 705 885 et
741 837 844 889 diis
891 834 1048 899 oll'er,
1084 852 1204 904 qua:
1232 845 1359 889 sunt
1422 835 1541 906 lege
1595 837 1892 890 constituta

317 928 604 980 saeriticia.
643 927 784 980 Dixit
819 927 876 982 S.
914 927 1020 980 Leo
1057 949 1070 982 :
1109 926 1358 997 Ojudex,
1401 930 1543 997 quod
1579 945 1720 998 szepe
1744 930 1894 997 prius

318 1017 450 1082 dixi,
485 1034 590 1070 non
620 1019 882 1072 recusabo
909 1035 1094 1072 rursus
1125 1020 1305 1072 dicere
1336 1033 1349 1072 :
1387 1019 1569 1086 Neque
1621 1020 1718 1073 hos
1769 1019 1890 1072 novi

316 1111 467 1173 deos,
510 1126 687 1174 neque
739 1127 974 1179 unquam
1029 1111 1082 1164 in
1142 1110 1382 1164 animum
1427 1113 1679 1165 inducam
1712 1122 1768 1161 ut
1813 1112 1894 1166 eis

2000 568 2192 639 Μικρά
2242 568 2415 623 ταῦτα
2447 568 2516 622 τὰ
2541 568 2886 638 γεγενημένα
2928 585 3009 620 σοι
3039 567 3174 638 πρὸς
3207 567 3274 621 τά
3312 568 3587 636 μέλλοντα

2005 659 2440 731 βασανιστήριαο
2483 660 2739 728 πείσθητι
2760 659 2853 712 οὖν
2889 677 2977 730 μοι
3014 659 3111 712 καί
3141 660 3239 720 τὰς
3285 659 3587 728 νομιζομέ-

2003 767 2100 812 νας
2160 751 2350 812 θυσίας
2400 750 2736 822 προσένεγκε
2779 752 2894 814 τοίς
2946 749 3107 812 θεοῖς.
3153 749 3212 802 '0
3243 752 3399 818 ἅγιος
3430 751 3589 802 Λέων

2004 835 2158 892 εἶπεν
2183 855 2194 868 ·
2243 842 2301 893 ’0
2334 841 2542 908 φθάσας
2567 837 2720 894 εἶπον
2755 839 3041 903 πολλάκις,
3065 843 3239 893 εἰπεῖν
3282 842 3343 894 οὐ
3374 857 3585 910 παραι-

2002 933 2260 1001 τήσομαι,
2315 935 2395 986 ὅτι
2427 932 2551 986 οὔτε
2581 933 2738 996 θεοὺς
2773 929 2912 996 οἰδα,
2949 932 3075 986 οὔτε
3103 932 3266 986 θύται
3298 934 3582 1002 τολμήσω,

2003 1024 2160 1086 εἰδὼς
2188 1027 2256 1078 τὰ
2309 1025 2706 1096 χρησιμώτατα
2739 1025 2846 1078 τῶν
2893 1025 3065 1094 ἁγίων
3102 1026 3334 1097 Γραφῶν
3362 1041 3588 1095 παραγ-

2004 1115 2099 1182 γέ).
2108 1135 2271 1184 ματα.

318 1207 647 1268 sacriticem,
677 1216 735 1258 ut
781 1206 871 1273 qui
911 1208 1078 1258 sciam
1124 1215 1396 1274 praecepta
1432 1220 1710 1259 sacrarum
1749 1203 2176 1274 Scripturarum.
2227 1213 2304 1265 Dii
2357 1212 2523 1277 enim,
2569 1212 2660 1280 qui
2691 1211 2888 1267 caelum
2932 1221 2986 1266 et
3036 1220 3235 1265 terram
3284 1227 3389 1264 non
3436 1209 3585 1266 {ece-

322 1309 471 1358 runt,
539 1306 761 1365 pereant
787 1312 815 1349 a
853 1296 990 1350 facie
1029 1307 1187 1350 terrae
1213 1299 1254 1350 ³.

398 1388 528 1442 Vlll.
563 1388 642 1442 Ad
678 1390 790 1441 tunc
819 1387 955 1440 dixit
988 1397 1310 1454 procurator
1347 1403 1360 1441 :
1397 1388 1509 1440 Hoc
1561 1389 1733 1441 solum
1772 1390 1898 1442 dic:

325 1480 498 1548 Magni
551 1489 680 1532 sunt
723 1479 818 1544 dii,
845 1487 899 1534 et
953 1479 1274 1534 liheraberis
1310 1495 1337 1531 a
1396 1482 1702 1534 tormentis.
1734 1479 1904 1535 Pareo

324 1571 464 1624 enim
502 1570 626 1635 tibi,
681 1579 822 1623 tuam
857 1569 1154 1637 respiciens
1204 1570 1480 1636 canitiem,
1515 1579 1564 1625 et
1601 1571 1764 1624 alium
1799 1571 1895 1624 ha-

323 1663 495 1716 bitum
523 1660 794 1730 corporis.
828 1659 974 1713 Dixit
1007 1659 1064 1714 S.
1103 1659 1214 1714 Leo
1245 1677 1258 1713 :
1287 1657 1400 1713 Hoc
1435 1661 1548 1729 ipse
1571 1674 1788 1730 quoque
1821 1659 1906 1712 di-

327 1752 524 1812 xerim,
579 1765 671 1804 eos
715 1763 903 1803 revera
932 1763 1053 1802 esse
1087 1764 1311 1818 magnos
1345 1760 1398 1804 et
1441 1749 1662 1804 idoneos
1688 1749 1750 1803 ad
1783 1763 1906 1818 per-

325 1845 528 1896 dendus
557 1842 766 1895 animas
795 1856 915 1909 qua:
939 1841 1069 1910 ipsis
1096 1846 1344 1895 credunt.
1373 1841 1518 1896 Dixit
1552 1843 1630 1896 ira
1668 1842 1906 1912 percitus

327 1933 896 1999 procurator:Jubeo
954 1943 1003 1988 te
1056 1935 1198 1987 trahi
1263 1949 1356 2002 per
1407 1945 1612 2004 petras,
1649 1945 1902 2001 tanquam

329 2023 513 2078 furore
541 2035 873 2093 correptum,
908 2034 961 2078 et
992 2025 1069 2078 sic.
1092 2026 1228 2079 mori
1260 2030 1473 2080 acerbe.
1499 2025 1640 2079 Dixit
1672 2024 1728 2077 Β.
1758 2024 1903 2078 Leo:

331 2117 516 2180 Quivis
585 2119 773 2170 mortis
833 2117 1026 2171 modus
1059 2128 1137 2171 cst
1189 2118 1319 2170 mihi
1373 2118 1643 2188 iucundus
1688 2125 1908 2186 propter

331 2228 557 2281 regnum
588 2213 833 2267 caeleste.
869 2213 998 2266 Eam
1031 2213 1173 2266 enim
1203 2227 1338 2266 voco
1364 2212 1531 2266 vitam
1565 2222 1619 2265 et
1648 2211 1903 2272 salutem,

331 2319 473 2370 quae,
499 2312 780 2372 postquam
807 2303 933 2357 hinc
960 2317 1271 2368 excessero,
1303 2303 1452 2356 dabit
1481 2303 1608 2357 mihi
1668 2313 1725 2355 ut
1748 2301 1903 2356 babi-

335 2405 441 2446 tem
493 2410 614 2447 cum
667 2397 872 2448 sanctis
925 2395 1276 2465 martyribus.
1319 2395 1462 2448 Dixit
1524 2403 1896 2463 procurator:

335 2487 494 2551 l’are,
525 2504 556 2538 o
580 2485 708 2553 Leo,
736 2488 918 2542 edicto
949 2489 1360 2555 imperatorum,
1398 2496 1451 2540 et
1471 2487 1577 2552 die,
1610 2487 1689 2539 Dii
1729 2502 1912 2539 serva-

337 2589 506 2643 tores,
552 2579 808 2648 quoniam
840 2594 900 2632 cs
955 2580 1155 2647 alioqui
1216 2578 1326 2633 cito
1369 2578 1566 2632 acerbe
1590 2578 1908 2631 m0ritnrus.

339 2669 485 2721 Dixit
517 2678 694 2721 autem
728 2667 785 2722 S.
826 2668 932 2722 Leo
977 2667 1064 2723 :0
1113 2669 1300 2738 judex,
1368 2669 1496 2720 mihi
1551 2668 1755 2721 videris
1789 2681 1912 2722 esse

339 2761 492 2814 valde
516 2760 839 2821 itttltccillns,
871 2761 962 2828 qui
994 2760 1166 2815 solum
1197 2761 1413 2814 assidue
1444 2760 1572 2812 mihi
1606 2759 1782 2811 verbis
1809 2759 1913 2810 tul-

340 2853 503 2915 neris,
538 2861 730 2918 pra-ter
764 2853 924 2906 verba
984 2861 1163 2905 autem
1215 2851 1348 2904 nihil
1383 2850 1572 2904 facias.
1604 2851 1736 2904 Cum
1781 2863 1914 2903 vero

340 2951 559 3010 propter
588 2943 700 2995 IIth
737 2942 1061 2998 seditionem
1104 2945 1367 3013 agitasset
1417 2943 1723 3005 multitudo,
1759 2940 1915 2994 valde

339 3034 684 3102 perturbatus
704 3046 1048 3103 procurator,
1068 3035 1235 3106 jussit
1279 3045 1526 3089 sanctum
1551 3034 1769 3104 quidem
1795 3033 1912 3102 capi

342 3124 592 3194 pedibus,
633 3127 770 3179 trahi
801 3136 980 3180 autent
1007 3127 1058 3181 in
1112 3135 1428 3193 torrentem,
1468 3126 1520 3179 in
1571 3144 1635 3180 eo
1670 3125 1914 3180 ultimum

344 3218 598 3270 daturum
631 3217 984 3285 supplicium.

419 3309 510 3364 IX.
543 3310 675 3365 Cum
720 3313 902 3380 itaque
926 3313 1255 3366 sententiam
1285 3311 1690 3383 pronuntiasset
1727 3326 1923 3380 procu-

345 3412 517 3463 ηδιον,
553 3403 736 3456 statim
778 3404 921 3458 servi
955 3406 1165 3472 peccati
1195 3412 1249 3457 et
1306 3403 1543 3458 ministri
1577 3403 1920 3457 tenebrarum

347 3495 564 3546 beatum
597 3493 832 3548 Leonem
877 3505 1162 3561 traxerunt
1196 3497 1247 3550 in
1301 3506 1600 3549 torrentem
1630 3495 1923 3548 inhumane

347 3597 398 3639 ct
425 3587 739 3642 crudeliter.
775 3587 926 3642 Tune
952 3588 1132 3643 sciens
1175 3603 1296 3642 esse
1343 3587 1620 3657 impletum
1651 3603 1805 3639 suum
1835 3587 1926 3638 de-

350 3682 631 3743 siderittm,
669 3683 733 3734 ad
765 3681 930 3736 Deum
983 3685 1248 3737 extollens
1292 3683 1502 3747 oculos,
1536 3684 1616 3737 sic
1650 3683 1812 3748 cmpit
1843 3683 1924 3734 di-

349 3789 517 3826 cere:
556 3773 782 3828 Domine
807 3773 933 3828 Jesu
967 3774 1204 3840 Christe,
1248 3791 1349 3841 ago
1387 3775 1478 3828 tibi
1535 3775 1735 3842 gratias
1784 3786 1928 3824 nunc

350 3878 400 3919 et
451 3867 500 3918 in
561 3868 781 3932 exenia,
809 3869 951 3936 quod
991 3883 1076 3922 me
1117 3885 1220 3922 non
1279 3869 1368 3922 ditt
1405 3868 1751 3938 scparaveris
1785 3882 1811 3918 a
1845 3865 1926 3919 l’ao

351 3953 499 4008 mulo
532 3969 621 4008 tuo
655 3955 967 4024 Parcgorio,
1013 3958 1105 4010 sed
1135 3958 1263 4010 mihi
1311 3959 1551 4012 velocem
1582 3956 1924 4012 occasionem

352 4046 569 4101 dederis
623 4063 745 4099 eum
794 4049 1077 4116 sequendi.
1132 4049 1312 4102 LilllOl'
1341 4065 1469 4115 ergo
1506 4051 1572 4103 iis
1632 4064 1752 4117 qua:
1783 4047 1925 4100 facta

353 4148 480 4192 sunt
519 4155 533 4192 :
579 4154 768 4207 nempe
791 4139 931 4206 quod
959 4156 1054 4208 pro
1077 4141 1210 4194 meis
1248 4141 1520 4211 prioribus
1555 4141 1790 4209 peccatis
1843 4154 1932 4193 no-

355 4245 478 4284 vum
508 4233 763 4286 viaticum
795 4231 1004 4301 accipio
1033 4234 1378 4304 martyrium,
1414 4243 1466 4286 et
1493 4233 1633 4301 qttod
1660 4234 1712 4286 in
1737 4247 1930 4286 manus

359 4324 676 4393 angelorum
719 4333 931 4378 tuorum
964 4339 1144 4378 meum
1177 4326 1330 4378 trado
1380 4326 1657 4394 spiritum,
1689 4326 1741 4379 in
1775 4334 1933 4379 mter-

358 4432 486 4467 num
550 4415 688 4468 liber
727 4416 1130 4470 conservandus
1186 4429 1216 4470 a
1279 4415 1487 4485 judicio
1534 4416 1928 4484 improborum.

2081 1396 2162 1451 ll'.
2199 1398 2340 1467 Πρὸς
2378 1396 2550 1450 ταῦτα
2590 1397 2934 1469 ὀέπίτροπος
2983 1391 3139 1448 εἶπεν
3165 1413 3178 1427 ·
3219 1397 3387 1449 Τοῦτο
3419 1397 3586 1464 μόνον

2008 1490 2152 1552 εἰπὲ,
2187 1489 2270 1541 ὅτι
2301 1489 2529 1557 μεγάλοι
2554 1489 2604 1540 οἰ
2631 1487 2768 1550 θεοὶ,
2794 1488 2887 1541 καὶ
2912 1487 3258 1541 ἀπαλλάττου
3286 1504 3299 1518 ο
3328 1489 3583 1558 φείδομαι

2007 1581 2116 1650 γάρ
2149 1597 2241 1634 σου
2274 1581 2374 1649 τήν
2407 1598 2462 1633 τε
2495 1579 2685 1633 πολιὰν
2724 1578 2878 1642 εἰδὼς
2912 1580 3006 1632 καὶ
3037 1580 3137 1648 τὴν
3168 1579 3471 1649 προσοῦσάν
3499 1596 3584 1630 σοι

2009 1673 2110 1740 τήν
2139 1689 2196 1723 τε
2238 1671 2404 1740 ἄλλην
2432 1671 2526 1723 τοῦ
2553 1669 2806 1738 σώματος
2851 1669 3206 1725 κατάστασιν.
3250 1668 3391 1736 Πρὸς
3415 1665 3584 1719 ταῦτα

2011 1764 2039 1816 ὁ
2074 1761 2227 1829 ἅγιος
2262 1762 2413 1814 Λέων
2439 1757 2591 1813 εἶπεν
2615 1775 2629 1788 ·
2694 1761 2868 1812 Τοῦτο
2921 1761 2987 1814 ἂν
3023 1760 3241 1829 εἴποιμι
3271 1760 3364 1811 καὶ
3399 1759 3581 1822 αὐτὸς,

2012 1853 2087 1914 ὡς
2114 1851 2330 1920 άληθῶς
2376 1849 2602 1918 μεγάλοι
2635 1850 2729 1902 καὶ
2779 1849 2956 1902 ἱκανοὶ
2977 1848 3156 1917 ψυχας
3183 1846 3442 1900 ἀπολέσαι
3467 1847 3588 1908 ταῖς

2015 1942 2404 2004 πιστευούσαις
2458 1943 2664 2002 αὐτοῖς.
2731 1939 3019 2007 Θυμωθεὶς
3081 1934 3175 1992 οὖν
3218 1940 3246 1990 6
3295 1936 3585 2005 Enitpoxo;

2015 2029 2168 2086 εἶπεν
2195 2048 2207 2060 ⁸
2252 2032 2612 2100 Ἑλκυσθῆναί
2638 2047 2696 2084 σε
2733 2029 3055 2100 προστάττω
3082 2031 3224 2081 κατά
3259 2028 3472 2097 πετρῶν
3505 2027 3579 2089 ῶς

2021 2121 2305 2190 μεμηνότα
2325 2121 2418 2172 καὶ
2445 2118 2617 2181 οὕτως
2639 2119 2915 2172 τεθνάναι.
2944 2119 3090 2172 Καὶό
3117 2118 3390 2187 μακάριος
3417 2116 3575 2170 Λέων.

2028 2213 2204 2281 Ἐμοὶ.
2273 2216 2456 2280 φησὶν,
2517 2211 2649 2279 ἡδὺς
2699 2213 2810 2274 πᾶς
2849 2210 3080 2264 Θανάτου
3142 2211 3345 2278 τρόπος
3377 2209 3459 2260 διὰ
3483 2208 3578 2275 τὴν

2016 2302 2342 2372 ἐπουράνιον
2377 2301 2688 2370 βασιλείαν·
2720 2301 2926 2369 ταύτην
2965 2300 3072 2367 γὰρ
3105 2299 3252 2367 ζωὴν
3278 2299 3373 2349 καὶ
3409 2313 3570 2349 amr-

2018 2393 2142 2466 ρίαν
2175 2393 2345 2456 καλῶ,
2377 2393 2497 2462 ἥτις
2519 2392 2617 2462 τὴν
2644 2394 2954 2461 συνοίκησιν
2989 2392 3082 2460 τὴν
3113 2390 3252 2460 μετά
3284 2390 3392 2440 τῶν
3423 2390 3582 2456 ἁγίων

2021 2486 2158 2558 μετά
2191 2485 2288 2556 τὴν
2317 2485 2641 2553 ἀπαλλαγὴν
2661 2485 2761 2553 τὴν
2795 2483 3042 2536 ἐντεῦθεν
3072 2482 3349 2552 δωρεῖται.
3389 2483 3446 2533 '0
3470 2481 3585 2534 ἐπί-

2019 2591 2220 2646 τροπος
2253 2571 2407 2630 εἶπεν
2429 2592 2441 2606 ·
2477 2576 2740 2645 Πείσθηθι
2775 2575 2853 2644 τῷ
2882 2575 3269 2642 προστάγματι
3313 2575 3409 2626 καὶ
3443 2574 3582 2640 λέγε,

2019 2670 2103 2723 ὅτι
2133 2667 2374 2736 σωτῆρες
2401 2668 2448 2720 οἰ
2480 2666 2612 2733 θεοὶ,
2653 2665 2686 2735 ἢ
2722 2665 2830 2719 ἴσθι
2863 2663 2990 2735 παρ’
3014 2663 3154 2717 αὐτὰ
3183 2663 3582 2732 τεθνηξόμενος.

2031 2759 2090 2814 '0
2115 2761 2267 2824 ἅγιος
2285 2761 2434 2813 Λέων
2457 2754 2610 2812 εἷπεν
2629 2775 2642 2788 ·
2683 2757 2822 2810 Πολὺ
2855 2773 2946 2824 μοι
2967 2756 3146 2817 δοκεῖς
3179 2755 3444 2816 ἀσθενεῖν,
3470 2771 3589 2805 συν-

2023 2853 2162 2923 εχῶς
2179 2853 2459 2922 μοιλόγοις
2474 2850 2736 2913 ἀπειλῶν,
2760 2849 2893 2920 μηδέ
2908 2849 2963 2901 δὲ
2982 2848 3154 2915 πέρας
3169 2845 3277 2899 τῶν
3297 2847 3466 2912 λόγων
3477 2844 3591 2896 δια-

2025 2946 2422 3016 πραττόμενος.
2455 2943 2856 3003 Στασιάσαντος
2887 2941 2942 2992 δέ
2971 2941 3063 2991 ἐπὶ
3087 2938 3297 3000 τούτοις
3332 2936 3422 2989 τοῦ
3460 2935 3595 3004 πλή-

2026 3038 2173 3100 θους,
2218 3034 2514 3105 ταραχθεὶς
2549 3035 2575 3086 6
2610 3033 2929 3102 ἐπίτροπος,
2985 3029 3286 3101 ἐπέτρεψεν
3325 3028 3595 3096 λαμϐάνε-

2029 3129 2150 3182 σθαι
2187 3129 2285 3198 μέν
2332 3128 2438 3180 τῶν
2467 3126 2645 3178 ποδῶν
2687 3124 2776 3176 τὸν
2811 3123 2989 3191 ἅγιον,
3019 3120 3274 3174 ἕλκεσθαι
3297 3117 3355 3172 δὲ
3387 3119 3478 3172 ἐπὶ
3506 3117 3599 3170 τὸν

2024 3222 2380 3292 χειμάρρουν,
2411 3221 2468 3272 ἐν
2499 3219 2673 3286 τούτῳ
2695 3215 2936 3269 δώσοντα
2959 3215 3058 3284 τὴν
3090 3212 3386 3282 τιμωρίαν.

2093 3314 2171 3370 6'.
2195 3315 2368 3374 Εὐθὺς
2402 3311 2494 3366 οὖν
2547 3309 2977 3378 ἀποφηναμένου
3040 3307 3136 3360 τοῦ
3177 3307 3499 3375 ἐπιτρόπου,
3551 3306 3600 3356 οἰ

2023 3411 2119 3475 τῆς
2143 3406 2418 3477 ἁμαρτίας
2473 3403 2711 3458 διακόνοι
2741 3396 2924 3454 εἷλκον
2948 3401 3038 3454 τὸν
3095 3400 3367 3470 μακάριον
3397 3398 3604 3449 Λέοντα

2026 3502 2170 3554 κατά
2203 3500 2295 3554 τοῦ
2323 3499 2623 3568 χειμάρρου
2653 3496 2820 3566 ὠμῶς
2847 3496 2939 3548 καὶ
2959 3492 3205 3556 ἀνιλεῶς.
3230 3489 3607 3559 Πεπληρωμέο

2027 3611 2118 3647 νου
2167 3590 2259 3644 οὖν
2292 3589 2456 3643 αὐτοῦ
2493 3589 2587 3642 τοῦ
2646 3588 2871 3651 σκόπου,
2919 3584 3207 3646 ἀνατείνας
3253 3585 3378 3644 τοὺς
3404 3581 3606 3648 ὀφθαλ-

2034 3687 2170 3754 μοὺς
2202 3683 2334 3752 πρὸς
2360 3684 2452 3735 τὸν
2477 3681 2632 3744 Θεὸν,
2667 3680 2874 3751 ἡρξατο
2899 3678 3081 3746 λέγειν
3103 3694 3116 3708 ·
3149 3676 3472 3745 Εὑχαριστῶ
3501 3691 3605 3739 σοι,

2031 3777 2209 3848 Πάτερ
2238 3775 2330 3828 τοῦ
2355 3774 2623 3844 Χριστοῦ,
2652 3773 2710 3834 ὃς
2738 3774 2829 3825 ἐπὶ
2857 3771 2990 3824 πολὺ
3032 3771 3093 3823 οὐ
3129 3769 3474 3837 διεχώρησας
3509 3767 3607 3836 ἐμέ

2029 3887 2088 3923 τε
2115 3870 2209 3922 καὶ
2235 3867 2323 3920 τὸν
2351 3867 2572 3934 οἰκέτην
2611 3865 2702 3918 τὸν
2736 3864 2826 3917 σὺν
2870 3862 3238 3933 Παρηγόριον,
3267 3860 3382 3912 ἀλλ’
3417 3860 3611 3930 ἐτάχυ-

2030 3964 2125 4024 νάς
2166 3977 2256 4030 μοι
2287 3959 2668 4028 δωρησάμενος
2715 3958 2988 4028 πρόφασιν
3017 3955 3379 4022 ἀκολουθῆσαι
3433 3952 3606 4022 αὐτῷ.

2031 4053 2224 4124 Χαίρω
2245 4053 2423 4104 τοίνυν
2448 4053 2540 4104 ἐπὶ
2563 4053 2675 4113 τοῖς
2699 4051 3034 4120 γενομένοις,
3060 4049 3144 4102 ὅτι
3183 4049 3304 4101 ἀντί
3338 4047 3446 4099 τῶν
3477 4063 3612 4114 προ-

2031 4148 2208 4219 τέρων
2235 4164 2337 4216 μου
2368 4145 2786 4216 ἁμαρτημάτων
2818 4143 3031 4210 ἐφόδιον
3079 4141 3264 4194 ἰκανὸν
3312 4140 3611 4210 κομίζομαι

2033 4239 2092 4292 τὸ
2131 4237 2432 4309 μαρτύριον
2453 4238 2546 4288 καὶ
2571 4237 2650 4288 ὅτι
2683 4237 2762 4298 εἰς
2806 4237 2994 4305 χεῖρας
3026 4233 3278 4302 ἀγγέλων
3311 4249 3402 4284 σου
3431 4248 3613 4300 παραυ

2035 4331 2228 4402 τίθημι
2256 4331 2317 4382 τὸ
2351 4329 2569 4399 πνεῦμά
2603 4347 2729 4397 μου,
2765 4327 3051 4396 ἐλεύθερος
3082 4327 3163 4388 εἰς
3193 4325 3286 4377 τὸν
3316 4324 3492 4376 αἰῶνα
3517 4322 3616 4389 τῆς

2035 4425 2142 4477 τῶν
2201 4422 2418 4474 ἀτόπων
2471 4421 2706 4489 κρίσεως
2763 4418 3264 4488 φυλαχθησόμενος.
3317 4414 3484 4481 ’Υπὲρ
3523 4408 3616 4465 οὖν

358 4510 532 4577 Atque
574 4523 670 4575 pro
711 4508 775 4562 iis
806 4508 1024 4574 quidem
1061 4521 1180 4576 quae
1209 4508 1262 4560 in
1293 4520 1377 4558 me
1417 4507 1572 4572 liunt,
1599 4517 1718 4562 esto
1752 4508 1819 4562 iis
1841 4524 1908 4577 qu

2039 4513 2148 4566 τῶν
2171 4513 2294 4566 κατ’
2320 4509 2420 4579 ἐμὲ
2443 4509 2738 4578 δρωμένων
2759 4506 2916 4574 γενοῦ
2960 4505 3056 4576 μὲν
3087 4504 3231 4566 ἵλεος
3258 4503 3368 4562 τοῖς
3401 4496 3617 4565 τολμῶ·

358 4601 473 4654 ausi
500 4610 625 4653 sunt
655 4601 922 4669 propitius
953 4619 965 4655 :
999 4601 1078 4654 eis
1111 4608 1288 4652 autem
1319 4600 1576 4664 concede,
1611 4611 1666 4652 ut
1689 4609 1739 4653 te
1761 4617 1933 4668 agno-

360 4699 513 4744 scant
545 4690 710 4742 Deum
737 4691 1112 4742 universorum
1141 4707 1153 4742 :
1188 4688 1442 4758 quoniam
1466 4703 1570 4740 non
1595 4689 1674 4741 vis
1701 4689 1932 4758 aliquem

362 4783 562 4850 perire,
591 4783 681 4835 sed
737 4796 928 4835 omnes
958 4795 1078 4834 esse
1115 4780 1293 4834 salvos
1323 4788 1376 4830 et
1408 4781 1588 4832 venire
1639 4780 1704 4834 ad
1760 4781 1932 4849 pteni.

362 4872 609 4926 tentiam.
657 4871 795 4938 Quin
839 4874 1000 4926 etiam
1042 4871 1264 4925 cuilibet
1320 4871 1410 4940 qui
1467 4873 1683 4926 invocat
1739 4886 1934 4925 nomen

364 4981 562 5026 meum,
622 4965 892 5029 coudona,
924 4963 1166 5029 Domine,
1198 4977 1292 5016 sua
1347 4972 1588 5030 peccata,
1632 4973 1686 5017 et
1732 4963 1934 5018 colloca

364 5053 622 5116 eum,ubi
655 5053 832 5106 videat
877 5054 1048 5107 lucem
1092 5051 1267 5106 vultus
1313 5054 1411 5117 lui,
1477 5053 1728 5121 quoniam
1791 5064 1844 5106 ιιι
1879 5067 1938 5107 es

368 5144 507 5198 Deus
547 5145 695 5198 solus
738 5148 942 5214 patiens
999 5157 1052 5201 et
1103 5146 1284 5200 multa:
1335 5145 1742 5208 misericordiae,
1776 5156 1829 5198 et
1889 5157 1938 5200 te

367 5237 517 5288 decet
553 5237 724 5304 gloria
752 5238 803 5291 in
837 5242 1028 5292 saecula
1065 5240 1409 5294 szeculorum.
1442 5239 1612 5292 Amen
1644 5239 1744 5307 (Ι).

441 5329 508 5382 Χ.
541 5329 827 5397 Postquam
881 5331 1045 5383 Amen
1095 5332 1282 5386 stricta
1344 5346 1475 5384 voce
1511 5331 1941 5398 pronuntiasset,

371 5427 618 5492 spiritum
647 5426 859 5479 tandem
889 5426 1171 5495 expulsum
1208 5427 1434 5480 Domino
1458 5437 1610 5496 grato
1644 5427 1822 5479 animo
1856 5442 1943 5478 re-

457 5561 475 5590 ³
501 5559 610 5614 Jer.
653 5577 704 5624 Χ,
754 5562 835 5614 Η.

2045 4623 2129 4660 σιν
2151 4622 2165 4637 ·
2195 4604 2419 4674 χάρισαι
2448 4602 2504 4654 δὲ
2540 4602 2726 4662 αὐτοῖς
2763 4596 3064 4666 ἐπιγνῶναί
3121 4613 3180 4647 σε
3213 4595 3302 4646 τὸν
3335 4592 3444 4644 τῶν
3481 4590 3619 4643 ὅλων

2041 4698 2174 4751 Θεόν
2201 4713 2215 4728 ο
2251 4695 2314 4748 σὺ
2339 4695 2448 4763 γὰρ
2476 4687 2528 4744 εἰ
2563 4690 2780 4759 ἀληθῶς
2801 4691 2829 4742 6
2863 4687 2937 4757 μὴ
2971 4687 3296 4756 βουλόμενος
3328 4682 3418 4734 τὸν
3453 4680 3621 4734 θάνα-

2041 4806 2133 4842 τον
2179 4786 2272 4841 τοῦ
2310 4781 2668 4854 ἀμαρτωλοῦ,
2695 4781 2770 4843 ὼς
2810 4779 2908 4848 τὴν
2965 4777 3258 4848 μετάνοιαν
3285 4791 3296 4804 ·
3331 4772 3358 4825 6
3389 4776 3487 4824 καί
3521 4769 3616 4823 τοῦ

2043 4882 2247 4944 πάθους
2283 4878 2442 4950 ἡμῶν
2479 4879 2678 4932 ἀπονον
2707 4875 2804 4945 τὴν
2835 4871 3115 4943 ὑπομονὴν
3140 4869 3532 4939 χαρισάμενος,
3562 4865 3620 4917 ἐν

2045 4974 2266 5043 Χριστῷ
2305 4971 2479 5042 Ἰησοῦ
2507 4969 2585 5038 τῷ
2614 4968 2805 5037 Κυρίῳ
2831 4965 3006 5036 ἡμῶν,
3039 4963 3156 5032 μεθ’
3185 4954 3245 5014 οὗ
3273 4959 3348 5029 τῷ
3382 4958 3556 5029 lla.th
3588 4959 3623 5027 ἡ

2044 5065 2170 5132 δόξα
2202 5066 2293 5116 καὶ
2330 5064 2388 5117 τὸ
2421 5064 2623 5132 κράτος
2649 5063 2727 5122 εἰς
2757 5059 2885 5122 τοὺς
2911 5058 3140 5120 αἰῶνας.
3190 5054 3386 5124 Ἀμήν.

2117 5331 2173 5381 l'.
2216 5330 2302 5390 Ὠς
2333 5328 2387 5380 δὲ
2422 5329 2502 5390 τὸ,
2553 5328 2761 5396 Ἀμὴν,
2797 5325 2935 5397 μετὰ
2959 5325 3163 5394 πολλῆς
3197 5319 3510 5392 προθυμίας
3536 5334 3624 5369 κε-

2049 5417 2267 5486 κραγὼς
2298 5416 2639 5486 ἀνέπεμψεν,
2683 5415 2802 5486 μετ’
2831 5415 3185 5487 εὐχαριστίας
3207 5413 3267 5466 τὸ
3291 5407 3510 5479 πνεῦμα
3547 5406 3624 5476 τῷ

450 5701 524 5765 (t)
563 5698 854 5763 Seqttcntia
880 5717 1049 5766 usque
1075 5701 1140 5754 ad
1172 5700 1329 5753 linem
1358 5699 1617 5754 omiserat
1655 5696 1923 5764 interpres
1980 5693 2120 5765 apud
2153 5692 2392 5749 Surium.
2429 5692 2809 5764 Supplevimus
2841 5704 2906 5746 ex
2948 5687 3392 5758 interpretatione
3439 5693 3622 5741 nostra

385 5772 454 5824 lit;
487 5789 537 5824 τ.
576 5769 741 5824 I’A'rtz.
