3820 6466
292 412 430 479 1461
1299 408 1474 473 VITA
1514 407 1620 467 SS.
1664 407 1942 471 LEONIS
1971 410 2069 472 ET
2099 412 2555 475 PAREGORII.

3413 409 3552 476 “62

277 523 473 594 Κυρίῳ
504 520 824 593 παρέδωκεν
848 535 863 551 ·
899 521 949 573 οἱ
973 518 1030 573 δὲ
1068 520 1167 591 τῆς
1196 518 1430 589 ἀνομίας
1459 517 1731 589 ὑπηρέται
1765 518 1859 571 ἐπί

1976 520 2143 577 misit.
2171 520 2308 576 Tum
2342 523 2647 593 iniquitatis
2676 523 2817 579 servi
2866 525 3039 580 sancti
3085 524 3342 595 reliquias
3380 526 3432 579 in
3468 542 3554 580 ru-

277 631 424 677 τινος
473 611 914 685 ἀνακομίσαντες
966 611 1173 682 ὑψηλοῦ
1212 611 1361 665 λίθου
1387 611 1449 664 τὸ
1488 609 1741 680 λείψανον
1769 610 1864 665 τοῦ

1977 629 2096 683 pem
2133 613 2382 670 sublatas
2404 629 2468 669 ex
2497 613 2610 669 alto
2640 614 2697 669 in
2755 615 3056 671 convallem
3091 617 3434 686 dejecerunt,
3478 615 3552 669 ita

281 705 465 772 ἁγίου,
527 703 705 767 οὕτως
762 704 958 773 ἀφιᾶσι
1012 703 1155 757 κατὰ
1199 704 1300 773 τῆς
1362 702 1681 775 φάραγγοςο
1715 702 1777 755 τὸ
1809 703 1867 755 δὲ

1974 716 2154 760 tamen
2186 715 2243 760 ut
2284 721 2483 777 corpus
2536 707 2731 763 leviter
2776 707 2920 762 inter
2967 707 3271 763 cadendum
3314 708 3549 771 allisum,

282 796 447 867 σῶμα
475 794 806 865 κατενεχθὲν
836 794 1079 865 οὐδαμοῦ
1127 794 1459 866 διεσπάσθη,
1478 793 1597 851 ἀλλ’
1626 793 1662 865 ἢ
1692 792 1869 856 οὕτως

280 889 505 958 ἡρὲμως
566 886 880 958 κατηνέχθη
906 903 918 915 ·
966 886 1146 950 ἔδοξεν
1194 886 1251 940 δὲ
1291 887 1355 940 ἐκ
1380 887 1481 959 τῆς
1526 887 1870 960 τραχύτητος

285 981 531 1050 ξέσματα
591 979 892 1050 λαμϐάνειν
949 977 1127 1046 ὀλίγα.
1211 978 1273 1031 Ὀ
1326 980 1423 1049 μὲν
1484 981 1869 1047 γενναιότατος

282 1071 441 1124 Λέων
462 1070 640 1138 τούτῳ
673 1070 752 1139 τῷ
777 1069 966 1140 τρόπῳ
998 1068 1094 1122 τοῦ
1125 1068 1372 1123 διασόλου
1422 1071 1724 1141 κρατήσας,
1757 1069 1869 1123 τῶν

282 1159 527 1225 ἐπαξίων
575 1161 858 1230 στεφάνων
897 1159 1151 1229 ἠξίωται.
1201 1159 1421 1231 Ἐπειδὴ
1468 1159 1525 1214 δὲ
1565 1160 1775 1213 δίκαιον
1799 1157 1868 1232 ἦν

283 1256 383 1327 τὴν
407 1256 514 1309 τῶν
540 1256 930 1326 γεγενημένων
957 1253 1365 1323 μεγαλουργίαν
1394 1254 1473 1317 είς
1508 1254 1643 1307 ἰδίαν
1665 1254 1871 1323 φυλάτ·

284 1348 477 1401 τεσθαι
511 1346 669 1411 δόξαν
722 1346 819 1400 καὶ
855 1346 955 1416 τὴν
985 1345 1096 1398 τῶν
1159 1344 1493 1416 εὐεργεσιῶν
1530 1345 1753 1418 μνήμην
1787 1348 1869 1410 είς

284 1438 508 1508 ἔλεγχον
543 1438 651 1490 τῶν
678 1436 1088 1507 γεγενημένων,
1126 1436 1291 1506 μέχρι
1323 1435 1420 1487 τοῦ
1451 1435 1549 1488 νῦν
1581 1436 1816 1501 σώζεται
1841 1438 1869 1489 ὀ

284 1528 471 1589 τόπος.
505 1528 684 1581 Ὅπου
727 1529 839 1598 γὰρ
887 1528 950 1580 τὸ
985 1527 1145 1596 σῶμα
1197 1523 1505 1599 κατηνέχθη
1558 1526 1653 1579 τοῦ
1689 1527 1866 1595 ἁγίου,

287 1619 619 1690 κρημνώδης
648 1637 733 1684 τις
762 1620 856 1674 καὶ
896 1618 1098 1683 ἄϐατος
1129 1621 1399 1690 πρότερον
1438 1618 1537 1684 ὢν,
1567 1617 1644 1682 ὡς
1678 1619 1772 1671 καὶ
1804 1619 1870 1671 ὲκ

288 1714 455 1784 μόνης
485 1712 584 1782 τῆς
610 1711 739 1776 θέας
767 1711 1016 1766 κίνδυνον
1040 1711 1304 1776 ἀπειλεῖν,
1339 1710 1436 1763 νῦν
1469 1710 1753 1772 ἀκίνδυνος
1776 1709 1871 1762 καὶ⁸

281 1804 533 1875 ἀσφαλὴς
594 1805 691 1858 ἀπ’
745 1805 956 1858 ἐκείνου
1017 1806 1263 1874 γέγονεν.
1319 1801 1586 1866 Πολλάκις
1629 1803 1739 1875 γὰρ
1770 1802 1869 1857 καὶ

1970 807 2167 852 caetero
2196 799 2421 854 illaesum
2448 800 2743 855 videretur.
2778 800 2871 856 Sic
2900 799 3030 866 Leo,
3074 800 3160 856 vir
3181 800 3552 857 nobilissimus

1973 889 2186 946 diabolo
2225 900 2503 960 superato,
2549 890 2768 947 coronis
2817 906 2954 964 quas
2996 893 3200 961 optime
3255 902 3549 957 meruerat,

1971 989 2053 1036 est
2086 992 2328 1038 ornatus.
2356 983 2489 1049 Quia
2526 993 2706 1040 autem
2734 983 2864 1039 illud
2894 984 3115 1048 factum,
3149 985 3291 1054 quod
3321 984 3390 1039 ad
3424 999 3551 1052 pero

1971 1083 2189 1141 petuam
2227 1073 2305 1128 rei
2347 1076 2665 1129 memoriam
2705 1085 3043 1140 servaretur,
3095 1076 3316 1146 dignum
3381 1084 3548 1138 esset,

1972 1165 2123 1220 locus
2188 1164 2333 1229 iste,
2400 1176 2702 1234 praeruptus
2754 1174 2810 1221 et
2877 1167 3189 1222 inaccessus
3260 1174 3549 1235 antequam

1972 1257 2149 1312 sancti
2177 1272 2377 1327 corpus
2403 1258 2689 1328 tetigisset,
2721 1257 3009 1313 hodiedum
3044 1259 3186 1313 lenis
3249 1268 3304 1314 et
3327 1258 3552 1328 pervius

1973 1348 2238 1403 cernitur.
2271 1346 2424 1417 Smpe
2472 1348 2617 1402 enim
2673 1347 2871 1417 saepius
2918 1348 3019 1403 viri
3051 1348 3439 1416 mulieresque,
3460 1348 3552 1418 ju-

1974 1447 2154 1493 menta
2199 1452 2418 1509 quoiiue
2465 1438 2517 1492 in
2556 1439 2719 1494 istum
2750 1438 3065 1508 voraginem
3104 1439 3222 1494 sine
3249 1439 3436 1494 dolore
3462 1447 3555 1492 aut

1971 1528 2197 1584 vulnere
2222 1528 2436 1599 delapsa
2472 1530 2815 1597 referuntur;
2837 1532 2945 1585 imo
2972 1531 3098 1601 equi
3125 1532 3399 1601 quondam
3425 1545 3553 1584 cur-

1974 1621 2061 1678 rui
2080 1619 2255 1689 juncti
2278 1637 2400 1678 cum
2431 1637 2563 1678 casu
2596 1621 2747 1679 fatali
2767 1623 2964 1680 eodem
2994 1623 3198 1694 delapsi
3226 1632 3436 1689 essent,
3468 1623 3554 1677 in-

1977 1713 2221 1769 columes
2246 1728 2310 1769 ac
2339 1713 2475 1769 salvi
2506 1715 2630 1770 inde
2656 1723 2976 1770 evaserunt.
3006 1713 3290 1770 Postremo
3324 1713 3556 1768 fratrum

1974 1804 2349 1876 benignissitni
2369 1808 2549 1863 sancti
2571 1807 2828 1878 martyris
2843 1822 3044 1878 corpus
3062 1807 3350 1877 diligenter
3368 1811 3554 1860 sustu—

285 1898 481 1967 ἄνδρες
510 1898 603 1951 καὶ
636 1898 893 1967 γυναῖκες
926 1897 1022 1951 καὶ
1072 1896 1239 1969 ἕτερά
1283 1912 1408 1951 τινα
1462 1894 1577 1960 ζῶα
1634 1895 1865 1966 ἀιεετοχή⁹

1974 1894 2174 1963 lerunt,
2201 1906 2256 1952 et
2290 1897 2498 1952 vultum
2540 1899 2696 1970 quasi
2738 1899 3001 1954 ridentem
3061 1899 3309 1953 videntes
3366 1894 3555 1950 mirati

287 2005 457 2043 σαντα
507 1989 604 2059 τῆς
657 1988 779 2043 ὁδοῦ
830 1987 950 2043 κατ’
982 1989 1193 2043 ἐκεῖνον
1239 1987 1447 2059 ἠνέχθη
1475 1987 1566 2041 τὸν
1596 1987 1869 2059 κρημνὸν,

1971 1996 2142 2056 sunt;
2171 1989 2436 2060 reliquum
2476 2005 2710 2061 namque
2737 2005 2936 2060 corpus
2970 1989 3141 2045 rubro
3169 1987 3352 2044 colore
3387 1985 3558 2042 suﬂ'e-

285 2084 381 2137 καὶ
416 2084 537 2139 οὐδὲ
563 2085 701 2154 πρὸς
729 2088 791 2138 τὸ
818 2082 1169 2154 βραχύτατον
1195 2082 1426 2156 ᾔσθοντο
1453 2082 1640 2148 πόνου,
1686 2081 1782 2134 καὶ
1809 2079 1868 2133 τὸ

1974 2088 2121 2137 ctum
2152 2090 2406 2151 tanquam
2429 2096 2460 2137 e
2484 2082 2782 2137 certamine
2801 2080 2940 2136 duro
2965 2081 3229 2153 prodiisse
3246 2079 3554 2135 videbatur.

282 2176 349 2245 δὴ
384 2177 638 2244 μέγιστον
687 2176 787 2247 δχη
797 2177 876 2245 μά
925 2191 1056 2230 ποτε
1090 2177 1188 2230 σὺν
1243 2177 1358 2240 τοῖς
1391 2174 1611 2229 ἕλκουσι
1643 2174 1868 2241 κτήνεσι

1974 2173 2263 2243 Postquam
2320 2172 2516 2228 deinde
2573 2187 2778 2243 corpus
2824 2189 2967 2242 aqua
3017 2172 3253 2227 lavatum
3295 2171 3557 2225 decenter

285 2266 634 2337 κατενεχθὲν,
678 2266 880 2331 παντὸς
932 2267 1268 2339 ἀπείραστον
1318 2264 1568 2320 κινδύνου
1598 2262 1871 2334 διαμεμέ-

286 2373 452 2427 νηκεν
506 2358 602 2411 καὶ
652 2360 681 2412 ὁ
731 2357 831 2427 μὲν
882 2359 1049 2422 τόπος
1101 2359 1307 2429 ταύτην
1352 2354 1724 2426 ἀπεκληρώθη
1773 2352 1873 2421 τὴν

288 2448 631 2518 εὐεργεσίαν.
687 2450 752 2502 Ol
784 2449 839 2502 δὲ
870 2449 1264 2504 εὖλαϐέστατοι
1309 2447 1418 2502 τῶν
1449 2446 1697 2514 ἀδελφῶν
1730 2444 1869 2515 μετά

289 2540 529 2610 σπουδῆς
559 2540 879 2611 ἀνελόμενοι
912 2540 974 2595 τὸ
1001 2540 1165 2611 σῶμα
1193 2539 1289 2593 τοῦ
1321 2538 1626 2608 ἀγιωτάτου
1658 2538 1868 2608 μάρτυ-

293 2644 405 2698 ρος,
431 2629 745 2702 ἐθαύμαζον
773 2631 891 2695 πῶς
925 2631 986 2686 τὺ
1023 2632 1122 2702 μὲν
1172 2631 1467 2703 πρόσωπον
1514 2626 1582 2701 ἣν
1617 2628 1867 2701 φαιδρὸν,

1979 2264 2383 2334 inhumassent,
2454 2265 2659 2320 reversi
2710 2272 2860 2330 sunt,
2897 2263 3070 2318 Deum
3099 2276 3224 2318 cum
3259 2260 3557 2330 gratiarum

1982 2356 2290 2413 actionibus
2317 2357 2686 2428 gloriﬁcantes
2716 2365 2768 2412 et
2788 2355 3160 2427 supplicantes
3185 2361 3243 2406 ut
3267 2351 3398 2421 ipsis
3421 2364 3558 2420 quo-

1979 2463 2083 2517 que
2118 2463 2238 2503 sors
2274 2456 2329 2503 et
2355 2449 2609 2503 dormitio
2635 2448 2830 2504 similis
2857 2448 3211 2510 tribueretur,
3247 2446 3301 2498 in
3336 2441 3558 2497 nomine

1977 2539 2153 2595 Patris
2183 2549 2235 2594 et
2265 2539 2386 2594 Filii
2436 2551 2493 2595 et
2515 2540 2750 2611 Spiritus
2784 2540 2984 2604 sancti,
3012 2538 3102 2594 cui
3134 2536 3307 2607 gloria
3350 2543 3407 2591 et
3456 2549 3556 2605 pu-

1979 2640 2147 2684 tcsms
2174 2630 2226 2683 in
2254 2631 2454 2686 saecula
2481 2630 2828 2686 saeculorum.
2849 2631 3046 2686 Amen.

289 2725 367 2789 ὡς
393 2725 573 2779 δοκεῖν
604 2727 851 2799 μειδιᾷν·
879 2727 941 2781 τὸ
968 2726 1027 2780 δὲ
1057 2726 1180 2782 ὅλον
1213 2726 1374 2798 σῶμα
1406 2726 1638 2799 ἐρυθρὸν
1668 2727 1768 2797 μὲν
1833 2726 1909 2790 ὡς
1986 2727 2097 2779 ἀπὸ
2152 2725 2365 2795 ἀγῶνος
2409 2726 2596 2798 ἠρέμα
2648 2725 3026 2796 κεκονιμένον.
3084 2723 3395 2787 Λούσαντες
3460 2712 3557 2775 οὖν

291 2813 446 2868 ὕδατι
503 2813 598 2868 καὶ
638 2814 759 2885 μετ’
810 2814 1135 2887 ἐπιμελείας
1186 2816 1575 2888 καταθέμενοι,
1606 2814 1862 2888 ἀπῄεσαν
1900 2816 2359 2888 εὐχαριστοῦντες
2429 2820 2527 2873 καὶ
2581 2817 2902 2885 δοξάζοντες
2966 2817 3060 2871 τὸν
3093 2816 3254 2880 Θεὸν,
3289 2814 3383 2871 τὸν
3411 2811 3558 2868 οὕτω

290 2910 554 2978 γενναίαν
579 2910 860 2982 ὑπομονὴν
882 2911 961 2982 τῷ
999 2912 1279 2984 μακαρίτῃ
1328 2913 1711 2985 χαρισαμένῳ,
1750 2910 2041 2983 εὐχόμενοι
2113 2913 2316 2985 κλήρου
2375 2913 2472 2988 καὶἶ
2505 2912 2675 2984 μονῆς
2703 2913 2806 2985 τῆς
2854 2913 3026 2984 αὐτῆς
3047 2908 3476 2981 καταξιωθῆναι,
3498 2907 3558 2960 ἐν

291 3003 520 3071 ὀνόματι
540 3001 778 3074 Πατρδς,
809 3004 903 3058 καὶ
927 3003 1082 3070 Υίοῦ,
1119 3004 1211 3059 καὶ
1249 3004 1406 3074 ἁγίου
1440 3002 1784 3076 Πνεύματος,
1825 2995 1870 3073 ᾧ
1914 3004 1948 3076 ἡ
1985 3003 2114 3071 δόξα
2138 3008 2230 3061 καὶ
2264 3007 2325 3061 τὸ
2355 3006 2559 3078 κράτος
2617 3007 2698 3071 είς
2726 3006 2856 3071 τοὺς
2920 3005 3127 3069 αἰῶνας
3175 3004 3286 3059 τῶν
3314 3002 3552 3059 αἰώνων.

302 3093 499 3165 ’Δμήν.
