4000 6182
215 304 3431 357 ςΞΞἲἲΞΞΞΞἒΞἒΞΞΞἶἲΞΞἒΞΞΞΞΞΞΞΞΞΞΞΞΞΞἒΞΞΞΞΞΞΞΞΞἒΞἶΞἲΞΞΞΞΞΞΞΞΞΞΞΞΞἶἕΞΞΞΞΞΞΞΞἒΞἕΞΞΞΞΞΞΞἒΞΞΞἶἶέἶέἓῖἒῑῗὲἒῖἶέῗὲἶέἳῖἕὶιι

1019 489 1969 627 WALAFRIDI
2066 489 2671 625 STRABI

1465 732 1848 791 FULDENSIS
1884 734 2205 791 MONACHI

264 938 909 1087 OPERUM
1021 931 1561 1077 PRIMZE
1700 931 2250 1075 PARTIS
2376 931 3439 1078 CONTINUATIO

1612 1332 2071 1411 SEQUITUR

871 1549 1606 1699 GLOSSA
1740 1546 2828 1692 OBDINABIA
2862 1658 2894 1689 .

1311 1984 1850 2060 PROPHETLA
1899 1983 2358 2058 JEREMIE.

348 2382 732 2442 PROLOGUS
760 2378 1252 2435 HIERONYMI'IN
1287 2376 1659 2433 JEREMIAM.

412 2492 577 2564 (Vide
612 2492 853 2563 Operam
882 2491 1002 2560 ejus
1035 2491 1178 2543 tomo
1208 2488 1296 2551 IX,
1330 2486 1435 2541 col.
1467 2482 1627 2551 8L7.)

816 2592 1198 2650 PREFATIO.

287 2708 413 2763 Haec
434 2703 800 2776 interpretatio
820 2700 1132 2773 Hieronymi
1165 2706 1264 2754 est.
1301 2698 1357 2754 Si
1388 2696 1515 2769 quid
1534 2695 1589 2749 in
1618 2711 1681 2751 ea
1699 2708 1810 2749 mo-

216 2797 370 2865 verit,
421 2793 716 2850 secundum
756 2791 1015 2846 Hebraeos
1058 2788 1275 2845 codices
1320 2787 1642 2857 exploretur.
1692 2783 1809 2838 Alia

216 2894 296 2941 est
339 2883 688 2955 Septuaginta
725 2880 1076 2950 interpretum
1114 2876 1374 2933 Ecclesiis
1404 2875 1593 2930 usitata
1626 2891 1640 2927 :
1670 2888 1811 2944 quae,

215 2973 460 3048 quamvis
510 2970 766 3027 nonnulla
805 2969 957 3024 aliter
1012 2968 1205 3021 habeat
1261 2980 1419 3038 quam
1468 2963 1523 3017 in
1569 2961 1812 3017 Hebraeis

215 3063 490 3120 codicibus
514 3059 799 3124 invenitur,
832 3065 1008 3112 tamen
1041 3062 1281 3127 utraque,
1314 3054 1369 3107 id
1408 3059 1490 3108 est
1518 3050 1813 3107 secundum

216 3150 563 3223 Septuaginta
595 3157 647 3204 et
702 3132 996 3203 secundum
1037 3145 1320 3199 Hebraaam
1345 3186 1358 3209 ,
1398 3140 1692 3215 apostolica
1720 3155 1815 3194 au-

215 3241 457 3298 ctoritate
494 3238 701 3292 ﬁrmata
740 3243 842 3291 est.
888 3236 1015 3292 Non
1063 3248 1243 3288 errore
1290 3247 1467 3303 neque
1519 3230 1816 3300 reprehen-

214 3331 369 3385 sione
400 3326 685 3398 superiori,
719 3324 817 3380 sed
845 3331 993 3379 certo
1042 3321 1269 3377 consilio
1303 3318 1653 3391 Septuaginta
1680 3333 1817 3371 non-

213 3418 356 3473 nulla
407 3416 565 3471 aliter
623 3412 826 3470 dixisse
896 3411 982 3467 vel
1045 3409 1353 3466 contexisse
1425 3406 1812 3478 intelliguntur.

215 3505 375 3574 Quod
405 3505 532 3561 ideo
578 3517 993 3575 praemonemus,
1049 3516 1119 3555 ne
1169 3497 1451 3571 quisquam
1481 3497 1702 3551 alteram
1752 3511 1818 3549 ex

213 3593 383 3650 altera
415 3592 547 3650 velit
596 3591 925 3647 emendare:
958 3588 1103 3661 quod
1145 3587 1480 3659 singulorum
1508 3586 1565 3640 in
1600 3600 1698 3640 suo
1730 3599 1821 3655 ge-

218 3700 354 3739 nere
378 3682 572 3738 veritas
601 3679 937 3736 observanda
966 3686 1067 3734 est.

763 3784 1277 3841 ARGUMENTUM.

283 3897 554 3954 Jeremias
609 3893 968 3957 Anathotites,
1019 3891 1111 3964 qui
1159 3900 1241 3947 est
1302 3889 1508 3946 viculus
1567 3888 1737 3942 tribus
1790 3903 1821 3940 a

212 3984 615 4057 Hierosolymis
667 3983 872 4039 distans
930 3981 1189 4047 millibus,
1248 3979 1389 4051 apud
1440 3979 1711 4032 Thamnas
1764 3974 1821 4030 in

212 4078 454 4148 Egypto
484 4090 515 4128 a
543 4072 743 4144 populo
772 4070 1040 4142 lapidibus
1091 4070 1312 4124 obrutus
1343 4066 1617 4123 occubuit.
1671 4066 1822 4120 Jacet

218 4180 350 4219 vero
376 4164 433 4218 in
457 4178 525 4218 eo
553 4162 672 4217 loco
709 4160 971 4231 sepultus,
1001 4175 1107 4231 quo
1137 4158 1340 4213 dudum
1376 4157 1580 4212 Pharao
1608 4170 1703 4210 rex
1732 4154 1819 4221 ha:

212 4252 501 4307 bitaverat.
533 4250 601 4305 Et
629 4248 883 4321 quoniam
908 4246 1267 4319 postulatione
1312 4262 1406 4300 sua
1455 4242 1723 4315 defugatis
1753 4242 1820 4297 ab

223 4342 427 4396 eodem
448 4341 564 4395 loco
614 4337 976 4409 serpentibus,
1025 4336 1306 4407 IEgyptios
1334 4350 1365 4388 a
1402 4341 1543 4389 tactu
1572 4332 1821 4403 aspidum

213 4428 353 4484 facit
382 4444 498 4483 esse
525 4442 769 4494 securos,
800 4441 999 4497 magna
1028 4440 1151 4480 eum
1190 4424 1265 4478 ibi
1294 4422 1556 4496 religione
1584 4420 1823 4493 Egyptii

202 4524 563 4574 venerantur.

749 4604 975 4660 CAPUT
1013 4603 1301 4659 PRIMUM.

282 4715 472 4770 Vens.
498 4716 523 4766 1
541 4753 555 4767 .
577 4742 645 4752 -
672 4712 838 4769 Verba
860 4713 1144 4768 Ieremia.
1161 4708 1563 4780 (Hmn.)LXX:
1584 4706 1819 4764 Verbum

199 4804 335 4867 Dei,
378 4802 507 4874 quia
534 4801 698 4856 verba
725 4800 974 4856 Jeremiae
1001 4800 1227 4856 verbum
1254 4797 1480 4859 Domini
1500 4800 1632 4858 estf-
1661 4808 1678 4844 ἀ

277 4894 473 4949 Vsus.
504 4894 560 4949 2.
592 4921 660 4932 --
682 4892 746 4947 In
776 4890 989 4955 diebus,
1006 4896 1114 4944 etc.
1150 4887 1281 4959 (Ιυ.)
1308 4885 1563 4940 Mimbilis
1592 4884 1821 4940 beicle—
1842 4893 1869 4944 ζ

194 4982 444 5040 mentis.
477 4982 595 5036 Jam
633 4979 935 5051 captivitate
962 4977 1159 5042 vicina,
1193 4983 1246 5032 et
1262 4974 1555 5045 Babylonio
1584 4973 1821 5029 exercitu

1824 2377 1881 2436 A
1980 2374 2151 2428 Vens.
2187 2374 2239 2427 6.
2271 2401 2341 2412 -—-
2395 2375 2457 2441 Α,
2500 2388 2554 2437 a,
2586 2388 2640 2437 a,
2689 2373 2924 2428 Domine
2969 2374 3133 2428 Deus.
3191 2371 3504 2428 Detestatur

1906 2461 2138 2517 ofﬁcium
2169 2460 2314 2533 quod
2345 2475 2442 2531 pro
2462 2468 2617 2514 aetate
2642 2475 2751 2515 non
2777 2468 2958 2530 potest
2987 2461 3271 2516 sustinere.
3296 2461 3502 2517 Eadem

1906 2549 2252 2617 verecundia,
2275 2564 2382 2620 qua
2422 2549 2636 2620 Moyses
2688 2547 2905 2620 gracilis
2952 2557 3006 2604 et
3042 2549 3217 2603 tenuis
3249 2549 3400 2605 vocis
3447 2565 3509 2606 se

1909 2655 2032 2694 esse
2063 2637 2224 2705 dicit;
2257 2638 2355 2692 sed
2384 2636 2474 2692 ille
2518 2636 2670 2709 quasi
2725 2653 2938 2708 magna:
2968 2644 3022 2692 et
3050 2637 3283 2692 robusta!
3334 2637 3507 2693 aetatis

1909 2727 2209 2798 corripitur,
2244 2725 2401 2797 quasi
2428 2740 2595 2797 puero
2643 2727 2766 2781 huic
2812 2725 2973 2783 venia
3015 2726 3187 2794 datur,
3223 2725 3315 2798 qui
3342 2742 3506 2783 vere-

1910 2815 2104 2872 cundia
2131 2824 2183 2870 et
2210 2815 2416 2886 pudore
2446 2814 2750 2870 decoratur.
2857 2805 2872 2821 ’

1982 2924 2154 2977 Vens.
2170 2925 2223 2977 9.
2243 2953 2311 2962 —
2334 2922 2405 2977 Et
2429 2923 2609 2987 misit,
2643 2929 2746 2978 etc.
2761 2921 2891 2993 (In.)
2922 2921 3231 2977 Notandum
3250 2921 3394 2993 quod
3424 2922 3520 2980 hic

1913 3028 2103 3066 manus
2133 3011 2235 3066 Dei
2271 3010 2514 3078 mittitur,
2558 3018 2685 3081 etc.,
2725 3026 2898 3083 usque
2936 3010 3010 3066 ad
3036 3018 3096 3065 ut
3131 3009 3507 3066 conﬁdentiam

1915 3099 2147 3171 accipiat
2170 3098 2517 3171 praedicandi.

1987 3189 2119 3261 (Ιυ.)
2150 3187 2390 3257 Quatuor
2418 3188 2660 3243 tristibus
2694 3188 2801 3243 duo
2854 3187 2974 3244 laeta
3031 3189 3346 3256 succedunt,
3378 3197 3505 3258 etc.,

1917 3294 2091 3351 usque
2121 3278 2193 3333 ad
2222 3285 2275 3333 et
2306 3276 2593 3348 prOpinare
2624 3277 2842 3346 jubetur
2893 3276 3144 3332 omnibus
3181 3278 3508 3335 nationibus.

1988 3366 2159 3420 Vens.
2194 3368 2279 3422 11.
2300 3396 2369 3406 -
2401 3367 2621 3438 Virgam
2649 3366 2999 3437 vigiliarum.
3027 3366 3158 3438 (11).)
3191 3366 3356 3439 Virga
3381 3367 3513 3439 vigi-

1918 3454 2128 3519 liarum,
2162 3462 2289 3521 etc.,
2322 3456 2496 3526 usque
2514 3454 2588 3510 ad
2619 3454 3007 3511 resurrectione
3027 3454 3245 3511 Domini
3269 3455 3518 3513 ﬂoruisse

1922 3550 2186 3598 narratur.

1991 3650 2163 3704 Vens.
2199 3652 2286 3704 13.
2318 3680 2388 3690 -
2417 3650 2491 3705 Et
2514 3652 2735 3721 factum
2775 3654 2878 3707 est.
2920 3650 3195 3707 Gradatim
3227 3661 3517 3725 peccantes

1840 3734 1894 3793 B
1916 3738 2311 3809 corripiuntur;
2342 3737 2432 3809 qui
2460 3738 2764 3805 noluerunt,
2794 3739 3128 3809 percutiente
3182 3740 3357 3813 virga,
3390 3758 3516 3798 cor-
3622 3769 3629 3776 ο

1918 3825 2024 3898 rigi
2054 3826 2141 3881 vel
2167 3825 2461 3893 emendari,
2492 3825 2769 3880 mittuntur
2799 3825 2857 3879 in
2884 3826 3044 3881 ollam
3076 3843 3416 3908 succensam,
3444 3829 3514 3886 de

1923 3932 2026 3986 qua
2054 3914 2266 3985 plenius
2295 3913 2566 3970 Ezechiel.

1993 4005 2165 4061 Ollam
2179 4019 2527 4061 succensum.
2544 4003 2680 4059 Hinc
2690 4003 2953 4059 Dominus
2978 4004 3046 4059 ad
3075 4005 3176 4061 Job
3206 4005 3354 4074 dicit,
3378 4014 3508 4076 etc.,

1919 4109 2094 4165 usque
2122 4093 2197 4149 ad
2245 4092 2342 4148 sed
2398 4093 2516 4149 haec
2566 4092 2801 4149 violenta
2843 4101 2896 4149 et
2940 4110 3105 4166 prava
3151 4095 3515 4168 interpretatio

1920 4184 2026 4233 est.

1991 4267 2162 4323 Vnus.
2198 4268 2284 4321 14.
2318 4297 2386 4306 -
2415 4266 2763 4323 Habitatores
2795 4271 2979 4325 terrm.
3000 4268 3083 4324 De
3098 4268 3502 4342 quibusinApov

1919 4354 2143 4427 calypsi,
2185 4362 2313 4421 etc.,
2364 4371 2537 4428 usque
2566 4355 2639 4411 ad
2684 4364 2737 4411 et
2782 4357 2968 4412 Petrus
3000 4374 3014 4412 :
3046 4358 3254 4414 Electis
3284 4358 3507 4426 adveni,

1918 4445 2104 4513 Ponti,
2145 4445 2398 4511 Galatia},
2424 4444 2800 4517 Cappadociae,
2832 4446 2976 4502 Asiae
3015 4450 3074 4502 et
3101 4446 3401 4518 Bithynice.

1990 4534 2160 4589 Vens.
2196 4534 2282 4588 17.
2313 4563 2383 4573 -
2418 4534 2495 4589 Tu
2523 4549 2651 4606 ergo
2676 4535 2928 4606 accinge,
2953 4542 3056 4589 etc.
3089 4534 3220 4606 (11).)
3249 4535 3351 4591 Job
3372 4553 3500 4609 quo-

1918 4638 2022 4696 que
2054 4620 2377 4693 pmcipitur,
2408 4629 2538 4688 etc.,
2569 4638 2743 4697 usque
2778 4622 2852 4676 ad
2889 4622 2984 4676 sed
3027 4622 3299 4679 civitatem
3337 4632 3501 4681 totam

1917 4728 2037 4784 quae
2066 4726 2228 4782 super
2254 4718 2495 4765 montem
2520 4709 2696 4781 posita
2724 4709 2889 4765 latere
2919 4725 3028 4766 non
3056 4719 3255 4782 potest.

1896 4810 1917 4853 ε
1936 4810 2158 4887 ivga;
2313 4818 2390 4898 ξς
2410 4817 2563 4903 :Etjgi
2575 4815 2919 4872 columnam.
2941 4817 3024 4873 De
3048 4835 3152 4890 qua
3180 4820 3504 4891 Apostolus:

1894 4900 2195 4959 3CDtum’na
2212 4905 2268 4957 et
2296 4900 2725 4972 ﬁr’nicmwutum
2765 4902 3024 4958 veritatis
3039 4901 3094 4971 (Ι
3111 4903 3295 4976 Tim.)
3324 4906 3393 4961 Et
3415 4906 3509 4964 Pe~

1866 4993 1882 5029 η’
1917 4998 2032 5045 trus
2060 4999 2113 5046 et
2139 4990 2369 5046 Jacobus
2400 4997 2453 5043 et
2477 4989 2713 5045 Joannes
2741 4991 2839 5063 qui
2874 4990 3230 5063 putabantur
3266 5009 3384 5051 esse
3420 5012 3509 5053 co-

190 5072 458 5128 vallante
493 5069 809 5135 Jerusalem,
850 5065 1197 5123 nihilominus
1235 5064 1497 5135 poyulum-
1530 5062 1850 5152 ad‘pmuF‘

1939 5080 2133 5155 inmite
2148 5079 2435 5163 Ecciesigz,
2450 5086 2527 5159 et:
2540 5078 2704 5178 Paulo
2734 5085 2785 5134 et
2795 5062 3052 5135 Barnabas
3080 5080 3344 5138 dederunt
3366 5083 3503 5140 dex-

192 5161 451 5217 tentiam
480 5166 651 5224 vocat,
682 5154 1160 5228 mallenszservare
1189 5167 1482 5210 conversos
1511 5160 1675 5223 quam
1702 5162 1819 5222 per-

189 5250 347 5307 dere
373 5248 774 5320 delinquentes,

270 5340 474 5394 Vnns.
506 5339 560 5391 5.
591 5367 662 5377 -
686 5336 1025 5408 Priusquam
1048 5336 1119 5389 te.
1150 5333 1272 5387 Non
1292 5331 1435 5404 quod
1463 5337 1589 5386 ante
1618 5344 1818 5386 conce-

188 5429 475 5501 ptionem
517 5425 696 5496 fuerit,
744 5432 802 5479 ut
846 5422 1084 5480 haeretici
1136 5421 1501 5492 suspicantur;
1547 5419 1645 5475 sed
1693 5418 1817 5491 quia

187 5515 506 5591 pmscivit
548 5529 670 5570 eum
714 5512 977 5569 Dominus
1032 5510 1286 5579 futurum,
1320 5509 1411 5582 qui
1437 5508 1684 5565 facienda
1706 5507 1817 5576 jam

184 5606 358 5663 facta
396 5611 524 5661 sunt
538 5622 566 5694 ;‘
584 5602 675 5676 qui
712 5609 866 5659 vocat
900 5618 964 5658 ea
1001 5615 1122 5673 qua
1158 5614 1268 5656 non
1305 5606 1430 5654 sunt
1468 5606 1723 5669 tanquam
1759 5611 1821 5651 ea

184 5712 334 5769 quae
372 5701 526 5750 sunt.

477 5801 723 5861 ΡΑτιιοι..
763 5797 951 5855 CXIV.

228 5955 507 6138 »σθ

1917 5175 2024 5223 tras
2042 5158 2466 5228 communi—unis!
2495 5158 2521 5217 ’ἱ
2568 5171 2593 5219 ,³
2621 5159 2663 5237 Α

1991 5257 2225 5330 Regibus
2254 5255 2418 5313 Juda.
2447 5255 2590 5328 (Ιυ.)
2634 5255 2691 5313 Si
2734 5257 2948 5329 quando
2984 5274 3145 5332 reges
3172 5261 3328 5330 Juda,
3378 5270 3506 5334 etc.,

1919 5363 2095 5420 usque
2115 5346 2187 5402 ad
2217 5344 2272 5400 in
2301 5345 2532 5415 Domino
2563 5353 2744 5418 speret
2761 5354 2819 5402 ut
2836 5346 3032 5404 vincat.

2548 5470 2775 5528 CAPUT
2794 5472 2867 5527 ΙΙ.

1994 5595 2168 5652 Vens.
2191 5599 2245 5653 2.
2278 5624 2347 5635 -—
2372 5594 2841 5652 Adolescentiam.
2856 5596 3071 5669 (Ηιιςιι.)
3099 5598 3316 5656 Plenius
3338 5598 3507 5655 hocin

1921 5683 2208 5741 Ezechiele
2230 5683 2427 5755 legitur
2451 5682 2546 5739 ubi
2573 5683 2677 5739 sibi
2695 5684 2959 5742 Dominus
3002 5686 3301 5765 Jerusalem
3325 5687 3516 5744 matri-

3172 5796 3197 5847 1
