4000 6182
398 306 458 357 u
976 303 1381 363 WALAFRIDI
1416 305 1661 361 STRABI
1697 305 1896 361 FULD.
1935 302 2111 361 MON.
2151 304 2304 364 OPP.
2345 305 2521 362 PARS
2557 307 2599 361 ι.
2640 336 2711 348 -
2745 279 3219 365 resorberet.

3618 311 3686 367 12

397 426 583 482 monio
608 426 839 498 copulat,
864 436 917 483 et
945 429 1046 483 sub
1060 444 1297 500 persona
1314 430 1516 497 uxoris,
1546 429 1657 483 suis
1672 428 1850 499 jungit
1872 444 1987 484 am-
2008 432 2065 493 Α
2166 430 2336 484 Vens.
2370 433 2457 484 19.
2488 461 2558 471 -
2588 432 2797 505 Arguet
2824 435 2876 487 te
2896 433 3128 487 malitia
3159 435 3276 489 tua.
3303 430 3435 503 (10.)
3464 432 3687 487 —Nota

398 514 666 587 plexibus.
716 516 841 572 Sive
881 524 938 571 ut
980 518 1339 575 ardentiorem
1386 524 1649 573 monstret
1700 516 1950 573 affectum
1974 562 1987 585 ,

397 603 633 675 puellam
661 620 781 661 eam
812 613 866 661 et
903 606 1284 677 desponsatam
1323 615 1495 662 vocat.
1532 605 1652 675 Quo
1675 609 1818 662 enim
1849 622 1991 662 non-

402 691 531 748 dum
558 693 713 765 potiti
740 711 926 750 sumus
946 695 1220 751 ardenti‘ts
1249 695 1572 767 appetimus.

473 800 645 857 Vnus.
673 806 725 857 3.
750 833 820 842 —
838 804 1038 859 Omnes
1058 804 1156 875 qui
1184 803 1471 859 devorant.
1495 801 1707 874 (Ηιιζιι.)
1740 800 1887 857 Sicut
1901 801 1994 873 qui

400 888 662 960 primitias
690 891 972 958 devorant,
1006 900 1133 957 etc.,
1172 908 1345 964 usque
1370 892 1442 947 ad
1480 889 1729 962 primitiae
1781 890 1993 946 deben-

398 982 488 1033 tur
515 978 904 1046 sacerdotibus,
936 995 1048 1035 non
1066 980 1336 1036 hostibus.

472 1085 645 1141 Vnus.
682 1085 731 1140 4.
756 1117 825 1126 -
855 1087 1030 1142 Israel
1061 1086 1188 1158 (Ιυ.)
1212 1087 1503 1158 Utrumque
1533 1102 1730 1141 nomen
1760 1087 1993 1158 ponitur,

399 1175 567 1231 Jacob
605 1182 659 1230 et
687 1174 871 1241 Israel,
903 1190 1013 1230 non
1033 1175 1328 1230 secundum
1344 1175 1476 1229 duas
1507 1182 1560 1230 et
1587 1175 1776 1231 decem
1803 1176 1991 1246 tribus,

400 1263 499 1319 sed
523 1263 673 1332 juxta
702 1280 920 1319 omnem
946 1263 1223 1335 populum,
1262 1280 1384 1318 cum
1437 1263 1558 1335 ipse
1593 1264 1759 1320 Jacob
1806 1272 1995 1336 postea

401 1351 575 1408 dictus
601 1351 671 1405 sit
700 1352 889 1407 Israel.

471 1458 643 1512 Vnus.
688 1459 741 1512 5.
774 1457 1003 1527 —Quid
1016 1459 1358 1514 invenerunt
1372 1463 1585 1530 patres.
1603 1457 1879 1515 Oﬁ'ensam
1906 1459 1994 1513 di-

398 1545 473 1602 cit
500 1546 646 1602 Deus
677 1563 707 1600 a
735 1546 974 1618 patribus
986 1546 1198 1613 factam,
1231 1563 1339 1602 non
1367 1549 1510 1620 quod
1536 1556 1757 1619 peccata
1783 1556 1994 1620 patrum

398 1633 522 1690 ﬁliis
534 1635 877 1706 imputentur,
894 1636 992 1692 sed
1022 1636 1145 1707 quia
1172 1635 1268 1690 ﬁlii
1305 1637 1567 1693 habentes
1594 1636 1995 1693 similitudinem

396 1731 625 1795 patrum,
651 1732 700 1781 et
735 1741 834 1779 suo
871 1732 925 1780 et
961 1733 1240 1796 parentum
1280 1725 1483 1781 scelere
1512 1726 1824 1797 puniuntur.
1861 1728 1996 1783 Pro-

396 1820 521 1883 pter
550 1821 767 1871 sanctos
794 1821 974 1885 patres
994 1812 1221 1869 ﬁliorum
1251 1814 1535 1878 miseretur
1562 1815 1727 1870 Deus.

470 1920 639 1975 Vens.
756 1952 826 1961 —
857 1921 1041 1993 Neque
1067 1920 1343 1977 habitavit
1363 1921 1541 1978 homo.
1567 1921 1699 1993 (11).)
1721 1920 1825 1990 Qui
1858 1938 1989 1977 sem-

396 2024 497 2081 per
522 2009 591 2063 ad
621 2010 819 2079 majora
848 2008 1089 2076 festinat,
1123 2018 1250 2076 etc.,
1294 2027 1467 2083 usque
1488 2011 1561 2066 ad
1596 2010 1694 2066 sed
1722 2019 1994 2066 certamen

399 2105 452 2154 et
482 2097 717 2154 incertus
738 2098 911 2153 exitus
950 2098 1263 2153 futurorum.

466 2205 638 2261 Vens.
668 2206 723 2259 7.
753 2236 823 2246 —
848 2207 920 2261 Et
946 2206 1157 2261 indum
1188 2220 1299 2272 vos,
1333 2204 1485 2276 quasi
1514 2207 1747 2263 diceret:
1781 2208 1882 2261 Pro
1913 2207 1992 2261 la-

391 2294 524 2349 bore
563 2292 835 2348 durissimi
879 2294 1106 2360 itineris,
1149 2302 1276 2361 etc.,
1332 2311 1506 2368 usque
1529 2296 1602 2352 ad
1623 2296 1989 2352 haereditatem

393 2376 536 2434 illius
554 2377 967 2434 abominabilem
997 2378 1242 2434 facimus.

464 2484 635 2539 Vna.
671 2488 759 2539 10.
789 2515 860 2526 -
893 2484 1523 2556 Cethim.(ln.)Cethim,
1546 2486 1633 2542 vel
1662 2486 1827 2542 Italiae
1847 2485 1991 2541 scili-

2092 519 2239 590 quod
2265 518 2471 575 malitia
2525 526 2581 574 et
2623 520 3011 592 praevaricatio,
3064 528 3193 589 etc.,
3235 537 3409 593 usque
3457 521 3531 577 ad
3559 521 3688 593 quia

2092 607 2378 679 dereliquit
2406 607 2694 664 Dominum
2726 610 2899 664 Deum
2922 626 3098 664 suum.

2166 696 2335 752 Vsus.
2366 700 2456 755 20.
2476 728 2547 738 —
2572 699 2613 753 A
2629 698 2831 754 saeculo
2853 699 3205 770 confregisti.
3225 698 3358 769 (10.)
3389 698 3568 755 Potest
3584 700 3687 755 hoc

2092 785 2161 839 ad
2190 801 2313 841 eum
2344 786 2470 853 dici,
2512 795 2638 853 etc.,
2672 803 2845 859 usque
2870 787 2944 842 ad
2974 792 3029 841 et
3046 785 3554 843 faciuntdivaricare
3584 804 3687 860 pe-

2094 874 2193 930 des
2221 890 2348 940 suos
2377 875 2524 930 omni
2555 876 2868 931 transeunti.
3416 899 3421 903 '

2166 963 2446 1021 Vnas.2l.
2480 995 2549 1006 —-
2579 966 3085 1022 Vineamelcctam.
3140 965 3683 1032 InHebraeo,soreth,

2095 1053 2239 1125 quod
2266 1070 2438 1124 genus
2468 1062 2548 1108 est
2579 1053 2701 1108 vitis
2726 1054 2961 1124 optimae,
2992 1055 3060 1109 de
3088 1054 3238 1124 cujus
3267 1053 3472 1110 sarculo
3529 1053 3686 1125 plan-

2096 1142 2226 1197 tavit
2284 1142 2470 1207 Israel,
2523 1150 2577 1197 et
2647 1142 2867 1197 miratur
2920 1143 3195 1214 quomodo
3251 1158 3440 1198 semen
3497 1158 3683 1198 verum

2097 1239 2150 1285 et
2176 1230 2349 1286 electa
2377 1230 2604 1285 vineain
2631 1231 3036 1286 amaritudinem
3055 1247 3214 1287 versa
3232 1230 3374 1286 facta
3401 1230 3470 1285 sit
3490 1230 3684 1285 aliena.

2173 1320 2449 1389 Quomodo
2489 1336 2616 1391 ergo
2651 1336 2916 1377 conversa
2941 1336 2997 1377 es
3026 1324 3048 1375 ?
3078 1320 3269 1375 Nullus
3298 1336 3520 1375 securus
3548 1318 3617 1373 sit
3643 1317 3691 1373 si

2095 1407 2368 1479 plantatio,
2403 1416 2528 1476 etc.,
2576 1425 2749 1481 usque
2774 1409 2847 1465 ad
2894 1409 2940 1463 si
2965 1408 3323 1480 permanserit
3350 1408 3407 1463 in
3445 1423 3512 1464 eo
3543 1407 3691 1480 quod

2096 1498 2332 1568 plantata
2360 1505 2459 1552 est.

2167 1587 2337 1642 Vens.
2370 1590 2460 1643 22.
2490 1617 2559 1627 —
2588 1586 2802 1643 Borit/i.
2836 1586 2968 1658 (10.)
2994 1587 3175 1658 Ipsum
3196 1587 3504 1642 Hebreum.
3540 1586 3690 1641 LXX

2096 1691 2225 1731 vero
2250 1675 2473 1731 herbam
2500 1674 2779 1740 fullonum,
2813 1691 2931 1746 quae
2972 1675 3026 1729 in
3065 1675 3345 1731 Palaestina
3374 1675 3430 1730 in
3456 1674 3692 1730 humidis

2012 1789 2066 1849 B
2095 1772 2146 1819 et
2178 1763 2474 1819 virentibus
2494 1764 2731 1819 nascitur
2766 1763 2920 1829 locis,
2952 1772 3006 1819 et
3055 1765 3126 1819 ad
3179 1764 3441 1820 levandas
3501 1764 3692 1821 sordes

2093 1854 2339 1908 eamdem
2371 1853 2480 1907 vim
2509 1854 2670 1908 habet
2700 1869 2859 1925 quam
2891 1860 2944 1908 et
2971 1853 3189 1908 nitrum.

2165 1951 2337 2006 Vnus.
2370 1955 2458 2008 23.
2493 1982 2562 1991 —
2590 1951 2717 2008 Vide
2742 1954 2862 2007 vias
2901 1955 3045 2017 tuas,
3078 1951 3132 2005 id
3145 1959 3228 2006 est
3250 1951 3461 2022 respice
3473 1949 3693 2007 conval-

2090 2039 2196 2095 lem
2220 2038 2452 2095 ﬁliorum
2479 2041 2692 2105 Ennon,
2727 2055 2845 2111 quae
2877 2040 3022 2094 Siloe
3054 2038 3291 2094 fontibus
3322 2040 3589 2111 irrigatur,
3617 2040 3693 2096 ibi

2090 2146 2280 2184 cernes
2312 2129 2592 2184 delubrum
2620 2129 2762 2192 Baal,
2796 2144 2954 2200 quem
2995 2128 3181 2184 relicto
3210 2130 3325 2184 Deo
3355 2129 3587 2184 coluisti.

2161 2218 2331 2272 Vsus.
2361 2220 2451 2275 25.
2476 2248 2546 2259 -
2590 2218 2824 2274 Prohibe
2866 2218 3067 2289 pedem
3121 2222 3303 2273 tuum.
3348 2218 3551 2273 Pascha
3611 2217 3693 2273 fa-

2089 2305 2242 2371 cturi,
2276 2315 2403 2371 etc.,
2439 2322 2612 2379 usque
2638 2306 2711 2361 ad
2743 2320 2862 2377 quae
2891 2306 3153 2361 deberent
3188 2306 3507 2379 evangelica
3552 2306 3694 2379 pede

2089 2395 2285 2451 calcari
2315 2404 2367 2450 et
2398 2393 2622 2450 conteri.

2159 2484 2329 2539 Vens.
2344 2486 2509 2540 27.—
2523 2485 2835 2540 Verterunt.
2857 2485 3226 2555 Projicientes
3243 2499 3525 2539 sermones
3536 2499 3689 2540 meos

394 2580 498 2640 cet,
529 2574 615 2628 vel
657 2573 1067 2629 occidentalium
1097 2573 1346 2645 partium,
1389 2575 1511 2646 quia
1541 2576 1739 2631 Iudaeae
1780 2575 1989 2645 Cyprus
2088 2578 2420 2629 retrorsum.
2456 2571 2842 2639 Quandoenim
2874 2573 3137 2644 magister
3151 2572 3409 2643 pmcipit,
3444 2579 3691 2638 etc.,us-

390 2661 584 2729 insula,
618 2662 673 2716 in
701 2679 804 2734 qua
833 2663 962 2717 urbs
993 2663 1149 2730 hujus
1175 2662 1410 2716 nominis
1448 2662 1627 2717 vicina
1653 2670 1753 2728 est,
1786 2662 1853 2717 de
1882 2677 1988 2733 qua
2087 2678 2190 2734 que
2222 2662 2294 2716 ad
2323 2661 2420 2716 sed
2450 2668 2714 2716 tumorem
2742 2659 2906 2716 animi
2933 2661 3176 2717 indicant
3213 2668 3373 2733 gestu
3430 2660 3693 2733 corporis.

393 2751 538 2807 Zeno
563 2750 817 2822 princeps
847 2750 1166 2807 Stoicorum.
2160 2759 2329 2814 Vsus.
2345 2762 2433 2816 28.
2454 2790 2523 2799 -
2540 2758 2862 2816 Secundum
2900 2759 3332 2816 numerum.Vel
3360 2759 3698 2827 eosdem,vel

463 2858 536 2913 Et
562 2857 933 2913 considerate.
962 2857 1091 2927 (Ιυ.)
1122 2859 1415 2913 Possumus
1437 2865 1623 2912 contra
1653 2871 1747 2911 eos
1775 2856 1877 2911 hoc
1905 2856 1987 2911 di-
2087 2848 2353 2915 diversos,
2387 2848 2616 2921 singulae
2660 2848 2905 2904 civitates
2952 2848 3200 2904 colebant
3237 2848 3390 2913 deos,
3425 2855 3481 2903 ut
3510 2864 3611 2903 nec
3639 2847 3695 2902 in

392 2960 536 3011 cere,
568 2945 659 3017 qui
688 2945 875 3014 majori
916 2947 1093 3001 studio
1130 2954 1423 3018 sequuntur
1464 2946 1594 3001 vitia
1630 2962 1790 3017 quam
1828 2945 1987 3001 virtu—
2086 2936 2365 3007 impietate
2391 2938 2919 2993 Videremurhabel‘e
2941 2953 3291 3004 consensum;
3313 2936 3411 2993 Sed
3442 2952 3694 3009 Pugna“

392 3040 496 3103 tes,
528 3033 723 3105 quibus
741 3033 933 3089 dicitur
963 3052 976 3088 ε
1002 3037 1324 3092 Humanum
1355 3036 1479 3091 ἀίεο
1494 3038 1723 3109 propter
1740 3034 1987 3104 inﬁrmi.
2088 3034 2272 3081 contra
2303 3042 2363 3082 se
2396 3026 2726 3098 superstitio,
2769 3042 3007 3082 errorem
3046 3033 3363 3097 sequeretur
3398 3026 3693 3082 diversum.

397 3126 573 3178 tatem
585 3124 776 3178 carnis
786 3127 1013 3192 vestrae;
1028 3124 1530 3180 sicutexhibuistis
1541 3123 1789 3179 membra
1800 3127 1986 3179 vestra

2149 3115 2321 3170 Vnus.
2352 3120 2440 3173 29.
2465 3147 2535 3156 —
2571 3116 2711 3185 Quid
2734 3116 2905 3172 vultis
2928 3116 3144 3171 ?Prona
3176 3123 3259 3171 est
3286 3115 3355 3170 ad
3385 3114 3695 3172 excusatio-

391 3212 600 3267 servirc
637 3211 1025 3268 immunditia:
1071 3216 1128 3267 et
1166 3214 1468 3284 iniquitati
1501 3212 1574 3267 ad
1618 3213 1987 3284 iniquitatem

390 3298 570 3370 (Rom.
604 3302 705 3370 γι),
746 3308 849 3355 etc.

466 3388 637 3443 Vnus.
674 3390 760 3442 11.
793 3419 863 3429 -
887 3390 1135 3461 Populus
1164 3405 1341 3446 meus.
1356 3389 1513 3445 Velut
1550 3388 1988 3460 anthropOphor-

398 3476 565 3548 mitte,
595 3477 685 3548 qui
714 3478 1000 3533 occasione
1019 3478 1176 3547 hujus
1203 3478 1497 3534 testimonii
1525 3480 1856 3535 :Faciamus
1887 3477 1989 3533 ho-

397 3567 613 3622 minem
644 3567 716 3622 ad
729 3568 1041 3639 imaginem
1062 3572 1120 3623 et
1134 3568 1579 3623 similitudinem
1608 3568 1773 3638 (Gen.
1805 3567 1866 3637 1),
1888 3566 1989 3620 im-

390 3670 636 3710 mensam
662 3663 715 3711 et
744 3655 1044 3726 simplicem
1076 3655 1367 3712 divinitatis
1416 3654 1765 3711 substantiam
1818 3654 1989 3710 linea-

392 3743 589 3798 mentis
636 3743 835 3799 nostris
889 3751 942 3799 et
988 3744 1220 3800 humana
1269 3744 1588 3816 ﬁguratione
1634 3743 1990 3815 compositam

391 3831 738 3901 pertinaciter
757 3833 1108 3889 contendunt.

464 3938 634 3994 Vnus.
674 3943 760 3996 12.
786 3940 1268 4012 —0bstupescite,
1294 3941 1440 3995 cwli.
1473 3940 1606 4026 (ῐρ.)
1628 3939 1776 3993 LXX
1810 3956 1823 3991 :
1874 3937 1981 3992 Ob-

396 4027 595 4097 stupuit
614 4027 829 4092 caalum,
863 4035 989 4093 etc.,
1026 4044 1199 4100 usque
1221 4028 1293 4083 ad
1322 4036 1375 4082 et
1403 4036 1513 4082 tam
1541 4027 1665 4082 cceli
1682 4041 1841 4099 quam
1870 4041 1987 4081 coe-

393 4114 502 4171 lum
531 4115 722 4170 eodem
753 4115 1002 4171 dicuntur
1028 4115 1267 4180 nomine,
1299 4124 1357 4171 ut
1385 4116 1604 4185 Thebae,
1633 4115 1878 4170 Athenae.

465 4217 637 4271 Vsus.
668 4219 753 4271 13.
788 4247 858 4257 —-
894 4218 971 4272 Me
1002 4214 1449 4288 dereliquerunt.
1511 4215 1616 4285 Qui
1662 4223 1988 4288 praaceptum

393 4305 520 4361 dedi
549 4305 739 4362 dicens
759 4307 898 4377 :Ego
910 4323 1038 4361 sum
1066 4307 1335 4362 Dominus
1352 4307 1497 4361 Deus
1528 4310 1658 4362 tuus
1688 4307 1785 4378 qui
1812 4305 1992 4361 eduxi

398 4394 465 4451 de
493 4398 642 4451 terra
666 4395 908 4467 Egypti.
936 4395 1002 4448 Et
1039 4394 1334 4449 secundum
1374 4395 1514 4465 quod
1555 4394 1612 4448 in
1650 4393 1839 4449 eodem
1871 4393 1992 4449 loco

400 4483 654 4554 scriptum
685 4491 766 4538 est
796 4500 809 4537 :
842 4484 963 4538 Non
983 4484 1105 4537 sint
1132 4482 1235 4537 tibi
1263 4482 1348 4538 dii
1374 4483 1556 4539 alieni
1595 4484 1660 4538 in
1688 4486 1988 4556 conspectu
2018 4504 2069 4565 Ι)

389 4588 530 4637 meo,
554 4587 653 4643 pro
682 4587 788 4643 quo
820 4578 1034 4627 secutus
1062 4578 1145 4627 est
1175 4571 1470 4627 daemones.

462 4675 695 4729 Fontem
712 4690 871 4745 aqua:
891 4675 1052 4729 vivae.
1080 4672 1212 4745 (11).)
1231 4673 1373 4729 Fons
1397 4679 1689 4745 perpetuus
1715 4680 1795 4727 est
1819 4680 1872 4727 et
1899 4672 1987 4728 vi-

388 4761 523 4847 tales
549 4761 715 4817 habet
741 4778 926 4833 aquas.
959 4762 1217 4816 Cisternae
1249 4770 1301 4817 et
1330 4762 1478 4856 lacus
1509 4761 1584 4851 de
1598 4761 2022 4856 tergentibpspt.

393 4844 550 4923 aquis
580 4849 806 4905 turbidis
836 4849 1171 4921 complentur
1194 4844 1484 4921 impluviis.
1523 4844 1744 4923 2343.;
1826 4848 1849 4923 ξ

463 4918 637 5013 Vens.
673 4959 757 5011 15.
790 4987 859 4996 -
898 4909 1165 5030 Nunquid
1192 4909 1686 5029 servusf.(lb.:):1§x
1724 4909 1994 5013 116251656
2010 4932 2029 4950 ’

2092 3219 2218 3258 nem
2234 3204 2317 3259 sui
2335 3206 2570 3261 humana
2597 3204 2925 3276 perversitas
2941 3222 2956 3259 :
2971 3212 3025 3260 et
3051 3204 3197 3277 quod
3218 3204 3411 3260 merito
3439 3204 3690 3272 sustinet,

2092 3293 2197 3347 sibi
2223 3293 2419 3362 injuste
2447 3293 2661 3349 videtur
2683 3294 2972 3350 sustinere.

2161 3381 2332 3437 Vnus.
2367 3385 2454 3438 30.
2487 3413 2557 3423 —
2587 3385 2756 3439 Filios
2791 3388 3021 3439 vestros.
3048 3383 3116 3438 Ut
3146 3382 3322 3454 plagis
3352 3379 3583 3438 ﬁliorum
3604 3379 3692 3437 di-

2090 3470 2338 3537 sceretis,
2370 3471 2516 3543 quod
2555 3470 2847 3526 austeriori
2893 3471 3122 3527 curandi
3180 3471 3376 3527 essetis
3436 3470 3688 3527 medica-

2090 3558 2255 3625 mine,
2281 3568 2423 3615 etne
2471 3558 2704 3616 forsitan
2747 3559 3028 3627 diceretis,
3073 3568 3367 3632 peccantes
3408 3558 3693 3631 corripere

2090 3647 2330 3703 noluisti.
2580 3716 2585 3721 1

2163 3736 2331 3792 Vens.
2367 3740 2453 3791 31.
2486 3767 2556 3778 -—
2588 3735 2770 3793 Videte
2790 3737 3020 3794 verbum
3040 3739 3284 3795 Domini.
3307 3738 3525 3809 Moyses
3542 3736 3693 3792 vide-

2092 3825 2184 3879 bat
2242 3841 2432 3881 vocem
2462 3824 2696 3881 Domini.
2747 3827 2814 3881 Et
2851 3827 3090 3881 Joannes
3144 3826 3425 3898 apostolus
3461 3826 3692 3881 verbum

2092 3913 2192 3967 Dei
2213 3930 2272 3967 se
2304 3913 2505 3968 vidisse
2533 3922 2586 3969 et
2615 3922 2939 3970 attrectasse
2971 3913 3120 3970 dicit.

2162 4001 2331 4056 Vnus.
2348 4005 2435 4058 32.
2452 4033 2521 4042 —
2539 4003 2803 4076 Nunquid
2820 4004 3180 4060 obliviscetur
3197 4007 3221 4059 .9
3238 4003 3370 4076 (10.)
3385 4001 3693 4059 Ornamen-

2091 4098 2205 4145 tum
2234 4107 2391 4145 suum
2430 4091 2609 4162 perdit
2645 4092 2737 4164 qui
2776 4108 2809 4147 a
2860 4093 3092 4148 Domino
3130 4089 3356 4158 recedit,
3398 4097 3452 4147 et
3495 4090 3694 4146 intelli-

2090 4179 2333 4252 gentiam
2353 4178 2633 4248 doctrinae,
2648 4198 2769 4253 qua:
2790 4180 3127 4254 signiﬁcatur
3146 4181 3202 4234 in
3220 4188 3444 4250 pectore
3479 4197 3492 4232 :
3515 4180 3687 4245 Unde,

2090 4270 2334 4325 Joannes
2387 4286 2562 4342 supra
2622 4275 2821 4343 pectus
2873 4271 3097 4326 Domini
3142 4270 3205 4324 in
3242 4284 3401 4325 caena
3430 4268 3693 4323 recubuit

2092 4357 2275 4428 (Joan.
2307 4359 2456 4430 xm),
2493 4367 2546 4414 et
2573 4358 2951 4415 sacerdotibus
3004 4357 3148 4413 inter
3189 4365 3391 4414 caetera
3440 4362 3694 4412 servatur

2091 4447 2471 4517 pectusculum
2492 4447 2855 4504 victimarum.

2165 4535 2334 4591 Vnus.
2379 4538 2465 4591 34.
2509 4566 2579 4576 -
2618 4537 2683 4591 In
2724 4536 3001 4593 omnibus.
3051 4534 3196 4601 Istis,
3257 4534 3372 4589 sive
3405 4532 3506 4588 sub
3545 4533 3695 4589 omni

2094 4640 2299 4696 quercu
2328 4624 2436 4679 alia
2475 4624 2683 4692 littera;
2731 4625 3020 4679 Hebraeum
3067 4622 3213 4676 enim
3252 4630 3306 4677 et
3337 4638 3600 4694 quercum
3638 4630 3694 4678 et

2093 4712 2200 4767 ista
2242 4711 2542 4786 signiﬁcat.
2577 4714 2637 4767 In
2684 4712 2916 4767 amoenis
2957 4718 3139 4766 autem
3175 4710 3335 4779 locis,
3385 4713 3587 4769 umbra
3639 4720 3695 4770 et

2094 4784 2387 4884 {#qndibéq'
2401 4784 2780 4884 jiptiéilabant.
2974 4801 2976 4803 ’

2086 4879 2344 4949 ."Ynnts;
2370 4884 2464 4943 35.
2496 4879 2567 4929 -ὶ
2602 4890 2673 4944 Et
2719 4889 2943 4945 dixisti.
2986 4888 3084 4943 His
3125 4888 3388 4945 utendum
3418 4897 3502 4945 est
3547 4890 3695 4961 apud

2095 4993 2210 5043 eos,
2240 4985 2368 5043 etc.,
2388 4993 2561 5051 usque
2582 4979 2775 5063 adinon
2794 4977 3007 5051 lugere,
3028 4977 3128 5034 sed
3154 4978 3536 5037 excusationes
3550 4994 3693 5050 pm

392 5046 544 5147 lauda:
573 5046 627 5100 in
669 5045 975 5118 superbiam
1006 5046 1153 5147 elati,
1186 5054 1334 5147 etc.,.
1353 5048 1639 5147 usqueth
1656 5047 1983 5147 qajqdiatus
2022 5074 2053 5125 ο.
2086 5066 2367 5147 εεςαςιςβες
2400 5064 2415 5132 ς
2450 5045 2479 5101 .”
2576 5092 2583 5113 ;
2618 5076 2625 5083 -

400 5136 709 5206 Chanaam,
743 5152 934 5191 servus
958 5137 1071 5191 erit
1094 5121 1341 5220 fratibué

741 5242 1050 5299 secundum
1492 5211 1707 5300 ιξςςηέε·
1734 5211 1983 5313 neua-

391 5349 531 5399 mus,
566 5339 693 5396 etc.,
711 5348 883 5404 usque
909 5332 981 5388 ad
999 5333 1199 5389 Omnes
1219 5333 1612 5390 adulterantes
1624 5334 1789 5405 quasi
1808 5330 1982 5388 cliba-

390 5438 500 5478 nus
527 5421 696 5478 corda
724 5437 917 5478 eorum
944 5423 1099 5493 (Osee
1123 5421 1245 5492 vn.)

462 5517 633 5572 Vens.
653 5520 737 5571 16.
762 5548 831 5557 —
852 5519 1021 5590 Usque
1043 5518 1115 5574 ad
1136 5521 1428 5575 verticem.
1470 5517 1776 5573 Secundum
1802 5514 1932 5570 illud
1963 5531 1977 5569 :

2050 5142 2092 5214 ἐ’
2439 5128 2833 5228 jadicio.‘(lb.)
2870 5156 3072 5213 Audiat
3094 5154 3319 5212 haeresis
3338 5171 3484 5212 nova
3498 5172 3564 5212 ex
3590 5172 3691 5213 ve-

2090 5244 2213 5311 teri,
2254 5244 2395 5299 iram
2432 5244 2533 5300 Dei
2572 5261 2697 5302 esse
2730 5245 2819 5301 vel
2844 5246 3158 5311 maximam,
3209 5245 3356 5300 nolle
3405 5254 3693 5316 peccatum

2085 5333 2362 5389 humiliter
2385 5331 2650 5402 conﬁteri,
2683 5335 2780 5391 sed
2806 5333 3372 5407 impudenterjactare
3404 5334 3695 5404 justitiam.

2157 5422 2329 5478 Vnus.
2382 5424 2471 5480 36.
2514 5453 2585 5465 --
2612 5426 2770 5482 Etab
2799 5426 3050 5497 Aigypto.
3092 5423 3164 5478 Ut
3191 5422 3570 5496 Egyptiorum
3584 5423 3694 5478 im-

2092 5520 2296 5584 petum,
2331 5520 2459 5580 etc.,
2488 5531 2661 5587 usque
2678 5515 2750 5571 ad
2775 5514 3129 5583 increpantur
3155 5527 3291 5586 ergo
3322 5512 3468 5585 quia,
3502 5512 3694 5570 relicto

390 5607 433 5663 Α
450 5606 654 5679 planta
670 5605 830 5678 pedis
853 5623 1027 5680 usque
1046 5608 1120 5663 ad
1140 5610 1427 5674 verticem,
1455 5614 1584 5671 etc.,
1607 5621 1780 5678 usque
1804 5602 1981 5678 adqui
2087 5601 2225 5669 Deo,
2258 5618 2413 5674 spem
2453 5602 2508 5657 in
2542 5603 2854 5659 hominibus
2893 5608 3120 5672 ponunt.

389 5695 672 5770 puritatem
698 5695 958 5753 Ecclesiae
978 5712 1078 5753 sua
1095 5696 1339 5768 polluant
1366 5694 1711 5767 turpitudine.

2146 5691 2319 5749 Vens.
2351 5693 2441 5748 37.
2471 5723 2541 5734 —
2564 5694 2744 5766 Super
2765 5697 2939 5766 caput
2958 5694 3142 5749 tuum.
3163 5692 3295 5766 (Ιυ.)
3313 5688 3469 5748 More
3494 5689 3696 5764 lugen-

3462 5941 3583 6020 δεῖ

3527 5992 3683 6098 .‘j‘
