4000 6182
409 266 468 319 13
1218 261 1490 320 GLOSSA
1529 261 1935 321 ORDINARIA.
1969 294 2038 305 —
2067 260 2464 320 PROPHETIA
2500 261 2832 322 JEREMIE.
3210 242 3219 247 ’
3622 267 3690 322 ιι

411 387 558 453 tium,
583 393 643 442 ut
658 386 897 442 Thamar
942 385 1014 441 ab
1045 388 1280 442 Amnom
1319 394 1580 460 corrupta
1610 388 1793 445 cinere
1837 395 2000 461 caput
2021 388 2077 450 A
2105 390 2210 446 hoc
2238 390 2569 462 completum
2600 406 2742 457 esse,
2776 398 2904 457 etc.,
2954 405 3126 463 usque
3155 389 3228 446 ad
3275 391 3396 447 Nisi
3423 390 3697 447 Dominus

413 474 627 547 sparsit,
650 483 705 531 et
731 491 927 533 manus
950 492 1118 548 supra
1153 476 1356 548 posuit,
1390 485 1443 533 et
1469 477 1546 533 ita
1576 494 1804 535 reversa
1834 485 1919 534 est
1947 478 2005 532 in

415 564 633 621 domum
663 580 846 622 suam.

1034 688 1259 746 CAPUT
1288 690 1381 745 ΙΙΙ.

479 830 634 887 Vers.
672 834 723 886 1.
760 860 830 871 —
871 832 1035 903 Vulgo
1049 831 1263 887 dicitur
1294 851 1313 887 :
1344 832 1396 887 si
1424 832 1726 888 dimiserit.
1760 833 1907 889 Ecce
1937 833 2006 889 de

413 919 680 976 fornicata
709 927 764 974 et
812 919 1006 975 relicta
1035 919 1286 986 muliere,
1321 928 1448 988 etc.,
1481 938 1653 994 usque
1701 921 1773 978 ad
1803 928 2007 994 quanto

408 1015 751 1080 contemptus
780 1008 961 1064 adhuc
991 1023 1193 1065 vocare
1223 1025 1334 1064 non
1364 1009 1715 1083 dedignatur.

477 1098 535 1154 Si
566 1098 850 1154 dimiserit
902 1098 1008 1153 vir.
1045 1097 1259 1170 (111311.)
1290 1099 1407 1154 Hoc
1475 1098 1660 1154 dicere
1709 1115 2007 1170 possumus

412 1186 679 1243 adversus
709 1202 825 1253 eos,
860 1186 952 1258 qui
982 1185 1145 1242 ﬁdem
1176 1187 1394 1242 Domini
1424 1187 1795 1259 relinquentes
1816 1196 1867 1244 et
1896 1190 2008 1243 hae—

404 1276 705 1332 reticorum
734 1275 1020 1332 erroribus
1049 1275 1246 1331 irretiti
1276 1283 1400 1347 post
1429 1276 1630 1332 multas
1680 1276 2004 1333 fornicatio-

404 1380 506 1420 nes
535 1373 588 1420 et
618 1365 1003 1436 deceptionem
1036 1380 1259 1420 suarum
1288 1364 1617 1431 animarum,
1653 1366 1912 1421 simulant
1944 1382 2005 1421 se

407 1454 615 1510 reverti
670 1454 742 1508 ad
789 1454 1078 1524 pristinam
1124 1454 1434 1521 veritatem,
1487 1470 1598 1509 non
1626 1462 1685 1509 ut
1734 1456 2011 1527 deponant

407 1558 628 1599 venena
655 1542 917 1613 pwtoris,
952 1543 1050 1598 sed
1079 1550 1137 1598 ut
1167 1542 1444 1598 insinuent
1473 1543 1617 1598 aliis.

488 1633 566 1688 Tu
594 1635 791 1687 autem
818 1634 1109 1702 fornicata
1136 1649 1214 1689 es.
1249 1632 1375 1689 Sive
1410 1650 1423 1686 :
1477 1631 1727 1687 Habuisti
1758 1639 2011 1703 pastores

408 1720 613 1775 multos
643 1720 699 1774 in
729 1719 1088 1776 oﬂ'ensionem
1115 1720 1194 1776 tui
1222 1728 1281 1776 ut
1312 1721 1488 1777 Deum
1519 1720 1729 1777 scilicet
1759 1720 2009 1777 oﬂ‘ende-
2029 1749 2082 1809 Β

410 1825 544 1876 res;
574 1816 630 1865 et
674 1809 769 1882 qui
817 1808 1069 1883 magistri
1118 1825 1242 1865 esse
1291 1810 1612 1877 debuerant,
1666 1817 1724 1865 ut
1771 1810 1910 1866 alios
1940 1811 2043 1866 ab-

408 1897 563 1954 omni
590 1914 779 1954 errore
787 1898 1164 1969 prohiberent,
1179 1906 1435 1956 auctores
1463 1898 1756 1969 impietatis
1786 1899 2011 1955 exstite-

410 1996 565 2044 runt.

493 2079 700 2134 Tamen
726 2082 1026 2135 revertere.
1078 2078 1134 2134 Si
1191 2076 1561 2134 revertebaris
1609 2077 1679 2132 ad
1726 2093 1835 2143 me,
1885 2076 2014 2134 dicit

408 2166 700 2222 Dominus.
732 2167 931 2240 Arguit
959 2167 1352 2238 impudentiam
1380 2165 1705 2233 meretricis,
1740 2183 1861 2238 quae
1889 2174 2014 2237 post

407 2255 745 2311 adulterium
775 2256 940 2311 audet
970 2256 1172 2313 reverti
1203 2256 1274 2311 ad
1304 2255 1503 2311 virum.

488 2346 662 2401 Vens.
694 2349 748 2403 2.
780 2375 851 2385 —
879 2347 1023 2402 Leva
1054 2346 1242 2402 oculos
1275 2348 1418 2400 tuos.
1465 2345 1628 2399 Juxta
1673 2358 1964 2417 anagogeu
1997 2362 2011 2400 :

408 2434 512 2489 His
541 2434 637 2507 qui
685 2433 975 2489 haereticos
1005 2450 1226 2489 errores
1273 2433 1532 2488 deserere
1562 2448 1622 2488 se
1668 2433 2010 2504 promittunt,

410 2523 732 2595 pracipitur
760 2530 820 2578 ut
848 2522 1032 2579 levent
1059 2523 1250 2579 oculos
1279 2521 1335 2576 in
1365 2521 1652 2577 directum.
1703 2521 1822 2577 Nisi
1869 2522 2015 2579 enim

408 2620 569 2668 recta
596 2611 851 2679 viderint,
883 2611 1173 2684 pristinam
1211 2609 1541 2683 pravitatem
1589 2611 1856 2667 damnare
1903 2627 2016 2668 non

412 2709 669 2773 possunt.

496 2791 667 2859 Quasi
701 2791 867 2848 latro.
919 2789 1071 2846 Sicut
1100 2790 1279 2846 solent
1308 2790 1551 2847 latrones
1581 2790 1652 2845 ad
1700 2804 2011 2861 vesperam,

416 2887 553 2946 etc.,
585 2896 758 2953 usque
786 2880 859 2935 ad
906 2886 961 2934 et
1004 2879 1465 2936 descendentibus
1511 2880 1579 2935 de
1624 2879 1934 2935 Jerusalem
1959 2879 2018 2935 in

413 2967 639 3025 Jericho
670 2967 886 3024 obsidet
912 2967 1050 3023 vias.

489 3058 661 3113 Vens.
695 3060 748 3112 3.
780 3087 851 3097 —
882 3059 1058 3113 Frons
1088 3058 1369 3113 mulieris.
1404 3055 1537 3129 (11).)
1567 3056 1685 3113 Hoc
1714 3071 2010 3128 possumus

414 3147 605 3203 dicere
633 3145 702 3201 de
730 3145 1004 3202 haereticis
1033 3145 1126 3218 qui
1155 3146 1211 3200 in
1238 3145 1522 3201 erroribus
1552 3146 1665 3201 suis
1685 3144 2011 3219 gloriantur.

420 3234 566 3305 Quia
594 3250 764 3307 supra
782 3235 915 3290 dixit
948 3253 963 3291 :
984 3249 1099 3291 non
1114 3237 1363 3308 peccavi,
1387 3235 1572 3309 arguit
1593 3252 1716 3291 eam
1746 3242 1803 3290 ut
1822 3235 2016 3291 mulie-

415 3340 539 3380 rem
567 3339 862 3395 procacem
891 3340 1013 3396 quae
1044 3324 1115 3379 ad
1142 3324 1352 3378 nullum
1401 3324 1682 3381 declinare
1714 3322 2012 3381 erubescit.

491 3413 665 3469 Vnus.
698 3415 754 3470 4.
786 3443 855 3453 -
873 3415 1006 3469 Dux
1035 3414 1385 3485 virginitatis
1398 3429 1538 3469 mea:
1550 3418 1615 3469 tu
1634 3430 1712 3469 es.
1728 3412 2011 3486 Nunquid,

416 3504 685 3560 irasceris
714 3504 779 3558 in
806 3506 1164 3575 perpetuum,
1198 3510 1328 3570 etc.,
1361 3519 1535 3576 usque
1564 3503 1638 3559 ad
1668 3510 1817 3557 tanto
1844 3501 2015 3558 mise-

412 3591 532 3647 rior
557 3591 820 3647 meretrix
850 3608 971 3664 qum
999 3607 1111 3647 non
1139 3592 1254 3646 vult
1284 3591 1533 3663 recipere
1566 3591 1875 3648 sanitatem.

489 3681 661 3736 Vens.
697 3684 834 3736 6.—
860 3680 1126 3754 Nunquid
1147 3681 1473 3753 vidistiquce
1490 3682 1698 3752 fecerit
1720 3679 1884 3751 ?(ln.)
1905 3679 2015 3734 Fa-

416 3770 492 3826 cit
520 3768 1010 3841 comparationem,
1045 3776 1175 3836 etc.,
1228 3786 1402 3843 usque
1433 3769 1507 3825 ad
1536 3777 1589 3824 et
1616 3770 1723 3825 hoc
1758 3776 1841 3825 est
1869 3769 2016 3840 quod

417 3858 551 3915 dicit
582 3877 596 3914 :
628 3860 895 3932 Nunquid
923 3859 1119 3914 vidisti
1146 3875 1267 3932 qua:
1312 3860 1564 3931 fecerit?

495 3949 870 4005 Adversatrix
891 3948 1088 4004 Israel.
1121 3948 1249 4019 (In).
1273 3947 1386 4004 Sub
1406 3946 1586 4021 ﬁgura
1606 3947 1841 4003 duarum
1861 3961 2016 4002 soro-

418 4054 544 4092 rum
572 4036 819 4110 loquitur
865 4052 987 4109 quze
1019 4037 1088 4091 de
1118 4052 1228 4091 una
1274 4037 1443 4108 stirpe
1472 4037 1729 4104 Abrahae,
1778 4037 1935 4092 Isaac
1964 4044 2018 4091 et

414 4126 610 4193 Jacob,
647 4133 772 4181 sunt
791 4132 1090 4199 generatze.
1116 4124 1361 4181 Priorem
1383 4125 1812 4198 adversatricem
1831 4132 2012 4191 vocat,

416 4231 538 4288 qua:
569 4214 757 4271 statuit
786 4215 843 4269 in
872 4216 993 4270 Dan
1026 4221 1079 4268 et
1108 4214 1164 4269 in
1192 4214 1380 4271 Bethel
1413 4214 1613 4271 vitulos
1647 4230 1867 4271 aureos.

496 4322 668 4378 Vens.
700 4323 755 4377 7.
816 4351 887 4362 —
941 4322 1013 4376 Et
1042 4321 1184 4377 vidit
1241 4320 1374 4393 (11).)
1422 4321 1670 4376 Aliorum
1718 4327 2011 4389 tormenta,

421 4410 657 4467 aliorum
703 4409 949 4466 remedia
977 4417 1121 4477 sunt,
1154 4418 1284 4476 etc.,
1336 4426 1509 4483 usque
1537 4410 1610 4466 ad
1641 4418 1694 4465 et
1722 4410 1792 4465 ad
1838 4410 2014 4465 zelum

420 4508 475 4557 et
500 4500 917 4557 aemulationem.
935 4499 1151 4556 Domini
1181 4499 1529 4556 collocatum.

500 4590 672 4645 Vens.
709 4592 795 4645 11.
830 4619 900 4630 —
925 4589 1271 4658 Justiﬁcavit
1300 4590 1571 4645 animum.
1605 4585 1908 4644 Justificata
1935 4595 2019 4644 est

424 4679 666 4735 Sodoma
696 4694 859 4735 soror
888 4686 979 4733 tua
1039 4694 1107 4734 ex
1135 4685 1207 4733 te.
1266 4677 1337 4732 Et
1366 4675 1497 4732 alibi
1530 4694 1545 4731 :
1576 4677 1877 4734 Descendit
1925 4677 2015 4733 hic

413 4769 771 4840 justiﬁcatus
801 4770 866 4827 in
887 4768 1115 4825 domum
1141 4783 1307 4824 suam
1336 4765 1402 4823 ab
1432 4768 1533 4823 illo
1564 4767 1723 4837 (Luc.
1755 4765 1940 4835 XVIII).

506 4858 675 4912 Vens.
738 4861 825 4914 12.
857 4887 927 4896 —
972 4858 1043 4912 Et
1100 4873 1216 4913 non
1263 4859 1519 4912 avertam
1546 4858 1775 4927 faciem.
1808 4855 1964 4911 Unde
1997 4872 2012 4909 :

416 4947 620 5003 Averte
645 4947 858 5018 faciem
906 4949 1067 5000 tuam
1097 4944 1275 5015 (Psal.
1307 4945 1383 5015 1.),
1435 4951 1566 5011 etc.,
1599 4960 1775 5017 usque
1824 4944 1896 4999 ad
1945 4943 2015 4998 de

422 5034 622 5106 quibus
650 5051 782 5090 vere
810 5033 1008 5089 dicitur
1041 5052 1054 5088 :
1091 5034 1197 5101 Qui
1224 5034 1495 5090 devorant
1521 5034 1796 5106 populum
1825 5048 2015 5088 meum

422 5126 575 5182 sicut
603 5140 790 5181 escam
812 5124 1002 5196 panis.

502 5213 670 5268 Vens.
699 5216 786 5267 13.
817 5240 887 5252 -—
921 5213 1316 5269 Verumtamen
1336 5212 1496 5266 scito.
1521 5209 1690 5278 Quasi
1701 5209 1866 5277 dicat,
1891 5225 2016 5266 cum

420 5301 677 5357 misertus
712 5300 870 5357 fuero
900 5300 997 5367 tui,
1023 5316 1135 5354 non
1156 5307 1207 5355 te
1224 5300 1433 5369 justum
1452 5307 1612 5371 putes
1637 5318 1651 5366 ;
1678 5300 1776 5354 sed
1796 5314 2017 5371 semper

422 5399 699 5447 memento
727 5389 1028 5462 iniquitatis
1054 5397 1162 5444 tuae
1209 5397 1262 5444 et
1292 5388 1561 5461 superbiae
1595 5389 1739 5445 colla
1784 5388 2013 5455 dimitte,

425 5487 486 5535 ut
513 5480 604 5553 qui
632 5496 733 5552 per
763 5479 1138 5553 arrogantiam
1168 5476 1459 5546 oﬂ‘endisti,
1510 5494 1611 5550 per
1658 5477 2017 5534 humilitatem

423 5568 645 5641 placare
674 5572 852 5626 Deum
879 5568 1082 5640 possis.

504 5660 676 5717 Vnus.
709 5662 795 5716 14.
828 5688 900 5701 ——
931 5657 1356 5715 Convertimini.
1380 5654 1594 5729 (1111111.)
1623 5656 1798 5712 Judaei
1827 5663 2020 5727 putant

2037 3109 2088 3173 Ο

2102 480 2334 537 sabaoth
2366 482 2687 553 requilisset
2716 481 2873 535 nobis
2903 496 3114 545 semen,
3159 481 3310 536 sicut
3357 479 3591 536 Sodoma
3621 495 3702 536 es-

2103 584 2310 635 semus,
2345 574 2402 625 et
2428 571 2646 625 similes
2680 568 2997 626 Gomorrhaz
3040 570 3349 641 fuissemus
3379 569 3558 641 (Rom.
3591 567 3696 641 IX).

2186 658 2359 712 Vnus.
2395 660 2480 713 16.
2512 689 2583 699 —-
2608 660 2851 731 Cumque
2873 659 3247 731 multiplicati
3283 659 3533 731 fueritis.
3567 657 3701 732 (11).)

2107 745 2215 800 Alii
2245 747 2351 802 hoc
2380 747 2451 801 ad
2478 744 2642 801 ﬁnem
2687 755 2996 818 temporum
3026 747 3289 815 referunt,
3345 755 3475 816 etc.,
3525 763 3701 822 usque

2107 834 2180 890 ad
2211 835 2308 889 sed
2340 835 2677 906 spiritualem
2709 836 2892 892 cibum
2920 836 3294 893 sectabuntur.

2188 924 2347 979 Vers.
2384 925 2469 980 1'1.
2520 955 2589 965 -
2626 926 2921 982 Vocabunt.
2974 924 3079 994 Qui
3125 925 3255 981 olim
3286 925 3560 993 dicebant,
3596 926 3704 995 Qui

2107 1012 2263 1067 sedes
2292 1028 2463 1085 super
2496 1013 2791 1069 Cherubim
2820 1016 3197 1086 manifestare
3247 1015 3423 1087 (Psal.
3477 1013 3700 1087 LXXIX),

2108 1107 2213 1156 etc.
2265 1101 2412 1155 Inter
2461 1100 2570 1156 duo
2617 1102 2908 1157 Cherubim
2956 1103 3013 1157 in
3058 1103 3438 1174 propitiatorio
3486 1102 3705 1159 Domini

2110 1189 2370 1257 majestas
2401 1190 2719 1260 apparebat,
2771 1197 2825 1245 et
2855 1190 3182 1262 loquebatur
3211 1191 3385 1263 Moysi
3418 1199 3471 1247 et
3520 1207 3707 1249 sacer-

2110 1277 2349 1344 dotibus,
2384 1279 2481 1332 sed
2511 1279 2675 1333 modo
2707 1279 2865 1333 aliter
2894 1287 3142 1351 tempore
3172 1278 3319 1335 fidei.

2183 1367 2353 1422 Vens.
2390 1371 2474 1422 18.
2499 1398 2568 1407 ——
2595 1369 2661 1423 In
2682 1367 2871 1424 diebus
2892 1369 3033 1424 illis.
3060 1369 3177 1425 Hoc
3195 1368 3419 1440 proprie
3469 1368 3526 1423 in
3545 1366 3703 1424 Chri-

2110 1454 2180 1509 sti
2210 1455 2446 1511 adventu
2493 1456 2817 1527 completur,
2852 1472 2975 1513 cum
3004 1456 3294 1513 duodecim
3325 1457 3499 1513 tribus
3546 1455 3708 1513 simul

2111 1544 2425 1616 Evangelio
2457 1545 2707 1612 credunt,
2740 1553 2793 1600 et
2840 1554 3045 1601 terram
3076 1545 3349 1618 aquilonis
3396 1545 3711 1618 relinquunt

2112 1640 2167 1687 et
2195 1632 2402 1687 diaboli
2433 1633 2743 1705 imperium.

2186 1723 2355 1777 Vens.
2392 1725 2479 1778 19.
2511 1753 2581 1765 -
2610 1725 2677 1779 In
2705 1723 3102 1797 ﬁlios.(Hma.)
3133 1725 3194 1779 1n
3220 1739 3451 1780 numero
3470 1722 3708 1779 ﬁliorum

2114 1810 2206 1883 qui
2237 1810 2305 1865 de
2338 1810 2594 1884 gentibus
2625 1812 2995 1871 crediderunt.
3031 1814 3305 1886 Quotquot
3325 1815 3713 1887 enim‘recepe-

2113 1904 2257 1955 runt
2297 1915 2445 1966 eum,
2503 1900 2657 1957 dedit
2686 1903 2767 1957 eis
2820 1905 3164 1975 potestatem
3226 1903 3373 1972 ﬁlios
3436 1904 3539 1959 Dei
3584 1902 3714 1972 ﬁeri

2113 1988 2297 2059 (Joan.
2331 1989 2395 2059 1.)

2184 2078 2355 2133 Vens.
2388 2081 2477 2134 20.
2510 2108 2580 2118 —
2600 2079 2801 2135 Mulier
2820 2081 3154 2137 amatorem.
3170 2078 3302 2153 (11).)
3325 2078 3508 2135 Semel
3525 2077 3708 2146 mista,

2112 2165 2307 2220 videns
2336 2182 2481 2232 eum,
2534 2174 2663 2235 etc.,
2697 2183 2872 2240 usque
2922 2168 2994 2223 ad
3043 2168 3371 2245 contempsit
3416 2167 3710 2224 Dominum

2114 2254 2477 2321 Salvatorem,
2511 2255 2568 2309 in
2595 2256 2894 2327 perniciem
2926 2271 3101 2313 suam.

2183 2343 2353 2398 Vens.
2388 2348 2477 2400 21.
2509 2374 2580 2385 —
2616 2347 2726 2401 Vox
2753 2347 2816 2400 in
2829 2346 2933 2401 viis
2954 2346 3152 2402 audita
3181 2349 3284 2402 est.
3308 2345 3565 2402 Libenter
3583 2361 3710 2401 sus-

2114 2431 2245 2502 cipit
2292 2432 2556 2487 Dominus
2584 2433 2962 2504 paenitentem,
3014 2434 3257 2490 occurrit
3284 2433 3399 2490 ﬁlio
3445 2434 3626 2506 inopia
3656 2442 3713 2490 et

2116 2519 2374 2592 squalore
2404 2521 2672 2589 confecto,
2705 2522 2949 2593 pristinis
2978 2522 3223 2578 vestibus
3249 2522 3443 2591 induit,
3477 2523 3713 2596 gratiam

2114 2608 2314 2677 reddit,
2345 2610 2662 2678 revertenti,
2696 2611 2743 2666 si
2772 2618 2955 2667 tamen
3000 2626 3125 2667 cum
3154 2611 3373 2683 ploratu
3402 2619 3457 2669 et
3501 2611 3712 2669 ululatu

2114 2698 2302 2754 redeat
2330 2699 2401 2754 ad
2429 2707 2663 2770 patrem.

2169 2788 2341 2843 Vnus.
2372 2792 2463 2847 22.
2481 2790 2892 2846 —Aversiones
2903 2793 3138 2845 vestras.
3161 2788 3271 2845 Alii
3289 2789 3712 2847 conversiones:

2117 2877 2366 2949 quamvis
2412 2877 2639 2949 propria
2683 2878 2962 2934 voluntate
3019 2878 3089 2934 ad
3120 2894 3244 2934 eum
3302 2886 3710 2945 convertamur,

2115 2965 2221 3021 nisi
2250 2973 2434 3022 tamen
2477 2966 2571 3023 ille
2600 2983 2702 3023 nos
2731 2968 2978 3034 traxerit,
3012 2975 3066 3022 et
3108 2967 3419 3040 cupidatem
3465 2976 3713 3024 nostram

2117 3070 2217 3111 suo
2262 3055 2518 3126 praesidio
2568 3056 3035 3124 corroboraverit,
3086 3072 3197 3113 non
3244 3073 3537 3128 possumus
3585 3073 3710 3113 esse

2117 3143 2275 3199 salvi.
2298 3144 2681 3218 Intelligimus,
2721 3152 2775 3201 et
2819 3145 3103 3218 depopulo
3121 3146 3438 3202 Iudaeorum
3475 3146 3547 3203 ad
3586 3161 3714 3202 eum
3800 3132 3803 3135 ’

2116 3241 2446 3303 revertente,
2479 3242 2533 3289 et
2582 3235 2651 3290 de
2695 3234 2969 3292 haereticis
3033 3234 3126 3307 qui
3189 3235 3471 3291 dominum
3512 3234 3714 3291 dereli-

2117 3329 2374 3394 querunt.

2188 3411 2361 3466 Vens.
2392 3412 2483 3469 25.
2517 3440 2587 3451 -
2616 3412 2989 3469 Dormiemus.
3024 3412 3142 3468 Vox
3173 3412 3366 3481 Israel,
3402 3411 3497 3485 qui
3534 3412 3713 3468 Deum

2122 3514 2280 3554 suum
2309 3515 2421 3554 non
2448 3499 2654 3556 audivit
2683 3508 2738 3557 et
2765 3501 3008 3557 haeretici
3036 3500 3374 3573 paenitentis.
3398 3502 3537 3557 Pars
3567 3501 3715 3558 enim

2118 3595 2201 3643 est
2229 3588 2420 3644 salutis
2449 3596 2681 3660 peccata
2710 3605 2874 3645 nosse
2904 3598 2957 3645 et
2988 3588 3274 3659 confiteri;
3305 3591 3451 3647 unde
3482 3607 3496 3645 :
3528 3592 3629 3649 Dic
3650 3595 3717 3649 tu

2113 3679 2277 3749 prius
2306 3679 2641 3751 iniquitates
2673 3682 2819 3745 tuas,
2853 3683 2920 3734 ut
2939 3680 3276 3751 justiﬁceris
3308 3680 3516 3751 (Ιὺὶἀ.).

2738 3785 2964 3841 CAPUT
2992 3786 3082 3845 IV.

2186 3871 2356 3928 Vens.
2392 3875 2443 3928 1.
2476 3901 2547 3914 -—-
2576 3873 2635 3929 Si
2691 3875 2994 3930 reverteris
3054 3872 3243 3946 (H1311)
3300 3872 3664 3948 Septuaginta
3695 3891 3709 3928 :

2115 3960 2176 4017 Si
2204 3976 2504 4018 conversus
2534 3964 2713 4033 fuerit
2729 3963 2924 4029 Israel,
2959 3963 3347 4031 aitDominus,
3381 3964 3454 4019 ad
3472 3980 3561 4021 me
3582 3980 3715 4021 con-

2115 4053 2396 4106 vertatur.
2419 4049 2544 4105 AJia
2560 4050 2762 4118 littera,
2789 4050 3151 4119 converteris,
3180 4051 3236 4107 id
3267 4059 3370 4118 est,
3404 4051 3452 4107 si
3481 4052 3715 4109 salutem

2116 4137 2421 4206 desideras,
2456 4146 2510 4194 et
2538 4147 2591 4195 te
2619 4155 2884 4211 peccasse
2914 4140 3073 4208 dicis,
3105 4140 3268 4212 plene
3298 4149 3640 4209 convertere,
3659 4141 3717 4198 id

2117 4234 2219 4294 est,
2254 4244 2418 4300 quem
2448 4229 2666 4302 negasti
2697 4228 2882 4286 crede.
2917 4230 2977 4287 Si
3023 4229 3347 4287 abstuleris.
3378 4230 3553 4299 Patet,
3586 4230 3718 4302 quia

2117 4316 2336 4387 quando
2366 4333 2653 4374 movemur
2682 4326 2735 4374 et
2763 4317 3011 4376 dicemus
3044 4336 3059 4374 :
3090 4319 3195 4376 Mei
3206 4322 3400 4375 autem
3411 4334 3557 4392 pene
3573 4306 3716 4378 moti

2115 4409 2255 4461 sunt
2260 4405 2451 4478 pedes,
2463 4423 2610 4480 pene
2622 4406 2789 4479 effusi
2803 4412 2943 4463 sunt
2952 4423 3177 4479 gressus
3188 4408 3303 4463 mei
3314 4408 3492 4479 (Psal.
3508 4407 3709 4479 LXXII).

2042 4470 2097 4530 D
2118 4495 2243 4551 Non
2260 4470 2338 4552 ἐχ
2367 4470 2741 4552 hnbecillitate
2768 4470 2976 4551 natura;
3004 4497 3111 4552 hoc
3155 4470 3416 4567 patimur,
3447 4496 3547 4553 sed
3584 4470 3715 4568 quia

2115 4591 2308 4640 contra
2335 4585 2512 4640 Deum
2559 4583 2891 4641 offendicula
2920 4591 2975 4639 et
3020 4583 3171 4641 idola
3198 4590 3390 4641 nostra
3433 4584 3709 4657 ponimus.

2186 4675 2356 4729 Vens.
2390 4677 2445 4731 2.
2478 4704 2547 4714 —
2578 4675 2649 4729 Et
2669 4674 2890 4745 jurabis
2951 4674 3106 4741 vivit,
3145 4682 3251 4732 etc.
3288 4673 3421 4747 (11).)
3452 4675 3514 4729 In
3570 4691 3709 4747 sug-

2113 4762 2473 4835 gillationem,
2522 4761 2729 4818 scilicet
2755 4768 3101 4819 mortuorum
3143 4763 3394 4832 deorum,
3441 4766 3542 4835 per
3571 4779 3711 4836 quos

2107 4852 2259 4921 jurat
2286 4851 2463 4907 omnis
2490 4850 2799 4907 idololatra.

2183 4943 2409 4998 Novate.
2444 4939 2575 5011 (11).)
2606 4940 2958 4998 Eradicando
3004 4957 3205 5014 vepres
3235 4950 3289 4998 et
3336 4949 3540 5010 sentes,
3574 4947 3707 5013 etc.,

2114 5047 2287 5103 usque
2317 5029 2389 5085 ad
2415 5044 2526 5085 non
2555 5037 2736 5101 potest
2765 5031 2981 5086 animus
3010 5031 3270 5088 aerumnis
3297 5032 3487 5088 mundi
3514 5032 3712 5106 plenus

2115 5135 2304 5175 semen
2332 5118 2745 5190 Dei,suscipere
2776 5128 2830 5175 et
2857 5119 3096 5177 fructum
3144 5119 3371 5178 facere;
3404 5122 3712 5195 Circumci-

2114 5209 2338 5265 dimini.
2372 5207 2503 5280 (Id.)
2535 5208 2667 5264 Viro
2693 5209 2834 5264 Juda
2863 5217 2917 5265 et
2945 5209 3350 5267 habitatoribus
3398 5213 3712 5272 Jerusalem

2114 5296 2447 5368 prmcipitur,
2509 5305 2568 5352 ut
2624 5298 2884 5353 deserant
2939 5299 3283 5356 occidentem
3340 5300 3598 5371 litteram,
3660 5310 3716 5359 et

2116 5385 2792 5458 sequantur'viviﬁcantem
2812 5386 3081 5458 spiritum.
3096 5390 3173 5445 Ne
3192 5393 3358 5461 forte.
3380 5392 3512 5464 (11).)
3532 5393 3717 5446 Monet

2116 5482 2169 5531 et
2196 5475 2464 5546 praedicit,
2499 5492 2568 5531 ne
2599 5474 2783 5532 facere
2831 5477 3195 5548 compellatur
3225 5479 3422 5551 quaein
3457 5477 3713 5534 Ninivitis

2114 5565 2436 5635 probamus,
2470 5564 2668 5637 quibus
2698 5573 2781 5621 est
2807 5566 3072 5636 praedicta
3102 5567 3389 5634 sententia,
3424 5574 3483 5621 ut
3529 5564 3709 5620 immio

2117 5662 2338 5711 nentem
2366 5653 2611 5711 furorem
2637 5654 2979 5711 declinarent
3001 5654 3337 5727 poenitentia.
