4000 6182
229 274 295 327 15
828 268 1232 325 WALAFRIDI
1271 267 1513 324 STRABI
1554 267 1751 323 FULD.
1791 262 1965 321 MON.
2008 261 2161 318 OPP.
2202 261 2378 317 PARS
2415 261 2457 315 Ι.
2490 290 2559 300 -
2588 257 3057 315 THEOLOGICA.
3449 258 3517 310 16

250 362 255 367 ’
291 395 462 450 Vnus.
492 396 547 449 7.
579 424 649 434 —
675 394 943 450 Ascendit
974 394 1074 449 leo.
1108 393 1316 465 (Hum).
1370 392 1427 447 Si
1457 391 1580 464 quis
1627 391 1807 446 fautor
1836 388 2112 452 Aiudaeae
2160 386 2420 459 loquitur.
2469 384 2664 440 Tribus
2695 384 2840 439 enim
2881 385 3001 438 Dan
3041 383 3198 452 juxta
3247 380 3515 435 Libanum

219 491 303 541 est
331 490 425 539 aut
454 490 645 539 auctor
673 498 1063 554 perversorum
1075 481 1414 555 dogmatum,
1450 481 1519 536 de
1540 496 1605 536 eo
1636 486 1816 550 potest

220 572 349 640 diei,
383 571 640 629 ascendit
672 572 753 629 leo
784 571 851 627 de
881 572 1053 627 cubili
1082 589 1201 636 suo,
1236 579 1343 626 etc.

288 662 361 717 Et
386 661 591 734 praedo.
642 661 723 716 De
755 676 862 732 quo
882 659 1101 726 dicitur,
1151 660 1417 715 Omnium
1448 658 1814 714 inimicorum

217 764 451 807 suorum
481 750 865 805 dominabitur
894 748 1071 819 (Psal.
1128 748 1231 817 ιχ).
1266 746 1370 815 Qui
1418 746 1687 820 gloriatur
1731 745 1813 799 di-

223 853 355 894 cens
390 856 403 893 :
440 839 744 894 Circumivi
774 841 988 893 terram
1019 840 1075 891 et
1102 836 1492 908 perambulavi
1525 851 1650 890 eam
1672 834 1809 904 (Job,

222 927 309 999 ιι.)
341 926 475 995 Quis
505 935 588 982 est
634 926 779 981 enim
809 942 971 997 quem
1018 922 1235 979 Diaboli
1283 939 1497 979 venena
1543 938 1653 977 non
1694 930 1812 977 tan-

219 1023 375 1088 gunt,
409 1015 515 1070 nisi
543 1015 636 1070 ille
667 1014 759 1086 qui
789 1014 863 1069 ait
898 1031 911 1068 :
954 1014 1111 1069 Venit
1141 1015 1296 1069 enim
1323 1014 1589 1084 princeps
1611 1011 1815 1066 mundi

220 1105 407 1177 hujus,
442 1109 499 1160 et
528 1105 591 1159 in
638 1120 728 1158 me
757 1117 872 1157 non
905 1103 1067 1157 habet
1118 1102 1422 1174 quidquam
1462 1100 1601 1170 (Job,
1664 1099 1811 1170 xw.)

218 1193 297 1249 De
330 1194 446 1249 loco
476 1207 595 1247 suo.
627 1192 709 1245 De
738 1192 959 1261 abysso,
993 1190 1050 1243 in
1098 1205 1208 1261 qua
1235 1196 1319 1244 est
1366 1188 1706 1261 religandus,
1756 1187 1813 1242 in

218 1295 384 1351 quam
412 1296 481 1335 ne
511 1279 755 1334 mittatur
784 1285 992 1334 exorat.

292 1388 460 1443 Vnus.
494 1391 546 1442 8.
578 1417 647 1426 —
675 1387 854 1458 Super
900 1386 1019 1441 hoc.
1052 1385 1181 1440 Sine
1209 1383 1527 1456 poenitentia
1576 1383 1812 1439 saevissi-

217 1492 365 1532 mam
396 1475 627 1530 bestiam
657 1474 830 1529 vitare
858 1490 967 1529 non
1002 1490 1315 1544 possumus,
1350 1482 1403 1529 et
1421 1474 1526 1528 nisi
1545 1474 1615 1528 ad
1638 1474 1811 1528 Deum

216 1581 328 1621 non
358 1564 536 1619 solum
564 1571 765 1628 mente,
799 1563 896 1618 sed
928 1562 1091 1618 etiam
1120 1578 1353 1634 corpore
1401 1571 1805 1619 convertamur.

214 1655 357 1709 Dum
387 1653 532 1708 enim
580 1659 843 1721 vastatur,
880 1652 1148 1718 Ecclesia,
1199 1651 1284 1707 ira
1332 1652 1432 1708 Dei
1479 1660 1562 1707 est
1595 1659 1805 1723 aperta.

1912 483 2152 531 montem
2183 483 2236 530 et
2269 475 2462 530 urbem
2509 490 2628 547 qua:
2657 488 2800 529 nunc
2848 473 3059 527 Paneas
3089 469 3308 536 dicitur,
3360 468 3515 541 aqui-

1914 565 2097 621 lonem
2128 563 2369 635 respicit,
2403 562 2547 617 unde
2576 570 2840 617 venturus
2868 558 3404 615 Nabuchodonosor.
3436 559 3514 613 De

1918 661 2123 709 monte.
2156 654 2285 708 Post
2304 652 2510 706 tribum
2531 651 2675 705 enim
2688 652 2806 704 Dan
2829 649 3071 705 succedit
3091 656 3238 703 terra
3249 645 3515 718 Ephraim

1927 759 1963 813 p
1982 759 2044 797 er
2074 757 2238 813 quam
2266 740 2481 796 venitur
2509 740 2565 794 in
2591 726 2917 794 Jerusalem.
2949 736 3281 809 Allegorice.
3304 734 3517 807 (ΗιΕιι.)

1923 830 2082 885 Venit
2121 829 2387 899 judicium
2437 828 2654 883 Domini
2710 827 2765 881 in
2812 834 3020 881 terram
3066 825 3299 881 Domino
3346 824 3515 879 delin-

1922 927 2178 991 quentem
2210 935 2333 974 eum
2362 917 2510 973 omni
2541 916 2790 972 ubertate
2822 914 3093 986 supplicii.

1983 1025 2155 1080 Vnus.
2190 1028 2276 1080 16.
2329 1055 2399 1065 —
2434 1025 2717 1081 Custodes.
2753 1021 3119 1078 Adversarios
3167 1021 3371 1079 scilicet
3417 1020 3512 1093 qui

1914 1120 2027 1168 tam
2083 1112 2376 1186 diligentes
2410 1112 2719 1178 obsideant,
2770 1119 2823 1167 et
2869 1110 3259 1165 munitionibus
3316 1110 3510 1165 urbem

1914 1202 2191 1269 claudant,
2226 1210 2285 1257 ut
2314 1201 2495 1274 magis
2522 1201 2807 1256 vinearum
2837 1215 3210 1273 agrorumque
3230 1198 3509 1265 custodes,

1912 1305 2077 1361 quam
2111 1289 2463 1345 adversarios
2527 1296 2703 1359 putes.
2775 1287 2901 1343 Vult
2949 1286 3214 1342 Dominus
3261 1285 3512 1342 nationes

1910 1393 2101 1432 omnes
2134 1377 2190 1431 in
2221 1377 2516 1433 circumitu
2548 1393 2703 1431 suam
2731 1392 2894 1431 nosse
2928 1375 3273 1442 sententiam,
3314 1383 3369 1429 et
3413 1374 3511 1429 fla-

1910 1466 2114 1539 gellata
2144 1467 2452 1522 Jerusalem
2484 1474 2710 1523 cunctos
2740 1465 2987 1536 recipere
3017 1465 3381 1536 disciplinam.

1984 1574 2150 1627 Vens.
2186 1577 2273 1628 18.
2308 1604 2377 1613 -
2405 1574 2512 1629 Via:
2542 1577 2672 1628 tuae.
2707 1572 2919 1643 (Ηιειι.)
2949 1571 3225 1643 Quidquid
3253 1571 3384 1625 mali
3403 1585 3510 1626 no-

1910 1660 1994 1715 bis
2025 1660 2241 1728 accidit,
2266 1669 2396 1728 etc.,
2427 1678 2600 1734 usque
2632 1661 2704 1716 ad
2736 1668 2938 1732 quanto
2967 1660 3148 1715 minus
3173 1660 3231 1714 in
3259 1659 3509 1715 homines

284 1757 454 1811 Vnus.
488 1756 626 1811 9.-
655 1756 1008 1827 Principum.
1042 1753 1253 1826 (Ηωιι.)
1285 1752 1582 1827 Quilegem
1609 1754 1809 1810 docere
1830 1752 1882 1811 B
1912 1751 2189 1820 quondam
2218 1750 2451 1806 civitatis
2482 1750 2630 1805 Dei?

217 1845 543 1910 debuerunt,
578 1851 632 1899 et
662 1843 937 1913 subjectos
969 1859 1003 1898 a
1031 1843 1189 1898 leone
1218 1842 1535 1898 defendere.

285 1933 629 1990 Sacerdotes.
646 1931 751 2000 Qui
776 1940 1035 2002 putantur
1053 1948 1175 1986 esse
1206 1932 1481 2002 sapientes
1506 1949 1519 1985 :
1556 1933 1807 1988 Stultam

214 2024 369 2079 enim
397 2024 537 2093 fecit
567 2024 712 2077 Deus
741 2023 1086 2093 sapientiam
1118 2022 1287 2093 hujus
1317 2021 1535 2087 mundi,
1562 2021 1689 2092 quia
1708 2037 1807 2091 per

211 2110 365 2167 illam
392 2126 504 2166 non
533 2118 909 2183 cognoverunt
942 2111 1135 2165 Deum.
1169 2111 1465 2182 Pr0phetaz
1480 2114 1807 2166 constemu-

209 2200 440 2265 buntur,
475 2206 580 2254 etc.
613 2199 831 2270 Aquila,
855 2203 1110 2255 amentes
1142 2203 1333 2255 erunt.
1371 2198 1505 2267 Quis
1529 2199 1675 2253 enim
1695 2213 1807 2253 non

206 2287 459 2355 insaniat,
494 2303 603 2343 non
630 2286 826 2358 perdat
855 2303 970 2354 cor,
1005 2303 1130 2343 cum
1176 2287 1452 2358 principes
1483 2295 1537 2343 et
1566 2304 1729 2360 reges
1751 2296 1807 2343 et

206 2376 523 2433 sacerdotes
553 2376 829 2447 quondam
861 2391 991 2430 suos
1023 2376 1124 2430 sub
1154 2376 1312 2431 leone
1343 2376 1707 2447 conspexerit.

276 2465 448 2521 Vnus.
484 2468 571 2520 10.
601 2495 672 2506 --
718 2467 790 2519 Et
819 2464 945 2521 dixi
975 2481 993 2516 :
1044 2466 1180 2531 Heu,
1217 2466 1344 2531 heu,
1380 2466 1507 2531 heu,
1560 2467 1795 2521 Domine

203 2552 369 2609 Deus.
403 2552 545 2621 Quia
572 2568 740 2624 supra
759 2553 910 2619 dixit,
943 2555 1006 2609 in
1029 2557 1276 2626 tempore
1296 2555 1396 2609 illo
1420 2555 1694 2609 vocabunt
1713 2556 1801 2610 Je-

202 2643 453 2698 rusalem
482 2643 690 2698 solium
716 2643 959 2708 Domini,
995 2650 1124 2707 etc.,
1158 2649 1212 2697 et
1239 2658 1385 2697 nunc
1413 2641 1562 2711 dicit,
1594 2644 1803 2714 peribit

201 2746 297 2786 cor
324 2732 489 2801 regis,
525 2738 655 2795 etc.,
716 2730 968 2784 turbatur
999 2731 1269 2800 propheta
1326 2738 1379 2784 et
1428 2729 1485 2784 in
1535 2746 1594 2785 se
1649 2740 1802 2801 putat

203 2817 379 2873 Deum
398 2818 705 2885 mentitum,
736 2833 840 2873 nec
868 2817 1124 2890 intelligit
1151 2818 1287 2873 illud
1333 2818 1499 2891 longe
1528 2826 1671 2889 post,
1695 2821 1802 2877 hoc

198 2904 257 2960 in
282 2906 534 2978 proximo
589 2906 832 2962 futurum
865 2914 1131 2977 tempore.

268 3013 438 3069 Vnus.
475 3016 562 3068 11.
595 3044 664 3054 —
701 3015 904 3069 Ventus
926 3029 1118 3069 urens.
1153 3012 1365 3085 (Hum)
1395 3012 1626 3082 Quando
1648 3012 1800 3070 scili-

1978 1858 2149 1911 Vnns.
2186 1860 2271 1912 19.
2304 1887 2374 1897 —
2411 1858 2671 1911 Ventrem
2699 1872 2909 1911 meum.
2945 1856 3078 1927 (10.)
3102 1855 3372 1927 Loquitur
3400 1856 3508 1912 hoc

1908 1944 2191 2009 Dominus,
2235 1960 2359 2000 cum
2406 1945 2728 2000 seditionem
2759 1953 2811 1999 et
2859 1944 3193 2000 discordiam
3242 1944 3418 2000 cernit
3448 1944 3504 1998 in

1905 2033 2176 2099 Ecclesia,
2227 2042 2281 2088 et
2337 2034 2391 2087 in
2438 2033 2836 2089 conventiculis
2867 2033 2981 2087 suis
3030 2033 3272 2088 clamare
3321 2032 3505 2103 perdi-

1906 2137 2046 2187 cem,
2081 2130 2133 2176 et
2162 2122 2218 2176 in
2266 2122 2411 2176 bella
2456 2122 2703 2178 converti
2750 2121 2849 2177 Dei
2896 2120 3162 2193 requiem.
3204 2122 3360 2178 Unde
3409 2137 3503 2176 se-

1906 2210 2089 2281 quitur
2122 2227 2136 2264 ε

1978 2316 2146 2370 Vens.
2179 2320 2269 2373 21.
2301 2347 2369 2356 -
2406 2318 2685 2389 Usquequo
2739 2316 2946 2373 videbo.
2984 2316 3101 2371 Vox
3133 2317 3416 2386 prophetae
3447 2323 3502 2370 et

1903 2420 2004 2474 per
2032 2405 2355 2475 prophetam
2387 2404 2505 2470 Dei,
2539 2404 2774 2460 dolentis
2804 2421 2970 2475 super
3004 2405 3383 2461 contritionem
3403 2420 3501 2475 po-

1903 2491 2017 2562 puli
2049 2492 2152 2558 sui,
2187 2494 2341 2562 cujus
2370 2493 2586 2549 viscera
2628 2493 2697 2547 ad
2719 2493 2891 2547 instar
2910 2492 3145 2548 hominis
3163 2493 3497 2561 lacerantur,

1905 2579 2157 2635 Salvator
2186 2580 2241 2634 in
2269 2589 2445 2636 morte
2476 2581 2685 2645 Lazari,
2719 2589 2772 2635 et
2802 2597 2969 2652 super
2996 2582 3304 2637 Jerusalem
3332 2581 3499 2638 ﬂevit.

1901 2668 2018 2724 Nec
2046 2669 2292 2724 dolorem
2320 2670 2463 2725 celat
2510 2669 2744 2736 silentio,
2779 2678 2832 2724 et
2880 2671 3110 2744 clangor
3141 2670 3387 2727 buccinae
3443 2678 3498 2726 et

1904 2758 2163 2828 strepitus
2218 2758 2532 2828 praeliorum
2597 2758 2742 2812 illius
2789 2759 2974 2814 turbat
3031 2758 3306 2825 affectum,
3366 2760 3497 2814 dum

1901 2845 2049 2900 mala
2076 2846 2237 2901 malis
2257 2846 2622 2913 cumulantur,
2647 2854 2700 2902 et
2720 2847 2977 2903 universa
3005 2847 3238 2903 duarum
3259 2848 3499 2904 tribuum

1901 2942 2052 2989 terra
2081 2943 2346 2990 vastatur.

1972 3024 2143 3079 Vnus.
2175 3028 2264 3081 22.
2298 3054 2367 3064 -
2398 3025 2540 3092 Quia
2569 3026 2784 3081 stultus
2831 3027 3094 3099 papulas.
3118 3026 3331 3099 (Ηιειι.)
3360 3025 3501 3096 Quia

197 3110 285 3158 cet
310 3101 623 3173 pervenerit
649 3101 867 3174 gladius
887 3118 1061 3173 usque
1090 3102 1159 3157 ad
1181 3103 1438 3170 animam,
1463 3110 1591 3169 etc.,
1616 3119 1789 3176 usque
1818 3110 1868 3173 C
1897 3112 2173 3184 principes
2194 3113 2378 3184 populi
2398 3113 2504 3168 mei
2526 3129 2635 3169 non
2662 3123 3053 3187 cognoverunt,
3086 3123 3215 3183 etc.,
3235 3132 3411 3190 usque
3428 3116 3500 3172 ad

195 3191 268 3247 ad
322 3206 669 3263 nequaquam
716 3191 919 3262 populo
951 3192 1048 3246 sed
1099 3191 1231 3245 mihi
1260 3191 1461 3259 veniet,
1512 3200 1570 3246 ut
1618 3208 1801 3247 meum

196 3279 435 3336 triticum
465 3279 782 3352 dissipetur.

267 3383 436 3437 Vens.
474 3386 648 3439 12.--
674 3383 924 3455 Spiritus
942 3383 1167 3454 plenus.
1202 3381 1438 3450 Quidam
1450 3384 1595 3439 hunc
1612 3383 1798 3440 locum

197 3470 279 3528 sic
308 3480 603 3542 exponunt,
636 3478 694 3525 ut
722 3479 1014 3543 postquam
1043 3479 1279 3543 purgata
1300 3470 1463 3526 fuerit
1491 3488 1643 3540 area,
1669 3472 1798 3543 reli-

196 3560 338 3633 quiae
368 3540 533 3615 salva:
563 3540 903 3616 ﬁantaUnd—e
933 3540 1197 3631 scriptum
1228 3569 1309 3614 est
1333 3578 1347 3615 :
1392 3562 1640 3634 Spiritus
1669 3540 1795 3635 ple-

197 3649 481 3705 nitudinis
513 3651 699 3704 veniet
728 3650 912 3716 mihi;
943 3648 1085 3702 unde
1115 3649 1473 3722 evangelista,
1507 3652 1584 3705 De
1602 3652 1796 3723 pleni-

201 3738 399 3795 tudine
428 3740 550 3810 ejus
596 3754 789 3795 omnes
838 3739 1157 3810 accepimus
1189 3738 1372 3807 (Joan.
1423 3739 1507 3810 1.).
1542 3741 1611 3794 Et
1641 3756 1796 3796 nunc

200 3842 314 3899 ego.
351 3826 718 3898 Aposiopesis
751 3826 893 3882 sicut
922 3825 997 3881 ait
1028 3826 1292 3900 Virgilius
1321 3828 1589 3900 (Emam)

284 3968 420 4024 Quos
437 3978 590 4024 egos;
622 3967 711 4014 sed
742 3967 908 4013 motos
936 3968 1142 4023 prestat
1165 3977 1466 4023 componere
1495 3969 1689 4013 ﬂuctus.

204 4093 477 4164 Propheta
507 4092 755 4148 dicturus
783 4106 1072 4163 prospera,
1104 4092 1302 4147 retinet
1331 4108 1411 4159 se,
1446 4100 1501 4147 et
1547 4092 1796 4149 tristibus

200 4181 377 4252 junxit
404 4180 601 4236 tristia.

277 4288 449 4343 Vens.
486 4290 572 4342 13.
606 4316 675 4328 ——-
705 4288 842 4343 Ecce
871 4288 1050 4359 quasi,
1085 4295 1190 4342 etc.
1226 4286 1469 4343 Ventura
1515 4288 1689 4344 cernit
1738 4296 1796 4344 ut

203 4376 536 4448 praesentia;
585 4383 638 4431 et
685 4374 1106 4446 babyloniorum
1153 4375 1416 4430 describit
1466 4377 1789 4445 exercitum,

1901 3218 2062 3273 quem
2102 3218 2319 3272 semper
2335 3201 2583 3273 cupiebat
2600 3202 2785 3259 videre
2807 3205 2835 3258 ?
2870 3204 3167 3276 Sapientes
3195 3210 3352 3272 sunt,
3377 3213 3487 3261 etc.

1898 3290 2029 3361 (ln.)
2059 3290 2344 3360 Sapientes
2374 3290 2643 3357 malitiosi,
2670 3299 2798 3357 etc.,
2832 3310 3007 3365 usque
3035 3294 3107 3349 ad
3138 3309 3246 3350 non
3277 3294 3496 3365 sapien-

1898 3378 1990 3445 tia,
2023 3379 2122 3433 sed
2150 3379 2382 3434 versutia
2411 3387 2463 3434 et
2491 3380 2756 3435 calliditas
2783 3389 3023 3436 vocatur.

1970 3468 2142 3523 Vens.
2156 3472 2246 3524 23.
2261 3498 2331 3508 -
2347 3469 2559 3541 Aspexi
2581 3473 2814 3525 terram.
2832 3470 3097 3542 Propheta
3112 3471 3284 3527 cernit
3314 3471 3370 3525 in
3390 3471 3494 3543 spi-

1892 3555 1993 3609 ritu
2023 3572 2143 3627 quae
2172 3564 2393 3611 ventura
2425 3565 2566 3623 sunt,
2609 3566 2666 3611 ut
2697 3558 2923 3613 audiens
2964 3560 3198 3631 populus
3225 3568 3489 3616 terreatur

1895 3653 1949 3699 et
1977 3644 2347 3715 paenitentiam
2398 3654 2541 3719 agat,
2584 3654 2642 3700 ut
2672 3662 2781 3702 non
2821 3647 3085 3704 sustineat
3136 3666 3255 3722 qua:
3306 3649 3494 3706 formi-

1895 3733 2006 3788 dat.
2037 3732 2312 3806 Quidquid
2342 3735 2638 3790 secundum
2669 3736 2951 3792 historiam
2999 3736 3067 3792 de
3103 3739 3291 3793 Judtea
3320 3746 3372 3794 et
3402 3740 3493 3794 Je-

1896 3822 2127 3877 rusalem
2156 3822 2367 3887 dicitur,
2402 3823 2470 3876 ad
2506 3823 2807 3879 Ecclesiam
2838 3825 2939 3879 Dei
2977 3825 3271 3881 referamus
3304 3843 3319 3879 :
3372 3842 3492 3898 quae

1895 3924 2017 3965 cum
2057 3911 2230 3965 Deum
2260 3908 2562 3980 offenderit,
2594 3920 2648 3966 et
2696 3912 2838 3967 vitiis
2866 3920 2919 3967 et
2965 3914 3340 3984 persecutione
3369 3930 3494 3971 vas-

1894 4004 2001 4051 tata
2031 3996 2213 4061 fuerit,
2254 3998 2346 4052 ubi
2376 3999 2649 4070 quondam
2680 4000 2936 4056 virtutum
2986 4003 3181 4058 cohors
3212 4012 3266 4059 et
3282 4003 3488 4071 lattitia,
3572 4010 3579 4019 ’

1894 4084 1969 4140 ibi
1992 4086 2277 4142 multitudo
2306 4096 2654 4159 peccatorum
2701 4097 2755 4145 et
2783 4107 2990 4147 mceror
3016 4100 3283 4149 versetur.

1964 4191 2138 4247 Vens.
2168 4195 2256 4249 27.
2308 4223 2378 4233 --
2405 4194 2531 4249 IIch
2562 4197 2717 4250 enim
2765 4196 2923 4253 dicit.
2959 4199 3175 4271 (Ηιεῐι.)
3219 4200 3378 4255 Mista
3407 4206 3491 4255 est

1892 4279 2109 4335 Domini
2130 4281 2415 4337 clementia
2444 4282 2540 4337 irze
2566 4300 2579 4337 :
2604 4291 2753 4340 terra
2782 4285 3076 4354 deseritur,
3103 4289 3200 4344 sed
3229 4304 3338 4344 non
3361 4304 3489 4345 con-

1893 4369 2139 4437 sumitur,
2172 4378 2230 4424 ut
2278 4379 2598 4426 remaneant
2645 4372 2736 4444 qui
2782 4373 3089 4448 intelligant
3137 4377 3484 4433 clementiam

205 4465 361 4535 cujus
391 4481 652 4521 curruum
681 4472 1035 4535 rotarumque
1066 4464 1324 4534 strepitus
1352 4467 1663 4535 tempestati
1693 4483 1795 4522 saz-
1815 4468 1868 4530 D
1897 4457 2033 4526 ejus.

210 4553 448 4609 vissimae
495 4562 864 4624 comparatur,
898 4560 952 4608 et
981 4569 1249 4625 equorum
1278 4553 1542 4610 velocitas
1574 4556 1791 4628 aquilis.

205 4642 495 4698 Exercitus
542 4642 765 4708 diaboli,
800 4658 995 4697 carrus
1044 4642 1253 4699 scilicet
1300 4650 1353 4697 et
1399 4644 1611 4715 equites
1658 4645 1796 4701 Pha-

204 4731 409 4799 raonis,
444 4730 591 4803 quod
618 4730 931 4803 intelligens
960 4731 1044 4785 vir
1074 4731 1486 4788 ecclesiasticus
1523 4733 1673 4800 dicit,
1714 4737 1797 4791 Va:

206 4821 364 4878 nobis
394 4821 662 4893 quoniam
690 4821 901 4874 vastati
920 4835 1136 4876 sumus.
1172 4821 1416 4876 Credens
1454 4821 1537 4875 illi
1567 4830 1793 4878 senten-

201 4908 311 4964 tia}.
344 4909 481 4964 Cum
510 4924 809 4965 conversus
830 4908 1182 4981 ingemueris,
1217 4909 1401 4965 salvus
1432 4910 1561 4966 eris.
1593 4913 1675 4969 Va:
1692 4929 1793 4969 no-

200 4998 302 5066 bis,
326 4997 455 5070 quia
473 4997 741 5069 propheta
759 4996 917 5069 quasi
937 4997 1109 5071 digito
1124 4998 1538 5065 demonstravit,
1557 5000 1792 5072 populus

199 5086 528 5160 ingemiscit.
551 5086 623 5141 Et
650 5102 760 5143 non
788 5086 991 5153 futura,
1045 5087 1143 5143 sed
1165 5087 1282 5157 jam
1311 5086 1456 5145 facta
1504 5089 1668 5144 sentit
1701 5089 1789 5145 di-

200 5190 333 5231 cens
367 5192 380 5230 :
419 5177 503 5232 Va:
531 5176 710 5231 nobis.

262 5282 435 5337 Vnus.
472 5283 557 5337 14.
580 5312 650 5321 -
670 5283 815 5338 Lava
843 5300 878 5338 a
898 5284 1144 5339 malitia.
1180 5284 1493 5355 Respondet
1520 5287 1789 5358 propheta

185 5371 300 5426 imo
328 5371 386 5425 in
412 5371 680 5441 propheta
709 5370 992 5437 Dominus,
1039 5373 1207 5428 Lava.
1241 5374 1394 5429 Unde
1428 5390 1442 5428 :
1488 5375 1787 5433 Lavamini

185 5460 389 5517 mundi
418 5463 593 5515 estote
623 5460 753 5529 (Isa.
792 5461 855 5531 Ι),
892 5460 1101 5517 scilicet
1132 5477 1277 5534 aqua
1306 5462 1585 5533 baptismi,
1638 5481 1786 5537 aqua

184 5549 517 5620 poenitentiae
548 5548 823 5604 salutaris.
1574 5544 1585 5563 ’

1969 4546 2139 4601 Vens.
2172 4551 2261 4604 28.
2293 4577 2363 4587 -
2396 4549 2669 4621 Cogitavit
2700 4555 2756 4607 et
2785 4568 2899 4608 non
2926 4554 3199 4625 paenituit
3243 4569 3350 4619 me,
3376 4560 3482 4609 etc.

1897 4634 1963 4689 Ut
1991 4634 2301 4705 praedictam
2332 4635 2604 4693 auferrem
2636 4640 2978 4705 sententiam,
3012 4649 3066 4695 et
3104 4640 3185 4695 ira
3213 4641 3487 4697 saevientis

1894 4737 2003 4777 non
2033 4724 2345 4794 perveniret
2375 4726 2444 4780 ad
2474 4726 2675 4793 ﬁnem;
2707 4728 2943 4783 minatus
2972 4736 3056 4783 est
3093 4729 3359 4785 Dominus
3387 4747 3490 4803 per

1892 4812 2105 4877 Ionam,
2157 4814 2255 4868 sed
2284 4813 2683 4884 impendentem
2734 4816 2976 4889 gladium
3023 4817 3388 4891 lacrymarum
3434 4828 3489 4875 et

1893 4901 2192 4973 gemituum
2215 4903 2536 4976 magnitudo
2566 4906 2861 4975 superavit.

1962 5008 2133 5063 Vnus.
2168 5012 2257 5066 29.
2289 5040 2359 5050 -
2387 5011 2429 5066 Α
2463 5026 2590 5067 voce
2620 5013 2846 5085 equitis.
2888 5013 3164 5070 Describit
3190 5014 3483 5071 furentium

1891 5096 2190 5152 exercitum
2219 5113 2252 5153 a
2280 5098 2436 5168 cujus
2456 5099 2651 5156 timore
2679 5101 2914 5173 populus
2944 5102 3220 5160 civitatem
3247 5104 3480 5177 reliquit,

1890 5192 1944 5240 et
1971 5186 2141 5241 ardua
2170 5188 2486 5243 conscendit
2519 5208 2533 5243 :
2567 5190 2667 5257 sed
2695 5198 2879 5248 tamen
2906 5191 3047 5249 iram
3076 5194 3176 5249 Dei
3206 5192 3485 5250 declinare

1887 5289 2000 5329 non
2025 5275 2215 5346 potuit.
2251 5278 2365 5333 Hoc
2393 5285 2561 5333 totum
2588 5280 2656 5334 ad
2706 5281 3011 5339 Ecclesiam
3040 5289 3220 5354 potest
3266 5282 3481 5351 referri,

1888 5379 2011 5419 cum
2038 5365 2215 5420 Deum
2244 5365 2550 5435 offenderit,
2585 5376 2639 5423 et
2687 5371 3022 5428 adversariis
3051 5380 3301 5444 tempore
3348 5390 3477 5445 per-

1887 5453 2198 5521 secutionis,
2231 5456 2321 5512 vel
2348 5457 2491 5513 vitiis
2511 5466 2676 5530 atque
2700 5460 2944 5532 peccatis
2968 5460 3170 5516 tradita
3197 5459 3375 5517 fuerit.

1955 5561 2126 5617 Vnus.
2160 5565 2249 5619 30.
2272 5594 2343 5604 —
2378 5566 2456 5621 Tu
2473 5571 2669 5623 autem
2690 5572 2934 5624 vastata.
2952 5566 3184 5639 ,(Ηιειι.)
3205 5568 3321 5624 Hoc
3336 5568 3486 5625 idem

253 5638 527 5694 Vnus.15.
564 5667 635 5679 —-
669 5640 780 5695 Vox
799 5640 954 5695 enim
976 5640 1411 5696 annuntiantis.
1434 5641 1596 5698 Juxta
1617 5642 1781 5699 situm
1882 5648 2173 5709 dicendum
2221 5660 2416 5709 contra
2462 5670 2579 5723 eos,
2632 5656 2724 5728 qui
2763 5655 3081 5730 conjugales
3126 5638 3376 5727 allectus,
3427 5666 3484 5716 et
