4000 6182
512 305 582 360 1'1
1336 301 1605 359 GLOSSA
1645 301 2053 359 OBDINARIA.
2094 333 2110 343 -

2227 276 2587 359 uernam
2614 302 2945 360 mansne.
3734 305 3802 358 18

513 461 661 502 verm
692 444 819 501 ﬁdei
862 444 1175 517 pudicitiam
1219 444 1591 516 perdiderunt.
1645 445 1779 500 Cum
1830 447 2106 501 vestieris.
2139 428 2464 517 Αεέιτηοοθ
2493 435 2585 482 ιυο
2614 434 2944 517 Nemeum?»
2978 435 3105 495 elc-v
3137 444 3311 501 usque
3340 427 3412 483 ad
3431 426 3662 499 5”qu
3689 424 3811 482 fun'

515 534 646 590 Haec
694 534 841 589 enim
889 544 942 589 et
991 534 1095 589 tuis
1144 534 1482 589 amatoribus
1525 549 1822 604 prmparas,
1863 541 1914 588 et
1943 533 2114 587 lectus

518 631 785 695 angustus
812 630 1103 695 utrumque
1145 638 1345 693 capere
1376 638 1483 677 non
1539 630 1737 692 potest.
1796 622 1911 676 Nec
1966 623 2114 676 Deus

521 720 844 768 ornamenta
900 711 1143 783 suscipit,
1192 711 1391 783 quibus
1435 718 1560 766 ante
1616 710 1953 766 amatoribus
2008 710 2115 765 tuis

518 800 791 873 placuisti.

595 908 766 962 Vens.
799 911 888 962 31.
910 938 980 949 —
1006 908 1196 964 Vocem
1225 910 1380 963 enim
1408 909 1587 980 quasi,
1624 915 1726 962 etc.
1761 906 1973 978 (Ηιειι.)
1993 907 2115 961 Duo

524 996 772 1067 exempla
816 996 997 1067 posita
1044 1005 1188 1061 sunt,
1223 1005 1275 1050 et
1303 995 1657 1067 parturientis
1686 1003 1738 1051 et
1765 995 2023 1068 lugentis,
2057 1003 2116 1049 ut

521 1085 782 1158 quidquid
834 1085 1031 1139 mulier
1078 1084 1301 1156 patitur,
1353 1084 1438 1139 vel
1484 1084 1541 1138 in
1578 1084 1708 1149 fetu,
1740 1084 1827 1139 vel
1855 1085 1909 1138 in
1937 1094 2113 1140 morte

522 1172 774 1239 ﬁliorum,
806 1174 1110 1229 Jerusalem
1141 1173 1380 1245 patiatur
1408 1174 1461 1227 in
1491 1174 1726 1248 populis.

1148 1334 1374 1390 CAPUT
1412 1335 1476 1390 V.

596 1496 764 1551 Vsus.
798 1499 849 1550 1.
881 1525 951 1536 —-
984 1496 1228 1550 Circuite
1268 1496 1405 1549 vias.
1454 1493 1668 1562 (1111111.)
1699 1491 1936 1548 Grandis
1957 1504 2114 1547 amor

513 1584 737 1655 justitize
791 1592 850 1638 ut
894 1600 1005 1638 non
1043 1585 1197 1653 juxta
1242 1582 1727 1653 interrogationem
1773 1582 2027 1645 Abrahae,
2061 1589 2114 1636 et

518 1673 932 1744 responsionem
951 1672 1072 1737 Dei,
1097 1672 1242 1744 quod
1261 1687 1363 1742 pro
1384 1671 1572 1726 decem
1595 1670 1723 1725 viris
1736 1670 1898 1739 justis
1918 1670 2113 1725 liberet

516 1762 668 1818 Deus
695 1761 988 1826 civitatem,
1013 1761 1348 1832 jamjamque
1377 1760 1677 1830 perituram
1701 1778 1715 1825 ;
1739 1760 1836 1813 sed
1868 1759 1913 1813 si
1943 1776 2111 1813 unum
2145 1787 2198 1846 Β

517 1851 804 1915 invenerit,
837 1849 930 1921 qui
959 1848 1121 1905 faciat
1141 1849 1425 1919 judicium,
1457 1857 1509 1903 et
1539 1856 1748 1920 quaerat
1776 1846 1958 1903 fidem.

597 1957 760 2011 Vnus.
794 1960 846 2010 3.
876 1986 947 1995 —
977 1957 1230 2019 Domine,
1282 1956 1431 2011 oculi
1462 1956 1568 2009 tui.
1612 1954 1744 2023 (10.)
1773 1954 2114 2008 Damnantur

519 2061 689 2116 opera
717 2045 1029 2099 Judmorum
1060 2044 1139 2114 (in
1168 2043 1366 2114 quibus
1387 2044 1540 2111 juxta
1570 2042 1709 2113 legis
1756 2043 2114 2097 caeremonias

519 2134 886 2203 exsultabant)
904 2149 1006 2203 per
1024 2131 1187 2187 ﬁdem
1208 2131 1660 2195 Christianorum,
1685 2147 1784 2201 per
1802 2146 1965 2202 quam
1987 2147 2115 2203 gra-

518 2225 594 2279 tia
614 2222 749 2278 salvi
769 2221 896 2277 facti
918 2238 1125 2275 sumus.
1149 2223 1487 2275 Percussisti
1517 2237 1627 2276 eos.
1662 2220 1894 2291 (GM-:6.)
1925 2218 2118 2274 Omnis

517 2311 703 2366 divina
730 2311 1033 2382 percussio,
1067 2310 1195 2375 etc.,
1228 2326 1401 2381 usque
1432 2309 1504 2363 ad
1533 2317 1586 2363 et
1615 2317 1698 2363 est
1728 2325 1895 2362 unum
1924 2308 2115 2380 ﬂagel-

513 2399 628 2455 lum
657 2400 802 2472 quod
835 2399 1210 2470 temporaliter
1228 2398 1433 2469 incipit,
1458 2406 1511 2453 et
1530 2397 1751 2453 aeternis
1770 2413 2116 2453 consumma-

512 2497 603 2543 tur
630 2488 935 2560 suppliciis.

587 2598 657 2651 Et
684 2613 799 2653 non
828 2596 1156 2652 doluerunt.
1190 2592 1502 2648 Inferuntur
1549 2592 1817 2664 supplicia
1846 2600 1905 2647 ut
1937 2592 2117 2648 corri-

514 2694 716 2759 gantur
744 2684 893 2749 vitia,
930 2684 1027 2739 sed
1059 2699 1167 2738 non
1197 2683 1518 2738 emendatur
1554 2681 1859 2737 Jerusalem
1888 2698 1989 2737 nec
2017 2698 2118 2753 per

516 2782 805 2829 tormenta.

589 2881 759 2935 Vens.
793 2882 846 2936 4.
870 2910 940 2920 -
962 2881 1221 2936 Forsitan
1239 2894 1516 2952 pauperes
1546 2882 1704 2933 sunt.
1732 2877 1945 2947 (1111111.)
1969 2876 2119 2932 Sicut

512 2969 670 3036 illud,
690 2970 910 3025 Mittam
931 2969 1117 3038 ﬁlium
1138 2984 1347 3033 meum,
1372 2969 1619 3039 forsitan
1641 2969 1827 3038 ipsum
1849 2967 2118 3021 verebun-

519 3064 617 3114 tur
645 3058 866 3129 (Matth.
900 3058 1046 3128 χχι).
1071 3056 1251 3112 Utitur
1271 3057 1418 3111 Deus
1442 3071 1695 3110 sermone
1715 3054 2033 3121 dubitantis,
2060 3063 2118 3109 ut

513 3162 581 3202 ex
610 3147 965 3220 ambiguitate
1015 3145 1295 3201 sententiae
1325 3153 1376 3200 et
1406 3145 1699 3200 verborum
1751 3144 2111 3214 suspensione
2137 3146 2186 3209 C

508 3235 744 3291 liberum
775 3235 1010 3290 hominis
1038 3236 1371 3290 monstretur
1402 3234 1707 3288 arbitrium.

587 3344 759 3398 Vnus.
794 3346 846 3397 5.
878 3373 946 3382 —-
977 3343 1115 3397 Ecce
1146 3344 1347 3414 magis,
1381 3349 1484 3396 etc.
1532 3341 1691 3394 Juxta
1722 3339 2107 3412 tr0pologiam.

509 3431 617 3501 Qui
646 3432 832 3505 magni
862 3439 1124 3502 putantur
1145 3430 1199 3483 in
1221 3429 1486 3495 Ecclesia,
1520 3429 1647 3500 quia
1679 3428 1895 3482 solvunt
1918 3428 2112 3500 jugum

507 3530 563 3578 et
591 3528 850 3592 rumpunt
879 3520 1113 3586 vincula,
1149 3519 1437 3573 traduntur
1457 3518 1512 3572 in
1542 3517 1870 3591 ignominias
1900 3518 2113 3588 passio-

508 3626 661 3675 num,
720 3618 780 3665 ut
839 3608 1039 3665 faciant
1096 3624 1216 3680 quae
1271 3624 1380 3663 non
1437 3605 1784 3663 conveniunt.
1856 3608 2106 3662 Vincula.

505 3699 723 3770 (1111111.)
754 3699 1157 3769 Praeceptorum
1179 3696 1299 3761 Dei,
1325 3712 1433 3751 non
1454 3696 1877 3758 Pharisaeorum,
1902 3696 1970 3748 de
1992 3695 2113 3767 qui-

513 3788 619 3843 bus
638 3787 837 3842 dicitur
856 3805 870 3840 :
892 3788 1297 3859 Dirumpamus
1316 3787 1547 3841 vincula
1568 3801 1761 3841 eorum
1782 3788 1835 3838 et
1852 3786 2114 3856 projicia-

506 3894 637 3932 mus
666 3894 700 3931 a
730 3876 887 3932 nobis
906 3878 1114 3949 jugum
1144 3877 1392 3947 ipsorum
1424 3874 1599 3942 (Psal.
1636 3874 1696 3941 1).

576 3966 750 4020 Vens.
786 3967 838 4018 6.
873 3994 941 4004 -—
972 3963 1189 4018 Pardus
1222 3965 1485 4035 vigilans.
1520 3960 1816 4016 Alexandri
1845 3960 2107 4031 impetum

501 4052 793 4127 signiﬁcat,
825 4052 917 4125 qui
946 4051 1177 4106 subditis
1199 4051 1302 4105 sibi
1324 4051 1490 4106 variis
1520 4050 1794 4123 gentibus,
1827 4050 1984 4121 quasi
2005 4065 2106 4105 va-

499 4143 674 4199 riatus
702 4142 910 4213 pardus
943 4148 1133 4197 contra
1162 4141 1350 4195 Medos
1392 4141 1696 4211 Persasque
1748 4154 1902 4192 arma
1933 4139 2105 4193 corri-

502 4232 639 4304 puit.
673 4229 816 4299 Quia
843 4245 975 4285 vero
1006 4244 1113 4286 non
1144 4229 1212 4284 de
1244 4229 1443 4293 futuro,
1479 4228 1576 4283 sed
1597 4227 1665 4282 de
1693 4228 1991 4298 prmterito,
2016 4227 2105 4283 vel

496 4322 834 4392 jamjamque
863 4320 932 4375 de
978 4317 1173 4374 futuris
1217 4317 1499 4373 historiam
1542 4317 1691 4385 texit,
1739 4316 1862 4373 ideo
1890 4317 1959 4372 de
1988 4317 2103 4372 Ro-

504 4425 669 4465 mano
698 4416 839 4464 tacet
866 4408 1117 4479 imperio.

568 4500 743 4555 Vnus.
776 4500 828 4553 7.
861 4528 931 4539 —
960 4498 1225 4554 Saturavi
1255 4513 1365 4555 eos.
1400 4496 1612 4569 (1111111.)
1645 4495 1845 4552 Audiat
1867 4497 1970 4552 hoc
2001 4494 2092 4570 qui
2114 4510 2166 4571 ι)

502 4587 743 4659 acceptis
770 4585 972 4644 divitiis
998 4585 1227 4641 luxuriae
1256 4585 1517 4641 serviunt.

574 4694 746 4749 Vens.
781 4697 832 4749 8.
855 4723 924 4733 —
945 4694 1087 4765 Equi
1117 4696 1419 4749 amatores.
1451 4692 1583 4763 (10.)
1614 4692 1803 4764 Equis,
1836 4707 1958 4746 cum
1987 4706 2099 4746 non

503 4783 689 4839 vident
710 4783 1036 4851 jumentum,
1070 4789 1199 4848 etc.,
1223 4797 1397 4854 usque
1429 4781 1500 4836 ad
1529 4782 1893 4836 Assimilatus
1913 4783 1997 4835 est
2005 4782 2099 4851 ju-

500 4874 712 4929 mentis
768 4870 1167 4944 insipientibus
1212 4874 1268 4925 et
1325 4871 1535 4925 similis
1590 4872 1781 4941 factus
1837 4873 1922 4924 est
1977 4870 2097 4925 illis

500 4962 678 5033 (Psal.
711 4960 933 5028 XLVIII).

572 5068 745 5124 Vens.
782 5069 868 5121 10.
902 5096 971 5106 —
1000 5067 1070 5121 Et
1098 5066 1387 5138 dissipate.
1421 5065 1553 5137 (10.)
1601 5064 1801 5120 Audiat
1845 5064 2095 5120 Ecclesia

500 5171 664 5229 quam
691 5156 799 5211 cito
827 5155 990 5220 muri,
1023 5163 1151 5221 etc.,
1185 5171 1362 5228 usque
1391 5154 1464 5210 ad
1494 5163 1718 5226 propter
1746 5153 2093 5211 clementiam

492 5245 711 5325 judicis,
744 5260 855 5299 non
879 5253 1106 5315 propter
1135 5244 1387 5299 meritum
1416 5244 1779 5314 peccantium.

571 5343 742 5397 Vnus.
769 5345 856 5399 12.
879 5373 949 5383 -
971 5343 1330 5415 Negaverunt
1359 5343 1684 5406 Dominum,
1701 5348 1803 5396 etc.
1829 5340 1961 5412 (10.)
1983 5343 2093 5396 Au-

499 5433 611 5487 diat
655 5433 761 5487 hoc
802 5432 1050 5488 Ecclesia
1095 5431 1384 5502 negligens
1418 5448 1431 5484 :
1465 5439 1518 5485 et
1564 5430 1962 5501 providentiam
1990 5431 2093 5485 Dei

494 5520 760 5588 refutans,
808 5521 954 5594 quod
985 5530 1037 5576 et
1066 5520 1310 5594 gladium
1341 5529 1394 5575 et
1424 5519 1623 5575 famem
1672 5519 1953 5587 sustineat,
1986 5520 2092 5575 nisi

493 5618 724 5666 ventura
751 5610 1047 5666 crediderit
1075 5626 1195 5682 quae
1227 5609 1500 5665 dicuntur.

572 5699 741 5756 Vnus.
774 5702 862 5757 14.
896 5730 965 5741 -
991 5701 1131 5756 Ecce
1161 5715 1258 5772 ego
1305 5698 1393 5766 do,
1427 5706 1531 5755 etc.
1565 5698 1695 5771 (10.)
1725 5699 1795 5755 Ut
1821 5697 2089 5755 increduli

2216 515 2532 571 damentum
2560 517 2757 571 Christi
2786 515 3255 573 mdiﬁcaverimus.

2288 605 2457 660 Vens.
2492 608 2577 660 15.
2602 607 2976 678 -Ignorabis
3009 607 3284 678 linguam,
3319 614 3421 661 etc.
3455 605 3585 676 (10.)
3607 605 3668 659 1n
3704 605 3813 660 He-

2215 693 2363 748 braeo
2387 711 2400 747 :
2425 694 2543 750 Non
2563 696 2851 766 intelliges
2872 695 3004 767 quid
3027 697 3308 766 loquatur.
3340 695 3440 749 Est
3467 694 3610 749 enim
3631 693 3808 748 malo-

2215 798 2337 837 rum
2367 782 2639 849 solatium,
2664 783 2710 837 si
2731 782 2939 838 habeas
2968 784 3173 850 hostes,
3198 799 3338 855 quos
3366 799 3570 856 rogare
3600 782 3807 850 valeas,

2215 871 2308 941 qui
2338 870 2642 944 intelligant
2668 888 2859 943 preces
2889 880 3030 927 tuas.

2287 960 2456 1015 Vsus.
2492 963 2575 1016 17.
2609 992 2678 1001 —
2706 963 2774 1016 Et
2804 961 3052 1017 comedet
3082 966 3314 1032 segetes,
3348 968 3453 1017 etc.
3486 960 3809 1016 Vastitatem

2214 1057 2376 1103 terrm
2404 1049 2686 1116 describit,
2719 1049 3148 1105 interfectionem
3196 1051 3511 1117 multorum,
3559 1049 3807 1105 abactio-

2213 1154 2339 1192 nem
2384 1154 2664 1209 pecorum,
2718 1139 3127 1195 subversionem
3175 1139 3392 1193 urbium
3422 1147 3476 1194 et
3504 1154 3806 1207 murorum,

2213 1227 2359 1297 quod
2390 1227 2574 1300 gladio
2604 1228 2784 1283 hostili
2813 1237 3006 1284 cuncta
3036 1229 3335 1299 capiantur.

2286 1315 2457 1371 Vens.
2491 1319 2576 1370 18.
2600 1347 2669 1356 -
2699 1319 2894 1373 Verum
2924 1322 3137 1382 tamen,
3171 1325 3272 1372 etc.
3306 1318 3518 1387 (1111111.)
3546 1315 3812 1389 Reliquias

2214 1404 2419 1459 scilicet
2468 1406 2633 1460 salva:
2681 1404 2826 1470 fient,
2880 1405 2963 1461 vel
3012 1422 3197 1462 eorum
3242 1405 3334 1478 qui
3379 1406 3434 1460 in
3479 1406 3814 1478 Babylonem

2212 1494 2359 1550 ducti
2390 1502 2533 1560 sunt,
2569 1495 2654 1549 vel
2686 1494 2859 1550 relicti
2888 1495 2957 1549 ad
2988 1495 3258 1550 culturam
3298 1503 3458 1550 terrm
3487 1495 3639 1550 ludas
3674 1514 3689 1562 ;
3721 1493 3810 1550 vel
3868 1524 3887 1537 τ

2208 1599 2400 1639 eorum
2433 1582 2523 1654 qui
2554 1591 2677 1653 post
2708 1583 3100 1654 persecutionis
3130 1584 3406 1651 ardorem,
3432 1583 3518 1639 vel
3537 1582 3689 1657 fuga,
3722 1582 3810 1639 vel

2210 1671 2555 1727 confessione
2586 1671 2747 1727 ﬁdem
2778 1673 2893 1728 Deo
2924 1681 3299 1728 servaverunt.

2288 1761 2457 1815 Vsus.
2496 1764 2580 1815 19.
2604 1791 2673 1800 —
2695 1761 2846 1828 Quod
2868 1764 2917 1817 si
2946 1762 3232 1818 dixeritis.
3268 1762 3399 1833 (10.)
3429 1761 3809 1834 Tropologice.

2216 1851 2402 1905 Potest
2432 1851 2536 1905 hoc
2585 1866 2750 1919 super
2798 1850 3065 1905 haereticis
3113 1850 3307 1922 accipi,
3360 1859 3487 1916 etc.,
3539 1866 3712 1923 usque
3741 1848 3814 1905 ad

2220 1938 2479 2004 habitate,
2513 1938 2622 1993 imo
2651 1939 2849 1994 servite
2881 1938 2964 1993 his
2995 1955 3226 2011 quorum
3257 1940 3390 1996 deos
3419 1939 3616 1995 colitis.

2288 2029 2458 2083 Vens.
2491 2030 2579 2084 21.
2612 2058 2681 2068 -
2710 2028 2873 2093 Audi,
2904 2028 3104 2100 popule
3136 2030 3331 2084 stulte.
3364 2028 3591 2099 PrOprie
3621 2027 3692 2084 ad
3721 2027 3813 2083 Ju-

2216 2116 2341 2171 dam
2369 2116 2607 2188 loquitur
2627 2124 2679 2172 et
2699 2116 2767 2171 ad
2800 2117 3020 2171 domum
3051 2117 3239 2172 Jacob.
3274 2117 3443 2172 Israel
3471 2117 3615 2171 enim
3644 2116 3815 2171 multo

2210 2206 2323 2275 jam
2356 2214 2602 2276 tempore
2650 2206 2934 2260 exsulabat
2962 2206 3015 2259 in
3048 2206 3308 2277 Assyriis.
3363 2207 3468 2273 Qui
3498 2223 3612 2264 non
3646 2205 3811 2261 habes

2218 2312 2331 2352 cor.
2365 2295 2469 2348 Dat
2498 2295 2728 2366 intelligi
2759 2295 2903 2366 quod
2934 2295 3141 2367 absque
3170 2304 3463 2366 praecepto
3492 2294 3815 2350 naturaliter

2218 2383 2481 2438 debemus
2511 2383 2817 2455 intelligere
2847 2400 2968 2455 quae
3016 2392 3165 2438 recta
3211 2393 3353 2438 sunt.
3390 2384 3493 2451 Qui
3525 2384 3811 2452 habentes,

2219 2480 2321 2526 etc.
2347 2471 2443 2525 Cui
2465 2470 2640 2525 simile
2665 2490 2677 2524 :
2702 2474 2890 2527 oculos
2938 2472 3161 2537 habent,
3186 2477 3243 2526 et
3263 2490 3379 2529 non
3400 2472 3683 2538 videbunt,
3709 2480 3813 2527 etc.

2220 2561 2444 2616 Similes
2476 2562 2593 2615 illis
2623 2560 2767 2629 [iant
2798 2562 2893 2632 qui
2922 2562 3148 2631 faciunt
3170 2577 3253 2626 ea,
3279 2564 3335 2615 et
3354 2577 3548 2617 omnes
3577 2562 3674 2633 qui
3692 2577 3820 2618 con-

2220 2649 2407 2718 ﬁdunt
2436 2651 2499 2703 in
2531 2651 2611 2703 eis
2641 2650 2815 2719 (Psal.
2851 2650 3031 2719 (111111).

2292 2739 2463 2793 Vens.
2496 2741 2584 2795 25.
2620 2769 2688 2778 -
2716 2738 3051 2810 Iniquitates
3098 2742 3316 2805 vestrm,
3363 2746 3465 2792 etc.
3519 2736 3732 2808 (Ηιιζιι.)
3763 2736 3820 2793 Si

2222 2828 2443 2899 quando
2470 2843 2624 2881 mare
2671 2827 3020 2882 transcendat
3066 2826 3345 2893 terminos,
3379 2835 3509 2893 etc.,
3542 2843 3717 2899 usque
3746 2827 3819 2882 ad

2220 2917 2278 2972 in
2305 2917 2500 2989 quibus
2528 2916 2795 2987 operariis
2833 2916 3005 2972 vineae
3054 2932 3221 2970 unum
3269 2924 3487 2972 aeternae
3532 2916 3817 2987 praemium

2221 3006 2571 3077 promittitur.
3320 2995 3327 3003 ’

2295 3096 2464 3151 Vens.
2497 3095 2585 3152 27.
2610 3125 2680 3134 -
2701 3096 2859 3151 Sicut
2888 3095 3166 3166 decipula.
3200 3094 3341 3148 Dum
3368 3093 3601 3150 invicem
3631 3109 3691 3148 se
3722 3109 3817 3149 ve-

2218 3192 2417 3239 nantur
2446 3184 2515 3238 ad
2544 3191 2796 3248 mortem,
2821 3190 2875 3238 et
2904 3174 3137 3238 alibrum
3165 3183 3379 3238 damnis
3408 3191 3567 3255 atque
3596 3182 3817 3252 dispen-

2216 3274 2322 3328 diis
2351 3274 2543 3328 domos
2573 3288 2701 3327 suas
2727 3272 3017 3343 complent,
3052 3272 3350 3328 secundum
3386 3273 3535 3327 illam
3565 3271 3814 3342 philoso-

2215 3364 2447 3434 phorum
2480 3362 2823 3427 sententiam,
2869 3362 3062 3417 Omnis
3093 3362 3261 3427 dives,
3295 3366 3397 3418 aut
3426 3364 3676 3435 iniquus,
3712 3364 3822 3416 aut

2216 3452 2393 3509 haeres
2424 3454 2625 3523 iniqui.
2660 3454 2833 3523 Atque
2865 3450 3070 3504 utinam
3100 3452 3215 3505 haec
3245 3458 3455 3504 tantum
3483 3451 3552 3505 ab
3573 3450 3653 3504 eis
3683 3447 3814 3504 ﬁant

2213 3542 2305 3614 qui
2352 3540 2485 3596 foris
2531 3549 2673 3605 sunt,
2724 3548 2776 3593 et
2824 3555 2933 3594 non
2962 3556 2995 3593 a
3036 3539 3215 3605 nobis,
3266 3544 3320 3593 et
3365 3538 3695 3600 venigntium
3740 3536 3812 3593 ad

2212 3647 2333 3695 nos,
2367 3645 2474 3685 non
2503 3645 2698 3683 manus
2727 3628 3179 3699 contemplentur,
3216 3628 3312 3682 sed
3343 3644 3460 3683 ora.

2288 3720 2454 3774 Vens.
2488 3724 2575 3775 28.
2600 3750 2669 3758 -
2691 3719 3001 3774 Incrassati
3031 3722 3185 3783 sunt,
3223 3725 3326 3772 etc.
3361 3716 3456 3771 Cui
3487 3716 3665 3772 simile
3686 3737 3703 3772 :
3725 3717 3812 3772 1η-

2210 3811 2517 3871 crassatus,
2553 3808 2961 3878 impinguatus,
2986 3806 3284 3871 dilatatus,
3309 3806 3609 3877 dereliquit
3629 3807 3807 3861 Deum

2209 3899 2486 3969 factorem
2516 3912 2683 3950 suum
2714 3896 2899 3965 (Deut.
2933 3895 3143 3961 xxx").
3178 3894 3283 3947 Et:
3325 3895 3682 3949 Incrassatus
3720 3898 3805 3950 est

2208 3985 2449 4041 dilectus
2479 3989 2535 4039 et
2564 3985 2953 4039 recalcitravit
2984 3982 3162 4053 (Ibid).
3194 3984 3265 4038 Et
3296 3983 3658 4054 impinguati,
3694 3990 3799 4038 etc.

2207 4074 2268 4127 In
2296 4073 2492 4128 divinis
2520 4071 2707 4128 confisi
2740 4090 2752 4126 :
2787 4072 2944 4144 quasi
2974 4072 3155 4126 dicat:
3190 4072 3414 4137 Anima,
3448 4072 3633 4126 multa
3663 4072 3805 4128 bona

2209 4162 2372 4217 habes
2398 4165 2585 4234 posita
2604 4164 2667 4217 in
2698 4179 2878 4217 annos
2906 4163 3182 4234 plurimos
3204 4182 3221 4217 :
3243 4162 3544 4233 requiesce,
3578 4160 3801 4217 comede

2206 4255 2261 4307 et
2291 4252 2406 4307 bibe
2438 4254 2590 4323 (Luc.
2622 4252 2749 4321 xu).

2819 4394 3044 4452 CAPUT
3083 4394 3172 4450 VI.

2268 4541 2438 4597 Vnus.
2466 4545 2515 4597 1.
2540 4571 2609 4581 —
2633 4541 3067 4614 Confortamini,
3103 4548 3207 4596 etc.
3242 4539 3454 4611 (1111111.)
3485 4532 3626 4608 Quia
3650 4540 3795 4609 jam-

2188 4631 2415 4702 jamque
2442 4631 2513 4685 ab
2542 4629 2795 4702 aquilone
2840 4629 3349 4705 Nabuchodonosor
3393 4636 3653 4683 venturus
3683 4636 3787 4695 est,

2198 4728 2341 4787 etc.,,
2357 4736 2531 4792 usque
2561 4719 2633 4775 ad
2662 4719 2802 4772 inter
2849 4719 2949 4773 hos
2997 4717 3137 4772 alius
3184 4717 3336 4773 vicus
3366 4726 3448 4772 est
3477 4717 3568 4790 qui
3598 4717 3787 4789 lingua

2197 4809 2336 4880 Syra
2365 4816 2419 4862 et
2448 4808 2678 4863 Hebraea
2706 4807 3005 4863 Betacaren
3050 4807 3362 4863 nominatur
3388 4807 3445 4861 in
3472 4814 3655 4861 monte
3684 4820 3788 4877 po-

2196 4898 2351 4953 situs.

2266 4988 2436 5042 Vens.
2459 4990 2510 5043 2.
2542 5016 2611 5025 -
2641 4987 2926 5059 Speciosm.
2960 4985 3295 5041 Describitur
3322 4983 3666 5056 pulchritudo
3695 4984 3785 5039 Je-

2194 5076 2452 5141 rusalem,
2486 5092 2607 5147 qum
2635 5083 2718 5130 est
2746 5075 2867 5146 ipsa
2914 5074 3042 5129 Sion
3071 5082 3128 5129 ut
3157 5074 3304 5129 aliud
3352 5082 3519 5130 totam
3564 5073 3780 5138 urbem,

2193 5164 2339 5220 aliud
2386 5180 2570 5219 arcem
2615 5164 2767 5218 urbis
2813 5172 2985 5219 sonet.
3037 5162 3166 5218 Sion
3212 5163 3357 5217 enim
3411 5179 3543 5229 arx,
3593 5162 3649 5217 id
3705 5169 3790 5218 est

2191 5255 2439 5327 specula,
2488 5254 2877 5325 interpretatur
2902 5260 2956 5307 et
2986 5252 3248 5323 speciosae
3294 5252 3510 5307 mulieri
3556 5266 3786 5323 compa-

2193 5351 2364 5397 ratur.

2263 5433 2433 5488 Vens.
2467 5435 2519 5488 3.
2551 5463 2621 5473 —
2650 5435 2929 5490 Pastores.
2962 5430 3174 5502 (Ηιειι.)
3204 5430 3347 5486 Satis
3375 5431 3658 5504 eleganter
3684 5443 3783 5498 po-

2190 5521 2335 5577 nitur
2363 5521 2452 5577 hic
2481 5522 2727 5588 verbum,
2779 5530 2905 5585 etc.,
2955 5537 3127 5594 usque
3156 5521 3229 5575 ad
3258 5535 3490 5593 quorum
3528 5517 3622 5571 alii
3653 5530 3777 5571 ma-

2190 5610 2449 5665 nifestant
2476 5611 2545 5666 ad
2574 5610 2924 5683 polluendum
2962 5618 3200 5666 scortum
3235 5652 3248 5676 ,
3280 5608 3374 5663 alii
3402 5606 3471 5663 ad
3500 5603 3649 5660 urbis
3680 5619 3779 5658 ex-

2190 5700 2411 5757 cidium.
