4000 6182
220 290 287 345 19
823 288 1228 347 WALAFRIDI
1264 290 1508 349 STRABI
1545 292 1744 350 FULD.
1785 291 1960 350 MON.
2001 291 2157 351 OPP.
2196 293 2375 351 PARS
2412 295 2454 350 Ι.
2495 323 2566 338 -
2602 293 3072 354 THEOLOGICA.
3446 303 3521 357 20

292 415 465 472 Vsus.
491 416 543 472 4.
566 445 636 457 -
661 416 746 474 Vae
772 416 949 484 nobis,
975 424 1079 473 etc.
1104 416 1318 489 (Ηιεει.)
1340 418 1452 473 Illis
1471 418 1812 476 dicentibus:
1837 421 1894 483 A
1922 421 1994 476 ad
2023 436 2145 476 cum
2176 420 2458 492 Scriptura
2485 422 2647 490 dicat,
2678 424 3000 497 Redemptio
3027 426 3243 485 anima:
3266 425 3376 482 viri
3402 440 3526 509 pro:

221 505 447 576 Surgite
477 509 535 561 et
562 505 955 573 ascendamus,
988 506 1079 561 isti
1106 508 1442 578 respondent
1475 525 1488 562 :
1530 510 1613 565 Va:
1641 509 1820 576 nobis,

223 600 329 650 etc.
359 594 430 649 Et
459 602 542 649 est
579 594 667 650 hic
712 610 907 650 sensus
940 613 954 650 :
989 595 1045 650 Si
1072 612 1174 667 per
1220 596 1365 652 diem
1412 598 1516 654 hoc
1560 596 1817 668 patimur,

219 682 350 754 quid
378 699 480 754 per
508 691 724 740 noctem
755 684 1027 755 patiemur
1056 686 1084 741 ?

1917 511 2063 583 price
2092 510 2306 566 divitia:
2335 513 2456 583 ejus
2491 512 2673 581 (Prov.
2704 514 2851 585 xm).

1994 599 2165 654 Vsus.
2197 602 2284 655 21.
2309 630 2379 639 —
2405 603 2606 656 Patres
2637 606 2693 656 et
2720 602 2849 670 ﬁlii.
2881 601 3012 672 (11).)
3040 601 3159 657 Filii
3186 610 3405 674 patrum
3435 619 3522 660 se-

1920 696 2156 758 quuntur
2184 688 2574 759 blasphemias,
2627 690 2865 761 quotidie
2895 690 3043 746 illam
3073 691 3521 763 imprecationem

289 789 461 845 Vnus.
496 793 549 846 ὅ.
581 819 651 831 --
680 791 924 863 Surgite.
959 790 1064 859 Qui
1094 791 1366 860 dixerunt,
1417 792 1733 865 consurgite
1765 809 1794 847 e

1923 775 2277 847 suscipientes
2302 795 2314 830 :
2340 778 2583 849 Sanguis
2614 781 2734 850 ejus
2764 796 2933 852 super
2960 796 3062 837 nos
3092 785 3148 837 et
3177 798 3346 854 super
3370 782 3519 852 ﬁlios

214 878 511 945 ascendite,
545 887 671 946 etc.,
706 895 827 934 sese
874 879 983 933 illis
1031 880 1218 935 verbis
1262 888 1563 951 provocant
1592 881 1662 935 ad
1693 880 1815 935 bel-

215 965 330 1021 lum
354 983 368 1021 :
393 968 616 1041 Surgite
647 972 703 1023 et
733 969 1105 1025 ascendamus
1134 972 1197 1025 in
1226 974 1409 1036 nocte,
1434 978 1492 1024 ut
1513 968 1685 1024 sciant
1715 970 1818 1024 ad-

215 1056 445 1111 versarii
500 1072 608 1113 non
663 1057 926 1129 temporis
990 1074 1115 1114 esse
1180 1058 1485 1126 victoriam,
1549 1058 1647 1114 sed
1704 1058 1813 1115 vir-

214 1151 410 1200 tutum.

286 1252 458 1307 Vnus.
482 1254 535 1308 7.
558 1282 626 1293 —
648 1253 807 1310 Sicut
834 1254 1126 1325 frigidam.
1161 1252 1288 1310 Sine
1309 1253 1493 1309 calore
1521 1253 1647 1309 fidei
1670 1272 1683 1308 :
1706 1254 1811 1309 Ec-

212 1340 400 1409 clesia,
434 1341 626 1413 spiritu
646 1341 920 1398 ferventes
946 1360 958 1396 :
981 1342 1113 1397 mali
1133 1351 1335 1410 autem,
1361 1342 1563 1416 frigida
1587 1362 1601 1411 ;
1624 1344 1768 1399 unde
1793 1362 1806 1398 :

212 1433 558 1503 Refrigescet
588 1431 843 1487 charitas
879 1432 1193 1488 multorum
1232 1430 1455 1503 (Matth.
1479 1432 1622 1504 xxv).
1647 1433 1717 1487 Et
1735 1432 1807 1487 i1-

211 1519 306 1574 lud
340 1537 353 1573 :
394 1520 761 1577 Assimilabor
798 1520 1261 1577 descendentibus
1300 1524 1362 1577 in
1403 1524 1589 1579 lacum
1628 1522 1804 1593 (Psal.

209 1608 439 1680 xxvm).
474 1608 655 1664 Semel
684 1607 916 1664 sufﬁciat
947 1609 1150 1665 dixisse
1180 1610 1379 1678 lacum,
1413 1626 1522 1666 non
1551 1619 1807 1685 stagnum

211 1713 430 1765 sonare,
456 1698 755 1754 secundum
772 1698 1018 1767 Graecos,
1053 1700 1148 1754 sed
1171 1700 1483 1769 cisternam,
1516 1717 1637 1772 quae
1666 1701 1805 1773 Syro

210 1794 263 1841 et
292 1787 525 1843 Hebrmo
557 1803 808 1843 sermone
841 1787 961 1844 Gab
990 1788 1202 1844 dicitur.

281 1877 453 1933 Vens.
489 1882 541 1933 8.
573 1909 643 1918 —
671 1879 930 1934 Erudire.
965 1878 1178 1951 (HIER.)
1228 1879 1331 1933 Per
1375 1881 1479 1935 hoc
1525 1879 1806 1947 discimus,

207 1966 353 2039 quod
380 1968 632 2041 ﬂagellet
650 1970 819 2034 Deus,
842 1975 971 2034 etc.,
995 1985 1168 2041 usque
1199 1969 1271 2024 ad
1289 1985 1389 2039 per
1417 1983 1636 2024 omnem
1655 1969 1810 2025 dolo-

204 2071 323 2113 rem
353 2064 406 2111 et
435 2056 715 2130 ﬂagellum
747 2056 1034 2124 erudieris,
1067 2058 1393 2113 Jerusalem.

280 2163 452 2220 Vnus.
487 2166 539 2219 9.
573 2195 642 2204 —
677 2166 851 2237 Usque
880 2164 953 2221 ad
980 2181 1291 2222 racemum.
1325 2165 1457 2237 (10.)
1489 2164 1655 2233 Quasi
1684 2181 1808 2221 cum

206 2260 420 2309 vastata
447 2251 611 2308 fuerit
639 2253 964 2320 Jerusalem,
998 2261 1126 2321 etc.,
1149 2271 1323 2327 usque
1344 2254 1415 2310 ad
1434 2253 1592 2325 quasi
1610 2253 1666 2308 in
1685 2269 1806 2309 car-

205 2341 400 2397 tallum
429 2342 517 2397 vel
545 2342 603 2396 in
630 2341 894 2398 torcular.

280 2449 452 2505 Vnus.
488 2451 576 2504 10.
599 2479 669 2488 —
690 2450 1109 2506 Incircumcisa:
1135 2464 1323 2515 aures,
1358 2456 1463 2505 etc.
1495 2449 1806 2504 Notandum

205 2538 352 2611 quod
379 2537 721 2593 circumcisio
740 2537 797 2591 in
830 2537 1124 2609 Scripturis
1154 2537 1351 2593 dicitur
1380 2538 1553 2592 tribus
1584 2539 1762 2594 modis
1790 2556 1803 2592 :

206 2627 263 2682 in
289 2627 576 2699 praeputio,
609 2626 666 2681 in
694 2627 880 2693 corde,
922 2627 978 2681 in
1005 2627 1248 2693 auribus,
1281 2628 1424 2683 unde
1459 2645 1471 2681 :
1507 2628 1611 2695 Qui
1642 2627 1806 2683 habet

208 2734 376 2775 aures
406 2716 676 2773 audiendi
705 2717 905 2772 audiat
944 2715 1164 2787 (Matth.
1197 2715 1302 2786 χι),

278 2824 450 2879 Vnus.
485 2826 572 2879 11.
595 2853 666 2864 —
685 2823 895 2880 Idcirco
925 2824 1140 2894 furore.
1174 2822 1387 2893 (Hum)
1419 2820 1589 2891 Quasi
1619 2822 1801 2878 dicat:

206 2912 529 2969 Venientem
575 2911 716 2967 iram
761 2912 863 2966 Dei
908 2911 1203 2983 prospicio,
1255 2919 1309 2966 et
1353 2910 1540 2967 furore
1586 2912 1705 2981 ejus
1751 2919 1805 2967 et

206 3001 490 3057 iracundia
518 3001 711 3072 plenus
750 3016 890 3067 sum,
925 3008 977 3055 et
1005 3000 1149 3055 ultra
1195 3000 1467 3055 sustinere
1513 3016 1624 3055 non
1669 3016 1803 3072 pos-

208 3106 328 3146 sum
353 3107 366 3144 :
389 3106 491 3146 nec
509 3105 611 3161 pro
630 3089 1012 3160 peccatoribus
1032 3087 1206 3145 audeo
1227 3090 1515 3160 deprecari
1544 3090 1737 3146 Deum.

277 3198 450 3253 Vnus.
511 3200 599 3254 12.
631 3227 701 3237 —
729 3196 1070 3252 Extendam.
1131 3196 1342 3267 (Hum)
1391 3197 1788 3270 Septuaginta:

210 3288 445 3344 Elevabo
477 3306 495 3342 :
523 3294 811 3358 utrumque
842 3293 1022 3341 autem
1051 3286 1403 3357 percutientis
1433 3287 1650 3342 habitus
1679 3294 1763 3342 est
1797 3305 1812 3354 ;

208 3377 400 3433 unde:
459 3378 531 3432 Et
586 3375 771 3433 adhuc
826 3392 1035 3432 manus
1092 3379 1333 3432 extenta
1389 3375 1526 3443 sive,
1587 3378 1816 3434 excelsa

209 3464 342 3537 (Isa.
375 3465 454 3538 v).

276 3574 449 3629 Vnus.
476 3573 711 3628 14.—Et
730 3573 1008 3629 curabant
1027 3573 1451 3629 contr-itionem.
1480 3572 1611 3643 (10.)
1634 3570 1786 3640 Quas

205 3662 350 3718 dicat
372 3680 386 3716 :
410 3662 544 3717 Cum
564 3668 714 3717 tanta
734 3660 978 3716 facerent
998 3661 1162 3727 mala,
1187 3669 1315 3728 etc.,
1339 3678 1513 3733 usque
1534 3662 1606 3717 ad
1624 3660 1805 3734 magis

199 3750 327 3807 illos
357 3751 622 3823 supplicio
654 3758 707 3806 et
735 3750 836 3806 Dei
866 3750 1161 3806 iracundiae
1190 3758 1587 3822 praeparantes.

272 3861 445 3917 Vnus.
479 3862 565 3915 15.
598 3889 668 3900 —-
698 3859 931 3931 Confusi
976 3863 1134 3914 sunt.
1167 3857 1299 3931 (Ιυ.)
1336 3857 1665 3929 Expressius
1696 3859 1798 3915 hoc

194 3950 493 4025 legendum
521 3957 623 4016 est,
656 3957 784 4016 etc.,
826 3964 1001 4021 usque
1030 3948 1102 4004 ad
1130 3948 1263 4020 quin
1289 3948 1469 4018 potius
1513 3955 1797 4017 peccatum

196 4054 399 4096 auxere
427 4045 760 4109 contemptu.

268 4148 625 4203 Nescierunt.
675 4143 979 4198 Noluerunt
1011 4161 1026 4209 ;
1059 4142 1157 4197 sed
1184 4141 1353 4198 nimio
1398 4149 1709 4213 contemptu
1740 4151 1794 4199 et

194 4235 324 4293 vitio
354 4234 576 4290 violenti
603 4232 735 4287 mali
762 4248 863 4288 nec
892 4231 1199 4304 intelligere
1231 4231 1448 4303 quidem
1478 4239 1787 4303 potuerunt.

195 4323 433 4380 Grandis
461 4322 733 4394 impietas,
784 4336 893 4377 non
935 4320 1114 4376 solum
1161 4336 1271 4375 non
1314 4335 1529 4387 cavere,
1565 4321 1661 4376 sed
1690 4337 1789 4377 nec

188 4412 496 4486 intelligere
516 4411 657 4469 velle
675 4419 919 4483 peccata,
947 4417 999 4465 et
1019 4409 1222 4464 nullam
1251 4409 1455 4465 habere
1475 4410 1788 4466 distantiam

194 4503 463 4559 bonorum
490 4501 868 4572 malorumque
898 4515 1146 4570 operum.

260 4609 432 4665 Vnus.
466 4612 553 4663 16.
577 4638 647 4648 —
668 4608 825 4665 State
856 4624 1025 4680 super
1052 4609 1193 4663 vias.
1226 4606 1496 4679 Legamus
1526 4606 1788 4680 Evange-

183 4699 346 4758 licam
388 4696 729 4769 parabolam,
762 4696 818 4750 in
865 4712 972 4768 qua
1017 4695 1328 4769 negotiator
1375 4695 1549 4750 bonus
1597 4711 1790 4771 omnes

181 4786 428 4844 vendidit
470 4785 823 4859 margaritas,
857 4793 914 4840 ut
942 4800 1106 4840 unam
1156 4792 1302 4840 emat
1348 4784 1651 4857 pretiosam
1686 4802 1699 4839 :
1731 4793 1791 4840 ut

183 4876 389 4933 scilicet
435 4892 536 4947 per
580 4873 922 4946 patriarchas
961 4881 1013 4928 et
1059 4875 1355 4944 prophetas
1406 4874 1688 4929 veniamus
1720 4874 1791 4943 ad

183 4981 310 5022 eum
340 4964 433 5036 qui
461 4963 591 5021 dicit
623 4981 637 5017 :
670 4965 780 5036 Ego
811 4980 939 5019 sum
978 4965 1089 5028 via,
1126 4964 1336 5019 ueritas
1366 4967 1422 5019 et
1450 4965 1570 5019 vita
1599 4964 1784 5032 (Joan.

183 5054 328 5126 xxv),
359 5053 522 5120 unde,
555 5053 715 5109 State
744 5068 915 5124 super
944 5053 1083 5117 vias,
1118 5055 1226 5107 etc.

248 5160 422 5216 Vnus.
457 5160 544 5215 17.
575 5189 647 5199 —
684 5161 875 5216 Vocem
907 5159 1072 5214 tubas.
1124 5155 1339 5228 (Hum)
1386 5157 1590 5213 Vocem
1622 5157 1782 5225 tubas,

174 5249 434 5305 mandata
486 5246 775 5321 Evangelii
831 5247 917 5303 vel
975 5245 1277 5302 doctrinam
1358 5246 1731 5317 apostolorum
1768 5268 1784 5305 :

171 5339 336 5406 unde,
370 5340 434 5394 In
462 5342 717 5395 montem
745 5339 1038 5394 excelsum
1069 5335 1308 5392 ascende
1331 5340 1395 5391 tu
1416 5338 1512 5408 qui
1543 5352 1777 5408 evange-

171 5428 312 5485 lizas
368 5429 520 5493 Sion,
573 5428 773 5483 exulta
811 5428 962 5483 sicut
1007 5427 1141 5482 tuba
1194 5441 1383 5482 vocem
1444 5429 1622 5491 tuam,
1676 5430 1781 5497 qui

169 5520 490 5575 annuntias
518 5518 855 5573 Jerusalem.

235 5624 407 5680 Vnus.
432 5627 521 5682 20.
544 5651 614 5665 --
639 5624 703 5682 Ut
722 5623 854 5696 quid
882 5621 1026 5678 mihi
1061 5621 1211 5678 thus.
1236 5620 1368 5692 (11).)
1392 5619 1563 5689 Quasi
1584 5620 1730 5677 dicat
1755 5640 1769 5676 :

165 5712 392 5771 Frustra
419 5711 552 5769 mihi
580 5711 651 5770 ad
679 5720 957 5785 unguenta
1002 5708 1358 5780 conﬁcienda,
1419 5718 1547 5778 etc.,
1583 5726 1760 5785 usque

1917 869 2140 922 nostros
2173 866 2392 934 (Matth.
2425 866 2634 937 xxvu).

1987 954 2158 1009 Vens.
2192 958 2280 1011 22.
2303 985 2373 994 —
2394 956 2529 1010 Ecce
2554 957 2818 1028 populus,
2854 964 2957 1012 etc.
2993 957 3218 1028 PrOprie
3248 958 3351 1014 hoc
3378 957 3516 1021 dici-

1915 1049 2002 1097 tur
2032 1043 2098 1097 de
2130 1042 2461 1114 Babyloniis,
2513 1044 2605 1116 qui
2651 1045 2865 1100 venturi
2912 1054 3034 1101 sunt
3071 1054 3261 1102 contra
3288 1047 3515 1103 Jerusa-

1914 1130 2041 1186 lem.
2074 1131 2143 1185 Et
2174 1131 2351 1186 omnis
2396 1141 2689 1189 armaturae
2738 1135 2874 1190 ordo
2904 1135 3250 1202 describitur,
3283 1143 3336 1191 et
3364 1152 3514 1208 pra:-

1913 1219 2157 1274 liantium
2202 1220 2457 1291 impetus,
2492 1231 2549 1277 ut
2576 1231 2788 1278 terrore
2834 1224 3089 1280 commoti
3135 1233 3302 1298 agant
3332 1225 3515 1296 poeni-

1912 1309 2135 1364 tentiam
2166 1318 2219 1364 et
2246 1311 2421 1365 Deum
2450 1311 2935 1368 clementissimum
2966 1314 3202 1384 placent.

1978 1399 2149 1453 Vens.
2194 1402 2283 1457 23.
2317 1430 2386 1439 —
2423 1402 2535 1456 Vox
2590 1404 2711 1471 eius
2769 1404 2950 1474 quasi,
3013 1411 3116 1459 etc.
3179 1403 3509 1477 Allegorice.

1906 1486 2122 1557 (Ηιιςιι.)
2175 1488 2472 1544 Ροεειιωιιε
2501 1489 2604 1545 hoc
2634 1490 2945 1547 testimonio
2974 1492 3143 1559 abuti,
3179 1501 3308 1560 etc.,
3340 1510 3515 1566 usque
3616 1564 3620 1569 1

1907 1577 1980 1632 ad
2009 1584 2061 1631 et
2092 1576 2249 1648 quasi
2278 1578 2741 1634 vehementissimi
2767 1581 2937 1636 maris
2969 1580 3182 1650 ﬂuctus,
3215 1582 3293 1637 ita
3319 1582 3511 1653 Oppri-

1904 1672 2061 1720 munt
2088 1665 2430 1741 resistentes.

1840 1786 1894 1845 B
1986 1756 2156 1811 Vnus.
2186 1759 2275 1812 25.
2308 1787 2379 1797 -
2407 1758 2590 1814 Nolite
2641 1760 2819 1826 exire,
2853 1767 2957 1815 etc.
2990 1760 3121 1831 ([n.)
3150 1760 3511 1834 Evangelium

1913 1859 2125 1916 quoque
2172 1845 2350 1912 docet,
2402 1854 2529 1913 etc.,
2588 1863 2763 1919 usque
2809 1848 2881 1904 ad
2928 1849 3045 1904 sed
3081 1848 3393 1906 firmissime
3449 1866 3510 1907 se

1907 1941 2161 1989 tueantur
2191 1934 2598 1992 munitionibus.

1978 2023 2148 2079 Vsus.
2182 2026 2271 2081 27.
2306 2055 2376 2064 -
2404 2026 2475 2080 Et
2497 2026 2774 2098 probabis.
2826 2026 2957 2099 (Ιυ.)
3006 2027 3177 2096 Quasi
3215 2027 3360 2085 dicat
3391 2047 3404 2084 :
3438 2029 3511 2087 Ut

1907 2126 2028 2165 cum
2058 2113 2383 2182 probaveris
2413 2122 2466 2168 et
2497 2113 2689 2170 scieris
2737 2115 2901 2183 viam,
2954 2125 3081 2184 etc.,
3115 2134 3290 2190 usque
3318 2119 3391 2174 ad
3417 2118 3510 2191 qui

1907 2199 2047 2256 sicut
2077 2201 2299 2271 aspides
2332 2202 2511 2257 surdae
2542 2204 2796 2260 obturant
2826 2220 2990 2261 aures
3021 2221 3171 2273 suas,
3195 2222 3263 2261 ne
3284 2207 3513 2264 audiant

1906 2304 2098 2345 vocem
2128 2290 2539 2347 incantantium.

1980 2378 2184 2435 Omnes
2214 2382 2335 2436 isti.
2366 2380 2597 2450 (GREG.,
2627 2383 2843 2450 Moral.,
2868 2382 2905 2438 l.
2930 2399 3094 2451 xvm,
3127 2399 3177 2441 c.
3212 2386 3322 2456 14).
3357 2384 3511 2440 Prin-

1906 2466 2055 2538 cipes
2077 2476 2195 2526 sunt
2216 2484 2248 2523 a
2269 2470 2500 2524 Domino
2530 2471 2849 2527 recedentes
2871 2481 2925 2527 et
2943 2472 3340 2541 inobedientes,
3373 2481 3503 2541 etc.,

1904 2572 2079 2629 usque
2111 2558 2182 2613 ad
2212 2557 2306 2630 qui
2334 2558 2402 2613 ab
2432 2554 2692 2615 Ecclesiae
2730 2560 2933 2617 unitate
2981 2562 3277 2630 discordat,
3310 2562 3503 2634 proxi-

1904 2660 2053 2699 mum
2084 2660 2194 2701 non
2223 2654 2388 2702 amat.
3365 2655 3367 2658 ⁴

2509 2805 2735 2862 CAPUT
2778 2807 2893 2862 VII.

1974 2944 2146 3001 Vens.
2178 2950 2232 3004 2.
2266 2976 2336 2987 -
2365 2948 2465 3005 Sta
2511 2950 2575 3004 in
2620 2953 2781 3022 porta
2857 2949 3053 3007 domus
3099 2953 3344 3019 Domini,
3396 2961 3501 3010 etc.

1904 3034 2119 3104 (Ηιειι.)
2152 3036 2256 3090 Per
2302 3051 2464 3107 quam
2511 3037 2798 3093 multitudo
2845 3040 3030 3109 pepuli
3076 3040 3148 3095 ad
3195 3041 3505 3114 rogandum

1904 3122 2194 3178 Dominum
2222 3124 2543 3196 ingreditur,
2577 3135 2703 3194 etc.,
2737 3144 2909 3200 usque
2948 3129 3020 3184 ad
3049 3137 3103 3184 et
3128 3146 3227 3200 per
3255 3131 3503 3187 occasio-

1910 3229 2035 3268 nem
2084 3220 2137 3268 et
2173 3212 2545 3270 celebritatem
2593 3216 2699 3272 loci
2746 3216 2937 3273 audire
2974 3227 3244 3292 coguntur
3278 3220 3507 3276 verbum

1907 3302 2142 3358 Domini.

1976 3392 2149 3447 Vnus.
2183 3392 2236 3447 4.
2271 3423 2340 3433 -
2377 3395 2665 3466 Templum
2710 3396 2956 3453 Domini.
3007 3395 3139 3469 (11).)
3187 3397 3369 3454 Potest
3400 3399 3504 3456 hoc

1905 3480 2199 3535 convenire
2229 3480 2337 3536 illis
2367 3482 2689 3555 virginibus,
2724 3492 2850 3552 etc.,
2880 3502 3054 3558 usque
3074 3486 3145 3542 ad
3164 3486 3220 3541 in
3239 3503 3345 3560 quo
3366 3486 3502 3544 fides

1904 3585 2055 3636 vera,
2105 3570 2449 3626 conversatio
2497 3580 2686 3628 sancta
2715 3582 2769 3629 et
2792 3574 3031 3629 omnium
3080 3575 3332 3632 virtutum
3361 3578 3498 3633 cho-

1902 3674 2015 3713 rus.

1972 3747 2142 3804 Vsus.
2168 3752 2219 3804 8.
2244 3779 2313 3789 —
2332 3751 2470 3806 Ecce
2488 3768 2581 3809 vos
2602 3752 2885 3821 conﬁditis
2906 3755 2969 3808 in
2991 3754 3156 3811 vobis.
3176 3755 3307 3826 (ῐυ.)
3327 3755 3498 3810 Frus-

1894 3843 1984 3890 tra
2039 3852 2133 3892 eos
2184 3838 2238 3892 in
2261 3840 2460 3910 templo
2510 3840 2714 3895 habere
2780 3840 3030 3898 ﬁduciam
3096 3844 3211 3899 haec
3274 3853 3499 3915 peccata

1897 3924 2293 3993 demonstrant,
2328 3935 2455 3993 etc.,
2481 3946 2654 4001 usque
2675 3930 2746 3985 ad
2767 3930 2895 3985 etin
2918 3938 3121 3986 tantam
3140 3941 3501 4005 prorumpunt

1895 4014 2208 4081 amentiam,
2241 4024 2298 4070 ut
2328 4016 2590 4073 liberatos
2630 4034 2689 4074 se
2712 4020 2938 4089 jactent,
2989 4021 3117 4093 quia
3144 4037 3177 4076 a
3206 4023 3354 4078 cultu
3398 4023 3505 4080 Dei

1895 4112 2257 4160 recesserunt.

1964 4191 2136 4247 Vnus.
2165 4196 2250 4248 11.
2272 4222 2345 4236 -—
2364 4196 2645 4268 Spelunca
2669 4198 2977 4265 latronum,
3005 4206 3109 4255 etc.
3144 4200 3275 4271 (10.)
3296 4201 3377 4256 De
3395 4202 3501 4259 hoc

1890 4279 2011 4337 loco
2043 4291 2314 4354 sumptum
2345 4292 2473 4354 puto
2504 4286 2648 4356 quod
2697 4286 2891 4341 dicitur
2919 4287 2975 4340 in
3004 4288 3330 4361 Evangelio,
3365 4298 3496 4358 etc.,

1893 4386 2068 4442 usque
2099 4373 2171 4427 ad
2201 4372 2343 4427 oculi
2372 4373 2480 4428 mei
2509 4375 2857 4445 contemplati
2887 4384 3011 4431 sunt
3039 4378 3183 4449 quod
3215 4394 3313 4434 vos
3342 4388 3498 4451 puta—

1901 4459 1970 4514 tis
1999 4460 2286 4517 occultum.

1964 4549 2136 4604 Vsus.
2172 4553 2257 4607 12.
2284 4581 2353 4591 —
2373 4552 2454 4607 Ite
2474 4552 2546 4607 ad
2579 4553 2762 4609 locum
2780 4570 2972 4611 meum
2992 4557 3055 4611 in
3076 4556 3209 4622 Silo,
3235 4564 3338 4613 etc.
3364 4557 3495 4631 (10.)

1894 4639 1997 4695 Ubi
2028 4639 2237 4695 scilicet
2265 4640 2363 4696 fuit
2390 4641 2626 4712 primum
2654 4642 3064 4699 tabernaculum
3112 4661 3314 4714 meum,
3365 4655 3494 4715 etc.,

1887 4745 2060 4801 usque
2081 4729 2153 4784 ad
2175 4730 2312 4785 Cum
2334 4733 2551 4787 venerit
2572 4733 2750 4788 Filius
2775 4733 3023 4790 hominis
3038 4738 3211 4807 putas
3232 4737 3489 4793 inveniet

1890 4818 2059 4887 ﬁdem
2089 4836 2259 4893 super
2287 4824 2503 4876 terram
2558 4821 2715 4890 (Luc.
2749 4823 2936 4893 xvm).

1964 4908 2134 4963 Vnus.
2172 4912 2257 4963 13.
2289 4940 2358 4949 —
2390 4910 2471 4964 Ad
2502 4926 2592 4967 vos
2621 4926 2790 4966 mane
2819 4928 3184 4984 consurgens,
3221 4921 3324 4970 etc.
3361 4914 3493 4986 (11).)

1888 4997 2012 5052 Non
2042 4998 2185 5069 quod
2210 4997 2259 5052 ei
2290 5006 2502 5069 tempus
2530 4999 2737 5071 absque
2765 4999 3001 5056 diluculo
3032 5002 3119 5069 sit,
3155 5010 3281 5070 etc.,
3315 5020 3492 5077 usque

1888 5086 1960 5153 ad
1988 5083 2083 5139 filii
2112 5086 2247 5141 lucis
2280 5086 2531 5142 dicuntur
2564 5095 2616 5144 et
2645 5104 2755 5143 non
2784 5089 2958 5144 noctis
3006 5106 3185 5163 neque
3232 5091 3491 5146 tenebra-

1888 5190 2027 5239 rum,
2056 5191 2159 5231 nec
2191 5175 2542 5245 dormientes,
2578 5177 2669 5250 qui
2700 5177 2906 5233 scilicet
2936 5181 3194 5236 mandata
3225 5179 3325 5236 Dei
3354 5195 3491 5237 con-

1887 5272 2128 5320 servant.

1955 5354 2127 5408 Vnus.
2152 5355 2243 5421 14.
2267 5383 2337 5393 -
2367 5355 2525 5411 Sicut
2557 5357 2669 5427 feci
2699 5357 2835 5414 Silo.
2869 5358 3055 5427 Adjeci
3086 5357 3218 5423 Silo,
3253 5357 3502 5427 abjectu-

1885 5459 1977 5497 rus
2007 5451 2060 5497 et
2090 5442 2351 5513 templum
2387 5460 2400 5496 :
2434 5444 2606 5513 abjeci
2639 5445 2828 5500 decem
2876 5446 3068 5512 tribus,
3102 5446 3413 5517 abjecturus
3446 5455 3501 5503 et

1884 5531 2021 5586 duas
2050 5531 2241 5586 tribus.
2279 5530 2553 5604 Quidquid
2588 5534 2665 5587 illi
2686 5534 2887 5606 p0pulo
2918 5534 3178 5603 minatur,
3215 5536 3503 5591 timeamus

1885 5629 1937 5676 et
1965 5620 2142 5688 nobis,
2176 5637 2245 5677 ne
2275 5621 2473 5678 similia
2504 5621 2787 5679 faciamus.

1954 5711 2125 5767 Vnus.
2159 5712 2246 5766 16.
2270 5742 2339 5753 —
2364 5714 2442 5769 Tu
2470 5729 2599 5785 ergo
2626 5714 2764 5778 noli,
2801 5720 2903 5769 etc.
2939 5713 3154 5787 (Ηιειι.)
3183 5714 3266 5770 Ne
3295 5713 3486 5771 videa-
