4000 6182
345 236 413 292 21
1202 226 1473 286 GLOSSA
1512 227 1925 285 ORDINARIA.
1966 258 2035 268 —
2072 226 2469 284 PROPHETIA
2505 227 2840 285 JEREMIE.
3582 235 3665 319 .22

344 366 436 413 “1r
463 357 741 429 Propheta
769 369 979 429 rogans
1009 369 1120 410 non
1148 352 1444 425 impetrare
1494 353 1642 425 (ἰυοά
1690 352 1950 442 Postulat:
1974 352 2031 415 Α
2061 378 2307 442 tempore
2327 369 2647 438 Salvatoris,
2663 387 2855 428 omnes
2875 372 3325 440 declinaverunt,
3349 375 3525 431 simul
3544 376 3672 433 inu-

346 446 599 519 praecipit
631 445 919 511 Dominus,
953 452 1082 509 etc.,
1110 458 1283 516 usque
1313 443 1386 498 ad
1444 443 1562 498 haec
1602 441 1954 513 impaeniten-

351 536 450 601 tia,
482 536 600 590 haec
630 533 997 605 blasphemia,
1033 532 1120 588 vel
1150 532 1380 587 verbum
1411 531 1466 585 in
1496 530 1757 602 Spiritum
1789 545 1954 586 sanc-

348 632 469 680 tum
498 623 882 679 remissionem
913 637 1022 676 non
1051 621 1217 675 habet
1246 620 1302 675 in
1331 629 1613 675 aeternum.

428 714 599 768 Vens.
636 714 722 768 17.
756 741 827 751 —
858 712 1054 767 Nonne
1086 710 1257 766 vides.
1290 710 1373 764 Ne
1402 716 1655 781 putemus
1677 707 1957 764 crudelem

349 802 567 857 Deum:
601 801 695 873 qui
750 816 854 856 nec
910 799 1099 872 rogari
1155 798 1394 869 patiatur
1420 840 1433 863 ,
1497 811 1723 853 causam
1778 796 1958 852 reddit

352 907 526 964 quare
555 906 667 946 non
695 889 900 955 audiat,
936 889 1129 945 Nonne
1160 887 1309 944 vides
1335 891 1358 943 ?

426 999 594 1052 Vens.
626 1000 717 1054 20.
740 1026 810 1036 —
833 996 1144 1064 Con/tatur.
1168 993 1369 1065 (Hier.)
1393 991 1563 1062 Quasi
1583 992 1764 1048 dicat:
1801 991 1959 1060 Quod

350 1087 448 1142 diu
477 1086 663 1143 facere
694 1084 863 1151 nolui,
898 1092 1209 1140 vestrorum
1228 1089 1583 1153 peccatorum
1615 1080 1959 1136 multitudine

350 1174 540 1231 facere
570 1174 873 1244 compellor
894 1190 1061 1244 super
1092 1172 1240 1227 viros
1269 1178 1323 1225 et
1344 1188 1510 1242 super
1523 1171 1784 1240 jumenta.
1823 1171 1959 1224 Cum

353 1264 613 1320 irascitur
642 1265 809 1329 Deus,
846 1262 1013 1317 etiam
1039 1260 1309 1326 homines,
1361 1269 1414 1315 et
1462 1276 1583 1332 qua:
1629 1268 1755 1315 sunt
1786 1259 1960 1315 homi-

355 1355 464 1419 nis,
497 1352 733 1407 similem
762 1351 1109 1406 severitatem
1141 1348 1400 1405 sentiunt.

432 1444 601 1497 Vens.
632 1445 722 1498 22.
756 1471 824 1480 —
858 1440 1001 1507 Quia
1030 1457 1144 1496 non
1174 1456 1302 1494 sum
1334 1440 1576 1495 locutus.
1623 1437 1755 1509 (10.)
1788 1436 1960 1492 Mani-

352 1533 493 1588 feste
523 1529 779 1595 ostendit,
805 1529 935 1600 quia
956 1528 1191 1599 primum
1212 1527 1539 1601 decalogum
1568 1526 1801 1593 dederit,
1828 1535 1955 1593 etc.,

351 1636 528 1693 usque
558 1620 632 1675 ad
678 1617 994 1674 necessaria
1040 1633 1176 1689 ergo
1234 1616 1331 1671 fuit
1380 1615 1562 1689 gratia
1617 1614 1957 1688 evangelica,

2057 461 2186 515 tiles
2215 461 2360 531 facti
2390 463 2668 525 sunt,non
2690 464 2774 515 est
2795 462 2892 533 qui
2910 463 3091 531 faciat
3121 463 3326 518 bonum
3355 463 3666 535 (Psal.xn).

2057 548 2211 603 Unde
2242 548 2358 619 ipse
2393 564 2405 601 :
2440 549 2670 604 Salvum
2698 565 2788 604 me
2816 554 2929 620 lae,
2967 551 3220 616 Domine,
3267 554 3537 624 quoniam
3566 552 3667 610 de-

2056 639 2195 709 fecit
2224 640 2459 692 sanctus
2489 637 2648 709 (Ibid.
2683 638 2788 707 x1).
2826 638 2927 693 Ubi
2959 647 3083 692 sunt
3103 655 3239 712 ergo
3270 639 3364 712 qui
3397 640 3584 698 dicunt
3612 640 3669 697 in

2058 734 2249 781 nostra
2278 726 2515 798 positum
2544 735 2814 798 potestate
2848 727 2995 783 omni
3026 736 3255 798 peccato
3286 744 3478 785 carere
3499 731 3527 786 ?

2131 833 2282 901 Vens
2313 835 2365 888 7.
2402 864 2471 872 -
2501 834 2698 889 Milvus
2745 836 2808 889 in
2858 835 3011 891 caelo.
3064 835 3195 906 (10.)
3256 834 3423 905 Quasi
3472 835 3665 892 dicat:

2059 922 2240 976 Etiam
2271 938 2403 976 aves
2424 938 2524 976 sua
2552 932 2753 977 norunt
2782 931 3051 993 tempora,
3077 932 3134 977 ut
3156 924 3328 979 sciant
3348 926 3568 997 quando
3598 926 3669 982 ad

2062 1011 2240 1067 calida
2287 1010 2605 1065 festinantes
2665 1011 2787 1067 loca
2831 1012 3073 1084 rigorem
3120 1014 3332 1084 byemis
3390 1014 3669 1072 declinare

2062 1101 2316 1168 debeant,
2343 1108 2395 1154 et
2417 1101 2562 1155 veris
2584 1100 2850 1172 principio
2882 1101 2953 1156 ad
2974 1101 3163 1157 solitas
3184 1103 3365 1158 redire
3386 1103 3664 1176 regiones.

2136 1190 2306 1244 Vens.
2364 1192 2449 1244 10.
2494 1221 2563 1229 —
2601 1192 2908 1262 Propterea
2965 1190 3123 1245 daba.
3160 1191 3291 1262 (11).)
3323 1192 3671 1263 Receperunt

2062 1279 2377 1334 mercedem
2408 1293 2584 1345 suam,
2619 1286 2671 1333 et
2694 1279 2785 1351 qui
2816 1278 3044 1333 verbum
3077 1279 3293 1334 Domini
3322 1280 3659 1350 abjecerunt,

2062 1367 2166 1438 ipsi
2198 1367 2397 1436 abjecti
2427 1375 2571 1422 sunt.

2137 1457 2305 1511 Vens.
2360 1460 2444 1511 11.
2496 1487 2564 1496 —
2616 1457 2681 1511 Et
2738 1457 3021 1512 sanabant
3080 1459 3506 1514 contritionem.
3530 1458 3663 1531 (10.)

2064 1545 2234 1615 Quasi
2262 1546 2407 1601 dicat
2432 1563 2445 1599 :
2488 1545 2620 1600 Boni
2661 1545 2861 1601 medici
2886 1546 3068 1601 aliena
3101 1546 3331 1602 vulnera
3362 1547 3546 1601 verbis
3576 1563 3665 1603 sa-

2062 1651 2196 1689 nare
2257 1634 2576 1705 cupiebant',
2646 1642 2774 1701 etc.,
2837 1652 3010 1707 usque
3071 1635 3143 1690 ad
3199 1644 3252 1689 et
3308 1635 3667 1708 ignominiam

352 1724 478 1781 quae
507 1724 605 1762 eos
645 1723 755 1762 non
782 1706 981 1761 merito
1013 1721 1131 1772 suo,
1166 1705 1264 1760 sed
1295 1703 1395 1759 Dei
1424 1703 1808 1759 misericordia
1837 1720 1962 1758 con—
1989 1714 2043 1773 Β
2064 1739 2255 1779 eorum
2286 1703 2379 1795 qm
2408 1711 2684 1793 ἀροίρῖυηι
2714 1703 2979 1788 diceme‘s,
3011 1739 3138 1794 pax,
3172 1740 3298 1794 pax,
3332 1703 3440 1779 ξιο,

350 1805 625 1853 servaret.

429 1905 599 1959 Vens.
630 1904 720 1958 27.
752 1932 823 1942 —
852 1903 924 1956 Et
955 1902 1196 1974 loqueris
1244 1899 1317 1955 ad
1366 1914 1481 1955 eos.
1534 1899 1665 1969 ([D.)
1694 1898 1777 1953 Ne
1806 1897 1959 1953 dubi-

350 1993 478 2049 tetis
507 1992 771 2047 indurare
802 1990 1068 2057 cervices,
1101 1998 1231 2055 etc.,
1254 2004 1428 2061 usque
1458 1989 1530 2043 ad
1567 2003 1713 2044 nunc
1763 1987 1957 2042 saltem

350 2082 582 2154 loquere
604 2081 684 2135 eis
715 2079 902 2135 verbis
932 2078 1092 2134 meis.

428 2171 599 2225 Vens.
633 2174 723 2227 28.
755 2199 826 2208 —
857 2170 981 2223 Haec
1010 2172 1095 2223 est
1123 2183 1278 2239 gens.
1312 2168 1428 2223 Hoc
1458 2167 1514 2221 in
1544 2175 1792 2236 tempore
1821 2179 1955 2235 pro-

346 2261 642 2332 phetarum
692 2257 895 2313 factum
952 2264 1053 2323 est,
1085 2264 1138 2311 et
1194 2257 1251 2311 in
1300 2257 1495 2311 umbra
1542 2254 1843 2327 praecessit.
1896 2255 1957 2307 1n

345 2349 571 2404 Christo
601 2346 762 2418 plene
792 2346 1121 2416 completum
1152 2353 1254 2411 est,
1286 2346 1442 2414 cujus
1480 2343 1827 2414 disciplinam
1865 2358 1958 2397 no-

341 2437 569 2492 luerunt
599 2436 812 2500 audire,
847 2434 992 2488 unde
1014 2434 1297 2506 eleganter
1317 2433 1582 2489 infertur:
1619 2418 1799 2487 Periit
1818 2431 1954 2501 ﬁdes

345 2531 406 2582 et
436 2526 631 2581 ablata
660 2528 766 2579 est.
800 2521 935 2591 Quae
967 2522 1187 2593 pr0prie
1217 2522 1649 2577 Christianorum
1681 2528 1782 2575 est.

421 2615 594 2669 Vens.
627 2618 717 2669 29.
751 2642 822 2652 —
856 2613 1036 2668 Tonde
1065 2613 1362 2684 capillum.
1397 2611 1555 2681 Apud
1584 2618 1801 2665 veteres
1833 2624 1959 2664 con-

350 2703 587 2758 suetudo
619 2701 718 2756 fuit
746 2701 1052 2774 lugentium
1100 2700 1329 2755 tondere
1376 2700 1680 2764 caesariem,
1732 2714 1876 2753 nunc
1926 2714 1956 2753 e

350 2800 549 2849 contra
578 2806 793 2847 comam
821 2790 1094 2845 dimittere
1116 2789 1296 2845 luctus
1326 2789 1585 2844 indicium
1617 2796 1719 2843 est.

420 2881 595 2935 Vnus.
627 2883 716 2935 31.
748 2910 819 2919 —
846 2881 1087 2935 Excelsa
1121 2879 1343 2950 Taphet.
1377 2877 1588 2949 (Hum)
1618 2877 1827 2949 TOphet
1854 2876 1960 2929 11e-

352 2969 563 3034 braice,
596 2968 825 3023 latitudo
854 2968 1061 3031 Latine,
1096 2966 1189 3037 qui
1210 2966 1363 3022 locus
1385 2976 1487 3033 est,
1523 2975 1650 3033 etc.,
1684 2981 1856 3039 usque
1886 2965 1957 3020 ad

2131 1812 2301 1867 Vens.
2339 1814 2422 1867 12.
2457 1842 2525 1851 —
2558 1812 2767 1869 Idcirco
2798 1812 3027 1867 cadent.
3061 1812 3192 1883 (10.)
3228 1813 3294 1868 Ut
3328 1828 3562 1884 quorum
3593 1812 3670 1869 di-

2059 1901 2241 1974 gnitas
2270 1900 2592 1966 excellebat,
2628 1901 2791 1955 etiam
2837 1900 3008 1956 ruinae
3056 1902 3243 1973 populi
3300 1902 3656 1971 misceantur,

2059 1990 2187 2062 quia
2218 1990 2425 2045 scilicet
2455 2008 2489 2046 a
2519 1992 2757 2046 minimo
2779 2007 2960 2063 usque
3008 1991 3080 2046 ad
3127 1993 3451 2048 maximum
3470 2008 3664 2049 omnes

2060 2060 2319 2134 avaritia:
2338 2079 2571 2134 student
2602 2080 2736 2149 (Jer.
2772 2060 2873 2149 vi).

2132 2169 2301 2223 Vens.
2339 2171 2424 2222 13.
2458 2198 2528 2206 —
2549 2169 2665 2223 Non
2696 2172 2783 2224 est
2802 2186 2927 2235 uva,
2964 2177 3067 2224 etc.
3103 2167 3272 2237 Quasi
3301 2169 3448 2225 dicat
3480 2186 3493 2223 :
3527 2169 3664 2226 Cum

2059 2265 2310 2327 tempora
2341 2265 2690 2327 praetereant,
2726 2265 2778 2311 et
2815 2257 2988 2312 aestati
3039 2258 3298 2314 succedat
3345 2266 3657 2327 autumnus,

2058 2354 2111 2400 et
2142 2347 2338 2416 hyeme
2370 2345 2631 2399 arborum
2680 2346 2878 2401 cadant
2911 2345 3078 2401 folia:
3129 2347 3198 2401 de
3246 2346 3412 2420 longe
3462 2356 3659 2404 cuncta

2057 2434 2313 2490 videbitis
2344 2449 2447 2489 nec
2477 2451 2541 2487 ex
2573 2434 2652 2488 eis
2682 2434 2863 2489 cibum
2897 2436 3143 2505 capietis.

2132 2524 2300 2579 Vens.
2338 2525 2425 2577 14.
2458 2553 2528 2562 -
2559 2523 2741 2589 Quare
2771 2524 3047 2578 sedemus.
3084 2525 3200 2579 Vox
3232 2524 3419 2594 populi
3451 2523 3657 2581 induci-

2060 2620 2148 2667 tur
2177 2611 2578 2682 respondentis,
2602 2619 2656 2665 et
2677 2610 2806 2666 vitia
2827 2628 2927 2666 sua
2957 2610 3285 2677 confitentis,
3311 2620 3364 2667 et
3394 2629 3517 2668 sese
3538 2630 3659 2668 mu—
3708 2624 3715 2625 ί

2060 2710 2153 2756 tuo
2184 2700 2541 2757 cohortantis.
2580 2700 2881 2756 Conuenite
2927 2706 2983 2756 et
3014 2701 3403 2773 ingrediamur
3448 2703 3655 2759 civita-

2062 2795 2176 2845 tem
2206 2792 2513 2845 munitam.
2538 2789 2636 2845 Vel
2666 2805 2830 2844 unam
2859 2790 3136 2845 civitatem
3161 2790 3468 2847 Jerusalem
3502 2809 3516 2846 :
3543 2792 3659 2861 jam

2061 2880 2207 2935 enim
2236 2879 2357 2934 alia:
2387 2887 2561 2950 captae
2592 2877 2825 2935 fuerant.

2133 2986 2303 3040 Vens.
2339 2988 2426 3040 16.
2456 2986 2569 3039 —A
2602 2988 2727 3041 Dan
2747 2985 2978 3041 auditus
3007 2990 3111 3041 est.
3147 2985 3250 3041 Ubi
3276 2986 3535 3042 Jordanis
3563 2986 3659 3041 ﬂu-

350 3075 533 3130 ηθίῐυθ
583 3057 726 3111 enim
774 3056 819 3111 εί
878 3056 1031 3111 canis
1086 3064 1177 3111 θυι
1236 3055 1422 3110 “inus
1469 3064 1562 3111 ⁸1η
1618 3054 1956 3109 immundum
1979 3079 2028 3142 C
2056 3074 2178 3131 vius
2206 3075 2381 3130 oritur
2412 3092 2426 3128 :
2458 3074 2970 3130 Nabuchodonosor
2998 3074 3330 3132 describitur
3357 3076 3527 3131 aDan
3555 3091 3656 3132 ve-

351 3147 502 3220 quod
532 3146 663 3201 libet
695 3144 897 3200 animal
925 3144 1162 3216 primum
1193 3144 1527 3201 occurrisset
1581 3144 1822 3209 domino,
1882 3141 1959 3198 of-

351 3236 497 3292 ferre
526 3234 828 3290 debuisset.

422 3342 598 3398 Vens.
632 3346 721 3397 32.
744 3372 814 3381 —
840 3343 980 3398 Ecce
1012 3341 1128 3397 dies
1150 3342 1400 3397 venient.
1426 3340 1557 3413 (10.)
1578 3338 1809 3409 Quando
1860 3356 1946 3393 re-

350 3432 518 3489 cessit
548 3447 584 3486 a
630 3430 891 3486 ﬁdelitate
924 3430 1138 3486 Domini
1170 3430 1274 3496 sui,
1308 3438 1436 3485 tunc
1466 3429 1687 3500 incoepit
1715 3428 1949 3483 obsidio.

348 3522 461 3577 Sed
490 3536 617 3577 cum
649 3536 747 3574 rex
768 3520 984 3593 Egypti
1016 3519 1226 3575 veniret
1248 3527 1300 3573 et
1330 3518 1592 3573 liberaret
1620 3517 1947 3582 Jerusalem,

349 3609 868 3666 Nabuchodonosor
896 3608 1049 3662 illum
1080 3606 1309 3681 fugavit.
1344 3608 1541 3662 Postea
1586 3604 1953 3661 Nabuzardan

351 3698 570 3753 obsedit
599 3714 743 3764 eam,
777 3706 829 3752 et
859 3697 1021 3768 cepit,
1071 3705 1124 3752 et
1153 3696 1305 3752 duxit
1336 3696 1622 3752 Sedeciam
1670 3695 1726 3749 in
1772 3694 1956 3749 Antio-

351 3786 556 3853 chiam,
588 3794 641 3841 et
663 3786 737 3841 ibi
767 3786 1018 3843 orbatus.

424 3876 598 3931 Vens.
623 3877 712 3929 34.
746 3906 814 3914 -
835 3876 905 3930 Et
925 3877 1207 3948 quiescere
1226 3876 1460 3947 faciam.
1494 3873 1629 3929 Cum
1659 3872 1814 3928 locus
1843 3872 1955 3929 ido-

348 3963 583 4018 lolatriae
610 3980 806 4019 versus
853 3962 1015 4017 fuerit
1046 3963 1101 4017 in
1132 3963 1409 4034 sepulcra,
1443 3970 1501 4016 ut
1532 3962 1627 4017 ubi
1659 3963 1834 4035 Deum
1864 3961 1952 4017 of-

349 4051 662 4120 fenderant,
696 4051 770 4107 ibi
801 4052 1074 4108 cadavera
1122 4068 1314 4107 eorum
1351 4052 1631 4106 inhumata
1680 4051 1965 4121 jacerent.‘

956 4211 1181 4267 CAPUT
1212 4212 1353 4267 VIII.

427 4356 598 4411 Vens.
624 4358 675 4410 1.
706 4384 778 4395 —
806 4355 871 4410 In
904 4359 1151 4428 tempore
1190 4357 1309 4420 illo,
1354 4363 1459 4410 etc.
1511 4354 1725 4427 (Hum)
1757 4353 1955 4410 Omnia

350 4460 478 4517 qua:
505 4443 845 4515 pmpbetalis
876 4460 1058 4499 sermo
1086 4443 1367 4509 describit,
1401 4452 1528 4509 etc.,
1561 4460 1706 4517 uque
1735 4444 1807 4499 ad
1865 4459 1956 4497 au-
1974 4449 2027 4510 D

350 4550 478 4589 rum
506 4542 562 4588 et
587 4541 883 4606 argentum
912 4549 1034 4605 quae
1063 4533 1119 4587 in
1139 4532 1406 4603 sepulcris
1434 4548 1589 4588 more
1610 4532 1833 4603 antiquo
1864 4548 1955 4602 po-

350 4622 648 4678 nebantur.

426 4728 598 4784 Vens.
630 4730 683 4784 4.
717 4758 787 4768 -
815 4729 885 4784 Et
913 4728 1081 4785 dices.
1115 4729 1243 4784 Post
1270 4736 1418 4783 tanta
1465 4727 1611 4783 mala
1657 4727 1727 4783 ad
1773 4727 1953 4798 poeni-

350 4818 581 4875 tentiam
609 4826 875 4889 provocat
906 4833 1002 4873 eos
1030 4817 1122 4890 qui
1152 4825 1553 4873 remanserunt.
1589 4816 1733 4882 Sive,
1783 4815 1958 4887 prius-

351 4922 520 4981 quam
549 4907 792 4973 veniant,
827 4922 948 4978 qua:
976 4906 1214 4961 minatus
1263 4914 1364 4972 est,
1417 4908 1667 4961 hortatur
1709 4905 1780 4959 ad
1824 4920 1953 4961 con-

352 4997 687 5063 versionem,
714 5004 766 5051 et
785 4995 1114 5067 poenitentiae
1142 4996 1326 5052 locum
1354 4994 1576 5051 indicat.
1610 4995 1849 5050 Aversus
1870 4999 1955 5050 est

354 5086 472 5141 sive
502 5087 732 5142 avertit.
765 5084 937 5154 Quasi
965 5085 1110 5141 dicat
1143 5102 1156 5139 :
1191 5085 1502 5141 Conversus
1532 5092 1711 5155 potest
1738 5082 1835 5138 ira:
1855 5083 1956 5138 Dei

354 5175 615 5247 precibus
644 5175 905 5230 resistere
935 5182 988 5229 et
1017 5182 1287 5230 avertere.

427 5278 597 5332 Vens.
632 5281 686 5332 5.
719 5307 789 5317 —
821 5277 1003 5345 Quare
1024 5293 1170 5349 ergo,
1195 5285 1300 5332 etc.
1354 5275 1555 5347 (Hier.)
1606 5274 1823 5344 Quanto
1857 5290 1954 5329 eos

354 5366 425 5422 ad
454 5366 829 5438 pmnitentiam
857 5366 1173 5437 provocavi,
1198 5373 1348 5421 tanto
1377 5364 1555 5438 magis
1584 5370 1952 5431 recesserunt,

352 5471 463 5511 non
493 5464 608 5511 tam
636 5455 819 5511 studio
850 5455 1133 5526 peccandi,
1169 5471 1331 5528 quam
1364 5470 1451 5509 me
1482 5452 1808 5525 superandi.

427 5545 597 5601 Vens.
623 5550 677 5601 6.
700 5577 771 5586 —
790 5546 961 5601 Nemo
981 5545 1121 5618 quod
1141 5546 1364 5610 bonum,
1389 5552 1493 5600 etc.
1518 5542 1650 5615 (10.)
1675 5543 1848 5599 Omne
1867 5558 1957 5615 ge-

366 5651 477 5692 nus
504 5637 802 5693 hominum
818 5650 1065 5707 pronum
1085 5639 1171 5692 est
1190 5635 1261 5691 ad
1280 5636 1501 5690 malum
1527 5633 1687 5705 (Gen.
1721 5632 1864 5704 vm).
1898 5633 1959 5688 1n

2052 3165 2210 3219 niens
2239 3181 2338 3235 per
2360 3164 2671 3219 Phcenicem
2702 3181 2824 3219 cum
2856 3164 3097 3220 exercitu
3138 3181 3259 3220 suo.

2127 3254 2293 3308 Vens.
2328 3255 2414 3307 17.
2449 3253 2758 3309 —Mittam
2788 3254 2934 3309 vobis
2964 3258 3273 3326 serpentes.
3307 3254 3439 3325 (10.)
3470 3256 3539 3311 Ut
3566 3254 3655 3310 in-

2053 3341 2374 3397 sanabiliter
2394 3341 2701 3412 percutiant
2730 3358 2848 3409 vos,
2882 3350 3011 3409 etc.,
3062 3359 3235 3416 usque
3280 3343 3354 3399 ad
3408 3343 3501 3415 qui
3548 3344 3656 3401 elo-

2055 3430 2183 3501 quia
2213 3430 2429 3485 Domini
2458 3438 2813 3486 contemnunt
2855 3432 3145 3487 traduntur
3190 3432 3524 3489 adversariis
3554 3448 3652 3504 po-

2054 3519 2364 3575 testatibus.

2123 3606 2295 3663 Vens.
2334 3612 2419 3664 18.
2454 3640 2523 3648 —
2551 3610 2718 3665 Dolor
2744 3626 2903 3666 meus
2933 3610 3065 3681 (11).)
3114 3611 3195 3666 Ex
3244 3626 3485 3682 persona
3529 3611 3647 3666 Do-

2051 3697 2184 3751 mini
2214 3698 2331 3753 hzec
2360 3698 2614 3768 legenda,
2651 3699 2995 3754 eversionem
3037 3700 3345 3754 Jerusalem
3374 3699 3647 3771 plangen-

2051 3786 2139 3853 tis,
2176 3794 2228 3839 et
2258 3786 2374 3854 ejus
2404 3786 2684 3841 miseriam
2714 3802 2821 3841 non
2870 3786 3113 3841 ferentis.

2126 3875 2297 3929 Vens.
2344 3878 2429 3929 19.
2466 3906 2535 3914 —
2566 3877 2633 3929 Et
2684 3890 2807 3930 ecce
2858 3890 2984 3928 vox.
3040 3874 3313 3929 Describit
3360 3874 3547 3929 ﬂetum
3596 3884 3650 3932 et

2053 3962 2319 4017 ululatum
2351 3963 2502 4017 urbis
2534 3962 2800 4034 ingressis
2829 3962 3094 4017 hostibus.
3140 3962 3339 4018 Hostes
3369 3963 3650 4020 venientes

2053 4053 2121 4107 de
2151 4061 2300 4107 terra
2331 4052 2629 4123 longinqua
2658 4051 2895 4107 clamant
2925 4060 3116 4108 contra
3145 4051 3423 4108 civitatem
3468 4053 3555 4109 vel
3576 4053 3652 4110 ci-

2054 4158 2150 4196 ves
2193 4149 2385 4197 contra
2416 4141 2617 4195 hostes.

2128 4231 2296 4283 Vens.
2358 4232 2447 4286 20.
2480 4260 2550 4269 -—
2586 4231 2835 4285 Transiit
2862 4232 3081 4285 messis.
3134 4230 3315 4286 Verba
3362 4230 3549 4302 populi
3593 4230 3651 4287 in

2053 4318 2360 4372 Jerusalem
2389 4318 2556 4389 longa
2584 4318 2871 4374 obsidione
2929 4319 3193 4385 conclusi,
3255 4319 3383 4391 quia
3438 4328 3646 4377 mutata

2057 4414 2183 4461 sunt
2214 4415 2480 4478 tempora,
2515 4408 2644 4462 anni
2675 4408 2914 4464 circulus
2963 4408 3261 4465 revolutus.
3296 4408 3434 4479 Spes
3462 4417 3645 4465 autem

2056 4504 2247 4551 nostra
2274 4496 2448 4551 irrita.

2127 4585 2298 4640 Vens.
2331 4589 2420 4642 21.
2446 4615 2515 4626 —
2543 4586 2723 4658 Super
2767 4587 3128 4642 contritione.
3163 4584 3380 4640 Domini
3410 4601 3647 4657 respon-

2054 4673 2154 4742 sio,
2188 4674 2281 4745 qui
2309 4674 2364 4728 in
2392 4673 2681 4730 afﬂictione
2699 4674 3007 4729 Jerusalem
3036 4674 3251 4730 videtur
3279 4674 3533 4733 afflictus.

2671 4834 2896 4890 CAPUT
2927 4834 3023 4889 1X.

2127 4993 2297 5048 Vens.
2344 4997 2394 5047 1.
2444 5024 2514 5033 —
2564 4993 2696 5061 Quis
2727 4995 2899 5050 dabit.
2933 4994 3145 5066 (Hum)
3191 4994 3307 5052 Rex
3336 4996 3645 5053 Jerusalem

2056 5081 2285 5136 obsessa
2314 5081 2529 5137 civitate
2560 5082 2629 5136 ab
2650 5083 2917 5152 hostibus,
2952 5092 3079 5152 etc.,
3114 5102 3287 5158 usque
3317 5086 3389 5141 ad
3416 5087 3522 5142 hoc
3551 5102 3649 5141 au-

2055 5178 2165 5225 tem
2196 5178 2305 5225 tam
2362 5188 2426 5226 ex
2475 5187 2713 5242 persona
2760 5172 2996 5241 Domini,
3060 5190 3223 5245 quam
3290 5191 3355 5230 cx
3405 5191 3647 5247 persona

2055 5262 2336 5331 propbctm
2373 5260 2601 5333 intelligi
2630 5270 2827 5332 potest.

2128 5368 2299 5423 Vens.
2332 5371 2385 5425 2.
2408 5400 2477 5408 —
2504 5370 2635 5438 Quis
2664 5369 2817 5426 dabit
2845 5386 2953 5437 me,
2987 5378 3093 5428 etc.
3128 5370 3297 5440 Quasi
3328 5372 3475 5429 dicat
3500 5390 3513 5427 :
3536 5373 3646 5428 Me-

2056 5455 2162 5511 lius
2193 5465 2277 5513 est
2330 5457 2577 5513 habitare
2623 5458 2678 5512 in
2728 5459 3037 5527 solitudine,
3098 5477 3263 5532 quam
3311 5462 3453 5517 inter
3499 5468 3649 5516 tanta

2059 5546 2271 5602 scelera
2300 5548 2581 5603 hominum
2611 5550 2961 5605 commorari.
3016 5549 3172 5606 Unde
3203 5549 3258 5604 in
3296 5548 3597 5621 Evangelio
3629 5567 3644 5604 :

2058 5652 2339 5712 usquequo
2390 5638 2677 5695 sustinebo
2722 5642 2861 5696 vos?
2907 5638 3099 5709 (Matii.
3146 5639 3418 5707 xvn.)'Et
3465 5633 3640 5693 alibi:
