4028 6178
341 150 411 207 23
857 144 1264 206 WALAFBIDI
1301 146 1546 205 STRABI
1582 147 1781 205 FULD.
1823 146 1994 204 MON.
2039 145 2192 203 OPP.
2232 147 2410 229 PARS
2447 148 2489 204 Ι.
2531 178 2600 190 —
2637 146 3108 207 THEOLOGICA.
3555 152 3625 211 24

345 251 455 340 Qui
482 272 761 345 intelligit
795 272 1022 338 sedebit,
1047 275 1315 345 quoniam
1362 278 1583 349 tempus
1627 274 1941 345 pessimum
1968 274 2023 336 A
2044 280 2098 329 et
2126 273 2365 328 virorum
2394 274 2636 329 omnium
2660 292 2675 349 :7
2706 282 2765 329 ut
2791 274 2899 329 illis
2928 290 2961 331 a
2989 274 3241 332 doctrina
3270 274 3633 345 cessantibus,

349 365 436 417 est
463 361 692 433 (Thren.
736 376 835 428 m;
867 361 1029 417 Mich.
1065 361 1147 432 ιι).

416 468 587 523 Vnus.
621 470 673 522 3.
710 497 778 509 -—
808 467 949 535 Quia
977 468 1044 523 de
1072 469 1241 537 malo,
1274 474 1378 524 etc.
1413 466 1632 538 (Hum)
1665 467 1744 521 De
1794 467 1940 523 malo

345 557 403 612 in
429 555 635 612 malum
664 563 949 611 transeunt
976 564 1316 628 peccatores,
1369 563 1498 624 etc.,
1549 571 1723 629 usque
1769 555 1841 612 ad
1888 564 1942 612 et

347 644 536 717 lingua
564 645 893 700 amantium
924 645 980 698 in
1010 644 1427 715 blasphemiam.

419 752 589 806 Vnus.
624 753 675 806 4.
709 782 778 792 -
814 753 1215 824 Unusquisque,
1276 759 1381 806 etc.
1417 750 1648 823 (GREG.)
1698 751 1942 806 Callidus

348 839 522 895 hostis
541 855 665 895 cum
695 855 728 894 a
758 841 1026 894 bonorum
1046 839 1305 895 cordibus
1325 839 1521 910 expelli
1550 857 1610 894 se
1651 840 1937 911 conspicit,

347 943 444 983 eos
474 928 567 999 qui
604 930 673 982 ab
728 928 835 981 illis
891 927 1051 983 valde
1097 927 1397 1000 diliguntur
1446 928 1698 999 exquirit,
1742 936 1795 983 et
1841 946 1943 999 per

348 1031 540 1071 eorum
569 1016 740 1072 verba
769 1016 1056 1071 blandiens
1085 1016 1351 1087 loquitur,
1405 1016 1497 1087 qui
1554 1017 1675 1087 plus
1725 1018 1941 1072 caeteris

348 1112 620 1172 amantur,
656 1113 714 1160 ut
759 1105 889 1159 dum
938 1106 1021 1159 vis
1068 1105 1272 1160 amoris
1322 1121 1421 1162 cor
1466 1105 1728 1176 perforat,
1782 1105 1940 1161 facile

346 1192 722 1266 persuasionis
751 1193 967 1265 gladius
997 1194 1068 1248 ad
1106 1193 1309 1249 intimae
1368 1194 1706 1249 rectitudinis
1752 1194 1943 1249 intima

346 1281 635 1352 irrumpat.
666 1283 707 1337 A
740 1285 1001 1355 proximo
1030 1300 1149 1339 suo.
1183 1284 1391 1353 (lima).
1427 1282 1569 1351 Quia
1614 1287 1669 1338 et
1716 1284 1943 1339 inimici

352 1370 595 1429 hominis
624 1371 915 1428 domestici
944 1374 1065 1444 ejus
1097 1371 1279 1443 (Mich.
1314 1376 1414 1441 v1).
1449 1372 1702 1426 Fratrum
1723 1389 1942 1443 quoque

350 1459 529 1530 gratia
560 1474 705 1513 rara.
728 1461 799 1514 Et
821 1461 1007 1515 tradet
1022 1465 1189 1532 pater
1207 1462 1411 1529 ﬁlium,
1446 1466 1501 1518 et
1521 1462 1676 1530 ﬁlius
1692 1466 1937 1534 patrem.

349 1548 421 1602 Et
448 1548 555 1604 duo
583 1550 646 1603 in
678 1552 811 1613 tres,
837 1552 895 1605 et
925 1552 1038 1605 tres
1068 1551 1133 1604 in
1161 1549 1269 1607 duo
1298 1550 1624 1606 dividentur
1645 1551 1777 1622 (Luc
1808 1552 1931 1621 xu).

420 1654 591 1709 Vnus.
650 1657 701 1708 5.
754 1686 822 1695 —
875 1657 943 1715 Ut
995 1658 1187 1729 inique
1243 1661 1475 1728 agerent
1525 1635 2012 1735 laboraverunt.B

345 1741 582 1817 (Gutta)
612 1746 691 1799 Ac
733 1744 779 1798 si
837 1752 1025 1815 aperte
1084 1744 1407 1800 diceretur:
1476 1745 1581 1814 Qui
1611 1747 1771 1803 amici
1820 1763 1942 1801 esse

348 1832 592 1889 veritatis
623 1833 740 1888 sine
788 1833 978 1889 labore
1024 1842 1337 1904 potuerunt,
1388 1842 1444 1888 ut
1490 1843 1737 1905 peccent,
1788 1836 1944 1891 labo-

348 1930 473 1977 rant
505 1939 518 1975 :
551 1937 785 1993 cumque
814 1922 999 1977 vivere
1033 1922 1352 1993 simpliciter
1372 1932 1625 1993 renuunt,
1659 1924 1943 1979 laboribus

350 2010 575 2082 exigunt
604 2018 662 2065 ut
691 2011 1016 2065 moriantur.

420 2118 593 2173 Vnus.
626 2119 680 2172 7.
713 2148 782 2158 —
812 2119 880 2173 Et
898 2104 1133 2191 probabo
1154 2135 1243 2175 eos
1275 2119 1489 2188 (Ηιιςιι.)
1520 2120 1580 2173 1n
1610 2119 1834 2177 fornace
1856 2121 1945 2174 tri-

346 2205 661 2263 bulationis.
691 2209 829 2265 Vasa
846 2207 1007 2278 ﬁguli
1031 2208 1229 2280 probat
1238 2214 1472 2279 Iamnam.
1504 2209 1700 2280 (Eccli.
1734 2208 1941 2279 xxvu):

349 2303 409 2351 ut
437 2294 703 2369 quidquid
731 2295 788 2349 in
818 2296 974 2351 nobis
1006 2296 1327 2351 adulterina)
1356 2298 1602 2352 materiae
1639 2306 1740 2366 est,
1775 2313 1943 2354 exco-

351 2391 568 2456 quatur.
603 2386 906 2456 Argentum
938 2385 1084 2439 enim
1116 2385 1332 2441 Domini
1362 2389 1491 2458 igne
1520 2389 1940 2453 examinatum,

352 2474 653 2549 probatum
685 2477 869 2539 terrae,
900 2478 1209 2546 purgatum
1238 2477 1565 2548 septuplum
1612 2476 1787 2546 (Psal.
1842 2476 1940 2546 χι).

422 2581 594 2635 Vnus.
629 2583 680 2634 9.
715 2610 784 2621 -—
812 2581 1077 2653 Nunquid
1103 2598 1274 2654 super
1304 2582 1390 2637 his
1419 2581 1551 2652 (10.)
1582 2581 1737 2652 Sazpe
1767 2582 1945 2636 versi-

350 2668 536 2727 culum
563 2669 729 2723 istum
758 2669 972 2740 repetit,
1005 2677 1064 2723 ut
1092 2669 1251 2723 malis
1280 2685 1473 2724 eorum
1502 2671 1835 2725 enumeratis
1864 2671 1946 2724 in-

353 2755 493 2812 ferat
524 2772 584 2812 se
606 2758 753 2826 juste
783 2756 966 2813 facere
996 2758 1143 2828 quod
1174 2756 1321 2814 facit.

423 2863 594 2918 Vnus.
633 2866 719 2918 10.
771 2894 840 2904 —
894 2863 1074 2937 Super
1127 2869 1367 2920 montes.
1428 2864 1942 2938 (1n.)Tropologice.

351 2951 530 3023 Super
555 2960 771 3008 montes
799 2952 958 3008 ﬂetus
989 2953 1305 3019 assumitur,
1341 2963 1469 3022 etc.,
1533 2972 1705 3028 usque
1752 2956 1824 3011 ad
1854 2956 1947 3027 qui

349 3049 580 3112 possunt
625 3041 682 3096 in
729 3041 962 3097 sublime
992 3043 1295 3098 ascendere
1352 3059 1525 3114 usque
1555 3043 1626 3099 ad
1647 3044 1941 3115 simplices,

351 3139 703 3188 recesserunt
732 3146 766 3186 a
794 3132 931 3187 Deo.

426 3237 597 3293 Vnus.
625 3240 711 3291 11.
735 3267 805 3277 —
823 3239 894 3291 Et
910 3236 1046 3293 dabo
1069 3239 1404 3294 Jerusalem.
1440 3239 1572 3309 (10.)
1594 3239 1729 3295 Cum
1760 3241 1946 3296 eccle-

355 3325 562 3382 siastici
597 3325 854 3381 doctores
902 3324 1178 3395 deficiunt,
1231 3336 1358 3396 etc.,
1420 3344 1594 3401 usque
1626 3330 1698 3384 ad
1755 3338 1807 3384 et
1856 3329 1948 3400 qui

353 3414 502 3483 dicit,
528 3415 851 3471 Inhabitabo
881 3420 937 3470 et
964 3416 1324 3472 inambulabo
1354 3418 1418 3471 in
1446 3418 1526 3472 eis
1557 3416 1705 3485 (Lev.
1757 3418 1943 3489 xxvr).

388 3572 393 3575 ,
423 3522 594 3577 Vnus.
622 3523 707 3576 14.
740 3551 809 3562 -
832 3522 1021 3577 Cordis
1051 3524 1161 3578 sui.
1192 3523 1316 3577 Non
1345 3523 1400 3576 in
1430 3523 1597 3578 corde
1617 3532 1824 3592 nostro,
1850 3524 1947 3579 sed

354 3612 411 3666 in
440 3609 674 3667 Domino
706 3609 1092 3666 confidendum
1122 3619 1223 3666 est.
1259 3613 1495 3667 Pravum
1528 3620 1609 3666 est
1639 3628 1737 3669 cor
1765 3613 1947 3668 homi-

353 3699 459 3770 nis,
493 3699 564 3754 de
596 3714 705 3771 quo
734 3707 933 3754 exeunt
961 3715 1146 3769 pravae
1176 3700 1556 3774 cogitationes.

423 3807 593 3862 Vnus.
629 3808 716 3860 15.
751 3836 821 3846 —
848 3806 1059 3863 Idcirco
1106 3808 1221 3863 haec
1268 3808 1408 3864 dicit
1425 3810 1716 3866 Dominus.
1769 3809 1951 3864 Potest

354 3896 425 3952 de
454 3895 633 3951 vicino
676 3901 923 3966 tempore
968 3895 1305 3965 prophetari,
1369 3912 1477 3966 quo
1534 3897 1680 3966 capti
1738 3905 1863 3951 sunt
1918 3913 1952 3952 a

357 3984 628 4041 Chaldaeis
652 4001 667 4037 :
699 3991 752 4038 et
782 3983 1007 4053 proprie
1037 3983 1107 4037 de
1136 3984 1261 4051 hoc,
1298 3999 1406 4054 quo
1434 3984 1491 4037 in
1523 3984 1778 4040 omnibus
1807 4002 1948 4057 gen-

355 4072 501 4127 tibus
532 4079 656 4125 sunt
683 4070 921 4141 dispersi
951 4079 1005 4126 et
1035 4078 1147 4126 toto
1176 4071 1311 4126 orbe
1341 4071 1520 4127 divisi.

427 4178 583 4233 Vers.
612 4179 697 4231 16.
721 4206 791 4217 -
814 4176 1095 4232 Gladium.
1130 4176 1343 4248 (Ηιιςιι.)
1366 4177 1463 4232 Vel
1492 4178 1835 4234 materialem
1864 4180 1951 4235 vel

358 4265 717 4337 spiritualem,
752 4280 861 4336 quo
890 4264 1224 4334 dividuntur,
1257 4282 1327 4321 ne
1357 4266 1413 4320 in
1458 4267 1664 4322 malum
1711 4284 1949 4325 consen-

355 4353 509 4424 tiant,
543 4354 641 4410 sed
666 4354 725 4409 in
754 4370 839 4422 eo,
874 4353 1022 4425 quod
1049 4353 1179 4408 mali
1210 4362 1352 4424 sunt,
1395 4355 1730 4427 dispereant.

425 4461 718 4515 Vnas.17.
780 4490 850 4501 —
907 4461 977 4515 Et
1032 4464 1241 4516 vocate.
1285 4462 1489 4518 Vocate
1546 4463 1955 4520 lamentatrices

353 4557 581 4620 propter
610 4547 849 4604 futuram
881 4548 1268 4619 captivitatem,
1302 4558 1430 4620 etc.,
1489 4569 1662 4625 usque
1718 4553 1791 4609 ad
1816 4570 1952 4610 voce

352 4638 633 4695 modulata
660 4637 922 4708 p0pulum
951 4637 1333 4694 transfundam
1360 4640 1417 4693 in
1445 4639 1739 4712 lacrymas.

425 4728 597 4783 Vnus.
633 4730 720 4781 18.
754 4756 823 4766 -
856 4726 1015 4783 Oculi
1061 4731 1266 4784 nostri.
1312 4730 1609 4800 Propterea
1642 4748 1655 4784 :
1690 4730 1776 4785 vel
1835 4730 1953 4802 ipse

357 4817 507 4873 Deus
537 4814 783 4886 adjungit
812 4830 871 4870 se
903 4816 1283 4886 compatientis
1313 4816 1549 4887 effectui,
1585 4826 1643 4872 ut
1672 4819 1819 4890 quod
1847 4836 1953 4890 po-

354 4905 517 4977 pulus
547 4903 795 4973 sustinet,
829 4903 1101 4959 sustinere
1131 4912 1185 4960 et
1214 4906 1417 4962 sentire
1464 4907 1581 4977 ipse
1611 4906 1843 4963 dicatur.

426 5012 597 5067 Vnus.
652 5014 738 5065 19.
772 5040 841 5050 —
872 5009 1147 5078 Quomodo
1207 5014 1435 5067 vastati.
1486 5012 1682 5069 Dicant
1736 5016 1841 5070 hoc
1898 5015 1954 5068 in

352 5098 735 5173 persecutione
785 5099 1127 5155 credentium
1174 5099 1367 5168 turbae,
1421 5117 1542 5171 quae
1584 5101 1792 5159 idcirco
1823 5119 1953 5158 vas-

352 5197 479 5244 tatie
507 5197 633 5244 sunt
663 5197 827 5260 atque
859 5188 1119 5257 confusae,
1155 5188 1283 5260 quia
1312 5189 1727 5262 dereliquerunt
1773 5193 1953 5265 legem

354 5278 591 5348 Domini,
628 5285 682 5333 et
722 5277 1087 5333 deseruerunt
1116 5278 1474 5334 tabernacula
1513 5295 1629 5334 sua.

426 5368 596 5423 Vnus.
630 5370 719 5425 20.
755 5397 824 5407 —
855 5366 1058 5422 Audite
1089 5383 1233 5439 ergo.
1267 5367 1529 5440 Superius
1549 5369 1682 5424 dixit
1716 5387 1729 5423 :
1761 5375 1953 5427 vocate

355 5454 803 5525 lamentatrices,
857 5463 963 5511 etc.
996 5455 1156 5511 Nunc
1188 5457 1346 5528 quasi
1393 5466 1694 5529 praesentes
1727 5458 1954 5530 alloqui-

353 5553 460 5616 tur,
491 5545 547 5601 in
578 5544 1023 5619 suggillationem
1051 5545 1422 5616 sacerdotum,
1447 5556 1610 5620 atque
1639 5547 1947 5621 doctorum,

1790 5776 1809 5803 l

1971 4361 2021 4424 C

2039 362 2300 417 mulieres
2330 362 2554 417 audiant
2582 348 2812 418 verbum
2843 363 3080 419 Domini.

2112 452 2281 506 Vnus.
2316 455 2405 509 21.
2439 481 2509 492 —
2540 452 2681 519 Quia
2711 452 2987 510 ascendit.
3025 452 3168 521 Quia
3196 460 3357 507 tanta
3380 452 3485 508 erit
3514 451 3631 510 for-

2040 540 2232 609 titudo,
2292 548 2346 595 et
2401 539 2662 596 velocitas
2707 540 2974 611 hostium,
3037 533 3110 595 ut'
3153 556 3263 596 non
3321 548 3635 612 exspectent

2041 629 2260 697 ostium,
2295 629 2393 684 sed
2422 645 2522 699 per
2553 628 2841 698 fenestras,
2876 639 2929 683 et
2959 637 3103 684 tecta
3132 629 3524 685 conscendant.

2113 718 2282 773 Vnus.
2306 721 2394 776 22.
2418 748 2489 757 —
2507 719 2749 790 Laquere
2771 738 2789 774 :
2813 720 2934 773 Hcec
2956 718 3112 783 dicit,
3138 726 3242 774 etc.
3267 717 3478 789 (Ηιειι.)
3500 719 3634 774 Ver-

2041 807 2171 861 bum
2200 806 2529 862 Hebraicum
2558 806 2705 876 quod
2737 806 2909 860 tribus
2940 806 3133 861 litteris
3194 806 3468 876 scribitur,
3504 816 3630 877 etc.,

2039 912 2213 969 usque
2241 896 2313 950 ad
2368 902 2425 949 ut
2455 911 2562 949 non
2594 895 2663 949 sit
2693 895 2786 965 qui
2816 895 3043 966 sepeliat
3073 904 3414 951 corruentes.

2116 985 2268 1038 Vers.
2300 985 2389 1040 24.
2423 1012 2492 1023 —-
2526 984 2631 1051 Qui
2656 986 2806 1055 facio
2834 984 3300 1041 misericordiam.
3335 985 3466 1056 (11).)
3496 985 3628 1041 Etsi
3692 1006 3697 1013 '

2042 1073 2292 1144 quaedam
2312 1072 2601 1128 videantur
2618 1073 2837 1141 injusta,
2862 1073 3046 1127 omnia
3066 1081 3268 1142 tamen,
3294 1080 3421 1141 etc.,
3456 1090 3628 1146 usque

2040 1162 2112 1217 ad
2144 1162 2248 1229 Qui
2274 1163 2572 1233 gloriatur,
2606 1164 2669 1216 in
2698 1164 2933 1217 Domino
2960 1163 3238 1233 glorietur
3284 1162 3360 1233 (II
3389 1162 3508 1219 Cor.
3543 1162 3625 1233 ιι).

2110 1251 2280 1305 Vnus.
2315 1252 2403 1307 25.
2436 1280 2505 1290 —
2534 1252 2671 1305 Ecce
2700 1251 2818 1305 dies
2850 1252 3097 1305 venient.
3133 1250 3266 1320 (10.)
3298 1250 3479 1305 Multae
3499 1266 3630 1321 gen-

2042 1339 2193 1407 tium,
2227 1348 2280 1394 et
2335 1339 2570 1393 maxime
2643 1338 2844 1393 Iudaea:
2900 1348 2953 1393 et
3007 1339 3304 1393 Palaestinae
3369 1337 3630 1410 conﬁnes,

2042 1437 2169 1497 etc.,
2203 1444 2376 1500 usque
2404 1428 2476 1483 ad
2522 1427 2867 1485 circumcisio
2913 1427 3058 1482 enim
3106 1443 3215 1483 non
3250 1428 3494 1499 prodest,
3528 1428 3630 1485 nisi

2041 1518 2223 1589 legem
2253 1517 2536 1573 observes.

2668 1623 2893 1679 CAPUT
2920 1623 2994 1679 X.

2114 1763 2284 1817 Vnus.
2320 1766 2370 1816 1.
2403 1792 2473 1802 —
2501 1762 2704 1818 Audite
2734 1762 2980 1830 verbum,
3015 1768 3119 1816 etc.
3156 1762 3369 1833 (Ηιιςιι.)
3408 1760 3631 1832 Proprie

2041 1852 2307 1907 adversus
2337 1866 2433 1906 eos
2462 1851 2720 1922 loquitur,
2762 1858 2890 1919 etc.,
2923 1867 3097 1923 usque
3125 1850 3198 1906 ad
3255 1858 3309 1907 et
3336 1866 3403 1908 ex
3450 1851 3632 1906 causis

2042 1941 2348 1998 caelestium
2376 1940 2731 1996 moderentur
2760 1947 2998 1995 terrena.

2113 2031 2283 2086 Vnus.
2319 2033 2369 2084 3.
2403 2045 2473 2072 4-
2500 2031 2760 2101 Lignum.
2812 2029 2944 2100 (19.)
2975 2026 3136 2096 Quod
3181 2027 3251 2082 de
3298 2027 3459 2083 idolis
3487 2027 3632 2082 dixi~

2041 2136 2184 2187 mus,
2217 2126 2344 2187 etc.,
2380 2134 2552 2190 usque
2583 2118 2655 2173 ad
2682 2117 2909 2188 propria
2934 2124 3018 2172 est
3045 2124 3099 2173 et
3127 2132 3320 2172 eorum
3350 2116 3443 2188 qui
3471 2116 3634 2188 igno-

2043 2217 2166 2263 rant
2195 2208 2390 2262 Deum.

2114 2297 2285 2351 Vnus.
2320 2297 2374 2350 4.
2406 2326 2476 2336 -
2504 2296 2746 2368 Argento
2767 2299 2825 2350 et
2852 2310 3010 2351 auro.
3035 2295 3166 2365 (10.)
3195 2295 3266 2351 Ut
3285 2294 3500 2366 fulgore
3519 2309 3634 2350 ma-

2042 2385 2193 2440 teria:
2222 2384 2498 2455 simplices
2527 2393 2757 2455 occupet
2787 2391 2841 2439 et
2868 2383 3122 2455 decipiat.
3148 2384 3247 2440 llic
3277 2400 3434 2440 error
3462 2399 3636 2455 usque

2043 2475 2113 2529 ad
2143 2490 2244 2528 nos
2273 2474 2539 2544 pervenit,
2564 2482 2621 2528 ut
2642 2472 2963 2544 religionem
2983 2473 3038 2527 in
3058 2472 3258 2529 divitiis
3280 2473 3630 2531 arbitremur.

2119 2563 2286 2619 Vnus.
2321 2565 2371 2616 5.
2406 2593 2475 2604 ——-
2504 2564 2686 2618 Nolite
2714 2579 2841 2634 ergo
2881 2564 3101 2618 timere.
3148 2561 3335 2617 Solent
3382 2562 3631 2634 plerique

2045 2652 2290 2723 gentium
2311 2651 2589 2706 dmmones
2618 2650 2801 2707 colere
2830 2667 2899 2705 ne
2930 2649 3197 2719 ofﬁciant,
3251 2660 3304 2705 et
3332 2651 3471 2707 alios
3498 2667 3635 2707 exo-

2046 2756 2192 2810 rare,
2225 2749 2283 2797 ut
2310 2739 2634 2812 proficiant:
2667 2738 2811 2797 unde
2841 2739 3123 2812 Virgilius,
3164 2740 3384 2796 .IEneid.
3419 2755 3481 2796 ιιι
3515 2757 3528 2795 :

2153 2864 2361 2920 Nigrum
2379 2863 2533 2911 hiemi
2557 2864 2819 2921 pecudem,
2836 2863 3320 2920 zephyrisuelicibus
3339 2864 3528 2910 albam.

2118 2974 2290 3030 Vnus.
2315 2976 2367 3027 6.
2391 3003 2460 3012 —
2480 2973 2599 3028 Non
2620 2977 2706 3027 est
2724 2973 2932 3028 similis
2954 2974 3059 3028 tui.
3079 2972 3203 3027 Non
3225 2979 3307 3027 est
3329 2971 3520 3026 similis
3541 2973 3635 3042 tui,

2044 3063 2294 3131 Domine,
2318 3063 2566 3130 deorum,
2592 3061 2799 3117 scilicet
2820 3061 2911 3132 qui
2941 3061 3011 3116 ab
3041 3060 3312 3117 haereticis
3341 3059 3638 3133 finguntur.

2118 3154 2287 3207 Vnus.
2312 3153 2364 3206 '7.
2390 3182 2458 3192 —
2486 3153 2662 3207 Tuum
2691 3154 2774 3205 est
2805 3152 2979 3205 enim.
3011 3150 3223 3222 (HIER.)
3247 3148 3509 3219 Quamvis
3530 3152 3640 3207 hae—

2046 3241 2201 3297 retici
2224 3241 2377 3310 juxta
2407 3239 2731 3311 sapientiam
2760 3239 2968 3307 mundi,
3003 3247 3130 3308 etc.,
3166 3256 3338 3312 usque
3386 3239 3459 3294 ad
3515 3242 3642 3295 Per-

2047 3331 2178 3386 dam
2206 3331 2551 3402 sapientiam
2579 3330 2947 3401 sapientium,
2996 3332 3052 3383 et
3096 3328 3466 3401 prudentiam
3511 3345 3644 3403 pru-

2047 3420 2307 3474 dentium
2337 3417 2636 3490 reprobabo
2669 3417 2721 3485 (Ι
2749 3418 2871 3473 Cor.
2907 3417 2968 3487 ι).

2121 3508 2289 3561 Vnus.
2323 3512 2372 3561 8.
2408 3537 2477 3546 —
2507 3507 2848 3561 Involutum.
2882 3504 3015 3576 (11).)
3045 3504 3217 3560 Aliter
3258 3520 3367 3561 non
3397 3504 3637 3590 degipit;

2049 3596 2258 3651 falsitas
2287 3594 2595 3662 involvitur,
2631 3594 2853 3662 veritas,
2888 3602 3016 3665 etc.,
3051 3610 3225 3667 usque
3254 3595 3326 3650 ad
3355 3595 3486 3649 dum
3517 3593 3641 3650 οωΙί

2049 3685 2152 3739 sibi
2183 3685 2425 3741 colorem
2454 3684 2766 3751 ostendunt,
2801 3691 2854 3738 et
2874 3683 3120 3739 coelestia
3148 3683 3486 3752 promittunt.

2122 3775 2291 3829 Vnus.
2319 3778 2402 3841 11,
2442 3762 2529 3831 12.
2560 3804 2628 3813 -
2662 3774 2833 3829 Cazlos
2863 3776 2919 3828 et
2951 3776 3181 3827 terram.
3218 3772 3352 3838 Quae
3382 3784 3646 3842 coepera-

2050 3872 2197 3918 tores
2227 3861 2446 3929 Christi,
2482 3861 2573 3933 qui
2602 3861 2676 3915 dii
2707 3869 2974 3917 vocantur
3003 3868 3056 3915 et
3084 3859 3309 3928 domini,
3361 3876 3461 3931 per
3507 3859 3645 3916 doc-

2050 3952 2249 4006 trinam
2277 3950 2707 4006 ecclesiasticam
2750 3950 2949 4021 partim
2978 3948 3248 4005 fecerunt.

2124 4041 2228 4108 Qui
2256 4042 2418 4112 facit.
2451 4038 2686 4109 (Ome..,
2720 4041 2923 4105 Homil.
2958 4040 3021 4094 in
3048 4037 3188 4109 Jer.)
3220 4039 3491 4093 Dominus
3546 4040 3643 4111 qui

2049 4132 2193 4201 facit
2223 4133 2438 4185 terram
2466 4131 2530 4184 in
2558 4128 2916 4200 fortitudine,
2943 4136 3047 4183 etc.
3071 4127 3207 4182 Tres
3237 4127 3642 4198 quodammodo

2051 4219 2277 4273 virtutes
2307 4217 2404 4272 Dei
2434 4233 2721 4272 assumens
2752 4218 3034 4287 propheta,
3097 4224 3225 4284 etc.,
3260 4233 3434 4289 usque
3480 4216 3552 4272 ad
3599 4216 3645 4271 si

2050 4323 2183 4363 vero
2212 4307 2475 4375 coelestia,
2498 4305 2986 4362 thesaurizatorem
3005 4321 3166 4361 suum
3193 4305 3265 4360 ad
3281 4304 3647 4377 propinquam

2054 4396 2157 4451 sibi
2186 4395 2470 4467 regionem
2499 4396 2825 4450 subvehunt.

2126 4486 2297 4541 Vnus.
2332 4489 2418 4540 13.
2452 4515 2521 4525 —
2558 4485 2796 4540 Nebulas
2817 4483 3029 4555 (Ηιιςιι.)
3060 4482 3195 4551 Quae
3223 4490 3492 4539 noverunt
3543 4482 3649 4539 sci-

2053 4574 2181 4629 licet
2201 4574 2397 4645 quibus
2435 4573 2648 4644 pluvias
2697 4572 3034 4642 suspendant
3081 4579 3135 4626 et
3184 4569 3384 4641 quibus
3434 4570 3648 4642 impen—

2054 4663 2183 4717 dant
2208 4680 2220 4717 :
2254 4663 2469 4734 Moyses
2499 4661 2657 4733 quasi
2685 4662 2859 4716 nubes
2888 4660 3233 4732 loquebatur,
3287 4659 3380 4731 qui
3408 4659 3643 4730 dicebat,

2053 4754 2356 4825 Exspectet
2388 4755 2559 4818 terra,
2592 4754 2658 4806 ut
2674 4752 2930 4823 pluviam
2958 4750 3121 4806 verba
3137 4764 3267 4804 mea
3306 4748 3506 4818 (Exod.
3539 4748 3644 4820 Ix).

2051 4841 2121 4895 Et
2148 4840 2320 4896 Isaias
2354 4858 2366 4894 :
2400 4839 2561 4906 Audi,
2595 4840 2815 4905 caelum,
2851 4843 2907 4895 et
2926 4839 3157 4894 auribus
3200 4839 3445 4911 percipe,
3471 4841 3645 4904 terra,

2053 4930 2186 5003 quia
2215 4931 2487 4985 Dominus
2523 4930 2744 4985 locutus
2792 4931 2877 4983 est
2908 4928 3039 4996 (Isa.
3074 4927 3115 4993 ι)
3146 4925 3224 4982 Ab
3253 4927 3649 4982 extremitati-

2054 5020 2172 5075 bus.
2206 5016 2312 5086 Qui
2340 5018 2454 5073 vult
2482 5017 2539 5071 in
2566 5016 2723 5072 vobis
2751 5016 2961 5086 primus
2999 5031 3142 5083 esse,
3178 5015 3247 5070 sit
3275 5014 3520 5070 omnium
3550 5030 3650 5070 no-

2054 5106 2328 5163 vissimus.
2355 5106 2526 5161 Aliter
2553 5105 2699 5160 enim
2727 5120 2889 5160 nemo
2919 5103 2979 5159 ﬁt
3022 5105 3216 5159 nubes.
3632 5160 3633 5165 η

2126 5197 2373 5266 Fulgura
2402 5197 2465 5250 in
2490 5195 2734 5267 pluvias.
2777 5193 2993 5265 (Οιίια.)
3024 5194 3220 5249 Fertur
3250 5193 3397 5264 quod
3429 5191 3651 5263 fulgura

2053 5300 2119 5339 ex
2148 5283 2373 5337 nubium
2404 5283 2491 5338 vel
2518 5283 2776 5338 imbrium
2806 5283 3088 5339 collisione
3122 5290 3478 5352 generantur,
3514 5288 3642 5349 etc.,

2053 5388 2227 5445 usque
2255 5371 2327 5427 ad
2383 5371 2649 5427 Jeremias
2698 5389 2916 5444 quoque
2964 5380 3017 5426 et
3063 5370 3278 5425 Baruch
3326 5369 3430 5424 sibi
3478 5369 3649 5425 collo-

2053 5470 2284 5533 quentes
2312 5461 2590 5516 rutilantia
2619 5459 2839 5534 fulgura
2879 5460 3113 5514 mittunt.

2075 5602 2081 5610 .
2122 5552 2193 5606 Et
2236 5551 2424 5609 educit
2471 5554 2707 5609 ventum
2739 5550 2806 5607 de
2836 5549 3138 5607 thesauris.
3181 5546 3313 5618 (10.)
3359 5545 3519 5603 Venti
3558 5545 3653 5619 qui
