4028 6178
462 298 534 357 25
1287 291 1560 349 GLOSSA
1599 291 2008 350 0RDINABJA.
2052 321 2122 331 —
2158 288 2555 347 PROPHETIA
2591 290 2925 348 IEREMIIE.
3698 298 3769 352 26

466 430 646 476 terras
662 417 893 491 perﬂant
922 416 978 472 in
1007 416 1277 473 thesauris
1306 417 1405 472 Dei
1434 432 1543 473 non
1574 425 1716 487 sunt,
1751 425 1877 485 etc.,
1900 432 2073 489 usque
2102 414 2159 475 A
2245 415 2415 471 Vens.
2449 420 2504 472 2.
2535 447 2604 456 -
2633 416 2855 482 Audite,
2890 424 3018 486 etc.,
3057 418 3206 473 Viros
3237 417 3400 483 Iuda,
3451 426 3555 472 etc.
3590 416 3772 492 Alleg.

467 510 541 566 ad
560 509 691 563 inde
722 508 896 565 oritur
925 516 984 562 ut
1013 506 1151 561 alius
1181 506 1250 562 sit
1280 506 1516 578 sapiens,
1541 506 1678 563 alius
1706 504 1881 562 fidelis
1903 514 1956 560 et
1984 506 2078 559 hu-

350 655 357 660 _
457 597 718 666 jusmodi.

539 687 707 740 Vens.
765 686 851 740 14.
884 715 953 725 -
981 684 1226 741 Stultus.
1279 685 1494 754 (HIER.)
1542 683 1749 739 Stultus
1780 697 2073 754 compara-

469 774 615 830 tione
642 773 762 841 Dei,
797 782 927 843 etc.,
960 790 1134 847 usque
1165 774 1238 829 ad
1268 773 1448 827 omnia
1481 772 1624 827 enim
1674 772 1945 828 contraria
1977 787 2072 827 as-

471 863 699 934 sumpsit
730 864 898 929 Deus,
932 870 990 917 ut
1019 862 1291 917 contraria
1322 861 1606 917 dissolvat.

542 954 770 1008 Falsum
801 956 906 1007 est.
939 949 1156 1024 (Onm.)
1188 949 1347 1018 Quod
1384 950 1578 1005 ordine
1610 966 1707 1005 suo
1736 948 1911 1021 fingit.
1945 949 2069 1003 Fal-

473 1057 593 1096 sum
622 1048 705 1095 est
734 1041 877 1095 enim
908 1040 1055 1112 quod
1086 1038 1358 1105 conﬂavit,
1385 1038 1523 1093 sicut
1557 1039 1751 1093 stultus
1783 1046 1863 1093 est
1897 1037 2073 1093 omnis

468 1131 631 1185 homo
660 1145 694 1183 a
724 1129 965 1194 scientia,
998 1128 1219 1183 stultum
1250 1128 1409 1182 etiam
1430 1136 1512 1182 est
1534 1127 1679 1199 quod
1711 1126 1854 1181 facit.

540 1219 658 1276 Non
690 1222 775 1274 est
804 1220 1063 1290 spiritus.
1113 1218 1326 1288 (H1en.)
1367 1216 1678 1271 Notandum
1710 1216 1855 1287 quod
1886 1215 1941 1269 in
1967 1216 2071 1269 hoc

466 1307 641 1378 capite
670 1314 865 1362 ventus
897 1314 950 1362 et
979 1305 1201 1378 spiritus
1232 1320 1341 1361 uno
1382 1305 1601 1360 nomine
1632 1305 1775 1376 apud
1805 1304 2067 1359 Hebrmos

466 1396 813 1468 appellantur
842 1397 1008 1451 ruah.

540 1485 709 1539 Vens.
747 1487 919 1539 15.-
943 1487 1092 1542 Vana
1122 1488 1278 1540 sunt.
1314 1486 1419 1538 Aut
1440 1483 1584 1538 enim
1607 1482 1813 1538 rustica
1843 1490 1985 1545 sunt,
2011 1489 2070 1536 ut

460 1574 693 1645 lignum,
724 1582 815 1627 aut
861 1573 1091 1644 pulchro
1139 1588 1391 1628 sermone
1439 1572 1742 1637 tinnientia,
1777 1580 1835 1625 ut
1863 1586 2068 1643 argen-

462 1671 609 1729 tum;
642 1669 730 1717 aut
759 1662 828 1717 de
858 1662 1081 1733 proprio
1112 1678 1276 1716 sensu
1324 1661 1575 1716 simulata
1624 1660 1977 1726 mentiuntur,
2012 1669 2070 1714 ut

459 1767 675 1806 aurum.
707 1752 773 1806 In
815 1756 1062 1824 tempore
1109 1752 1475 1806 uisitationis.
1528 1751 1608 1805 Ad
1658 1759 1869 1821 tempus
1927 1749 2070 1804 valet

461 1840 711 1903 haeresis,
726 1848 783 1893 ut
796 1840 887 1912 qui
898 1841 1264 1913 probatisunt
1276 1842 1575 1910 manifesti
1584 1840 1749 1908 ﬁant.
1767 1840 1819 1909 (I
1833 1840 1953 1895 Cor.
1966 1840 2071 1907 x1).

460 1929 601 1984 Cum
651 1937 831 1985 autem
879 1928 1113 1983 visitatio
1176 1928 1275 1983 Dei
1322 1928 1567 1995 venerit,
1620 1936 1674 1983 et
1722 1928 1911 1983 oculus
1960 1928 2075 1995 ejus

459 2026 658 2073 cuncta
687 2018 1008 2088 respexerit,
1043 2017 1222 2073 omnia
1256 2017 1641 2072 conticescent.

538 2106 712 2162 Vens.
748 2109 833 2162 17.
866 2138 935 2146 —
969 2108 1266 2177 Congrega.
1316 2106 1528 2177 (Hten.)
1558 2105 1873 2177 Prmeipitur
1910 2105 2073 2159 Jeru-

458 2195 638 2252 salem
666 2204 723 2250 ut
755 2195 1016 2267 quidquid
1047 2195 1361 2249 substantiae
1408 2193 1539 2249 foris
1584 2196 1762 2260 habet,
1796 2194 1852 2248 in
1882 2194 2073 2247 urbem

460 2284 886 2340 munitissimam
907 2292 1227 2356 congregat,
1253 2292 1305 2339 et
1328 2284 1490 2355 longe
1510 2283 1782 2338 obsidioni
1803 2290 2075 2353 praeparet

461 2373 745 2429 alimenta.
793 2373 917 2427 Non
962 2372 1105 2428 enim
1148 2374 1314 2438 Deus,
1368 2372 1507 2427 sicut
1550 2371 1723 2442 prius,
1756 2372 1921 2444 longe
1951 2378 2074 2442 post

465 2462 657 2518 futura
687 2460 939 2527 minatus,
974 2462 1069 2516 sed
1102 2461 1280 2515 statim
1310 2460 1508 2515 futura.

538 2551 710 2607 Vens.
748 2554 835 2605 19.
867 2581 937 2590 —
976 2552 1059 2606 Va:
1089 2551 1248 2615 mihi,
1286 2557 1389 2605 etc.
1424 2550 1555 2619 (Ιυ.)
1586 2549 1951 2622 Conqueritur
1979 2554 2073 2607 Je-

460 2640 706 2696 rusalem
754 2639 899 2713 quod
931 2640 1280 2695 vehementer
1327 2636 1517 2693 afﬂicta
1548 2638 1617 2692 sit
1647 2647 1699 2693 et
1727 2639 1887 2713 plaga
1917 2641 2071 2698 insa-

469 2729 664 2784 nabili.

542 2819 714 2874 Vens.
747 2821 837 2875 20.
861 2848 931 2858 -
957 2818 1419 2874 Tabernaculum.
1454 2817 1585 2888 (11).)
1614 2816 1829 2890 Plangit
1856 2819 2074 2877 Ierusa-

462 2906 579 2963 lem
608 2916 719 2961 tam
750 2906 963 2962 facilem
1012 2906 1205 2962 factam
1253 2906 1665 2963 subversionem
1715 2923 1888 2973 suam,
1941 2918 2068 2977 etc.,

462 3012 643 3069 usque
673 2996 744 3051 ad
771 3011 973 3069 magna
1001 3012 1129 3066 pars
1159 3011 1348 3050 eorum
1392 2994 1675 3050 interfecta
1704 3003 1865 3068 atque
1895 2998 2072 3055 deleta

464 3092 577 3142 est.

539 3174 713 3228 Vens.
763 3177 855 3230 21.
888 3204 959 3214 -—
989 3174 1157 3229 Grex.
1209 3173 1341 3245 (10.)
1389 3174 1741 3249 Septuaginta
1782 3193 1796 3230 :
1845 3192 2069 3248 pecora.

465 3261 629 3332 Quod
652 3263 803 3331 juxta
830 3262 1115 3317 historiam
1145 3271 1289 3318 stare
1320 3279 1428 3318 non
1448 3273 1663 3334 potest:
1688 3266 1743 3319 in
1774 3272 1879 3319 tam
1910 3266 2074 3338 longa

465 3351 615 3407 enim
647 3350 932 3407 obsidione
959 3367 1167 3422 pecora
1194 3367 1304 3406 non
1335 3352 1645 3408 durassent.

539 3440 715 3495 Vens.
737 3443 827 3497 22.
851 3471 922 3481 -
948 3442 1059 3496 V0.2:
1088 3440 1418 3497 auditionis.
1443 3441 1574 3512 ([υ.)
1595 3443 1724 3498 Haec
1743 3442 1923 3498 omnia
1953 3460 2073 3515 quae

462 3529 781 3601 praeteritus
809 3539 864 3585 et
892 3545 1140 3601 praesens
1184 3544 1365 3585 sermo
1408 3530 1688 3595 describit,
1734 3540 1860 3601 etc.,
1902 3549 2075 3605 usque

464 3619 541 3674 ad
574 3618 667 3690 qui
697 3620 875 3674 stulte
906 3622 1160 3690 egerunt,
1187 3626 1239 3673 et
1258 3618 1559 3673 Dominum
1581 3635 1689 3674 non
1719 3620 2071 3691 quaasierunt.

542 3709 887 3764 Draconum.
938 3708 1039 3763 Vel
1084 3709 1503 3763 Struthionum.
1556 3708 1936 3779 Symmachus,
1970 3711 2075 3782 Sy-

468 3812 765 3861 renarum,
798 3804 857 3850 ut
892 3812 995 3866 pro
1043 3795 1351 3851 hominibus
1398 3796 1641 3851 habitent
1689 3797 1897 3853 scilicet
1939 3798 2075 3853 dra-

467 3900 658 3949 cones,
712 3893 765 3940 et
812 3885 993 3939 omnia
1048 3893 1361 3940 venenata:
1415 3885 1501 3941 vel
1549 3886 1902 3952 struthiones,
1954 3904 2074 3959 quae

468 3973 751 4028 solitudini
800 3972 1093 4028 familiares
1139 3973 1196 4027 in
1243 3974 1479 4029 desertis
1527 3982 1824 4030 nascuntur
1867 3983 1921 4030 et
1968 3992 2075 4030 nu-

470 4062 729 4117 triuntur.
762 4063 869 4117 Aut
910 4061 1168 4134 Syrenes,
1202 4062 1408 4119 scilicet
1456 4064 1703 4135 quiedam
1752 4071 1993 4120 monstra
2022 4073 2077 4120 et

472 4150 782 4206 daemonum
812 4152 1210 4222 phantasmata.

546 4240 717 4295 Vens.
767 4243 858 4298 23.
909 4272 977 4280 -
1022 4241 1164 4307 Scio,
1217 4248 1319 4296 etc.
1368 4241 1736 4309 Erubescant,
1787 4242 1876 4313 qui
1926 4241 2078 4299 aiunt

477 4344 918 4401 unumquemque
948 4345 1046 4384 suo
1075 4330 1197 4402 regi
1226 4329 1472 4385 arbitrio.
1506 4331 1629 4385 Non
1677 4338 1761 4385 est
1805 4330 1949 4386 enim
1978 4332 2076 4387 ho-

476 4418 635 4471 minis
665 4417 751 4471 via
780 4417 914 4486 ejus,
945 4426 1088 4485 etc.;
1121 4418 1263 4472 unde
1284 4418 1458 4473 David
1484 4436 1496 4472 :
1521 4420 1561 4474 A
1585 4421 1818 4476 Domino
1846 4436 2071 4492 gressus

476 4506 721 4563 hominis
751 4507 1031 4577 dirigetur
1060 4506 1237 4576 (Psal.
1272 4508 1499 4577 xxxvr).

545 4595 719 4650 Vens.
744 4596 835 4651 24.
857 4626 924 4635 -
945 4595 1011 4650 In
1032 4595 1266 4667 judicio,
1294 4600 1349 4651 et
1378 4613 1494 4653 non
1523 4598 1585 4651 in
1614 4599 1829 4668 furore.
1864 4597 2075 4669 (Hien).

477 4680 666 4751 Quasi,
701 4700 820 4756 qua:
846 4683 1099 4754 patimur,
1116 4684 1261 4753 justa
1281 4693 1424 4755 sunt,
1448 4693 1575 4751 etc.,
1602 4702 1774 4758 usque
1794 4686 1867 4741 ad
1885 4695 2079 4759 gentes

469 4780 671 4835 autem,
704 4788 823 4844 quae
864 4786 974 4828 non
1018 4781 1394 4846 cognoverunt
1423 4782 1495 4839 te,
1533 4789 1641 4829 non
1664 4773 1947 4842 judicium,
1980 4776 2078 4831 sed

470 4860 907 4933 indignationem
938 4870 1239 4917 merentur.

1095 5016 1321 5073 CAPUT
1360 5015 1457 5070 XI.

542 5156 720 5211 Vens.
771 5160 823 5210 1.
858 5186 926 5196 —
974 5158 1220 5213 Verbum.
1272 5156 1485 5229 (Onta.,
1534 5159 1693 5215 Hom.
1742 5160 1805 5214 in
1852 5158 2078 5229 Ezech.)

467 5245 635 5315 Quod
667 5245 874 5301 scilicet
895 5245 948 5299 in
968 5245 1235 5318 principio
1256 5247 1399 5318 apud
1424 5248 1616 5313 Deum,
1650 5255 1778 5312 etc.,
1812 5263 1986 5320 usque
2006 5248 2080 5303 ad

462 5344 523 5391 et
552 5333 841 5405 discipulis
871 5334 947 5389 ait
981 5352 994 5388 :
1039 5336 1318 5392 Vobiscum
1348 5353 1475 5392 sum
1505 5352 1677 5409 usque
1709 5337 1780 5391 ad
1809 5352 2078 5392 consum-

460 5425 789 5480 mationem
818 5426 1013 5480 saeculi
1042 5425 1235 5495 (Matii.
1269 5426 1497 5497 xxvm).

548 5513 786 5569 Verbum
814 5513 956 5585 quod
982 5516 1203 5583 factum
1220 5517 1324 5569 est.
1349 5514 1561 5585 (HIER.)
1588 5514 1711 5569 Non
1739 5521 1823 5569 est
1840 5514 2080 5585 positum

458 5603 521 5657 in
553 5600 732 5666 titulo,
773 5615 881 5673 quo
928 5609 1193 5671 tempore,
1228 5610 1329 5668 est,
1365 5619 1537 5676 usque
1566 5603 1639 5659 ad
1666 5603 1735 5658 ad
1765 5603 1914 5658 viros
1942 5603 2078 5658 Iuda

457 5700 521 5749 et
551 5689 865 5747 Jerusalem
897 5706 1075 5747 sermo
1104 5690 1380 5765 dirigitur.

2178 504 2514 560 Christianos
2545 505 2769 573 scilicet,
2803 505 3049 560 Christus
3069 506 3214 560 enim
3236 506 3304 561 de
3325 506 3464 561 Juda
3484 514 3636 561 ortus
3668 514 3772 562 est.

2175 595 2256 649 De
2303 610 2409 666 quo
2439 611 2570 650 vere
2601 595 2798 650 dicitur
2831 612 2843 648 :
2877 595 3040 660 Iuda,
3099 599 3152 650 te
3204 595 3514 650 laudabunt
3559 598 3775 668 fratres

2177 685 2303 739 tui:
2326 700 2532 739 manus
2556 688 2669 738 tua?
2688 699 2857 756 super
2875 683 3105 739 dorsum
3125 684 3492 739 inimicorum
3522 687 3773 740 tuorum.

2175 772 2337 842 (Gen.
2379 773 2561 842 xux),
2608 780 2713 827 etc.
2746 772 3082 828 Jerusalem.
3116 771 3396 837 Ecclesiae,
3430 787 3550 842 quae
3579 780 3662 827 est
3693 772 3777 828 ci-

2176 859 2315 915 vitas
2360 860 2510 931 regis
2556 860 2758 933 magni,
2811 868 2863 914 et
2910 860 3048 915 visio
3090 860 3260 931 pacis.
3312 861 3419 914 Pax
3450 860 3596 915 enim
3623 860 3678 915 in
3710 876 3778 916 ea

2173 948 2561 1019 multiplicatur
2592 957 2645 1003 et
2674 949 2935 1004 cernitur.

2244 1056 2416 1129 Vens.
2447 1059 2500 1109 3.
2533 1086 2602 1095 —
2633 1056 2980 1110 llfaledictus.
3014 1053 3231 1126 (OnIG.)
3260 1055 3433 1109 Iudaei
3478 1055 3623 1111 enim
3652 1072 3776 1111 ma-

2172 1144 2354 1199 ledicti
2400 1152 2545 1211 sunt,
2595 1143 2685 1215 qui
2732 1159 2841 1198 non
2887 1144 3175 1198 audierunt
3222 1150 3601 1199 testamentum
3649 1145 3771 1212 Dei,

2172 1233 2391 1305 quando
2434 1232 2619 1288 eduxit
2647 1249 2744 1286 eos
2774 1233 2842 1287 de
2874 1241 3017 1287 terra
3050 1233 3283 1305 Egypti.
3320 1234 3435 1288 Nos
3473 1242 3652 1288 autem
3682 1234 3777 1306 qui

2170 1322 2227 1376 in
2248 1322 2459 1377 Christo
2488 1321 2785 1387 credimus,
2810 1328 3134 1376 testamento
3163 1321 3280 1389 ejus
3308 1322 3596 1377 obedimus
3626 1322 3773 1393 quod

2170 1427 2271 1481 per
2300 1412 2526 1483 Moysen
2555 1410 2787 1465 traditur
2820 1428 2834 1464 :
2868 1418 2920 1465 et
2949 1410 3108 1465 nobis
3137 1410 3241 1466 hoc
3277 1410 3474 1465 dicitur
3502 1427 3571 1468 ne
3601 1411 3776 1466 male-

2171 1499 2302 1555 dicti
2332 1500 2521 1555 simus.

2243 1607 2415 1661 Vens.
2450 1608 2502 1661 4.
2534 1637 2604 1647 -
2632 1606 2821 1662 Eduxi
2852 1622 2961 1662 eos.
2996 1606 3208 1677 (Hien.,
3241 1604 3454 1677 ωυρμ),
3485 1606 3602 1661 Nos
3633 1622 3777 1678 quo-

2172 1712 2277 1767 que
2308 1696 2493 1751 eduxit
2522 1696 2668 1750 Deus
2697 1696 2765 1751 de
2796 1696 3028 1767 Egypto
3059 1703 3111 1750 et
3143 1694 3362 1750 fornace
3410 1695 3611 1764 ferrea,
3645 1704 3773 1762 etc.,

2097 1774 2150 1833 Β
2180 1801 2352 1857 usque
2382 1785 2453 1840 ad
2480 1784 2538 1838 in
2566 1784 2690 1857 lege
2718 1784 3023 1839 obedientia
3067 1784 3468 1851 mandatorum,
3501 1784 3590 1840 hic
3620 1784 3777 1840 simi-

2175 1872 2350 1929 litudo
2380 1872 2501 1929 Dei.

2247 1964 2317 2017 Et
2347 1964 2529 2018 eritis.
2561 1963 2681 2017 Non
2717 1970 2800 2017 est
2830 1964 2977 2018 Deus
3007 1964 3269 2032 omnium,
3304 1962 3400 2018 sed
3432 1977 3622 2018 eorum
3652 1970 3777 2018 tan-

2177 2059 2290 2105 tum
2340 2051 2537 2123 quibus
2569 2067 2628 2105 se
2658 2050 2924 2123 largitur;
2975 2054 3118 2108 unde
3151 2071 3164 2107 :
3198 2055 3306 2124 Ego
3334 2069 3462 2107 sum
3504 2053 3778 2108 Dominus

2176 2141 2322 2196 Deus
2372 2144 2505 2195 tuus
2553 2144 2789 2196 sanctus
2840 2143 3017 2197 Israel
3067 2143 3289 2211 (Ezech.
3340 2140 3484 2212 xxv).
3534 2141 3604 2194 Et
3648 2140 3779 2195 alibi

2176 2244 2393 2300 quoque
2423 2229 2613 2301 inquit,
2648 2231 2753 2284 Ero
2785 2232 2931 2286 Deus
2962 2248 3156 2286 eorum
3187 2230 3386 2301 (Exod.
3421 2229 3529 2300 III.)
3550 2230 3636 2295 Et,
3667 2231 3780 2302 Ego

2173 2334 2303 2371 sum
2348 2319 2494 2372 Deus
2535 2318 2833 2384 Abraham,
2886 2320 3033 2375 Deus
3082 2320 3239 2375 Isaac
3286 2322 3343 2373 et
3389 2320 3536 2373 Deus
3591 2319 3776 2375 Iacob.

2176 2403 2335 2473 Quod
2366 2421 2645 2476 exponens
2695 2406 2943 2462 Salvator
2971 2408 3044 2462 ait
3078 2426 3091 2461 :
3124 2410 3271 2463 Deus
3321 2411 3516 2462 autem
3546 2423 3663 2463 non
3692 2410 3779 2462 est

2173 2498 2546 2560 mortuorum,
2579 2495 2676 2550 sed
2706 2497 2956 2553 vivorum
2977 2497 3135 2566 (Luc.
3171 2495 3360 2567 χχιχ).
3394 2496 3639 2550 Mortuus
3669 2502 3772 2562 est,

2176 2582 2379 2637 scilicet
2408 2590 2683 2653 peccator.

2245 2671 2415 2726 Vens.
2450 2673 2502 2727 5.
2527 2703 2596 2712 -
2617 2674 2785 2728 Lacte
2815 2677 2873 2727 et
2901 2675 3092 2729 melle.
3126 2672 3340 2744 (Hien.)
3372 2671 3530 2727 Melle
3560 2680 3613 2728 et
3638 2671 3779 2728 lacte

2174 2776 2359 2815 rerum
2408 2760 2647 2815 omnium
2693 2761 3077 2816 abundantiam
3123 2759 3412 2834 signiﬁcat,
3445 2770 3572 2830 etc.,
3604 2777 3779 2833 usque

2174 2850 2246 2904 ad
2276 2849 2382 2919 vel,
2432 2847 2543 2912 ﬁat,
2592 2850 2843 2915 Domine,
2877 2850 2933 2905 id
2964 2859 3066 2920 est,
3101 2866 3321 2922 semper
3367 2857 3587 2905 maneat
3633 2850 3781 2922 quod

2175 2938 2394 2993 dedisti.

2244 3026 2415 3082 Vens.
2448 3029 2501 3083 '7.
2525 3058 2595 3069 —-
2617 3029 2759 3095 Quia
2787 3032 3135 3095 contestans,
3171 3036 3275 3084 etc.
3312 3028 3515 3100 Usque,
3540 3032 3605 3083 ut
3634 3030 3781 3100 face-

2095 3132 2144 3196 C
2172 3120 2304 3171 rent
2334 3117 2468 3181 ha’c,
2503 3116 2556 3169 in
2588 3116 2938 3190 Septuaginta
2986 3134 3097 3173 non
3145 3118 3434 3173 habentur.
3488 3116 3649 3186 Quod
3680 3133 3775 3173 se-

2174 3204 2358 3276 quitur
2381 3222 2394 3258 :
2426 3206 2496 3259 Et
2525 3222 2639 3267 non
2669 3209 2950 3277 fecerunt,
2975 3208 3042 3263 ab
3061 3209 3202 3279 ipsis
3223 3226 3242 3262 :
3263 3207 3319 3260 in
3346 3205 3453 3262 ﬁne
3481 3206 3782 3277 superioris

2174 3292 2392 3363 capituli
2420 3293 2657 3363 positum
2689 3302 2789 3349 est.
2822 3296 3025 3351 Audite
3066 3296 3229 3351 verba
3260 3297 3420 3368 pacti
3449 3296 3639 3367 hujus,
3672 3303 3778 3351 etc.

2245 3400 2417 3455 Vens.
2442 3403 2495 3454 9.
2510 3431 2579 3441 —
2592 3402 2829 3457 Inventa
2844 3406 2929 3457 est
2948 3403 3287 3473 conjuratio.
3307 3400 3524 3472 (Onte.)
3546 3402 3783 3457 Inventa

2176 3492 2263 3544 est
2281 3491 2565 3560 colligatio
2581 3492 2644 3545 in
2662 3492 2799 3545 viris
2816 3490 2978 3555 Iuda,
3001 3498 3104 3545 etc.
3127 3490 3182 3545 Si
3202 3490 3632 3561 peccaverimus,
3651 3496 3756 3545 etc.
3768 3532 3782 3557 ,

2176 3593 2350 3649 usque
2379 3578 2451 3632 ad
2480 3585 2533 3631 et
2561 3576 2813 3634 eﬁicieris
2841 3577 2984 3633 filius
3024 3579 3124 3634 Dei
3156 3578 3211 3632 in
3241 3579 3457 3634 Christo
3486 3580 3637 3635 Iesu.

2247 3683 2409 3738 Vers.
2437 3686 2522 3738 11.
2548 3715 2616 3723 —
2640 3685 2998 3740 Clamabunt.
3033 3686 3092 3739 In
3122 3686 3553 3752 necessitatibus,
3587 3693 3640 3741 et
3669 3701 3780 3741 non

2176 3772 2479 3835 exaudiam,
2514 3772 2641 3843 quia
2671 3788 2759 3827 me
2788 3774 2976 3829 audire
3014 3774 3324 3829 noluerunt.
3376 3773 3537 3841 Quod
3566 3782 3619 3828 et
3649 3774 3780 3829 Saul

2174 3875 2373 3931 passus
2404 3867 2505 3926 est,
2540 3868 2667 3925 etc.,
2701 3878 2873 3933 usque
2903 3862 2974 3916 ad
3004 3862 3149 3933 quod
3177 3877 3322 3917 nunc
3352 3861 3550 3916 dicitur
3579 3862 3650 3917 ad
3679 3863 3780 3917 Ju-

2175 3949 2302 4004 dam
2332 3956 2384 4004 et
2413 3949 2717 4004 Jerusalem
2746 3950 2981 4021 pertinet
3010 3950 3204 4022 quibus
3236 3950 3400 4005 instat
3430 3949 3733 4021 captivitas.

2247 4056 2418 4111 Vens.
2456 4058 2541 4110 13.
2575 4086 2644 4097 —
2674 4056 2993 4112 Secundum
3024 4073 3351 4113 numerum.
3386 4055 3518 4128 (10.)
3551 4057 3610 4111 In
3639 4055 3781 4114 libro

2176 4144 2387 4217 Regum
2410 4152 2464 4199 et
2486 4145 3026 4215 Paralipomenorum
3056 4146 3362 4201 invenimus
3390 4146 3583 4200 Iudam
3617 4153 3670 4200 et
3689 4146 3783 4201 Ie-

2175 4232 2407 4289 remiam
2437 4234 2604 4289 multo
2639 4234 2845 4304 pejora,
2872 4241 2999 4303 etc.,
3023 4251 3197 4307 usque
3226 4235 3297 4290 ad
3326 4241 3404 4289 tot
3431 4234 3486 4287 in
3515 4232 3784 4290 confusio-

2178 4337 2303 4377 nem
2336 4337 2489 4376 suam
2521 4335 2649 4376 aras
2678 4319 2964 4389 haberent,
2997 4323 3194 4395 quibus
3222 4322 3384 4378 idolis
3415 4322 3779 4379 immolarent.

2248 4411 2421 4465 Vens.
2457 4411 2544 4464 14.
2579 4441 2648 4450 -
2685 4412 2761 4466 Tu
2790 4428 2934 4484 ergo.
2968 4412 3100 4483 (ln.)
3129 4411 3448 4481 Praecipitur
3476 4411 3779 4481 prophetae,

2100 4498 2153 4559 D
2177 4515 2247 4554 ne
2275 4514 2379 4570 pro
2412 4498 2492 4554 eis
2523 4507 2642 4554 oret
2668 4498 2727 4553 in
2757 4516 2912 4571 quos,
2945 4507 3073 4564 etc.,
3106 4516 3280 4572 usque
3308 4499 3381 4554 ad
3408 4514 3474 4554 ex
3503 4498 3587 4552 his
3618 4499 3784 4555 disci-

2179 4604 2321 4653 mus,
2354 4586 2557 4642 frustra
2586 4603 2687 4658 pro
2715 4588 2897 4661 aliquo
2928 4588 3132 4660 rogari,
3167 4587 3258 4659 qui
3288 4603 3399 4642 non
3428 4594 3672 4644 meretur
3697 4602 3780 4645 ac-

2181 4692 2383 4748 cipere.

2250 4784 2421 4837 Vens.
2458 4784 2544 4837 15.
2578 4812 2647 4822 —
2678 4781 2820 4849 Quid
2865 4786 2969 4837 est.
3022 4781 3154 4853 (ῐυ.)
3202 4782 3461 4839 Dicamus
3491 4782 3595 4838 hoc
3620 4782 3779 4855 prin-

2179 4872 2388 4943 cipibus
2418 4870 2773 4927 ecclesiarum
2804 4878 2856 4926 et
2885 4870 3162 4937 divitibus,
3194 4886 3317 4927 cum
3358 4871 3532 4926 aliena
3572 4872 3784 4944 rapiant

2180 4969 2234 5018 et
2262 4960 2493 5015 malitias
2540 4959 2722 5015 cordis
2770 4959 2854 5014 sui
2901 4976 3011 5015 non
3055 4959 3321 5029 auferant,
3371 4967 3560 5031 putant
3590 4977 3650 5016 se
3681 4960 3783 5018 Dei

2178 5050 2381 5104 mereri
2402 5047 2765 5105 clementiam.
2787 5049 3050 5122 Nunquid
3069 5065 3270 5104 carnes
3291 5053 3525 5105 sanctae.
3548 5050 3617 5104 At
3636 5066 3782 5106 nunc

2178 5138 2395 5210 publice
2424 5135 2768 5193 offerentium
2798 5132 3017 5193 nomina
3047 5137 3363 5208 recitantur,
3397 5145 3450 5192 et
3478 5138 3783 5210 redemptio

2178 5235 2529 5300 peccatorum
2560 5226 2615 5279 in
2645 5226 2859 5281 laudem
2888 5234 3129 5281 mutatur
3162 5244 3175 5280 :
3209 5241 3311 5282 nec
3342 5226 3677 5299 evangelicae
3707 5227 3783 5283 vi-

2179 5318 2300 5372 duae
2330 5314 2591 5370 memoria
2613 5314 2940 5382 celebratur,
2964 5330 3085 5387 qua:
3103 5314 3227 5386 plus
3256 5315 3509 5370 omnibus
3540 5315 3596 5370 in
3623 5331 3782 5390 gazo-

2178 5403 2488 5477 phylacium
2517 5403 2683 5459 misit.

2250 5511 2424 5565 Vens.
2460 5512 2545 5565 16.
2570 5541 2638 5550 —
2659 5510 2740 5567 Ad
2769 5526 2957 5566 vocem
2989 5512 3237 5583 loquelas.
3272 5509 3486 5581 (Hien.)
3508 5508 3676 5578 Quasi
3705 5509 3782 5564 di-

2181 5609 2264 5657 cat
2299 5618 2312 5654 :
2345 5600 2621 5655 Exaltatus
2648 5615 2750 5670 per
2779 5598 3113 5670 superbiam,
3137 5615 3246 5655 non
3266 5599 3541 5654 humiliter
3561 5606 3781 5653 creato-

2180 5706 2297 5746 rem
2327 5697 2381 5746 et
2419 5688 2817 5746 dominatorem
2862 5695 3013 5744 tuum
3060 5686 3391 5753 intellexisti,
3440 5686 3539 5743 sed
3585 5693 3780 5745 contra
