4028 6178
343 263 415 321 27
865 261 1269 321 WALAFRIDI
1308 262 1552 319 STRABI
1589 262 1787 318 FULD.
1829 260 2001 318 MON.
2043 261 2197 319 OPP.
2238 262 2415 320 PARS
2452 263 2495 318 Ι.
2537 293 2606 305 -—
2641 263 3114 321 THEOLOGICA.
3572 270 3641 323 28

338 385 629 443 Dominum
676 387 959 460 granditer
1004 387 1249 455 locutus,
1297 388 1426 460 igne
1473 388 1589 456 ejus
1637 402 1932 442 succensus
1950 388 2007 450 Α
2108 388 2279 444 Vens.
2312 372 2493 443 10.'—
2514 391 2773 446 Pastores
2801 391 2990 456 multi,
3027 397 3130 446 etc.
3164 389 3377 463 (1111111.)
3406 389 3646 446 Audiant

336 475 611 549 redigeris
640 476 697 530 in
722 476 972 532 nihilum.

410 564 581 620 Vnas.
607 566 693 620 17.
717 596 785 605 —
807 567 877 621 Et
895 568 1187 623 Dominus.
1212 564 1379 634 Quasi
1405 583 1418 619 :
1444 564 1655 620 Olivam
1686 564 1932 635 uberem,

334 652 642 724 pulchram,
676 653 1013 709 fructiferam
1035 654 1244 710 vocavit
1266 662 1316 708 te
1336 652 1589 708 dominus
1621 660 1744 707 tuus
1774 662 1936 726 atque

332 740 596 812 plantavit
653 760 668 797 :
729 743 826 797 sed
881 750 1107 813 propter
1162 758 1355 797 vocem
1411 741 1642 814 loquela:
1705 741 1934 814 grandis

335 828 556 886 ﬂamma
586 830 701 900 ejus
732 831 1015 887 descendit
1045 831 1099 884 in
1130 839 1202 886 te.

406 933 577 988 Vens.
604 937 773 987 18.—
794 936 870 988 Tu
900 937 1112 989 autem.
1148 932 1360 1004 (IIIER.)
1382 932 1551 987 Judaei
1583 941 1634 987 et
1664 932 1834 987 nostri
1850 933 1931 1001 ju-

334 1021 612 1077 daizantes
642 1023 712 1076 ad
740 1037 1030 1092 personam
1077 1022 1327 1076 Jeremiae
1357 1022 1459 1076 hoc
1490 1021 1751 1086 referunt,
1801 1029 1928 1088 etc.,

330 1127 504 1183 usque
532 1111 604 1165 ad
635 1110 738 1164 nisi
770 1109 908 1165 tbrte
939 1110 1122 1165 dicant
1150 1110 1410 1181 p0pulum
1431 1110 1723 1185 cogitasse,
1749 1118 1800 1166 et
1821 1126 1931 1164 non

329 1197 567 1254 fecisse?
596 1197 812 1270 (011111.)
841 1200 920 1253 Tu
949 1208 1149 1264 autem,
1181 1199 1431 1269 Domine,
1467 1207 1568 1254 etc.
1610 1201 1700 1256 Vel
1727 1203 1930 1255 notum

327 1289 421 1358 fac
451 1288 610 1353 mihi,
647 1290 897 1353 Domine,
922 1292 979 1343 et
998 1304 1323 1360 cognoscam
1346 1288 1521 1358 (Psal.
1554 1288 1745 1358 CXLII).
1769 1288 1931 1343 Juxta

326 1375 691 1442 Psalmistam,
752 1379 1027 1432 Dominus
1086 1377 1241 1432 docet
1292 1377 1577 1432 hominem
1624 1378 1929 1433 scientiam

326 1464 485 1534 (Ibid.
519 1465 703 1535 xctn.)
735 1466 889 1520 Unde
931 1484 944 1519 :
986 1467 1169 1521 Nolite
1218 1468 1406 1521 vocari
1453 1467 1714 1538 magistri
1757 1481 1929 1537 super

324 1556 559 1619 terram,
586 1571 738 1609 unus
759 1557 961 1627 quippe
977 1559 1063 1609 est
1078 1557 1352 1626 magister
1374 1559 1555 1610 vester
1575 1557 1670 1628 qui
1690 1557 1752 1610 in
1771 1556 1925 1611 caelis

322 1646 408 1697 est
427 1643 647 1712 (Matth.
680 1646 870 1714 XXIII),
895 1643 1008 1714 qui,
1042 1643 1245 1698 scilicet
1284 1643 1463 1697 erudit
1492 1643 1760 1709 homines,
1794 1652 1920 1711 etc.,

2037 477 2172 543 haac,
2205 477 2297 549 qui
2325 477 2600 548 principes
2648 477 2836 533 volunt
2866 495 3009 546 esse,
3043 487 3171 546 etc.,
3208 496 3382 553 usque
3430 479 3502 535 ad
3548 478 3642 552 qui

2032 566 2291 637 populum
2322 565 2421 621 Dei
2448 566 2875 636 dissipaverunt.

2108 673 2279 728 Vens.
2304 676 2390 728 11.
2414 703 2483 712 --
2501 674 2876 729 Desolatione.
2911 672 3127 745 (ORIG.)
3160 673 3434 742 Quoniam
3462 675 3636 732 Judaei

2036 762 2447 833 compleverunt
2475 777 2790 817 mensuram
2820 770 3033 833 patrum
3066 778 3288 818 suorum
3320 772 3372 820 et
3402 764 3638 820 addide-

2034 859 2160 905 runt
2206 836 2275 905 ad
2321 852 2711 922 prOphetarum
2771 850 3116 918 occisionem,
3171 852 3333 907 etiam
3381 853 3635 909 Salvato-

2034 940 2131 1006 ris,
2164 948 2293 1005 etc.,
2326 956 2499 1013 usque
2530 940 2602 995 ad
2643 940 3003 995 Seminamus
3051 957 3165 996 non
3208 943 3269 996 in
3313 958 3502 1009 carne,
3536 942 3635 997 sed

2033 1031 2095 1085 in
2125 1031 2353 1102 spiritu,
2378 1033 2445 1085 ut
2466 1046 2579 1086 non
2601 1033 2882 1085 metamus
2902 1032 3322 1103 corruptionem
3343 1031 3407 1086 de
3436 1047 3629 1097 carne,

2032 1119 2128 1174 sed
2157 1118 2222 1174 de
2252 1121 2463 1191 spiritu
2494 1121 2670 1174 vitam
2700 1124 2976 1175 (sternam
3007 1120 3059 1190 (I
3087 1121 3207 1176 Cor.
3242 1120 3408 1190 xvn).

2103 1207 2274 1263 Vens.
2310 1210 2395 1264 12.
2426 1239 2496 1247 -
2525 1209 2643 1265 Νοη
2674 1212 2759 1263 est
2786 1226 2925 1281 pax,
2961 1216 3064 1264 etc.
3098 1207 3314 1281 (Hii-zu.)
3344 1209 3484 1264 Caro
3528 1224 3630 1280 pa-

2033 1312 2153 1353 cem
2182 1297 2282 1352 Dei
2312 1296 2366 1351 in
2398 1313 2456 1351 se
2487 1297 2734 1368 recipere
2772 1312 2881 1352 non
2926 1305 3125 1368 potest.
3175 1299 3447 1371 Sapentia
3476 1300 3632 1355 enim

2031 1388 2224 1442 carnis
2272 1387 2509 1441 inimica
2550 1390 2635 1441 est
2665 1388 2791 1452 Deo,
2826 1391 2883 1442 et
2913 1389 3008 1460 qui
3036 1389 3098 1442 in
3129 1404 3302 1443 carne
3329 1391 3486 1453 sunt,
3519 1389 3631 1444 Deo

2027 1476 2253 1548 placere
2283 1492 2397 1532 non
2426 1479 2664 1547 possunt
2694 1476 2871 1545 (Rom.
2907 1475 3050 1547 VIII).

2102 1564 2271 1619 Vnus.
2300 1567 2385 1619 13.
2409 1595 2477 1604 —
2497 1565 2951 1621 Seminaverunt.
2985 1566 3099 1620 Hoc
3129 1580 3344 1637 quoque
3375 1564 3631 1621 ecclesia-

2031 1653 2178 1707 sticis
2208 1653 2424 1720 dicitur,
2462 1662 2587 1717 etc.,
2622 1670 2793 1726 usque
2824 1654 2895 1708 ad
2924 1662 3024 1709 et.:
3062 1654 3162 1709 Cui
3187 1656 3319 1727 plus
3362 1656 3629 1712 commit-

320 1745 494 1805 usque
523 1732 596 1786 ad
625 1746 749 1787 cum
796 1739 974 1787 autem
1006 1732 1151 1787 venit
1194 1732 1402 1804 lignum
1447 1733 1578 1787 Jesu
1616 1732 1836 1800 Christi,
1871 1741 1924 1788 et
1952 1753 2006 1813 Β
2031 1744 2194 1809 tit-ur,
2231 1744 2361 1814 plus
2390 1743 2457 1797 ab
2486 1759 2547 1799 eo
2578 1743 2831 1814 exigitur
2861 1742 3014 1815 (sap.
3051 1742 3133 1813 vi)

320 1835 501 1875 sermo
532 1819 827 1876 Salvatoris
859 1821 914 1874 in
945 1837 1064 1875 eam
1095 1821 1395 1891 descendit,
1430 1821 1766 1877 dulcoratur.

390 1922 562 1977 Vens.
582 1924 670 1978 20.
690 1953 759 1963 -
780 1923 893 1978 Tibi
935 1924 1109 1978 enim.
1160 1923 1372 1994 (Hum)
1403 1921 1545 1990 Quia
1582 1938 1692 1978 non
1724 1922 1920 1978 merito

317 2025 462 2077 meo,
506 2011 602 2065 sed
642 2026 831 2066 eorum
864 2011 1073 2066 scelere
1110 2010 1420 2084 crucifigor.
1462 2012 1618 2069 Venit
1655 2014 1920 2084 princeps

318 2099 521 2155 mundi
554 2101 742 2171 hujus,
772 2103 827 2155 et
861 2102 923 2155 in
952 2116 1042 2155 me
1067 2117 1181 2156 non
1213 2101 1375 2155 habet
1406 2102 1707 2173 quidquam
1731 2102 1915 2170 (Joan.

331 2188 472 2258 xxv).
1734 2200 1743 2205 ’

384 2276 555 2332 Vens.
574 2279 738 2333 22.-
757 2279 1058 2350 Propterea
1079 2278 1194 2333 hazc
1216 2278 1355 2333 dicit
1374 2278 1667 2333 Dominus.
1690 2276 1921 2333 Videtur

313 2365 416 2421 hoc
464 2366 733 2437 superiori
782 2366 1063 2421 sententiae
1111 2366 1465 2431 contrarium,
1510 2366 1564 2420 in
1608 2382 1730 2438 qua,
1785 2373 1915 2432 etc.,

310 2470 485 2528 usque
514 2455 585 2510 ad
614 2462 665 2509 et
696 2455 840 2526 quod
871 2454 923 2508 in
954 2456 1208 2525 praesenti
1242 2455 1297 2509 in
1326 2454 1566 2510 Jeremia
1615 2455 1918 2526 completur

310 2544 415 2599 hoc
443 2543 497 2598 in
526 2542 764 2599 futurum
796 2545 864 2599 de
895 2544 1127 2599 Domino
1158 2544 1535 2615 prophetatur.

919 2671 1145 2727 CAPUT
1182 2671 1304 2725 XII.

380 2787 551 2842 Vens.
579 2790 629 2843 1.
648 2816 718 2827 —
733 2787 930 2842 Justus
950 2786 1190 2859 quidem,
1216 2794 1321 2841 etc.
1347 2784 1561 2855 (1111111.)
1582 2783 1781 2839 Contra
1804 2800 1919 2838 om-

306 2892 406 2931 nes
435 2875 617 2948 inique
644 2883 870 2948 agentes
916 2874 1209 2945 disputatio
1250 2883 1352 2941 est,
1387 2873 1527 2928 sicut
1554 2872 1609 2926 in
1636 2872 1731 2927 illo
1759 2872 1914 2927 Psal-

306 2964 463 3019 mista
498 2983 511 3018 :
549 2965 726 3032 Quam
756 2966 931 3020 bonus
961 2965 1136 3039 Israel
1178 2966 1325 3039 Deus
1357 2964 1445 3018 his
1475 2964 1571 3035 qui
1600 2964 1744 3017 recti
1773 2966 1914 3017 sunt

304 3053 483 3124 (Psal.
516 3054 718 3125 Lxxu),
754 3062 856 3109 etc.
889 3054 997 3108 Sed
1027 3038 1300 3123 praecipue
1329 3059 1518 3108 contra
1548 3050 1856 3106 haereticos.

2094 1831 2134 1885 Α
2174 1832 2476 1903 fructibus.
2531 1830 2903 1903 Septuaginta.
2951 1832 2991 1886 A
3032 1833 3369 1903 gloriatione
3416 1837 3625 1888 vestra.

2023 1918 2237 1991 (HIER.)
2268 1919 2542 1989 Vestibus,
2577 1919 2801 1987 scilicet,
2836 1920 3111 1990 pretiosis,
3160 1920 3413 1975 domibus
3462 1937 3628 1976 exor-

2022 2008 2180 2073 natis,
2242 2008 2681 2078 possessionibus
2736 2008 2939 2073 multis,
2991 2008 3238 2064 saeculari
3296 2008 3558 2080 sapientia
3610 2029 3623 2065 :

2030 2097 2135 2163 Qui
2155 2101 2347 2152 autem
2367 2098 2667 2168 gloriatur,
2691 2099 2753 2152 in
2774 2099 3008 2154 Domino
3027 2099 3304 2169 glorietur
3324 2099 3376 2169 (I
3394 2099 3514 2155 Cor.
3541 2099 3621 2171 1).

2022 2185 2108 2252 Et,
2144 2188 2205 2241 in
2237 2203 2402 2242 cruce
2433 2188 2660 2242 Domini
2697 2188 2881 2241 nostri
2922 2188 3307 2243 Iesu-Christi
3337 2188 3483 2258 (Gal.
3518 2187 3620 2258 γι).

2018 2275 2105 2341 Ει,
2140 2277 2203 2330 in
2234 2276 2669 2343 inﬁrmitatibus
2698 2276 2817 2330 suis
2848 2279 2913 2330 ut
2945 2276 3223 2331 inhabitet
3254 2278 3315 2332 in
3346 2293 3408 2333 eo
3440 2278 3623 2332 virtus

2023 2364 2233 2419 Christi
2264 2365 2341 2433 (Il
2370 2365 2491 2421 Cor.
2526 2363 2636 2434 x1).

2091 2453 2260 2507 Vens.
2312 2454 2396 2508 14.
2428 2483 2495 2491 -
2535 2454 2767 2508 Vicinos.
2820 2452 3034 2523 (Ηιειι.)
3074 2453 3155 2508 Ad
3198 2453 3457 2520 litteram,
3499 2454 3623 2508 Idu-

2018 2557 2205 2609 maros,
2242 2540 2542 2609 Philistiim,
2586 2541 2744 2595 Moab
2774 2550 2826 2596 et
2857 2546 3107 2597 Ammon.
3143 2531 3623 2615 AllegoricefHae-

2018 2630 2218 2685 reticos
2277 2629 2369 2701 qui
2426 2629 2718 2684 Christiani
2777 2630 3059 2700 dicuntur,
3116 2639 3169 2686 et
3225 2632 3399 2704 magis
3457 2639 3620 2686 terrae

2017 2726 2216 2774 sanctae
2246 2717 2378 2773 ﬁunt
2407 2718 2594 2773 aﬂines
2625 2734 2788 2790 quam
2819 2719 3171 2776 habitatores.

2603 2887 2830 2943 CAPUT
2866 2888 3013 2943 XIII.

2088 3030 2258 3084 Vens.
2294 3033 2344 3085 1.
2367 3060 2436 3069 —
2468 3031 2592 3086 Htec
2624 3031 2763 3087 dicit
2792 3033 3083 3087 Dominus.
3119 3033 3332 3105 (Ηιειι.)
3364 3035 3461 3091 Vir
3490 3051 3619 3093 san-

382 3149 549 3206 Vsas.
575 3153 627 3204 3.
650 3111 808 3204 -ξΕι
832 3154 914 3214 tu,
949 3111 1209 3205 Domine:
1237 3148 1368 3219 (ln.)
1398 3149 1475 3203 Ac
1508 3148 1553 3201 si
1584 3147 1762 3203 dicat:
1786 3147 1910 3201 Non
1941 3111 1989 3174 Ο
2010 3127 2127 3173 etus
2157 3118 2405 3173 lumbare
2435 3119 2533 3174 Dei
2565 3119 2782 3219 diem.“
2816 3120 2919 3219 (ΙΨ,
2939 3120 3167 3219 deum“?
3207 3131 3368 3179 terra?
3397 3141 3618 3181 πεπτη-

304 3246 389 3294 est
436 3238 772 3303 scandalum,
808 3238 854 3294 si
898 3238 1046 3308 impii
1093 3237 1179 3293 vel
1227 3236 1467 3291 haeretici
1513 3252 1615 3307 pro
1662 3244 1908 3306 tempore

303 3327 520 3395 ﬂorent,
556 3337 684 3393 etc.,
717 3344 890 3401 usque
921 3327 993 3382 ad
1024 3342 1146 3382 cum
1180 3325 1414 3393 'fuerint,
1466 3325 1690 3390 scilicet,
1725 3324 1906 3380 eccle-

304 3416 519 3473 siastico
544 3416 775 3489 jugulati
806 3432 1087 3471 mucrone.

373 3520 543 3575 Vnus.
577 3521 630 3575 5.
652 3550 722 3559 —
741 3519 801 3574 Si
829 3535 960 3575 eum
984 3518 1238 3591 pedibus.
1274 3516 1441 3585 Quasi
1471 3516 1612 3572 dicat
1646 3534 1659 3570 :
1694 3515 1751 3570 Si
1782 3530 1907 3586 cap-

302 3609 485 3665 tivitas
534 3608 833 3664 vicinarum
882 3607 1128 3680 gentium
1157 3615 1211 3661 te
1242 3605 1504 3679 fatigavit,
1552 3604 1907 3660 Moabitarum

299 3697 525 3766 scilicet,
586 3696 924 3763 Philisthiim,
1005 3694 1459 3759 Ammonitarum,
1518 3695 1903 3762 Idumaeorum,

290 3787 395 3859 qui
423 3794 649 3857 propter
696 3784 1064 3851 difﬁcultatem
1116 3783 1361 3839 locorum
1410 3799 1518 3837 non
1568 3791 1675 3837 tam
1706 3799 1905 3855 pugnae

299 3891 461 3948 quam
507 3874 794 3930 latrocinio
844 3874 955 3944 apti
1006 3880 1149 3927 sunt.
1203 3872 1498 3939 Quomodo.
1533 3872 1592 3925 Id
1622 3879 1724 3935 est,
1775 3871 1905 3941 quid

299 3963 487 4031 facies,
539 3979 661 4019 cum
692 3963 761 4017 ad
792 3961 1151 4032 captivitatem
1194 3960 1249 4013 in
1289 3959 1599 4014 Chaldzeam
1648 3958 1906 4014 veneris?

301 4052 541 4108 Chaldaei
571 4051 715 4107 enim
745 4059 798 4107 et
828 4051 1007 4106 Persze
1036 4048 1191 4123 equis
1222 4048 1484 4121 gaudent.

374 4154 543 4209 Vnus.
577 4156 628 4208 6.
662 4183 732 4193 —
762 4154 904 4208 Nam
950 4156 1007 4208 et
1052 4155 1286 4223 fratres,
1320 4159 1424 4206 etc.
1459 4148 1672 4221 (HIER.)
1722 4150 1905 4203 Potest

299 4244 403 4299 hoc
431 4243 500 4297 de
530 4242 753 4297 Christo
776 4240 1024 4314 intelligi,
1058 4249 1249 4295 contra
1277 4255 1437 4311 quem
1468 4236 1669 4293 fratres
1697 4238 1902 4293 clama-

299 4340 495 4389 verunt
526 4349 539 4386 :
579 4331 847 4402 Cruci/Ege
880 4346 1011 4385 eum
1041 4349 1059 4384 :
1092 4330 1211 4385 Non
1242 4329 1509 4384 habemus
1556 4343 1742 4399 regem
1785 4328 1904 4383 nisi

305 4422 580 4479 Caesarem
608 4421 795 4492 (Joan.
830 4419 976 4490 XIX).

2008 3217 2134 3280 ptus
2164 3216 2266 3272 est,
2301 3216 2429 3277 etc.,
2462 3224 2635 3280 usque
2666 3209 2737 3263 ad
2768 3209 3112 3265 multitudine
3141 3211 3615 3270 innumerabilium

2008 3296 2250 3371 gentium
2291 3297 2692 3368 quodammodo
2740 3297 3031 3368 absorptus
3061 3307 3114 3353 et
3144 3299 3278 3355 nihil
3308 3311 3611 3372 reputatus.

2078 3386 2249 3441 Vens.
2283 3388 2335 3439 5.
2371 3416 2441 3425 —
2469 3387 2540 3440 Et
2569 3386 2850 3452 abscondi,
2885 3395 2987 3442 etc.
3023 3387 3240 3459 (011111.)
3269 3390 3443 3446 Judaei
3471 3392 3616 3448 indi-

2006 3475 2100 3547 gni
2149 3474 2469 3529 exstiterunt
2516 3475 2651 3544 Deo,
2712 3484 2765 3528 et
2794 3476 3022 3545 projecti
3073 3485 3197 3531 sunt
3244 3479 3314 3532 ab
3362 3495 3447 3547 eo,
3480 3490 3612 3549 etc.,

2005 3580 2178 3637 usque
2226 3562 2298 3618 ad
2344 3562 2389 3616 si
2437 3578 2545 3617 non
2602 3563 2890 3619 adherens
2948 3565 3211 3633 Domino,
3263 3584 3372 3623 uno
3419 3569 3613 3640 spiritu

2006 3651 2168 3707 fuerit
2198 3652 2252 3706 in
2284 3652 2519 3707 Christo.

2075 3755 2246 3810 Vens.
2279 3756 2331 3809 7.
2363 3785 2432 3793 -
2462 3756 2530 3809 Et
2581 3755 2693 3809 tuli
2742 3756 3011 3811 .umbare.
3054 3755 3272 3829 (HIER.)
3304 3758 3362 3811 In
3390 3759 3615 3829 captivi-

2004 3852 2130 3898 tate.
2167 3842 2445 3915 Signiticat
2474 3852 2652 3898 autem
2683 3845 2827 3915 quod
2857 3845 3139 3915 prapheta,
3171 3854 3299 3911 etc.,
3333 3863 3508 3919 usque
3539 3849 3611 3903 ad

2003 3931 2127 3986 ideo
2158 3940 2360 3987 interna
2388 3932 2695 4002 perditione
2725 3933 3076 3988 contabescit.

2074 4034 2243 4089 Vnus.
2272 4036 2356 4091 12.
2380 4065 2449 4073 -
2469 4035 2663 4090 Omnis
2688 4037 3010 4107 laguncula.
3036 4035 3167 4107 (11).)
3188 4036 3315 4092 Haec
3336 4045 3419 4092 est
3439 4037 3610 4096 ebrie-

2003 4130 2101 4188 tas,
2150 4138 2259 4193 qua
2301 4122 2672 4178 obliviscimur
2726 4133 3121 4196 praeceptorum
3177 4126 3312 4193 Dei,
3366 4116 3419 4181 et
3464 4127 3611 4183 vitiis

2000 4220 2159 4283 atque
2189 4212 2450 4282 peccatis,
2485 4220 2613 4279 etc.,
2647 4230 2821 4286 usque
2851 4214 2922 4268 ad
2952 4214 3117 4269 Miser
3145 4231 3239 4286 ego
3268 4216 3446 4281 homo,
3482 4218 3607 4289 quis

2000 4317 2090 4355 me
2123 4301 2377 4356 liberabit
2406 4301 2471 4356 de
2499 4318 2727 4374 corpore
2774 4304 2975 4358 mortis
3022 4303 3231 4375 hujus?
3262 4304 3440 4374 (Rom.
3476 4305 3604 4377 vn.)

2070 4403 2241 4457 Vnus.
2278 4404 2363 4457 14.
2398 4434 2467 4442 -
2496 4405 2565 4457 Et
2596 4404 2931 4476 dispergam.
2968 4404 3099 4476 (11).)
3128 4405 3451 4462 Rationabili
3500 4407 3600 4474 ira,

372 4472 974 4581 iam;
1014 4507 1263 4565 domum,
1300 4505 1476 4571 Unde,
1528 4506 1899 4578 Relinquetur
1931 4472 2054 4546 Dut
2085 4490 2340 4546 reducam
2369 4492 2437 4545 ab
2466 4472 2697 4557 errore;
2729 4472 3011 4547 doloribus
3041 4472 3094 4548 et
3125 4496 3425 4562 tormentis,
3470 4472 3598 4563 etc.,

298 4600 446 4655 vobis
475 4597 671 4653 domus
720 4601 908 4653 vestra
954 4597 1177 4652 deserta
1208 4596 1365 4667 (Luc.
1398 4594 1526 4664 xm)
1561 4611 1574 4647 :
1607 4594 1674 4647 Et
1707 4611 1720 4647 :
1754 4594 1895 4649 Sur-

296 4688 430 4761 gite,
464 4702 658 4742 eamus
690 4686 821 4741 hinc
854 4686 1040 4757 (Joan.
1074 4684 1219 4755 xw).

368 4776 539 4831 Vens.
573 4778 624 4829 8.
658 4804 728 4814 —
756 4775 1065 4829 Ha’reditas
1095 4790 1238 4839 mea,
1277 4780 1379 4827 etc.
1416 4770 1631 4841 (01116.)
1661 4769 1784 4825 Non
1814 4778 1898 4825 est

295 4864 606 4921 mirandum
638 4862 683 4918 si
714 4870 841 4918 tunc
870 4861 1009 4918 truci
1040 4861 1234 4916 bellua:
1278 4868 1586 4931 comparata
1618 4859 1685 4913 sit
1714 4859 1897 4915 haere-

297 4953 460 5021 ditas,
490 4969 613 5009 cum
643 4967 815 5023 usque
845 4950 1007 5006 hodie
1037 4950 1144 5004 sint
1173 4949 1360 5005 leones
1386 4950 1442 5002 in
1474 4948 1626 5020 sylva
1670 4949 1896 5003 anathe-

296 5041 611 5096 matizantes
657 5040 949 5107 Christum,
982 5047 1034 5095 et
1063 5038 1501 5110 blasphemantes
1550 5045 1602 5092 et
1648 5034 1898 5092 fidelibus

295 5129 636 5186 insidiantes.

366 5220 538 5274 Vnus.
573 5222 626 5273 9.
657 5248 726 5258 —
756 5216 1018 5291 Nunquid
1047 5217 1167 5271 avis
1197 5216 1475 5272 discolor?
1504 5213 1892 5286 Septuaginta:

295 5308 560 5381 Nunquid
614 5308 885 5380 spelunca
945 5307 1128 5362 hieme
1186 5304 1486 5360 hcereditas
1542 5318 1668 5358 mea
1716 5304 1897 5359 mihi?

295 5396 510 5470 (1111111.)
554 5395 729 5467 Hiena
769 5404 1034 5451 nocturna
1071 5393 1243 5449 bestia
1287 5399 1628 5447 mortuorum
1672 5391 1897 5447 devorat

295 5487 581 5551 cadavera,
616 5492 669 5540 et
696 5485 764 5540 de
796 5484 1059 5556 sepulcris
1102 5480 1288 5537 eti‘odit
1337 5495 1573 5550 corpora
1603 5488 1655 5534 et
1685 5480 1897 5537 cunctis

294 5574 531 5632 vescitur
560 5574 835 5640 sordibus,
870 5574 1023 5642 cujus
1060 5568 1413 5625 immunditiae
1462 5567 1628 5623 Israel
1676 5583 1897 5640 compa-

294 5671 465 5723 ratur.

1995 4598 2168 4654 usque
2197 4580 2268 4635 ad
2299 4589 2351 4635 et
2380 4580 2556 4635 omnis
2586 4581 2820 4652 populus
2858 4582 3160 4636 Jerusalem
3210 4583 3381 4640 calice
3429 4586 3607 4660 Baby-

2013 4669 2174 4725 loniae
2204 4669 2273 4724 sit
2302 4669 2652 4724 inebriandus
2681 4678 2733 4724 et
2761 4670 3065 4741 captivitate
3095 4672 3431 4729 obruendus.

2068 4759 2237 4813 Vens.
2276 4761 2361 4813 16.
2386 4788 2455 4797 —
2475 4760 2614 4813 Date
2642 4760 2895 4825 Domino,
2927 4767 3029 4814 etc.
3065 4760 3197 4831 (11).)
3226 4762 3311 4817 Ad
3339 4763 3601 4833 pcnniten-

1995 4846 2120 4901 tiam
2137 4854 2417 4918 provocat,
2437 4855 2723 4919 antequam
2742 4848 3010 4903 ducantur
3026 4848 3081 4903 in
3100 4850 3452 4923 Babylonem,
3468 4859 3600 4920 etc.,

1996 4952 2169 5009 usque
2198 4936 2270 4991 ad
2300 4945 2353 4991 et
2386 4936 2692 5007 SOphonias
2725 4954 2737 4989 :
2770 4938 2899 4993 Dies
2932 4940 3295 4995 tenebrarum
3325 4944 3381 4995 et
3413 4941 3600 4997 turbi-

1995 5026 2087 5080 nis
2116 5025 2303 5097 (Soph.
2339 5028 2412 5095 1).

2066 5127 2237 5181 Vnus.
2264 5127 2349 5181 17.
2374 5157 2442 5165 -—
2465 5126 2615 5193 Quod
2643 5128 2694 5182 si
2726 5127 2825 5183 hoc
2855 5145 2969 5184 non
2991 5129 3259 5186 audieris.
3284 5130 3416 5203 (11).)
3437 5131 3601 5188 Dica-

1994 5231 2117 5269 mus
2128 5215 2155 5268 J
2160 5215 2331 5270 udaris
2347 5223 2400 5269 et
2415 5215 2618 5269 nostris
2633 5216 3059 5285 Judaizantibus,
3075 5218 3168 5290 qui
3189 5219 3442 5286 litteram,
3464 5229 3571 5276 etc.
3583 5264 3595 5287 ,

1995 5320 2168 5376 usque
2199 5304 2271 5359 ad
2297 5303 2530 5375 plorabit
2568 5305 2746 5360 anima
2792 5308 3073 5379 prOphetae
3100 5324 3132 5361 a
3161 5306 3297 5363 facie
3329 5308 3599 5380 superbiae

1995 5408 2180 5447 eorum
2190 5434 2202 5446 .

2070 5481 2277 5552 Captus
2321 5485 2424 5537 est.
2458 5485 2504 5537 A
2534 5482 2751 5539 diabolo
2800 5483 2885 5539 vel
2933 5484 3458 5553 Nabuchodonosor,
3510 5487 3599 5543 vel

1996 5569 2278 5626 contritus.
2321 5570 2626 5643 Aliquando
2675 5572 2844 5627 Israel
2890 5572 2987 5627 fuit
3035 5589 3171 5646 grex
3218 5574 3453 5631 Domini.
3489 5575 3601 5632 Sed

1995 5658 2120 5733 quia
2147 5658 2404 5735 indignos
2434 5676 2494 5716 se
2516 5661 2895 5730 judicaverunt
2943 5662 3135 5730 salute,
3187 5678 3489 5721 conversus
3519 5673 3603 5722 est
