4028 6178
270 266 340 321 29
1180 259 1450 317 GLOSSA
1490 259 1898 317 ORDINABIA.
1940 289 2010 300 —
2047 258 2445 315 PROPHETIA
2481 258 2816 315 JEREMI/E.
3130 300 3139 305 -
3497 259 3565 312 30

277 402 459 444 sermo
478 386 551 443 ad
580 386 805 443 Gentes.
838 385 1044 443 Caveat
1079 385 1319 441 oleaster
1347 385 1405 441 in
1431 385 1632 441 bonam
1669 384 1871 441 olivam
1897 383 2116 444 Aditus
2145 399 2256 439 non
2276 393 2377 452 est,
2411 400 2521 439 non
2549 399 2841 455 possessor
2860 382 3002 457 agri,
3036 384 3133 439 sed
3162 382 3408 450 colonus,
3433 390 3563 450 etc.,

278 486 470 535 contra
496 476 752 532 naturam
780 475 1039 542 insertus,
1070 491 1139 530 ne
1168 483 1223 530 et
1249 475 1368 546 ipse
1397 482 1729 531 conteratur.

350 567 521 623 Vsus.
555 570 641 621 18.
666 595 737 605 —
755 566 857 621 Dic
876 567 994 637 regi
1021 569 1077 621 et
1091 566 1488 621 Dominatrici.
1505 562 1714 636 (Hmu).
1739 563 1876 618 Ver-

279 658 411 713 bum
439 654 748 710 Haebrmum
778 654 992 721 Gebira,
1027 654 1225 726 Aquila
1236 661 1289 708 et
1302 653 1662 725 Symmachus
1680 654 1874 709 Domi-

278 747 560 802 natrieem
588 751 641 799 et
668 744 958 799 dominam
994 742 1335 815 interpretati
1365 751 1508 809 sunt,
1549 750 1679 807 etc.,
1702 758 1875 815 usque

279 836 353 891 ad
381 842 435 890 et
464 833 610 905 quod
641 832 866 905 quidam
914 832 1098 905 angeli
1129 832 1279 903 passi
1311 839 1436 887 sunt
1462 846 1565 902 pro
1614 832 1874 901 redemp-

278 923 422 979 tione
477 922 807 987 daemonum,
842 930 895 976 et
950 929 1071 991 post
1112 920 1376 989 judicium
1435 928 1622 991 portas
1678 918 1877 974 inferni

276 1011 457 1069 claudi
487 1019 540 1066 et
587 1010 797 1065 nullum
823 1010 902 1064 ibi
946 1009 1147 1080 puniri,
1178 1010 1325 1082 quod
1355 1009 1627 1082 Origenes
1674 1008 1876 1063 sentire

278 1101 516 1167 videtur,
549 1099 696 1172 quod
724 1098 989 1156 frivolum
1010 1107 1112 1154 est.

347 1203 522 1258 Vens.
545 1206 633 1260 21.
655 1232 725 1242 —
751 1204 829 1258 Tu
848 1202 1256 1259 enimdocuisti
1275 1219 1385 1268 eos,
1411 1209 1516 1258 etc.
1540 1200 1671 1273 (In.)
1692 1194 1917 1269 Quam"

271 1293 346 1348 do
367 1291 631 1348 Ezechias
659 1291 898 1347 ostendit
925 1292 1245 1346 thesaurum
1293 1291 1483 1346 nuntio
1512 1291 1663 1363 regis
1702 1290 1877 1360 Baby-

273 1382 459 1437 loniae.
497 1382 762 1447 Tuenim,
797 1388 902 1436 etc.
926 1381 1125 1435 Audiat
1152 1382 1258 1435 hoc
1288 1380 1540 1437 Ecclesia
1559 1379 1868 1453 negligens,

276 1488 403 1544 qua:
431 1471 594 1526 docet
638 1470 990 1526 adversarios
1020 1486 1149 1525 suos
1194 1470 1469 1542 quomodo
1499 1469 1708 1540 possint
1758 1484 1878 1523 eam

273 1559 547 1631 spirituali
592 1559 899 1630 captivitate
946 1559 1431 1631 comprehendere,
1462 1566 1515 1614 et
1543 1574 1713 1629 pecus
1762 1558 1878 1626 ejus

275 1649 500 1705 bestiali
525 1649 848 1705 crudelitate
876 1649 1144 1703 lacerare.

1972 490 2146 547 usque
2158 474 2230 529 ad
2258 474 2546 529 etviatoris
2565 473 2965 545 praetereuntis,
2999 473 3091 546 qui
3112 472 3341 546 negligit
3360 487 3426 527 ea
3446 486 3568 543 quae

1974 570 2271 619 occurrunt
2300 562 2357 617 in
2385 562 2507 618 viis.

2044 653 2114 707 Et
2143 654 2306 726 quasi
2336 654 2537 709 viator.
2562 650 2776 723 (Hum)
2804 651 2977 706 Judaei
2995 651 3140 707 hunc
3156 650 3337 706 locum
3369 649 3449 705 sic
3471 665 3567 704 ex-

1974 749 2182 812 ponunt
2215 760 2228 796 :
2261 740 2444 810 Quare
2476 756 2742 814 segreges
2773 749 2843 807 te,
2898 749 3026 805 etc.,
3059 756 3232 812 usque
3261 740 3332 795 ad
3377 738 3570 795 relicto

1977 831 2148 886 Israel
2180 830 2363 885 tendat
2393 831 2462 885 ad
2483 838 2695 902 gentes,
2728 838 2784 885 ut
2804 830 2872 884 de
2904 830 3025 886 loco
3058 830 3129 884 ad
3159 829 3360 895 locum,
3385 820 3454 883 de
3473 843 3572 899 po-

1974 921 2104 992 pulo
2133 920 2204 974 ad
2232 920 2512 991 populum,
2546 920 2615 973 de
2644 919 2846 990 templo
2875 919 2945 974 ad
2974 909 3303 975 Ecclesium.
3356 912 3365 919 ’

2051 1029 2218 1083 Vens.
2253 1031 2338 1082 10.
2372 1059 2442 1068 —
2471 1028 2677 1083 Movere
2704 1028 2870 1099 pedes
2902 1043 3049 1093 suos,
3084 1034 3188 1082 etc.
3214 1025 3345 1099 (In.)
3365 1025 3573 1080 Notan-

1974 1116 2105 1171 dum
2134 1116 2190 1170 in
2221 1116 2518 1187 Scripturis
2548 1116 2751 1171 sanctis
2784 1116 2930 1187 quod
2953 1132 3171 1187 semper
3216 1122 3572 1186 peccatorum

1977 1206 2147 1277 pedes
2176 1214 2518 1272 moveantur,
2553 1213 2682 1272 etc.,
2718 1220 2890 1278 usque
2921 1205 2993 1260 ad
3023 1213 3077 1259 et
3125 1204 3219 1276 qui
3248 1203 3442 1257 turrim
3470 1204 3573 1259 Ba-

1980 1294 2192 1366 bylonis
2223 1293 2631 1350 eediﬁcaverunt
2679 1295 2749 1349 ab
2799 1292 3024 1349 Oriente
3068 1300 3357 1349 moverunt
3401 1292 3574 1364 pedes

1979 1399 2128 1439 SUOS.

2052 1490 2220 1545 Visus.
2256 1494 2342 1546 11.
2375 1522 2445 1531 -—
2476 1491 2600 1547 Noli
2621 1505 2803 1547 orare.
2856 1488 2988 1562 (In.)
3021 1488 3255 1545 Stultum
3306 1495 3388 1543 est
3417 1503 3577 1545 orare

1976 1596 2080 1651 pro
2110 1596 2176 1635 eo
2207 1580 2299 1652 qui
2345 1580 2657 1651 peccaverit
2704 1580 2773 1634 ad
2821 1587 3075 1645 mortem,
3123 1586 3253 1645 etc.,
3301 1594 3476 1650 usque
3504 1578 3576 1634 ad

1979 1669 2072 1741 qui
2101 1668 2245 1724 enim
2296 1668 2467 1723 semel
2498 1668 2683 1740 gladio
2715 1677 2766 1722 et
2816 1667 2945 1723 fami
2978 1676 3030 1722 et
3068 1667 3208 1738 pesti
3247 1666 3572 1733 destinatur,

348 1740 529 1795 Vsus.
557 1742 647 1796 22.
664 1740 986 1810 —Propter
1004 1738 1459 1803 multitudinem,
1476 1744 1577 1792 etc.
1594 1735 1724 1808 (In.)
1742 1736 1880 1792 Hinc

2002 1758 2147 1813 iullis
2177 1758 2434 1829 precibus
2466 1757 2673 1812 eruitur
2706 1774 2719 1810 :
2754 1758 2917 1822 unde,
2952 1758 3079 1814 Noli
3107 1772 3288 1822 orare,
3324 1762 3432 1811 etc.

269 1829 560 1895 discimus,
595 1827 836 1899 quandiu
864 1834 1093 1898 peccata
1123 1835 1246 1881 sunt
1276 1827 1507 1893 minora,
1542 1835 1671 1890 etc.,
1706 1842 1879 1898 usque

271 1918 347 1974 ad
378 1919 483 1973 Isti
512 1921 812 1989 resurgent
840 1918 905 1972 in
932 1918 1112 1972 vitam
1139 1921 1436 1982 ceternam,
1486 1920 1542 1971 et
1570 1917 1664 1971 illi
1692 1917 1755 1970 in
1777 1929 1879 1987 0p-

271 2008 570 2081 probrium
600 2010 657 2061 et
685 2006 1077 2076 confusionem
1107 2007 1518 2078 sempiternam
1548 2006 1716 2076 (Dan.
1750 2006 1875 2074 xu).

347 2114 525 2169 Vnus.
560 2115 649 2170 23.
673 2142 744 2151 —
771 2111 830 2168 Si
858 2115 1084 2168 mutare
1109 2115 1315 2184 potest,
1350 2119 1455 2167 etc.
1488 2110 1620 2183 (In.)
1649 2111 1765 2167 Hoc
1794 2118 1879 2165 te-

273 2202 538 2258 stimonio
564 2208 808 2267 utuntur,
842 2201 935 2273 qui
963 2202 1211 2258 diversas
1241 2208 1467 2256 naturas
1515 2216 1767 2255 asserere
1789 2215 1881 2255 co-

270 2300 502 2356 nantur,
536 2299 668 2355 etc.,
691 2307 867 2363 usque
884 2291 955 2345 ad
972 2291 1092 2347 Non
1103 2292 1282 2362 igitur
1290 2291 1567 2362 glorietur
1576 2291 1804 2361 sapiens
1818 2289 1880 2344 in

274 2382 573 2454 sapientia
584 2396 708 2445 sua,
728 2381 816 2435 vel
840 2380 1010 2451 fortis
1030 2381 1093 2434 in
1113 2379 1406 2450 fortudine
1422 2395 1527 2434 sua
1544 2378 1680 2449 (Jer.
1700 2378 1804 2449 Ix),
1830 2384 1882 2433 et

180 2497 185 2501 υ
280 2468 625 2539 hujusmodi,
650 2484 769 2540 qua:
797 2470 856 2522 in
885 2468 1138 2523 omnibus
1166 2476 1428 2538 operatur
1446 2467 1619 2523 virtus
1659 2466 1877 2521 Christi.

352 2559 528 2613 Vnus.
568 2560 660 2615 26.
691 2588 762 2597 —
790 2558 1029 2613 Nudavi.
1082 2558 1213 2628 (In.)
1263 2556 1541 2628 Rogemus
1589 2555 1878 2621 Christum,

282 2656 341 2701 ut
371 2662 477 2702 nec
505 2645 563 2700 in
583 2645 863 2717 praesenti,
896 2661 999 2701 nec
1020 2645 1077 2699 in
1106 2646 1287 2700 futuro
1318 2645 1527 2700 revelet
1573 2643 1883 2715 posteriora

273 2743 488 2801 nostra,
525 2734 624 2789 sed
653 2734 833 2789 deleat
862 2733 1173 2805 iniquitates
1200 2741 1439 2800 nostras,
1473 2741 1527 2788 et
1556 2733 1881 2790 scelerano-

278 2832 399 2878 stra
429 2838 703 2894 apparere
733 2838 847 2877 non
875 2822 1037 2878 sinat.

346 2925 529 2980 Vens.
562 2926 653 2981 27.
685 2954 755 2964 -
784 2924 965 2997 Super
992 2925 1183 2981 colles.
1216 2922 1547 3007 Allegorice.
1572 2922 1634 2976 In
1654 2921 1884 2999 collibus

278 3023 329 3069 et
356 3014 419 3067 in
463 3013 625 3086 agris
651 3012 971 3079 fornicatur,
1006 3020 1059 3067 et
1105 3012 1751 3077 nunuuam:mundatur;
1792 3011 1886 3082 qui

2062 1865 2232 1919 Vens.
2269 1868 2355 1919 13.
2387 1896 2457 1905 -
2504 1865 2799 1937 Propheta!
2828 1864 3143 1929 dicunteis,
3179 1870 3283 1918 etc.
3337 1861 3576 1917 Audiant

1979 1955 2095 2008 hmc
2123 1953 2374 2026 magistri
2405 1953 2496 2025 qui
2527 1952 2881 2024 peccantibus
2914 1960 2966 2007 et
2995 1952 3051 2005 in
3080 1951 3223 2006 vitiis
3252 1965 3580 2022 permanen-

1979 2043 2123 2098 tibus
2152 2058 2421 2114 prospera
2448 2042 2794 2114 pollicentur.
2849 2041 3001 2097 Multi
3047 2041 3186 2095 tales
3218 2041 3380 2095 hodie
3429 2048 3575 2107 sunt,

1981 2132 2073 2205 qui
2101 2140 2232 2187 nont
2262 2141 2455 2187 curant
2475 2132 2836 2204 undecunque
2867 2131 2935 2185 sit
2954 2130 3180 2198 oblatio,
3206 2130 3576 2197 consulentes,

1981 2238 2091 2277 suae
2108 2221 2385 2287 avarities;
2417 2230 2474 2276 ut
2495 2221 2717 2293 quidam
2748 2220 2944 2277 fecisse
2982 2220 3200 2286 dicitur,
3235 2220 3327 2291 qui
3343 2234 3578 2290 persua-

1980 2311 2145 2365 debat
2173 2318 2231 2364 ut
2281 2318 2493 2367 secreta
2537 2308 2927 2366 confiterentur
2971 2316 3201 2380 peccata
3248 2324 3435 2364 coram
3464 2308 3580 2365 Deo

1982 2407 2106 2453 ante
2138 2398 2331 2463 altare,
2393 2406 2446 2451 et
2495 2397 2613 2468 ipse
2671 2414 2737 2451 ex
2766 2398 3002 2452 adverso
3032 2396 3305 2452 sedebat:
3367 2405 3420 2451 et
3478 2412 3580 2451 au-

1980 2486 2186 2552 diebat,
2221 2495 2274 2540 et
2304 2487 2445 2541 hanc
2467 2485 2813 2541 securitatem
2843 2486 3028 2541 dabat.
3053 2485 3450 2540 Tantummodo
3473 2484 3582 2540 lar-

1981 2591 2083 2648 gas
2115 2576 2493 2646 eleemosynas
2524 2574 2685 2629 facite
2716 2582 2769 2628 et
2800 2572 3018 2629 sufﬁcit.

2065 2666 2237 2719 Vens.
2274 2668 2361 2719 15.
2395 2694 2464 2703 —
2495 2666 2619 2719 Ha’c
2647 2664 2787 2719 dicit
2820 2663 3102 2719 dominus.
3138 2662 3350 2733 (HIER.)
3380 2661 3584 2718 Caveat

1982 2754 2495 2825 pseudoprophetas,
2530 2768 2598 2807 ne
2631 2752 2723 2823 qui
2741 2751 3065 2822 decipiendo
3094 2752 3299 2807 lactant
3320 2750 3582 2822 populum

1982 2842 2103 2907 Dei,
2139 2850 2191 2897 et
2219 2842 2323 2913 ipsi
2371 2850 2602 2912 pereant
2640 2857 2765 2897 cum
2795 2840 3057 2912 deceptis,
3093 2848 3146 2895 et
3169 2840 3389 2910 jaceant
3436 2840 3584 2896 inse-

1982 2931 2223 3017 puilt.i‘,(et
2246 2947 2363 3017 pen
2392 2931 2460 2985 sit
2490 2931 2583 3002 qui
2612 2930 2824 3001 operiat
2855 2929 3214 3003 ignominiam
3246 2945 3437 2985 eorum
3455 2929 3584 3001 pul-

1983 3005 2129 3076 ve're“
2142 3002 2493 3110 (paenitenda.

276 3110 485 3193 erecta,
507 3102 724 3158 cervice
740 3118 871 3193 ipgr
896 3101 1259 3193 superbiapt;
1278 3117 1389 3193 non
1435 3098 1751 3193 Ιιιιιιὶξξίεὶῐατ
1767 3101 1961 3193 ἐξὼὈ
1977 3099 1997 3115 θ
2013 3098 2030 3115 ἦ
2066 3098 2268 3189 νιεὶιέῖ
2283 3098 2369 3178 1’7.
2392 3098 2462 3164 ξ-
2480 3123 2774 3178 Deducant
2795 3123 2945 3178 oculi
2973 3123 3105 3177 mei.
3130 3120 3261 3193 (In.)
3284 3105 3586 3193 Dupliciter

277 3192 492 3263 potenti
539 3207 707 3247 manu
738 3191 858 3258 Dei,
894 3190 992 3246 sed
1039 3189 1262 3247 confidit
1307 3190 1363 3245 in
1394 3190 1701 3267 sceleribus
1745 3189 1881 3246 suis.

894 3349 1131 3410 CAPUT,
1158 3346 1324 3404 XIV}.
1400 3370 1407 3371 ί

346 3506 526 3561 Vnus.
562 3505 973 3577 1.—Etportae
999 3504 1139 3575 ejus,
1161 3510 1266 3558 etc.
1295 3499 1508 3573 (HIER.)
1521 3500 1746 3566 Sensus,
1769 3498 1883 3556 sci-

280 3594 430 3659 licet,
442 3610 549 3665 per
565 3610 706 3665 quos
721 3593 904 3648 animo
916 3592 1219 3663 concipitur
1239 3590 1548 3661 disciplina,
1569 3598 1671 3645 etc.
1683 3633 1695 3656 ,
1720 3606 1893 3662 usque

279 3683 351 3737 ad
369 3690 427 3737 et
454 3698 635 3754 usque
663 3682 720 3736 in
748 3689 1077 3752 praesentem
1110 3681 1256 3735 diem
1278 3679 1550 3735 sterelitas
1582 3678 1891 3748 pluvarium

278 3787 392 3827 non
423 3771 605 3827 solum
634 3770 876 3843 frugum,
913 3771 1011 3825 sed
1040 3778 1094 3825 et
1115 3769 1338 3826 bibendi
1364 3768 1493 3825 facit
1520 3767 1779 3838 inopiam.

358 3861 535 3916 Vnus.
568 3862 623 3915 4.
685 3890 756 3900 -
813 3860 1103 3932 Agricolae.
1164 3856 1412 3927 Quorum
1441 3873 1582 3912 unus
1611 3856 1686 3912 ait
1718 3873 1732 3910 :
1792 3857 1894 3911 Dei

278 3951 641 4021 agricultura
696 3950 834 4005 estis
864 3949 917 4020 (Ι
977 3950 1097 4005 Cor.
1132 3950 1236 4019 ιιι).
1270 3948 1338 4002 Et
1387 3946 1519 4003 alibi
1548 3947 1651 4001 Dei
1708 3959 1895 4017 coope-

277 4044 503 4097 ratores
533 4055 755 4094 sumus.

346 4142 529 4196 Vnus.
565 4144 618 4196 5.
650 4171 720 4181 —
748 4141 890 4196 Nam
919 4144 976 4197 et
1021 4156 1204 4205 cerva,
1240 4146 1345 4194 etc.
1381 4136 1613 4209 (Gneo)
1664 4136 1807 4191 Nam
1837 4140 1894 4191 et

275 4247 445 4286 cerva
474 4230 589 4301 (vel
619 4230 821 4301 cervae)
850 4231 913 4285 in
943 4247 1074 4301 agro
1106 4230 1328 4302 peperit
1359 4227 1471 4299 (vel
1505 4225 1881 4297 pepererunt).

281 4320 411 4375 Haec
443 4319 716 4375 sententia
734 4319 803 4374 de
825 4318 1142 4375 doctoribus
1163 4317 1378 4391 genitos
1397 4314 1540 4370 ﬁlios
1559 4315 1775 4370 incaute
1797 4313 1893 4369 de-

283 4408 601 4463 serentibus
631 4408 848 4473 dicitur,
900 4416 1029 4474 etc.,
1061 4423 1235 4480 usque
1265 4407 1337 4461 ad
1369 4405 1632 4476 scriptum
1671 4411 1773 4469 est,
1794 4403 1892 4458 In-

1992 3212 2081 3292 hie
2110 3212 2265 3286 locus
2293 3212 2633 3292 intelligitur.
2668 3211 2827 3280 Quod
2858 3211 2946 3266 vel
2974 3211 3092 3282 ipse
3122 3212 3289 3280 Deus,
3323 3219 3450 3278 etc.,
3494 3227 3588 3267 us-

1960 3368 1968 3374 ,
2218 3284 2382 3374 pinge.
2392 3284 2645 3367 cbﬁujta,
2668 3298 2781 3356 filia
2799 3316 3083 3372 percussa,
3105 3300 3340 3373 populus
3351 3299 3584 3355 deletus.

2071 3404 2246 3477 Vitas.
2281 3407 2367 3459 18.
2402 3434 2471 3443 —
2499 3404 2558 3459 Si
2586 3419 2857 3475 egressus,
2892 3410 2997 3459 etc.
3031 3402 3164 3473 (In.)
3194 3402 3431 3458 Audiant
3476 3403 3585 3460 hoc

1994 3492 2274 3563 prephetae
2302 3491 2475 3546 nostri
2531 3499 2585 3546 et
2614 3490 2951 3559 sacerdotes,
2985 3491 3132 3562 quod
3160 3506 3263 3547 nec
3290 3488 3425 3545 foris
3484 3504 3589 3547 nec

1994 3579 2160 3647 intus,
2195 3588 2323 3645 etc.,
2356 3596 2528 3653 usque
2558 3580 2630 3634 ad
2661 3579 2753 3651 qui
2781 3579 3182 3650 prOphetabant
3211 3594 3500 3649 prospera,
3536 3585 3589 3634 et

1994 3668 2136 3741 legis
2183 3668 2442 3723 mandata
2472 3668 2687 3738 aperire
2736 3668 3030 3733 debebant,
3080 3669 3345 3723 abierunt
3390 3669 3454 3723 in
3478 3671 3591 3723 ter-

1994 3774 2120 3813 ra-m
2150 3774 2318 3831 quam
2346 3758 2700 3829 ignorabant.
2734 3757 2794 3810 Id
2825 3763 2926 3822 est,
2945 3756 3203 3825 captivati
3231 3764 3374 3811 sunt.

2076 3864 2245 3918 Vens.
2283 3866 2368 3918 19.
2393 3892 2461 3902 —
2490 3862 2749 3934 Nunquid
2776 3861 3091 3933 projiciens,
3142 3868 3246 3917 etc.
3279 3861 3491 3934 (Ηιειι.)
3520 3863 3591 3918 Ut

1994 3951 2088 4006 ubi
2117 3950 2294 4006 fuerat
2324 3950 2501 4007 cultus
2530 3951 2631 4005 Dei
2661 3959 2712 4005 et
2741 3950 3127 4023 tranquillitas,
3160 3949 3237 4004 ibi
3267 3950 3335 4005 sit
3380 3949 3575 4007 seditio

1994 4048 2047 4094 et
2071 4040 2284 4095 hostilis
2314 4039 2582 4095 fremitus.
2617 4039 2673 4094 Si
2703 4040 2923 4111 quando
2970 4047 3160 4094 nostra
3191 4038 3322 4094 Sion
3366 4047 3586 4095 noster-

1994 4145 2100 4200 que
2131 4129 2300 4183 Judas
2330 4128 2714 4183 abominabilis
2734 4127 3006 4197 abjicitur,
3040 4144 3385 4202 nequaquam
3414 4129 3588 4185 mire-

1992 4234 2139 4284 mur,
2174 4218 2272 4272 sed
2301 4217 2550 4273 dicamus
2581 4217 2727 4288 quod
2758 4216 3023 4289 sequitur.

2074 4320 2245 4374 Vens.
2278 4322 2367 4375 20.
2418 4351 2487 4360 —
2537 4319 2919 4391 Cognovimus,
2979 4320 3232 4384 Domine,
3294 4326 3399 4375 etc.
3460 4318 3593 4391 (In.)

1995 4406 2165 4477 Quasi
2200 4426 2212 4462 :
2245 4408 2314 4463 Et
2343 4424 2444 4463 nos
2475 4415 2527 4462 et
2555 4416 2741 4478 patres
2770 4407 2943 4463 nostri
2973 4407 3167 4462 eadem
3196 4406 3471 4463 dementia
3490 4408 3594 4463 Dei

284 4500 469 4554 vicem
527 4513 704 4555 onera
733 4502 921 4553 vestra
975 4500 1220 4570 portate,
1281 4500 1336 4551 et
1367 4497 1447 4551 sic
1505 4492 1958 4579 adimplebitisD
1989 4505 2265 4569 praecepta
2293 4497 2657 4571 negleximus,
2692 4505 2821 4563 etc.,
2853 4513 3026 4569 usque
3057 4497 3129 4552 ad
3157 4497 3399 4552 nondum
3427 4513 3594 4553 vene-

286 4587 469 4659 legem
498 4587 712 4642 Christi
733 4586 879 4657 (Gal.
914 4584 1015 4657 v1).

352 4694 531 4751 Vens.
567 4697 620 4747 6.
681 4724 752 4734 ——
786 4694 1109 4749 Traxerunt
1157 4696 1408 4747 ventum.
1452 4689 1582 4760 (In.)
1638 4686 1892 4743 Perversi

282 4781 447 4854 quasi
496 4782 771 4838 dracones
801 4783 1020 4836 trahunt
1066 4788 1288 4836 ventum
1318 4795 1442 4835 cum
1488 4777 1762 4834 malitiosa
1792 4792 1890 4829 su-

278 4870 482 4941 perbia
513 4870 798 4926 inflantur.

356 4963 707 5033 Defecerunt
737 4961 905 5017 oculi.
939 4958 1151 5032 (Ηιειι.)
1183 4958 1403 5014 Claram
1450 4958 1629 5014 lucem
1660 4971 1888 5013 cernere

276 5065 393 5105 non
424 5050 693 5116 valentes,
728 5056 859 5115 etc.,
892 5065 1066 5122 usque
1105 5048 1177 5104 ad
1224 5055 1349 5103 sunt
1378 5046 1471 5120 qui
1517 5047 1750 5113 discant,
1783 5060 1895 5100 non

275 5139 372 5210 qui
403 5139 664 5195 doceant.

351 5242 529 5297 Vens.
565 5245 617 5296 8.
650 5270 721 5281 —
752 5241 1116 5313 Exspectatio
1150 5240 1345 5295 Israel.
1381 5238 1513 5310 (In.)
1542 5237 1805 5294 Dicamus
1835 5244 1889 5291 et

274 5346 381 5385 nos
412 5331 469 5384 in
496 5338 749 5401 tempore
781 5329 1042 5386 siccitatis
1073 5336 1125 5382 et
1155 5344 1311 5400 aquae
1343 5327 1594 5399 penuria,
1636 5328 1750 5383 Tibi
1766 5343 1893 5400 pec-

279 5422 563 5485 cavimus,
615 5423 672 5475 et
700 5420 920 5474 malum
949 5436 1142 5475 coram
1189 5422 1243 5473 te
1274 5419 1515 5489 fecimus
1575 5417 1751 5487 (Psal.
1818 5415 1892 5487 ι),

274 5516 434 5563 tuum
463 5508 851 5579 praestolamur
881 5508 1195 5573 adventum,
1231 5506 1325 5578 qui
1353 5506 1536 5561 salvas
1569 5504 1758 5572 Israel,
1784 5519 1894 5559 non

276 5614 381 5655 suo
413 5598 635 5663 merito,
673 5596 772 5651 sed
802 5604 894 5651 tua
925 5597 1124 5669 gratia.

352 5687 531 5757 Quasi
565 5688 821 5744 colonus.
842 5685 1076 5759 (GREG.)
1106 5683 1212 5755 Qui
1241 5683 1386 5741 enim
1414 5691 1473 5739 ut
1503 5682 1770 5739 Dominus
1790 5697 1894 5737 au-

1994 4594 2118 4641 rant
2180 4587 2249 4642 ad
2306 4586 2605 4658 iniquitatis
2664 4585 2987 4643 cumulum:
3049 4586 3197 4658 quod
3270 4586 3326 4640 in
3385 4585 3588 4642 Christi

1994 4684 2170 4731 morte
2202 4677 2533 4747 completum
2564 4684 2665 4730 est.
3115 4670 3121 4679 ’

2074 4779 2247 4837 Vens.
2280 4781 2369 4835 21.
2402 4809 2470 4817 -
2498 4778 2637 4835 Solii
2663 4779 2873 4849 gloriae.
2907 4777 3138 4848 Templi,
3171 4778 3261 4834 vel
3293 4777 3596 4848 cujuslibet

1994 4866 2187 4934 sancti,
2219 4866 2275 4921 in
2306 4883 2434 4939 quo,
2469 4866 2608 4921 sicut
2639 4866 2903 4936 scriptum
2932 4875 3015 4921 est
3050 4868 3339 4924 Thronum
3376 4869 3499 4940 ejus
3532 4869 3597 4924 in

1997 4960 2152 5011 terra
2181 4957 2435 5012 allisisti.
2468 4956 2620 5011 Tunc
2651 4954 2891 5009 alliditur
2920 4963 3083 5027 atque
3113 4955 3435 5023 destruitur,
3461 4971 3588 5012 cum

1994 5045 2063 5100 ab
2095 5061 2160 5100 eo
2192 5044 2534 5099 multitudine
2562 5052 2916 5115 peccatorum
2955 5045 3105 5099 Deus
3134 5043 3446 5100 oﬂ'enditur.
3482 5045 3593 5102 Sed

1996 5134 2124 5206 quia
2152 5134 2313 5204 culpa
2341 5133 2608 5204 perditur,
2642 5132 2859 5188 Domini
2907 5132 3201 5189 clementia
3231 5141 3587 5202 sustentatur,

1996 5239 2119 5297 qua}
2149 5230 2389 5279 mutatur
2421 5222 2712 5277 severitate
2743 5222 3044 5290 sententiae,
3091 5223 3138 5277 si
3166 5223 3380 5279 irritum
3436 5222 3600 5281 faciat

1996 5312 2262 5368 Dominus
2290 5319 2511 5383 pactum
2543 5328 2699 5367 suum
2730 5327 2837 5384 quo
2865 5312 3025 5367 nobis
3056 5312 3331 5384 pollicitus
3362 5321 3445 5369 est
3494 5330 3591 5371 sa-

1998 5401 2186 5457 lutem.

2072 5506 2243 5559 Vsus.
2276 5507 2365 5560 22.
2399 5534 2468 5543 -
2508 5503 2772 5577 Nunquid
2800 5506 2938 5558 sunt
2954 5505 3017 5559 in
3037 5505 3416 5577 sculptilibus,
3459 5513 3589 5571 etc.,

1997 5592 2209 5666 (Ηιειι.)
2238 5593 2367 5647 Post
2422 5592 2623 5648 multos
2666 5592 2958 5664 variosque
3008 5609 3291 5648 sermones
3349 5592 3492 5647 redit
3520 5593 3591 5647 ad

1997 5682 2210 5738 titulum
2230 5681 2550 5757 prophetiae,
2584 5689 2712 5750 etc.,
2746 5697 2919 5754 usque
2940 5682 3013 5737 ad
3043 5690 3099 5737 tu
3128 5682 3279 5737 solus
3300 5695 3360 5734 es
3382 5679 3475 5753 qui
3493 5694 3594 5757 p0—
