4000 6182
443 295 506 347 31
966 290 1371 369 WALAFRIDI
1409 290 1651 347 STRABI
1688 290 1887 347 FULD.
1927 287 2101 346 MON.
2144 288 2295 346 OPP.
2337 290 2513 349 PARS
2552 292 2593 346 Ῑ.
2634 322 2704 334 —
2740 290 3210 348 THEOLOGICA.
3664 297 3732 350 32

443 416 631 489 polum
660 424 813 491 tuum
831 424 987 489 potes
1007 416 1299 483 instruere,
1324 424 1377 471 et
1403 415 1700 473 divisiones
1731 415 2033 487 gratiarum
2063 416 2119 477 A
2138 416 2428 472 thesauros
2455 417 2676 473 abstulit
2696 419 2843 473 Deus
2860 417 3082 483 Iudaeis,
3101 425 3154 472 et
3173 416 3322 472 dedit
3341 416 3501 472 nobis
3524 435 3538 472 :
3561 419 3728 485 unde,

442 507 884 577 exspectantibus
912 515 985 562 te.

1055 630 1283 685 CAPUT
1312 629 1432 683 XV.

514 773 685 829 Vens.
720 777 771 828 1.
804 803 874 813 -
902 774 972 826 Et
1019 771 1171 826 dixit
1215 772 1508 827 Dominus.
1542 769 1770 839 (Gneo.,
1816 770 2031 835 Moral.,

438 860 536 917 lib.
570 877 651 927 tx,
684 876 734 917 c.
770 859 881 931 12.)
939 859 1172 914 Omissis
1202 866 1278 913 tot
1307 858 1582 929 patribus,
1648 858 1751 912 soli
1812 858 2034 929 Moyses

442 958 497 1004 et
528 949 748 1005 Samuel
776 949 848 1004 ad
877 948 1118 1003 medium
1163 947 1525 1011 deducuntur,
1560 953 1690 1011 etc.,
1741 962 1915 1018 usque
1963 945 2037 1001 ad

441 1038 583 1093 alter
612 1054 678 1093 ex
734 1037 1041 1108 principatu
1098 1035 1328 1105 ejicitur,
1390 1043 1442 1090 et
1473 1034 1592 1090 ait:
1653 1035 1807 1089 Absit
1864 1052 1898 1088 a
1945 1050 2035 1090 me

437 1128 538 1184 hoc
547 1130 863 1200 peccatum,
881 1128 1013 1198 quia
1025 1140 1234 1181 cessem
1246 1141 1408 1180 orare
1418 1141 1519 1196 pro
1533 1124 1677 1180 vobis
1693 1124 1743 1193 (I
1751 1126 1879 1194 Reg.
1896 1122 2022 1193 xu).

2134 505 2444 577 Auferetur
2454 523 2489 561 a
2502 507 2647 563 vobis
2663 523 2900 578 regnum
2911 509 3028 571 Dei,
3043 511 3099 561 et
3111 506 3338 561 dabitur
3345 509 3503 578 genti
3512 510 3729 578 facien-

2138 596 2184 649 ti
2197 597 2424 665 fructus
2436 598 2558 667 ejus
2585 596 2779 664 (Math.
2799 595 2947 665 xxx).
2968 594 3209 649 Primum
3230 594 3447 650 credita
3458 597 3729 653 suntillis

2133 683 2356 755 eloquia
2383 685 2485 739 Dei
2514 684 2567 753 (ι
2596 683 2717 741 Cor.
2751 686 2812 753 ι),
2846 692 2900 737 et
2930 691 3122 753 postea
3142 682 3273 738 data
3300 683 3480 738 nobis.
3514 684 3731 740 Habent

2137 770 2359 842 quidem
2406 771 2587 844 legem
2617 779 2671 827 et
2725 773 3040 843 prophetas,
3102 772 3201 826 sed
3229 787 3338 826 non
3393 772 3725 845 intelligunt.

2181 861 2246 914 In
2274 862 2531 915 omnibus
2557 863 2806 933 peccatis
2853 862 2987 915 tuis.
3019 860 3232 931 (Ηιιςιι.)
3279 860 3342 914 Id
3372 868 3457 914 est
3502 869 3729 931 propter

2135 956 2365 1018 peccata
2393 957 2505 1016 tua,
2539 965 2660 1021 qua:
2679 949 2735 1003 in
2781 964 2975 1004 omnes
3003 948 3263 1003 terminos
3291 956 3415 1003 tuos
3462 965 3730 1019 pervene-

2135 1046 2279 1103 runt,
2314 1046 2442 1102 etc.,
2505 1054 2679 1111 usque
2719 1038 2791 1093 ad
2849 1046 2902 1092 et
2958 1053 3257 1110 resurgens
3312 1037 3559 1092 Christus
3617 1054 3730 1095 non

2136 1127 2390 1196 apparuit
2445 1127 2588 1181 ultra
2663 1125 3104 1182 interfectoribus
3162 1125 3294 1192 suis,
3364 1126 3461 1181 sed
3515 1134 3726 1181 tantum

510 1234 683 1289 Vens.
705 1236 757 1288 3.
791 1262 860 1274 --
888 1235 959 1287 Et
978 1232 1212 1288 visitabo
1232 1247 1402 1303 super
1422 1246 1531 1286 eos.
1557 1231 1768 1301 (HIER.)
1790 1228 2037 1298 Quatuor
2068 1225 2102 1260 ‘
2136 1214 2517 1271 credentibus-

437 1322 656 1394 plagas,
690 1321 889 1392 quibus
904 1320 1138 1390 populus
1155 1319 1309 1374 Judaa
1339 1319 1571 1373 traditus
1593 1327 1694 1384 est,
1715 1318 1879 1373 etiam
1899 1319 2035 1373 Eze-

2198 1305 2370 1360 Vens.
2405 1306 2490 1359 14.
2523 1333 2593 1343 -
2619 1304 2865 1359 Ardebit.
2898 1304 3022 1359 Non
3049 1310 3229 1373 potest
3273 1303 3565 1375 exstingui,
3598 1304 3729 1377 quia

440 1392 883 1489 chiel‘propheta
916 1410 1274 1473 demonstrat,
1310 1408 1574 1480 gladium,
1609 1415 1735 1471 etc.,
1773 1407 2026 1478 usquead

2139 1393 2423 1449 materiam
2471 1393 2751 1464 praebuisti
2780 1393 3014 1461 ardoris,
3047 1400 3105 1447 ut
3133 1409 3289 1447 meus
3306 1392 3450 1465 ignis
3482 1401 3574 1448 tua
3603 1409 3727 1464 qua:

435 1506 495 1553 ut
524 1499 785 1553 Creatore
818 1498 1073 1570 neglecto
1103 1513 1214 1552 non
1230 1496 1487 1552 universa
1517 1503 1771 1551 creatura
1801 1511 2035 1551 consur-

435 1595 593 1661 geret
623 1586 679 1641 in
709 1595 1048 1657 peccatores.

2135 1483 2190 1537 in
2222 1490 2272 1537 te
2300 1490 2422 1537 sunt
2452 1481 2603 1553 ligna
2631 1490 2913 1537 consumat
2928 1489 2980 1537 et
3007 1480 3191 1537 fenum
3219 1489 3273 1537 et
3302 1481 3576 1551 stipulam.
3600 1483 3724 1537 Non

2138 1580 2219 1627 est
2247 1588 2377 1642 ergo
2407 1588 2569 1626 causa
2591 1571 2798 1627 ardoris
2824 1571 2879 1626 in
2910 1570 3160 1636 Domino,
3196 1570 3293 1626 sed
3338 1570 3393 1627 in
3421 1570 3506 1625 his
3530 1570 3623 1642 qui
3643 1570 3725 1626 fo-

504 1691 675 1745 Vens.
708 1692 760 1744 4.
793 1720 863 1730 —-—
882 1690 953 1744 Et
972 1689 1107 1744 dabo
1135 1703 1225 1743 eos
1240 1690 1302 1744 in
1323 1690 1618 1759 fervorem,
1644 1695 1747 1742 etc.
1771 1686 1902 1758 (10.)
1922 1687 2038 1741 Hoc
2135 1669 2315 1761 mel)”
2344 1660 2945 1761 mif‘jsmmjnffef‘dio'
2967 1751 3001 1761 η

436 1779 539 1833 sub
569 1778 883 1850 Babyloniis
913 1794 978 1831 ex
1008 1786 1164 1847 parte
1195 1750 1526 1847 completum
1558 1750 1659 1841 est,
1695 1750 1824 1841 etc.,
1859 1750 2026 1849 usque

2211 1751 2379 1805 Vens.
2416 1751 2502 1804 15.
2537 1780 2605 1791 -—
2636 1750 2761 1805 Noli
2788 1751 2852 1804 in
2876 1750 3163 1821 patientia
3193 1753 3294 1804 tua
3312 1750 3595 1820 suscipere
3611 1765 3720 1815 me,

436 1868 510 1924 ad
539 1867 586 1922 si
617 1866 776 1922 liberi
805 1874 1141 1938 nepotesque
1162 1866 1360 1921 similia
1389 1865 1662 1938 gesserint
1692 1866 1762 1919 ad
1783 1873 2034 1936 posteros

436 1956 782 2027 perveniunt.
822 1956 930 2009 Iste
960 1956 1241 2010 Manasses
1270 1954 1637 2025 nequissimus
1667 1953 1785 2019 fuit,
1836 1953 2032 2008 Isaiam

436 2053 586 2100 serta
636 2044 821 2117 lignea
852 2043 1043 2109 secuit,
1077 2045 1254 2097 Amon
1303 2040 1472 2096 tilium
1504 2060 1661 2097 suum
1692 2059 1791 2113 per
1848 2042 2032 2114 ignem

436 2133 677 2190 traduxit
705 2132 776 2188 ad
806 2133 1071 2187 honorem
1101 2132 1371 2186 idolorum
1402 2140 1453 2186 et
1481 2132 1708 2202 Tophet.

511 2223 683 2279 Vens.
718 2226 770 2277 5.
804 2252 873 2261 —
906 2220 1037 2299 Quis
1080 2223 1234 2276 enim
1255 2222 1617 2277 miserebitur
1657 2222 1790 2276 tui?
1836 2219 2033 2275 Nullus

442 2310 653 2369 oﬂ‘enso
682 2312 797 2365 Deo
825 2318 1005 2381 potest
1034 2325 1234 2382 rogare
1264 2326 1365 2379 pro
1395 2309 1615 2381 ﬂagitiis
1655 2309 2018 2380 peccantium,

439 2400 567 2473 quia
595 2416 699 2456 nec
729 2408 840 2455 tam
888 2400 1130 2454 clemens
1159 2406 1338 2469 potest
1395 2415 1517 2453 esse
1565 2408 1821 2454 creatura
1867 2414 2031 2470 quam

434 2489 683 2553 Creator,
733 2504 835 2543 nec
862 2496 974 2542 tam
1004 2487 1216 2542 alienus
1260 2487 1518 2553 externis,
1554 2502 1718 2558 quam
1766 2487 2031 2542 Dominus

436 2578 551 2633 suis
578 2577 849 2632 misereri.

502 2680 671 2735 Vens.
707 2682 759 2734 6.
791 2710 861 2719 —
890 2680 1219 2735 Retrorsum
1247 2679 1455 2742 abiisti,
1494 2686 1598 2733 etc.
1652 2677 1863 2746 (Hien.)
1894 2676 2030 2731 Cum

426 2768 583 2838 juxta
611 2768 935 2838 Apostolum
965 2767 1275 2837 posteriora
1306 2765 1637 2821 obliviscens
1668 2766 1738 2819 ad
1754 2765 1940 2835 priora
1959 2781 2020 2819 se

431 2857 726 2913 extendere
763 2855 969 2921 debuit,
1004 2855 1285 2927 Egyptias
1316 2870 1511 2909 carnes
1542 2854 1891 2909 desideravit.

488 2958 657 3013 Vens.
692 2962 744 3013 8.
779 2988 848 2998 —
879 2958 1274 3029 Multiplicatae
1302 2961 1438 3012 sunt
1468 2955 2056 3051 mihi..{ll£en:).,Di-:

2140 1839 2252 1894 Vox
2280 1837 2496 1893 Christi.
2531 1837 2702 1905 Quasi
2732 1855 2744 1891 :
2793 1837 3141 1908 Longanimis
3181 1836 3331 1891 fuisti
3361 1852 3578 1907 semper
3600 1837 3727 1894 huic

2132 1926 2333 1998 populo
2362 1925 2716 1997 delinquenti,
2752 1926 2850 1981 sed
2880 1926 3009 1997 quia
3039 1925 3199 1980 etiam
3229 1933 3413 1981 contra
3443 1941 3532 1980 me
3560 1926 3727 1980 erexit

2133 2014 2490 2071 temeritatem
2515 2030 2688 2080 suam,
2730 2015 2840 2069 noli
2864 2015 2973 2083 jam
3007 2030 3131 2068 esse
3159 2013 3505 2084 longanimis.
3531 2014 3589 2069 Si
3621 2030 3723 2069 au-

2132 2110 2241 2159 tem
2298 2102 2611 2159 consideres
2688 2112 2931 2174 tempora
2993 2101 3289 2157 Dominicaz
3343 2101 3616 2172 passionis
3675 2111 3728 2157 et

2132 2192 2300 2248 ruina:
2328 2192 2630 2246 Jerusalem
2668 2191 2899 2259 videbis,
2933 2191 3059 2263 quia
3096 2190 3316 2247 omnino
3335 2190 3545 2261 patiens
3593 2188 3715 2247 fuit.

2132 2284 2177 2336 A
2210 2281 2612 2353 quintodecimo
2637 2297 2779 2336 anno
2806 2280 3003 2335 Tiberii
3037 2280 3265 2335 Caesaris
3294 2295 3467 2350 usque
3497 2278 3567 2336 ad
3596 2278 3725 2335 sub-

2131 2371 2438 2426 versionem
2468 2370 2653 2440 templi
2686 2377 3036 2424 numerantur
3059 2368 3186 2423 anni
3210 2368 3564 2440 quadraginta
3593 2369 3721 2425 duo.

2133 2457 2270 2527 Quia
2283 2458 2516 2528 spatium
2546 2457 2874 2528 poenitentia)
2907 2456 3225 2528 opportebat
3243 2456 3359 2513 dari
3385 2465 3608 2527 propter
3628 2473 3725 2513 eos

2135 2547 2225 2619 qui
2254 2562 2351 2618 per
2380 2546 2659 2617 apostolos
2689 2554 2839 2601 erant
2870 2545 3145 2601 credituri.

2202 2636 2375 2691 Vens.
2411 2636 2497 2689 17.
2528 2666 2596 2676 -
2626 2636 2743 2691 Non
2774 2636 2911 2699 sedi,
2942 2642 3045 2690 etc.
3081 2633 3294 2705 (HIER.)
3324 2632 3539 2689 Hebraei
3569 2633 3723 2691 arbi-

2130 2732 2337 2780 trantur
2366 2725 2480 2779 haec
2532 2740 2597 2778 ex
2638 2741 2867 2794 persona
2895 2721 3199 2779 Jerusalem
3241 2721 3369 2788 dici,
3420 2722 3565 2795 quod
3608 2722 3722 2780 sola

2130 2812 2327 2868 sederit
2348 2811 2707 2868 amaritudine
2726 2813 2949 2883 repleta,
2975 2820 3102 2879 etc.,
3127 2827 3299 2883 usque
3319 2810 3391 2866 ad
3421 2827 3541 2883 quae
3561 2826 3725 2882 opere

2127 2902 2448 2958 monstrabit
2475 2917 2692 2957 omnem
2715 2901 3133 2959 amaritudinem
3161 2900 3328 2955 instar
3349 2898 3516 2957 fuisse
3544 2898 3721 2956 ﬂuen-

2107 2991 2268 3073 ξείιιη
2300 3007 2599 3073 aquariae:
2642 3026 2762 3073 ;.~:

427 3045 605 3102 versis
636 3045 1089 3101 medicaminibus
1119 3045 1444 3116 cupitDeus
1477 3039 1699 3107 salvaize
1713 3039 2023 3115 ιὶεέλξωῑᾷξε,

427 3143 481 3166 ut
515 3134 603 3166 ηυξ
637 3142 1073 3166 ηηηιηηοιηοηνηιηι
1106 3133 1475 3166 λιοηιῖἶηηθηση
1546 3116 2021 3166 ίῖτντοιξντί.ηξῖητῗνῗξ

2852 3078 3067 3151 (Οωρ.)
3092 3079 3278 3135 Facies
3298 3094 3489 3137 manus
3507 3077 3606 3133 DBi
3638 3086 3720 3133 est

422 3143 485 3189 ut
514 3134 607 3207 qui
636 3142 1077 3205 contempserant
1106 3133 1498 3201 blandientem,
1546 3116 2119 3195 timeaiifiﬁindii-“G’

431 3230 562 3278 tem.

430 3414 519 3470 vel
547 3418 781 3486 septem,
814 3413 903 3467 vel
942 3416 1360 3485 juramentum,
1396 3413 1483 3468 vel
1523 3415 1801 3485 plurimos
1850 3421 2025 3468 sonat.

428 3503 604 3569 Unde,
640 3509 768 3569 etc.,
804 3519 975 3575 usque
1006 3503 1077 3557 ad
1108 3501 1337 3558 confusa
1366 3510 1449 3556 est
1477 3502 1534 3555 in
1575 3510 1839 3556 aeternum
1861 3502 2028 3573 spiri—

427 3591 559 3646 tuali
584 3591 769 3664 gladio
800 3591 1039 3661 perdens
1070 3591 1331 3662 populum
1362 3607 1539 3645 suum.

496 3695 664 3749 Vens.
699 3697 784 3749 10.
844 3725 913 3734 -
950 3696 1033 3750 Vae
1061 3694 1221 3759 mihi,
1284 3698 1470 3749 mater
1524 3710 1669 3759 mea,
1724 3701 1829 3748 etc.
1895 3693 2027 3765 (In.)

425 3784 611 3839 Potest
667 3784 772 3838 hoc
830 3782 1271 3853 Synecdochicos
1326 3783 1395 3837 de
1476 3782 1716 3837 Ieremia
1771 3782 2022 3854 intelligi,

429 3871 521 3944 qui
552 3887 662 3926 non
690 3871 746 3925 in
793 3879 905 3926 toto
935 3871 1069 3925 orbe
1102 3880 1394 3936 terrarum,
1440 3879 1569 3937 etc.,
1604 3888 1775 3943 usque
1808 3871 1879 3925 ad
1927 3873 2024 3925 sed

433 3968 486 4015 et
512 3959 809 4014 Jeremiam
839 3960 1302 4029 deprehendimus
1333 3975 1477 4029 δεῖ)ρο
1509 3960 1562 4012 in
1613 3960 1717 4013 hoc
1748 3958 2023 4014 volumine

430 4062 665 4119 rogasse
692 4063 795 4117 pro
815 4047 1036 4117 populo.

501 4146 670 4201 Vens.
707 4150 794 4201 11.
828 4176 897 4186 -
924 4147 983 4202 Si
1022 4164 1139 4204 non
1170 4149 1443 4220 reliquiae.
1480 4147 1783 4217 Responsio
1804 4144 2021 4203 Domini

427 4235 499 4290 ad
528 4234 584 4289 id
614 4236 761 4307 quod
789 4236 1057 4290 Jeremias
1078 4236 1459 4306 supradixerat
1492 4252 1505 4289 :
1539 4239 1621 4293 Vae
1639 4238 1799 4303 mihi,
1835 4241 2022 4292 mater

423 4341 569 4390 mea,
595 4332 699 4380 etc.
725 4323 930 4393 Quasi:
956 4324 1080 4378 Noli
1101 4323 1455 4380 considerare
1474 4326 1765 4395 praesentia
1787 4333 2015 4392 tantum,

424 4414 525 4468 sed
554 4412 754 4469 futura.
806 4415 1073 4487 Reliquiae
1101 4415 1257 4469 enim
1287 4417 1401 4468 tua:
1448 4416 1509 4468 in
1540 4416 1762 4480 bonum,
1799 4424 1903 4469 etc.
1955 4416 2016 4469 In

502 3325 674 3380 Vens.
704 3328 756 3380 9.
788 3280 1031 3397 Septem.
1065 3322 1195 3393 (10.)

2133 3168 2253 3241 ipsa
2280 3157 2562 3240 percussio
2576 3157 2716 3239 'ju'sti
2727 3157 2935 3237 fudicii,
2971 3186 3089 3240 quae
3136 3167 3556 3239 superbientem,
3592 3175 3718 3236 etc.,

2095 3275 2307 3337 :usqug
2326 3259 2407 3331 qd
2429 3267 2490 3334 ιρξ
2507 3259 2565 3345 ἐς
2591 3274 2856 3343 pec-care
2873 3274 2983 3345 non
3033 3258 3363 3323 desistimus,
3397 3256 3610 3311 aeternis
3637 3256 3723 3310 ad-

2094 3336 2112 3403 ὲ
2133 3336 2559 3429 ιιιιοέὲιψὲηὲίξῖὲἐ
2578 3336 2780 3430 idhic-ﬁ
2798 3336 2889 3430 ἓξ

2200 3418 2369 3491 δόιιιέ
2410 3418 2690 3491 έεῖἰεῦἆπιῖ
2736 3418 2964 3505 (Daem,
3015 3437 3229 3505 Moral.,
3280 3437 3375 3492 lib.
3414 3453 3490 3504 1v,
3523 3450 3573 3490 c.
3608 3434 3723 3505 35.)

2130 3523 2297 3592 Quasi
2333 3542 2347 3578 :
2379 3526 2518 3579 Dum
2550 3523 2840 3579 considero
2868 3524 2995 3596 quid
3019 3526 3132 3594 jam
3163 3543 3261 3596 per
3282 3525 3470 3595 judicii
3513 3523 3723 3595 experi-

2130 3620 2370 3668 mentum
2440 3613 2619 3682 patior
2676 3628 2708 3666 a
2738 3613 2971 3668 tumultu
3017 3614 3412 3671 desideriorum
3451 3623 3721 3683 tempora-

2128 3701 2278 3765 lium,
2328 3701 2573 3771 trepidus
2616 3701 2813 3756 mentis
2871 3719 3149 3757 secessum
3197 3713 3341 3775 peto,
3376 3703 3502 3774 quia
3543 3701 3721 3756 adhuc

2127 3791 2347 3861 pacrius
2374 3791 2486 3857 illa,
2519 3807 2639 3862 qua:
2666 3791 2912 3858 minaris,
2944 3800 3145 3847 mterna
3191 3792 3456 3862 supplicia
3484 3790 3721 3845 formido

2198 3881 2364 3933 Vens.
2390 3882 2477 3932 19.
2507 3909 2576 3919 -
2605 3880 2663 3934 Si
2694 3883 3058 3951 separaveris,
3092 3890 3195 3936 etc.
3220 3882 3346 3950 (Io.,
3378 3881 3593 3947 Moral.,
3619 3878 3717 3937 lib.

2125 3983 2286 4031 xvm,
2322 3983 2371 4022 c.
2404 3968 2519 4037 23.)
2552 3967 2683 4023 Vilis
2705 3967 2909 4038 quippe
2939 3978 3022 4023 est
3044 3971 3157 4024 Deo
3179 3985 3426 4040 praesens
3456 3972 3715 4037 mundus,

2123 4056 2365 4127 pretiosa
2386 4063 2469 4110 est
2498 4056 2567 4121 ei,
2589 4065 2718 4123 etc.,
2743 4074 2916 4130 usque
2931 4058 3003 4114 ad
3022 4058 3114 4129 qui
3141 4058 3211 4113 ab
3224 4075 3408 4115 amore
3431 4059 3718 4130 praesentis

2123 4145 2305 4200 sareuli
2316 4145 2589 4217 loquendo
2604 4162 2724 4217 qua:
2746 4154 2942 4216 potest,
2958 4148 3248 4203 humanam
3261 4148 3497 4204 animam
3513 4148 3714 4204 evellit.

2188 4235 2357 4302 Quasi
2387 4251 2446 4290 os
2476 4251 2686 4289 meum.
2723 4236 2951 4305 alien.)
2986 4236 3411 4294 Consideremus
3455 4245 3717 4310 quantam

2115 4324 2431 4379 mercedem
2478 4323 2674 4377 habeat
2730 4340 2913 4380 sermo
2968 4325 3230 4391 doctoris,
3293 4326 3340 4380 si
3396 4327 3466 4381 ab
3526 4341 3715 4382 errore

2131 4412 2439 4485 quempiam
2485 4411 2722 4467 liberare
2752 4412 3003 4481 voluerit,
3040 4422 3092 4469 et
3130 4415 3200 4468 de
3228 4415 3568 4485 peccantium
3617 4430 3717 4470 nu-

421 4504 683 4574 praesenti
740 4518 957 4575 quoque
990 4518 1113 4560 cum
1144 4510 1196 4557 te
1256 4511 1518 4573 cuperent
1566 4503 1769 4559 inimici
1825 4504 2016 4574 oppri-
2055 4494 2107 4555 D
2133 4518 2284 4558 mero
2306 4516 2589 4557 revocare.

424 4605 596 4656 mere,
632 4593 855 4647 occurri
885 4593 1003 4656 tibi,
1039 4600 1092 4646 et
1120 4591 1333 4662 protexi
1376 4599 1447 4646 te.
1498 4592 1558 4647 Si
1590 4610 1705 4648 non
1762 4594 2018 4665 reliquiae

425 4681 540 4734 tua:
566 4680 629 4734 in
662 4680 885 4735 bonum.
906 4680 985 4734 De
1017 4680 1233 4735 Christo
1255 4695 1472 4752 quoque
1489 4681 1789 4735 secundum
1818 4681 2017 4735 huma-

423 4766 648 4821 nitatem
676 4776 905 4838 possunt
923 4768 1042 4823 haec
1071 4769 1197 4825 dici.
1232 4771 1290 4825 Si
1318 4787 1432 4826 non
1463 4771 1735 4842 reliquiae.
1784 4770 2020 4825 Possunt

421 4854 539 4911 haec
597 4856 666 4909 de
720 4855 961 4911 Jeremia
1026 4857 1219 4928 accipi,
1282 4858 1373 4929 qui
1449 4858 1689 4929 pessimo
1746 4866 2013 4929 tempore,

421 4943 845 5017 imminenteque
922 4945 1233 5015 captivitate
1289 4948 1619 5018 prophetare
1695 4948 2012 5019 compulsus

422 5042 524 5099 est,
577 5042 630 5087 et
675 5034 814 5089 dura
866 5034 1081 5105 perpeti
1128 5051 1161 5089 a
1208 5036 1410 5106 p0pulo
1458 5053 1567 5091 non
1616 5037 1893 5093 credente.

494 5136 663 5190 Vens.
702 5140 787 5193 12.
822 5166 891 5177 --
912 5136 1175 5209 Nunquid
1204 5138 1571 5207 fa’derabitur
1589 5141 1810 5210 ferrum
1841 5142 2015 5210 ferro.

420 5222 633 5296 (Ηιειι.)
662 5222 832 5293 Quasi
866 5241 879 5278 :
916 5226 1030 5279 Nec
1076 5225 1267 5280 doleas
1299 5226 1447 5297 quod
1476 5227 1710 5297 populus
1740 5235 1864 5281 tuus
1913 5228 2015 5282 ini-

421 5312 596 5367 micus
657 5313 744 5379 sit,
777 5321 905 5379 etc.,
938 5330 1110 5385 usque
1158 5314 1229 5369 ad
1287 5314 1379 5384 qui
1408 5314 1462 5367 in
1522 5323 1725 5369 tantam
1771 5316 2022 5387 pervenit

420 5398 705 5466 malitiam,
740 5409 798 5455 ut
853 5400 1061 5455 duriori
1092 5400 1332 5467 metallo,
1366 5402 1421 5456 id
1485 5411 1586 5468 est,
1619 5418 1729 5459 aere
1785 5404 2018 5459 circum-

419 5490 581 5545 datus
611 5489 698 5544 sit.

493 5593 663 5648 Vens.
700 5594 785 5646 13.
808 5622 877 5631 -
897 5592 967 5647 Et
990 5592 1302 5648 thesauros.
1327 5592 1541 5665 (ORIG.)
1558 5594 1709 5650 Unus
1726 5595 2018 5650 thesaurus

419 5688 503 5737 est
529 5678 816 5747 Jeremias,
840 5678 981 5737 alius
1010 5680 1202 5749 Isaias,
1236 5681 1322 5738 vel
1352 5684 1569 5754 Moyses
1598 5690 1650 5736 et
1680 5682 1884 5740 caeteri.
1905 5683 2019 5739 Hos

2710 4642 2935 4699 CAPUT
2974 4642 3120 4698 XVI.
3156 4728 3179 4751 δ

2195 4787 2359 4841 Vens.
2393 4790 2442 4854 1,
2474 4790 2527 4844 2.
2553 4817 2621 4828 —-
2649 4789 2718 4842 Et
2738 4790 2960 4859 factum
2989 4793 3074 4844 est
3106 4789 3356 4854 verbum,
3374 4796 3478 4844 etc.
3502 4785 3715 4860 (litem)

2117 4874 2355 4929 Instante
2403 4875 2854 4945 captivitatepne
2899 4893 3066 4947 super
3112 4876 3394 4948 proprium
3443 4877 3711 4942 dolorem,

2119 4963 2305 5019 uxoris
2363 4979 2578 5035 quoque
2637 4972 2690 5019 et
2741 4963 3032 5020 liberorum
3082 4964 3319 5020 miseriis
3370 4964 3712 5036 torquearis.

2118 5051 2262 5106 Bene
2290 5068 2427 5124 ergo
2458 5053 2752 5122 Apostolus
2791 5053 2965 5122 jubet,
3002 5054 3144 5121 Quia
3177 5058 3397 5125 tempus
3435 5054 3594 5108 breve
3627 5056 3713 5108 est

2119 5145 2175 5196 et
2203 5144 2617 5198 consummatio
2646 5144 2929 5209 imminet,
2973 5147 3037 5198 ut
3084 5146 3180 5216 qui
3228 5159 3439 5199 uxores
3480 5143 3705 5207 habent,

2119 5232 2238 5285 sint
2258 5232 2420 5302 quasi
2448 5244 2563 5285 non
2595 5231 2860 5287 habentes
2890 5233 2942 5303 (Ι
2969 5233 3090 5289 Cor.
3127 5234 3256 5302 vu).

2191 5319 2359 5372 Vens.
2394 5319 2443 5372 4.
2468 5349 2537 5359 —
2565 5319 2827 5375 Mortibus
2874 5322 3329 5393 aegrotationum.
3380 5321 3523 5392 (In.)
3571 5320 3714 5375 Nota

2120 5406 2264 5477 quod
2283 5406 2450 5480 longa
2480 5405 2786 5463 infirmitate
2811 5410 3117 5475 tabescere,
3155 5409 3237 5465 ira
3269 5410 3370 5466 Dei
3399 5417 3519 5464 est:
3569 5409 3714 5464 unde

2115 5497 2301 5550 Joram
2353 5495 2497 5551 filius
2549 5498 2808 5568 Josaphat
2869 5495 3180 5553 infirmitate
3249 5498 3609 5555 consumitur.
3640 5498 3710 5551 Et

2117 5584 2411 5654 Apostolus
2430 5586 2505 5640 ait
2535 5602 2549 5638 :
2584 5587 2706 5642 Ideo
2736 5588 2891 5642 inter
2918 5599 3009 5641 vos
3038 5589 3211 5643 multi
3258 5589 3482 5659 inﬁrmi
3510 5591 3566 5642 et
3596 5588 3711 5643 im-

2118 5674 2342 5730 becilles
2372 5674 2424 5747 (ι
2442 5675 2562 5733 Cor.
2596 5674 2700 5745 ιι),
2734 5683 2836 5730 etc.
