4000 6182
211 254 279 307 33
1127 250 1398 306 GLOSSA
1435 249 1846 307 0RDINARIA.
1887 279 1958 293 —
1997 251 2395 309 rnoreerm
2429 250 2767 308 JEREMIE.
3138 220 3143 229 ’
3469 252 3538 306 3t

288 375 467 431 Vens.
492 377 549 429 5.
583 404 655 416 —
685 377 766 431 Ne
786 374 1127 447 ingrediaris
1146 375 1395 432 domum.
1418 374 1633 447 (HIER.)
1655 375 1839 432 Unde:
1861 377 1919 438 A

225 465 365 519 Cum
421 464 755 536 hujusmodi
802 480 907 520 nec
939 464 1124 519 cibum
1153 481 1377 520 sumere
1410 465 1461 534 (Ι
1480 465 1601 520 Cor.
1626 464 1706 534 v).
1729 464 1846 519 Nec

222 553 407 608 debes
437 552 630 609 dicere
653 552 706 608 ei
735 568 859 609 ave.
882 552 1215 623 Apostolicis
1244 568 1464 625 quoque
1494 552 1843 608 interdictum

222 650 326 707 est,
367 648 503 707 etc.,
528 658 703 714 usque
725 642 799 697 ad
819 641 968 697 aliud
990 641 1137 696 enim
1157 649 1243 696 est
1260 641 1403 697 mori
1421 641 1697 697 communi
1716 640 1843 714 lege

235 739 470 796 naturae,
512 729 663 785 aliud
711 730 814 785 Dei
860 729 1186 786 occubuisse
1236 730 1523 786 sententia.
1573 729 1843 785 Jeremias

219 820 446 890 juvenis
472 819 546 874 ad
584 818 998 890 praedicandum
1038 820 1241 874 missus
1261 826 1345 874 est
1366 835 1398 874 a
1418 818 1672 885 Domino,
1700 818 1844 873 unde

225 909 326 973 ait,
364 909 404 964 Α
437 926 472 963 a
506 925 542 962 a
571 909 807 963 Domine
830 910 1020 964 nescio
1053 909 1222 981 loqui.
1245 908 1315 962 Et
1344 908 1504 979 virgo
1534 906 1635 962 fuit
1667 913 1721 961 et
1750 922 1845 961 ca-

223 1006 359 1062 stus,
395 1005 451 1051 et
485 996 604 1051 sine
636 996 848 1062 liberis,
884 1004 943 1050 ut
974 996 1284 1067 expeditius
1320 996 1671 1067 praedicaret.

307 1104 484 1158 Vens.
506 1105 561 1157 6.
572 1132 643 1143 —
656 1103 840 1175 Neque
848 1103 1199 1175 plangentur
1217 1101 1347 1174 (ln.)
1361 1102 1560 1157 Modus
1581 1100 1679 1156 fuit
1700 1101 1847 1172 apud

236 1199 476 1258 veteres,
512 1198 568 1248 et
597 1208 771 1263 usque
802 1191 967 1246 hodie
998 1199 1304 1261 permanet,
1338 1198 1468 1256 etc.,
1493 1207 1669 1263 usque
1690 1190 1763 1246 ad
1787 1197 1842 1245 et

233 1280 476 1352 quotidie
509 1281 870 1351 deceptorum
889 1278 1081 1335 funera
1100 1287 1456 1351 prosternunt
1476 1279 1533 1333 in
1551 1278 1847 1335 Ecclesia?

300 1387 475 1441 Vens.
514 1390 568 1440 9.
603 1416 673 1426 —
704 1387 843 1441 Ecce
872 1403 966 1458 ego
1000 1388 1281 1457 auferam.
1316 1385 1407 1441 Sic
1453 1401 1671 1457 quoque
1704 1401 1842 1455 pec-

235 1476 375 1531 canti
408 1475 678 1531 Ecclesia:
711 1473 890 1529 aufert
913 1475 1059 1529 Deus
1079 1490 1240 1529 omne
1263 1473 1525 1547 gaudium
1546 1482 1600 1527 et
1620 1490 1839 1529 omnem

232 1564 495 1619 laetitiam.
525 1564 607 1618 De
632 1578 740 1634 quo
763 1562 974 1619 dicitur
994 1581 1005 1616 :
1026 1563 1271 1619 Gaudete
1288 1565 1349 1618 in
1360 1565 1595 1619 Domino
1606 1579 1844 1635 semper,

231 1656 443 1709 iterum
474 1653 600 1708 dico
632 1651 875 1724 gaudete
914 1652 1151 1724 (Philip.
1204 1652 1309 1722 ιγ).

296 1760 472 1814 Vens.
512 1762 598 1816 12.
634 1787 704 1799 —
732 1759 838 1814 Sed
858 1762 916 1813 et
956 1775 1069 1824 vos,
1105 1765 1211 1813 etc.
1247 1758 1378 1829 (ln.)
1407 1758 1490 1812 Ne
1520 1756 1661 1813 forte
1692 1758 1846 1813 dice-

230 1856 347 1903 rent
381 1866 396 1902 :
432 1848 646 1917 lnjusta
677 1847 949 1902 sententia
983 1855 1087 1912 est,
1110 1851 1336 1918 patrem
1353 1847 1658 1903 comedisse
1678 1864 1843 1903 uvam

229 1938 511 2003 acerbam,
553 1941 611 1992 et
644 1936 841 1992 dentes
872 1936 1124 2005 ﬁliorum
1164 1936 1569 2008 obstupescere.

300 2044 474 2098 Vens.
515 2044 606 2097 14.
641 2073 712 2083 -
739 2045 879 2098 Ecce
910 2043 1026 2099 dies
1059 2044 1316 2107 veniunt,
1352 2050 1459 2099 etc.
1510 2043 1641 2113 (Ιο.)
1688 2043 1841 2097 Prae-

248 2133 509 2189 dicuntur
537 2131 827 2195 miracula,
862 2148 982 2202 quae
1006 2131 1163 2199 juxta
1192 2130 1432 2186 litteram
1465 2132 1567 2185 sub
1597 2132 1845 2187 Zoroba-

249 2221 335 2277 bel
364 2230 423 2276 et
448 2222 586 2275 Jesu
612 2217 870 2290 pontiﬁce
900 2219 1099 2289 partim
1122 2220 1395 2289 completa
1416 2228 1561 2285 sunt,
1585 2229 1716 2286 etc.,
1739 2237 1841 2276 us-

240 2327 344 2383 que
376 2310 450 2365 ad
481 2309 705 2364 reduxit
735 2324 833 2363 eos
862 2308 917 2361 in
956 2315 1158 2363 terram
1190 2324 1367 2374 suam,
1420 2308 1473 2363 id
1503 2317 1607 2373 est,
1658 2310 1844 2365 eccle-

230 2400 377 2454 siam
408 2391 580 2470 quam
610 2397 762 2452 dedit
790 2396 1040 2467 patribus
1074 2413 1287 2463 eorum,
1321 2397 1377 2453 id
1407 2405 1492 2452 est
1514 2440 1527 2464 ,
1580 2398 1846 2469 apostolis

236 2498 291 2544 et
320 2486 646 2560 apostolicis
689 2485 843 2541 viris.

310 2596 491 2651 Vens.
528 2596 619 2649 16.
652 2624 722 2634 -
750 2595 891 2649 Ecce
922 2609 1016 2665 ego
1046 2595 1277 2650 mittam
1310 2594 1641 2665 piscatores.
1670 2594 1846 2650 Judaei

235 2692 433 2757 putant
479 2683 822 2754 piscatorum
877 2682 1096 2737 nomine
1131 2680 1430 2755 signiﬁcari
1451 2682 1759 2749 Chaldzeos,
1793 2690 1847 2737 et

230 2790 333 2845 per
363 2778 666 2829 venatores
700 2771 1003 2836 Romanos,
1039 2770 1132 2842 qui
1161 2771 1230 2825 de
1270 2771 1549 2825 montibus
1580 2771 1845 2827 collibus-

232 2879 357 2933 que,
394 2870 451 2917 et
484 2862 554 2916 de
584 2860 840 2917 cavernis
870 2866 1154 2930 petrarum
1193 2858 1378 2914 venati
1408 2867 1532 2913 sunt
1561 2858 1837 2916 infelicem

230 2950 581 3095 1,0521%
612 3042 930 3111 petrarum,
958 3042 1065 3092 etc.
1101 3035 1613 3108 (H1en.)Apostolis
1642 3044 1695 3091 et
1715 3052 1846 3107 apo-

2021 376 2237 448 (Ontc.)
2267 377 2517 433 Forsitan
2562 382 2850 447 peccatum
2892 375 3052 441 Juda,
3099 381 3388 445 peccatum
3433 390 3541 430 no-

1942 473 2136 532 strum,
2179 466 2272 537 qui
2320 465 2596 521 credimus
2644 464 2699 518 in
2747 463 3027 519 Christum
3058 464 3129 519 de
3179 464 3327 518 tribu
3375 463 3538 530 Juda,

1944 562 2073 620 etc.,
2106 571 2280 627 usque
2309 555 2382 610 ad
2412 554 2457 609 si
2487 554 2555 609 de
2584 554 2726 609 Juda
2753 553 3036 624 proditore
3084 553 3324 609 volueris
3369 551 3538 607 intel-

1943 642 2117 716 ligere
2138 661 2152 697 :
2176 646 2481 699 Peccatum
2506 643 2651 700 Iuda
2680 645 2961 715 scriptum
2980 647 3367 716 est,repugnat
3389 640 3539 714 quod

1945 731 2192 803 sequitur
2222 748 2434 799 eorum,
2483 740 2588 789 etc.

2016 820 2186 876 Vens.
2221 825 2273 876 3.
2308 850 2377 861 —
2405 822 2664 877 Excelsa.
2701 822 2915 893 (Ηηςιι.)
2946 821 3080 891 Quae
3110 821 3379 877 Hebraice
3424 822 3537 878 Ra-

1943 910 2119 964 moth.
2152 910 2222 964 Et
2252 908 2633 982 significantur
2660 910 2923 976 haeretici,
2959 911 3050 982 qui
3080 919 3289 982 ponunt
3336 910 3391 965 in
3421 926 3540 966 c03-

1945 997 2057 1052 lum
2088 1014 2153 1053 os
2183 1015 2363 1065 suum,
2396 1007 2527 1065 etc.,
2560 1016 2733 1072 usque
2762 1001 2835 1056 ad
2863 1007 2918 1056 et
2949 1000 3186 1055 servitus
3207 1001 3537 1069 daemonum,

1945 1087 2037 1159 qui
2066 1087 2271 1144 inimici
2300 1095 2355 1143 et
2390 1088 2618 1144 ultores.

2018 1195 2187 1249 Vens.
2240 1197 2292 1249 5.
2325 1225 2393 1235 -—
2424 1196 2754 1251 Maledicta:
2808 1197 2987 1251 homo.
3040 1196 3171 1267 (10.)
3219 1193 3542 1252 Maledictus

1949 1298 2085 1356 ergo
2115 1283 2316 1338 Paulus
2348 1285 2743 1339 Samosetanus
2775 1293 2830 1339 et
2859 1284 3121 1339 Photinus
3151 1285 3243 1356 qui
3292 1284 3543 1356 quamvis

1947 1379 2215 1437 sanctum,
2247 1380 2377 1437 etc.,
2409 1390 2583 1445 usque
2613 1374 2685 1428 ad
2714 1381 2773 1427 ut
2803 1372 2960 1428 fieret
3005 1381 3297 1445 utrumque
3348 1389 3536 1439 unum,

1946 1468 2000 1515 et
2028 1477 2137 1520 non
2167 1461 2464 1515 adoremus
2521 1470 2854 1529 creaturam,
2910 1462 3008 1517 sed
3057 1463 3395 1518 Creatorem.

2018 1550 2187 1605 Vens.
2239 1552 2291 1604 7.
2326 1580 2394 1591 -—
2424 1551 2760 1607 Benedictus
2819 1553 2922 1618 vir,
2976 1560 3081 1608 etc.
3136 1551 3267 1623 (Ιυ.)
3318 1550 3538 1620 Quasi:

1945 1637 2119 1693 Judaei
2148 1638 2424 1695 maledicti
2455 1647 2510 1693 et
2548 1640 2810 1707 haeretici,
2860 1641 2953 1712 qui
2981 1657 3091 1695 non
3136 1640 3342 1695 habent
3390 1656 3545 1711 spem

1876 1740 1929 1800 Β
1949 1726 2008 1781 in
2038 1727 2289 1793 Domino,
2322 1736 2450 1793 etc.,
2482 1746 2655 1802 usque
2684 1730 2756 1784 ad
2774 1730 2868 1801 qui
2897 1730 3066 1785 semel
3081 1745 3184 1801 pro
3215 1729 3374 1784 nobis
3394 1746 3545 1786 mor-

1958 1823 2084 1870 tuus
2112 1824 2216 1882 est,
2251 1825 2304 1870 et
2334 1815 2479 1872 ultra
2508 1833 2618 1872 non
2662 1818 2896 1874 moritur
2929 1836 2942 1873 :
2974 1825 3029 1874 et
3057 1818 3208 1886 dicit,
3260 1820 3368 1891 Ego
3415 1836 3544 1875 sum

1945 1907 2063 1959 vita
2093 1905 2277 1975 (Joan.
2325 1906 2469 1975 xw).

2018 2012 2186 2067 Vens.
2221 2017 2272 2067 8.
2307 2041 2377 2052 —
2410 2012 2562 2080 Quod
2592 2013 2664 2069 ad
2698 2015 2991 2070 humorem
3022 2014 3153 2084 (10.)
3183 2013 3354 2083 Quasi
3384 2013 3536 2071 dice-

1946 2108 2030 2154 ret
2063 2118 2076 2154 :
2109 2101 2178 2156 de
2210 2100 2453 2158 siccitate
2481 2102 2710 2158 Iudaica
2743 2102 2937 2158 transit
2985 2104 3056 2158 ad
3105 2103 3360 2174 baptismi
3406 2118 3543 2176 gra-

1947 2189 2099 2245 tiam.
3386 2203 3400 2215 ‘

2020 2278 2190 2335 Vens.
2230 2282 2316 2334 11.
2350 2310 2419 2319 —
2450 2281 2515 2335 In
2546 2281 2780 2336 dimidio
2809 2281 3051 2337 dierum.
3086 2280 3219 2353 (11).)
3267 2281 3398 2336 Dies
3425 2281 3545 2351 ejus

1946 2368 2108 2436 hujus
2138 2367 2323 2422 saeculi
2355 2376 2499 2423 sunt.
2533 2369 2691 2423 Eruit
2720 2385 2822 2424 nos
2858 2369 3101 2425 Christus
3131 2370 3200 2425 de
3216 2372 3321 2426 hoc
3343 2370 3544 2426 saeculo

1946 2472 2205 2528 nequam,
2249 2464 2302 2510 et
2350 2457 2782 2529 derelinquimus
2827 2475 2929 2529 per
2958 2458 3122 2513 diem.
3168 2460 3546 2515 Nouissimam

1946 2547 2069 2617 ejus
2090 2548 2201 2600 erit
2224 2547 2525 2618 insipiens,
2550 2562 2673 2602 cum
2696 2546 2880 2601 omnia
2904 2548 3152 2616 subjecta
3173 2546 3375 2602 fuerint
3395 2546 3547 2602 Chri-

1950 2641 2055 2689 sto.
2086 2636 2432 2691 Nouissimas
2463 2637 2735 2691 inimicus
2765 2636 3095 2692 destruetur
3122 2653 3295 2692 mors.

2020 2741 2190 2797 Vens.
2228 2741 2314 2796 14.
2347 2772 2416 2781 -
2445 2741 2597 2797 Sana
2626 2759 2733 2809 me,
2768 2745 3024 2800 Domine.
3058 2739 3190 2814 (Ιυ.)
3236 2740 3388 2796 Multi
3418 2758 3542 2797 me-

1948 2828 2056 2885 dici
2086 2838 2437 2897 curaverunt,
2472 2838 2601 2898 etc.,
2635 2848 2808 2905 usque
2838 2832 2910 2888 ad
2940 2832 3124 2888 curari
3154 2839 3208 2887 et
3239 2830 3425 2886 sanari
3454 2846 3543 2887 cu-

1948 2917 2047 2989 pit,
2082 2919 2238 2989 cujus
2264 2936 2398 2975 vera
2428 2919 2549 2975 laus
2579 2928 2634 2975 et
2662 2936 2796 2977 vera
2823 2921 3117 2977 medicina.

2022 3008 2191 3064 Vens.
2227 3010 2312 3064 15.
2344 3039 2414 3049 -
2444 3011 2583 3066 Ecce
2613 3012 2726 3082 ipsi
2773 3010 2975 3067 dicunt
3019 3010 3093 3067 ad
3138 3028 3227 3067 me
3259 3031 3277 3067 :
3313 3013 3408 3079 Ubi
3455 3016 3543 3068 est

229 3128 437 3183 stolicis
460 3127 597 3181 viris
612 3098 645 3181 ἐ
676 3128 850 3181 Petra
871 3098 1026 3181 enim
1056 3098 1314 3181 Christus
1336 3098 1529 3195 (l-Cor.
1554 3126 1639 3195 x),
1667 3098 1766 3181 sed
1786 3129 1850 3180 et
1872 3103 1922 3167 C
1956 3098 2199 3163 verbum.
2234 3105 2339 3154 Bic-

230 3218 396 3271 Petro
427 3213 677 3281 donavit,
712 3222 842 3280 etc.,
876 3229 1049 3287 usque
1078 3213 1151 3268 ad
1180 3221 1236 3268 et
1274 3214 1556 3284 recepisse
1588 3214 1836 3285 duplices

235 3304 565 3377 iniquitates
624 3319 773 3358 suas.

300 3411 478 3466 Vens.
517 3414 604 3465 18.
636 3439 709 3451 -
738 3409 1004 3482 Duplices
1032 3410 1386 3481 iniquitates,
1421 3414 1526 3462 etc.
1551 3405 1683 3477 (10.)
1702 3404 1845 3473 Quia

236 3517 433 3556 servus
464 3501 655 3555 sciens
685 3503 743 3554 et
772 3515 891 3554 non
929 3499 1151 3569 faciens
1195 3498 1550 3553 voluntatem
1595 3496 1839 3560 Domini,

238 3590 531 3661 vapulabit
557 3588 761 3643 multis
801 3588 958 3657 (Luc.
1009 3586 1134 3657 xu).
1168 3585 1408 3659 Dignum
1437 3592 1522 3640 est
1551 3582 1696 3639 enim
1746 3598 1843 3638 eos

244 3678 337 3749 qui
368 3678 440 3732 de
471 3677 733 3750 gentibus
761 3682 907 3741 sunt,
942 3674 1211 3745 simplicia
1227 3682 1458 3744 peccata
1485 3672 1754 3743 recipere,
1788 3678 1844 3726 et

236 3781 337 3821 nos
368 3765 635 3836 duplicia.
674 3764 828 3820 Unde
864 3780 877 3817 :
916 3765 1240 3820 Voluntarie
1269 3764 1427 3819 nobis
1475 3762 1840 3833 peccantibus

236 3872 354 3910 non
388 3856 743 3927 relinquitur
774 3854 958 3909 hostia
986 3868 1088 3926 pro
1116 3853 1367 3924 peccatis
1409 3850 1591 3922 (Hebr.
1628 3850 1729 3921 v1).

302 3955 480 4009 Vens.
517 3957 607 4008 19.
650 3983 720 3994 -
769 3954 851 4008 Ad
898 3956 953 4008 te
1000 3956 1194 4024 gentes
1244 3953 1493 4017 venient,
1547 3959 1654 4007 etc.
1706 3949 1838 4022 (Ιυ.)

236 4045 538 4116 Postquam
570 4043 780 4112 ejectus
809 4050 894 4097 est
914 4041 1106 4107 Israel,
1142 4048 1196 4095 et
1217 4055 1250 4095 a
1277 4039 1649 4110 piscatoribus
1672 4055 1838 4094 vena-

232 4133 556 4203 toribusque
609 4130 910 4185 translatus
935 4173 948 4197 ,
1000 4125 1246 4203 gentium
1293 4127 1586 4183 multitudo
1636 4144 1836 4184 conse-

232 4229 466 4293 quenter
496 4227 744 4286 vocatur,
779 4227 833 4274 et
861 4218 1152 4289 pristinum
1182 4215 1474 4273 conﬁtetur
1493 4232 1763 4272 errorem.

301 4310 379 4365 Ab
406 4310 710 4365 extremis.
746 4307 912 4362 Primi
941 4316 1104 4362 terra:
1136 4314 1264 4361 sunt
1295 4305 1571 4377 sapientes
1604 4304 1793 4361 saeculi
1819 4348 1832 4373 ,

232 4397 470 4465 nobiles,
519 4398 737 4463 divites,
788 4397 1099 4468 optimates.
1152 4395 1261 4451 Sed
1308 4403 1573 4461 extrema,
1623 4394 1680 4449 id
1730 4402 1833 4462 est,

2015 3199 2185 3253 Vens.
2222 3202 2308 3254 16.
2342 3230 2411 3240 -
2443 3201 2550 3272 Ego
2580 3217 2695 3257 non
2717 3218 2845 3257 sum
2879 3202 3139 3257 turbatus
3172 3204 3226 3257 te
3252 3205 3542 3275 pastorem

1943 3304 2199 3361 sequens.
2234 3288 2364 3360 (10.)
2395 3287 2612 3358 Quanto
2642 3290 2766 3361 plus
2787 3289 3064 3345 Christum
3094 3290 3363 3362 sequeris,
3398 3298 3505 3348 etc.
3525 3333 3539 3358 ,

1942 3393 2119 3449 usque
2149 3378 2221 3433 ad
2255 3377 2374 3433 dies
2410 3377 2600 3447 judicii
2652 3378 2831 3434 malus
2859 3378 2944 3434 his
2994 3379 3086 3452 qui
3130 3387 3404 3436 tormenta
3441 3395 3540 3452 pa-

1942 3465 2167 3521 tiuntur.

2011 3555 2182 3610 Vens.
2217 3558 2303 3610 19.
2338 3586 2407 3597 --
2444 3556 2584 3613 Vade
2630 3556 2697 3612 et'
2735 3560 2845 3623 sta,
2899 3564 3005 3613 etc.
3059 3556 3229 3627 Quasi
3280 3556 3490 3615 diceret
3522 3576 3537 3614 :

1941 3641 2081 3712 Quia
2108 3644 2281 3699 verba
2308 3652 2403 3700 tua
2431 3644 2622 3699 audire
2667 3653 3040 3712 contemnunt,
3076 3655 3205 3712 etc.,
3255 3663 3432 3721 usque
3461 3646 3533 3703 ad

1941 3732 2098 3803 quasi
2127 3748 2236 3787 non
2268 3733 2559 3797 audierint,
2595 3734 2692 3789 sed
2723 3734 2945 3789 audiant
2976 3735 3146 3790 velint
3174 3735 3366 3789 nolint.

2010 3839 2181 3894 Vens.
2213 3843 2302 3896 21.
2336 3869 2406 3879 —-
2439 3839 2723 3895 Custodite
2771 3842 3016 3895 animas.
3068 3840 3150 3895 Ne
3200 3848 3538 3911 praeceptum

1940 3928 2156 3983 sabbati
2187 3920 2551 3984 instauratum
2578 3945 2680 3999 per
2705 3928 2999 3984 Jeremiam
3028 3929 3430 4000 discerpemus,
3455 3936 3538 3984 to-

1940 4024 2053 4071 tum
2084 4017 2247 4072 simul
2278 4018 2552 4089 ponimus,
2586 4017 2747 4072 simul
2777 4017 2962 4073 omnia
2999 4033 3425 4091 cognoscamus.

2014 4108 2081 4163 Ut
2108 4124 2223 4163 non
2254 4108 2522 4178 inferatis
2554 4124 2727 4163 onera
2745 4124 2848 4179 per
2874 4111 3068 4179 portas
3089 4108 3340 4164 civitatis
3364 4108 3535 4180 hujus

1937 4196 2002 4250 in
2030 4196 2120 4251 die
2148 4196 2383 4251 sabbati.
2416 4195 2548 4267 (11).)
2580 4195 2636 4250 Si
2665 4195 2839 4250 nostri
2872 4195 3240 4264 judaizantes,
3276 4203 3409 4264 etc.,
3442 4211 3539 4253 us-

1938 4300 2041 4355 que
2071 4285 2143 4340 ad
2173 4285 2270 4339 sed
2300 4292 2355 4338 et
2382 4291 2595 4355 patrem
2626 4300 2785 4339 suum
2815 4283 3035 4339 dicebat
3064 4286 3265 4340 Deum.

2012 4391 2183 4445 Vens.
2213 4393 2302 4447 27.
2335 4421 2404 4431 ——
2432 4391 2490 4446 Si
2518 4395 2711 4447 autem
2731 4406 2846 4447 non
2870 4391 3169 4446 audieritis
3190 4407 3296 4457 me,
3324 4394 3390 4446 ut
3409 4407 3540 4446 san-

232 4487 401 4542 stulta
431 4486 624 4541 mundi
652 4486 821 4559 elegit
850 4487 1017 4551 Deus,
1050 4492 1109 4541 ut
1146 4483 1312 4540 fortia
1342 4499 1571 4556 quaeque
1603 4482 1837 4539 confun-
1866 4470 1920 4530 D
1939 4480 2204 4549 ctiﬁcetis
2235 4481 2385 4535 diem
2414 4480 2645 4546 sabbati,
2667 4483 2817 4536 etne
2836 4480 3075 4552 portetis
3096 4496 3256 4546 onus,
3284 4483 3431 4535 etne
3453 4481 3539 4535 in-

230 4576 349 4631 dat.
389 4577 628 4633 Venient
657 4579 871 4647 gentes,
905 4574 963 4629 id
995 4577 1097 4640 est,
1132 4574 1202 4629 ab
1232 4572 1338 4640 his,
1374 4572 1466 4644 qui
1497 4579 1622 4627 sunt
1655 4572 1839 4629 novis-

233 4664 360 4719 simi
387 4680 560 4735 super
589 4672 816 4729 terram,
850 4662 986 4719 fatui
1014 4671 1069 4718 et
1105 4661 1382 4735 ignobiles
1424 4669 1483 4716 et
1511 4661 1729 4731 abjecti.

304 4772 482 4826 Vens.
516 4774 606 4828 20.
638 4800 708 4811 -
737 4772 896 4827 Deos.
930 4768 1143 4840 (Hien.)
1170 4768 1295 4824 Non
1325 4767 1504 4823 solum
1535 4768 1604 4823 de
1635 4782 1838 4838 corpo-

228 4860 339 4916 reis
365 4859 685 4914 simulacris
716 4858 923 4915 faciunt
954 4858 1062 4913 sibi
1091 4856 1342 4912 homines
1390 4857 1545 4923 deos,
1578 4864 1709 4922 etc.,
1739 4873 1840 4912 us-

232 4966 337 5026 que
357 4949 434 5005 ad
465 4955 520 5003 et
540 4948 915 5003 adoraverunt
935 4963 1074 5019 opus
1092 4961 1356 5001 manuum
1377 4961 1622 5013 suarum,
1644 4952 1841 5017 putan-

234 5046 317 5093 tes
348 5052 488 5095 vera
517 5052 644 5093 esse
694 5052 817 5108 quae
864 5034 1155 5091 ﬁnxerunt.

815 5176 1039 5234 CAPUT
1095 5176 1265 5234 XVII.

301 5306 480 5362 Vens.
515 5308 569 5360 1.
593 5332 664 5346 --
718 5306 1026 5360 Peccatum
1072 5302 1217 5359 Iuda
1252 5303 1534 5374 scriptum
1577 5303 1682 5365 est,
1732 5305 1837 5354 etc.

240 5398 257 5465 (
266 5396 460 5467 then.)
482 5393 661 5463 Quasi
682 5392 830 5449 dicat
854 5411 868 5447 :
895 5392 1153 5447 Gentium
1170 5399 1402 5462 peccata
1421 5390 1603 5446 deleta
1620 5387 1843 5453 sunt,de

240 5484 435 5555 quibus
474 5483 550 5539 ad
577 5482 810 5552 Moysen
828 5480 1049 5548 dicitur,
1092 5482 1331 5537 Dimitte
1361 5496 1470 5546 me,
1514 5485 1644 5544 etc.,
1669 5492 1844 5549 usque

235 5573 302 5626 ad
338 5573 626 5641 Quiescite
676 5572 747 5628 ab
776 5571 1002 5627 homine
1040 5572 1205 5643 cujus
1232 5571 1473 5644 spiritus
1502 5570 1567 5625 in
1599 5566 1834 5623 naribus

236 5663 352 5734 ejus
371 5660 600 5737 (Isa.n).

1938 4571 2141 4640 feratis
2166 4585 2271 4641 per
2298 4572 2493 4642 portas
2515 4569 2848 4634 Jerusalem,
2874 4574 2979 4623 etc.
3006 4566 3176 4636 Quasi
3196 4567 3344 4623 dicat
3368 4585 3382 4622 :
3406 4567 3539 4624 Hac

1942 4666 2066 4712 sunt
2109 4656 2336 4728 praemia
2363 4673 2555 4712 eorum
2603 4656 2696 4728 qui
2744 4654 3086 4711 sanctiﬁcant
3136 4656 3447 4725 sabbatum,
3480 4662 3539 4714 et

1939 4745 2091 4801 nullo
2117 4746 2361 4818 pondere
2390 4752 2712 4819 gravantur.
2746 4745 2805 4800 Si
2835 4749 3049 4811 autem,
3084 4752 3189 4802 etc.

2509 4886 2733 4942 CAPUT
2764 4886 2963 4941 XVIII.

2013 5013 2183 5067 Vens.
2209 5015 2258 5066 1.
2283 5040 2352 5051 --
2378 5011 2608 5067 Verbum
2628 5011 2770 5084 quod
2789 5014 3014 5083 factum
3032 5014 3119 5067 est
3130 5011 3204 5068 ad
3220 5012 3530 5068 Jeremiam

1941 5119 1978 5157 a
2003 5102 2239 5157 Domino
2265 5100 2477 5156 dicens.
2512 5099 2725 5171 (Hten.)
2756 5100 2862 5155 Per
2891 5115 3084 5156 omnes
3129 5116 3325 5155 sensus
3353 5100 3427 5156 ad
3448 5099 3538 5169 ju-

1943 5189 2165 5257 dicium,
2197 5196 2327 5257 etc.,
2360 5204 2534 5261 usque
2563 5189 2636 5245 ad
2664 5195 2720 5244 et
2747 5188 2824 5243 ibi
2853 5189 3046 5245 audire
3093 5197 3372 5262 praecepta
3418 5189 3538 5245 Do-

1942 5295 2093 5334 1mm.

2014 5388 2185 5443 Vens.
2217 5388 2270 5442 4.
2301 5386 2372 5441 Et
2401 5386 2744 5459 dissipatum
2770 5389 2875 5453 est,
2911 5392 3016 5442 etc.
3064 5385 3402 5458 Dissipatum
3448 5385 3539 5442 di-

1943 5473 2071 5531 vina
2097 5473 2465 5545 providentia,
2499 5482 2557 5530 ut
2585 5474 2806 5531 nescius
2835 5472 3031 5531 artifex
3062 5491 3254 5532 errore
3285 5491 3387 5531 suo
3430 5489 3537 5544 pa-

1946 5562 2197 5620 rabolam
2225 5561 2509 5637 figuraret.

2014 5654 2187 5711 Vens.
2220 5654 2275 5710 '1.
2307 5683 2379 5694 —
2404 5655 2651 5726 Repente
2698 5653 2894 5726 loquar
2940 5651 3073 5725 (In.)
3102 5650 3360 5709 Liberum
3389 5643 3539 5704 arbi-
