4000 6182
368 268 437 321 35
863 265 1269 325 WALAFRIDI
1306 266 1550 324 STRABI
1588 266 1787 324 FULD.
1827 265 2000 323 MON.
2042 263 2196 323 OPP.
2236 264 2413 323 PARS
2449 266 2493 321 Ι.
2533 295 2603 308 --
2639 265 3111 334 THEOLOGICA,
3594 267 3665 320 36

369 389 534 446 trium
563 388 856 463 signiﬁcat,
892 399 1021 459 etc.,
1064 409 1238 467 usque
1266 393 1338 450 ad
1385 401 1444 448 ut
1471 392 1528 448 in
1573 391 1827 448 omnibus
1874 408 1966 448 ex-
1995 391 2053 453 A
2142 391 2315 448 Vnus.
2341 395 2426 447 13.
2449 422 2519 432 —
2538 394 2609 448 Et
2635 395 2809 449 erunt
2835 392 3033 448 domus
3051 382 3370 448 Jerusalem
3390 393 3447 446 et
3466 388 3667 446 domus

373 479 536 535 cellat
565 479 746 552 gratia
774 480 1077 553 largitoris.

441 568 613 623 Vnus.
649 571 736 623 11.
768 599 838 609 —
866 571 1004 627 Ecce
1034 586 1128 643 ego
1157 570 1358 642 (Hier.)
1407 570 1602 641 Implet
1646 568 1971 641 parabolam

373 672 538 729 quam
566 664 621 712 et
649 665 876 729 aspectu
906 659 1091 716 docuit
1121 667 1175 714 et
1196 675 1471 715 sermone.

443 746 613 802 Vnus.
683 750 775 803 12.
803 778 872 786 —
907 750 1040 804 Post
1084 750 1470 820 cogitationes.
1519 747 1667 819 {(In.)
1723 747 1829 803 Ubi
1886 754 1972 803 est

373 834 582 907 absque
614 835 796 908 gratia
824 836 945 903 Dei,
979 844 1108 904 etc.,
1156 853 1329 910 usque
1360 837 1431 893 ad
1459 852 1651 892 omnes
1681 836 1736 891 in
1782 836 1967 894 circu-

372 923 508 978 mitu
537 924 655 993 ejus
701 925 970 980 nationes.

444 1013 613 1068 Vnus.
650 1015 736 1068 14.
770 1044 839 1053 —
868 1014 1133 1087 Nunquid
1160 1014 1227 1070 de
1255 1019 1423 1087 petra
1455 1034 1473 1069 :
1503 1013 1661 1086 quasi
1709 1014 1918 1070 diceret
1950 1032 1964 1069 :

374 1101 525 1157 Sicut
554 1102 622 1156 de
653 1102 843 1157 Libani
873 1103 1299 1170 summitatibus,
1334 1111 1464 1170 etc.,
1497 1119 1672 1176 usque
1694 1104 1767 1160 ad
1792 1119 1968 1175 popu-

372 1188 459 1244 lus
486 1205 642 1244 meus
672 1190 875 1245 oblitus
906 1199 989 1246 est
1019 1191 1147 1246 mei.

442 1296 614 1361 Vnus.
649 1299 735 1352 16.
767 1327 838 1337 —
871 1300 937 1355 Ut
948 1298 1110 1367 ﬁeret
1133 1301 1305 1353 terra.
1329 1297 1461 1370 (Ιυ.)
1483 1299 1598 1354 Hoc
1616 1297 1832 1369 plenius
1846 1306 1971 1369 post

369 1384 665 1441 adventum
696 1385 914 1441 Domini
934 1386 1152 1442 videtur
1189 1403 1313 1442 esse
1362 1387 1714 1458 completum,
1749 1388 1969 1459 quando

371 1473 554 1527 nullus
581 1473 895 1529 Iudaeorum
927 1481 1132 1529 terram
1164 1483 1219 1530 et
1246 1475 1440 1530 urbem
1479 1484 1725 1531 sanctam
1753 1476 1970 1549 ingredi

370 1560 495 1634 lege
516 1561 867 1633 permittitur.
903 1564 1012 1619 Sed
1033 1579 1158 1619 cum
1180 1564 1252 1618 ad
1270 1564 1551 1634 planctum
1571 1564 1838 1631 venerint,
1861 1565 1969 1619 mi—

373 1658 566 1706 rantur
582 1658 635 1706 et
655 1652 858 1707 deﬂent
876 1651 1134 1708 vaticinia
1152 1654 1547 1724 pr0phetarum
1570 1654 1859 1724 completa.

444 1740 616 1795 Vnus.
649 1740 736 1795 1'7.
769 1770 839 1779 —
866 1741 1026 1797 Sicut
1055 1745 1275 1797 ventus.
1300 1741 1431 1813 (Ιυ.)
1452 1743 1637 1813 Usque
1659 1742 1822 1798 hodie
1851 1743 1971 1799 hmo
1998 1756 2052 1816 Β

375 1827 645 1884 sententia
673 1836 980 1899 permanet,
1012 1837 1144 1898 etc.,
1177 1847 1351 1903 usque
1381 1830 1455 1886 ad
1485 1834 1623 1887 tunc
1654 1833 1838 1887 omnis
1883 1832 1969 1887 Is-

374 1918 499 1972 raél
554 1918 745 1973 salvus
791 1918 909 1987 ﬁet.

444 2024 615 2079 Vnus.
652 2026 738 2079 18.
781 2026 956 2081 Venit.
989 2025 1122 2096 (10.)
1154 2026 1265 2081 Ista
1293 2033 1423 2083 tunc
1470 2025 1787 2081 Judaaorum
1835 2041 1972 2082 con-

375 2118 462 2167 tra
486 2112 785 2168 Jeremiam
814 2113 901 2168 vel
932 2113 1227 2180 Christum,
1262 2122 1392 2181 etc.,
1427 2131 1603 2187 usque
1633 2115 1705 2170 ad
1732 2115 1973 2185 prophe-

376 2199 507 2254 tiam
538 2200 687 2255 omni
716 2201 1012 2258 verborum
1041 2210 1095 2257 et
1125 2219 1385 2258 sensuum
1416 2201 1749 2259 confidentia
1776 2220 1973 2275 perse-

377 2296 628 2361 quentes.

448 2377 619 2433 Vnus.
647 2381 733 2434 19.
766 2409 836 2419 —
863 2380 1124 2447 Attende,
1147 2381 1403 2446 Domine,
1427 2380 1500 2436 ad
1518 2396 1627 2447 me,
1652 2384 1711 2437 et
1729 2381 1865 2437 audi
1884 2397 1974 2437 vo-

377 2482 499 2522 cem
526 2467 982 2524 adversariorum
1012 2485 1287 2525 meorum.
1320 2468 1452 2540 (10.)
1474 2470 1535 2523 In
1566 2477 1695 2540 typo
1718 2469 1973 2525 Salvato-

376 2553 474 2621 ris,
506 2562 636 2622 etc.,
669 2573 843 2629 usque
871 2558 944 2613 ad
973 2560 1206 2630 sanguis
1234 2560 1357 2630 ejus
1386 2574 1558 2631 super
1586 2574 1689 2615 nos
1720 2562 1778 2615 et
1805 2574 1976 2631 super

373 2643 522 2713 ﬁlios
553 2649 776 2702 nostros
808 2645 1031 2713 (Matth.
1066 2647 1274 2715 xxvu).

447 2732 619 2789 Vnus.
642 2738 731 2791 23.
763 2764 834 2774 -—
863 2736 941 2790 Ne
957 2737 1292 2807 propicieris
1314 2736 1613 2809 iniquitati
1634 2751 1847 2803 eorum,
1863 2744 1975 2792 etc.

375 2820 500 2876 Non
528 2829 613 2876 est
642 2822 975 2878 contrarium
1009 2823 1279 2893 superiori
1307 2824 1612 2890 sententiae,
1639 2831 1768 2891 etc.,
1801 2841 1975 2897 usque

375 2909 450 2965 ad
476 2925 545 2965 ne
574 2909 804 2966 inultum
833 2918 1124 2982 peccatum
1155 2912 1265 2967 illis
1295 2910 1454 2968 ﬁeret
1480 2912 1539 2968 in
1568 2912 1899 2984 exemplum.

949 3053 1174 3110 CAPUT
1210 3054 1364 3109 XIX.

449 3193 620 3248 Vnus.
657 3196 708 3249 1.
741 3222 811 3233 —
842 3195 967 3250 Haec
997 3194 1138 3250 dicit
1166 3197 1443 3251 Dominus
1473 3214 1491 3251 :
1528 3196 1671 3253 Vade
1698 3201 1757 3252 et
1786 3198 1979 3270 accipe

382 3282 766 3353 lagunculam.
791 3282 1003 3354 (Hinu.)
1024 3283 1151 3338 Vult
1169 3284 1354 3339 divina
1374 3284 1659 3357 Scriptura
1678 3301 1787 3340 non
1802 3286 1981 3340 solum

382 3368 609 3425 auribus
639 3370 840 3427 docere
871 3371 1152 3442 populum,
1200 3372 1301 3428 sed
1348 3373 1513 3429 etiam
1560 3374 1753 3431 oculis.
1806 3373 1979 3447 Magis

381 3457 527 3513 enim
555 3467 737 3514 mente
785 3458 1053 3515 retinetur
1099 3461 1247 3532 quod
1296 3460 1417 3517 visu
1464 3462 1765 3534 percipitur
1814 3478 1979 3535 quam

386 3547 535 3618 quod
565 3546 773 3603 auditu.

447 3649 841 3721 Lagunculam
871 3649 1033 3721 ﬁguli
1060 3666 1163 3722 pro
1192 3650 1491 3724 laguncula
1512 3650 1685 3725 ﬁguli,
1717 3660 1849 3720 etc.,
1883 3669 1979 3710 us-

378 3753 484 3809 que
514 3737 586 3793 ad
615 3745 669 3794 et
697 3754 800 3809 pro
831 3738 1094 3795 Hierihoh
1126 3741 1405 3797 Chiricho.

450 3844 622 3900 Vnus.
655 3846 709 3901 4.
742 3876 812 3886 -
841 3846 917 3902 Eo
948 3846 1109 3920 quod.
1146 3846 1278 3919 (11).)
1312 3846 1506 3903 Omnis
1551 3847 1842 3904 haereticus
1874 3848 1978 3904 de—

380 3933 640 4007 relinquit
667 3935 862 4001 Deum,
897 3943 1026 4003 etc.,
1063 3952 1236 4009 usque
1265 3937 1339 3992 ad
1368 3945 1422 3992 et
1450 3936 1779 3992 comburunt
1815 3937 1978 3993 idolis

379 4020 521 4078 ﬁlios
552 4038 681 4077 suos
712 4039 849 4095 quos
875 4022 933 4077 in
960 4024 1159 4078 haeresi
1187 4032 1515 4096 genuerunt.

450 4128 625 4183 Vnus.
657 4130 709 4183 5.
740 4157 811 4169 -—
843 4129 975 4196 Qua
1002 4147 1118 4185 non
1145 4133 1409 4203 praecepi.
1440 4131 1564 4185 Non
1602 4130 1841 4202 praecepi
1890 4131 1980 4186 vel

384 4214 642 4289 cogitavi,
702 4224 832 4283 etc.,
864 4234 1039 4291 usque
1096 4219 1169 4274 ad
1214 4219 1333 4274 haec
1378 4220 1447 4276 de
1493 4220 1609 4275 Deo
1658 4219 1981 4291 accipienda

384 4312 529 4372 sunt,
563 4304 702 4360 sicut
731 4305 859 4361 alia.

452 4395 625 4450 Vnus.
658 4397 710 4450 6.
743 4425 813 4435 —
849 4395 1110 4468 Topheth,
1145 4400 1201 4451 et
1232 4397 1398 4452 vallis
1427 4397 1539 4466 ﬁlii
1569 4398 1812 4464 Ennom,
1866 4404 1973 4455 etc.

380 4482 516 4555 (Ιυ.)
548 4482 684 4553 Quae
714 4483 782 4539 sit
809 4484 970 4540 vallis
999 4481 1096 4539 ﬁlii
1124 4484 1361 4551 Ennom,
1394 4493 1524 4552 etc.,
1576 4502 1749 4559 usque
1797 4486 1977 4543 advel
1997 4482 2051 4543 D

385 4571 742 4629 bistorialiter
766 4573 1070 4645 Babylonio
1100 4581 1371 4630 vastante.

457 4672 629 4728 Vnus.
660 4675 715 4729 '7.
745 4704 817 4715 —
845 4677 915 4731 Et
940 4675 1076 4733 dabo
1105 4676 1397 4733 cadavera.
1449 4674 1713 4744 Quamvis
1759 4677 1879 4733 hmc
1923 4675 1980 4731 in

384 4760 717 4832 Babylonica
746 4763 1060 4834 captivitate
1081 4765 1286 4836 populo
1304 4765 1625 4832 acciderint,
1650 4772 1780 4831 etc.,
1804 4781 1979 4839 usque

385 4850 459 4906 ad
486 4858 707 4907 ventres
738 4868 868 4906 suos
900 4853 1155 4923 sepulcra
1184 4854 1430 4910 facerent
1459 4855 1779 4910 liberorum.

458 4940 630 4995 Vnus.
667 4944 753 4995 11.
784 4971 854 4981 —
883 4942 973 4997 Sic
1002 4947 1295 4999 conteram
1319 4946 1597 5017 papulum
1634 4946 1833 5000 istum.
1867 4944 1981 4999 Sub

386 5027 525 5084 ΔΕΗο
546 5028 791 5084 Adriano
822 5029 1037 5097 civitas,
1072 5038 1127 5087 et
1156 5047 1358 5087 nomen
1388 5032 1646 5103 perdidit,
1680 5039 1735 5088 et
1756 5040 1978 5100 statum,

388 5116 461 5171 ad
486 5115 853 5190 frangendum
883 5118 1201 5190 superbiam
1232 5120 1622 5178 habitatorum.
1646 5123 1862 5178 Sanctae
1892 5137 1987 5177 au-

388 5212 499 5260 tem
528 5205 711 5262 crucis
746 5215 801 5263 et
848 5208 1271 5265 resurrectionis
1313 5210 1585 5267 vocabula
1631 5226 1743 5267 non
1788 5210 1985 5267 urbem

389 5292 721 5366 signiﬁcant,
756 5296 856 5352 sed
886 5296 1089 5353 locum.

459 5395 591 5467 (10.)
617 5397 793 5454 Judaei
822 5416 1047 5455 auream
1081 5408 1244 5472 atque
1273 5408 1608 5473 gemmatam
1635 5401 1943 5458 Jerusalem
1967 5443 1980 5468 ,

388 5492 518 5553 etc.,
552 5503 726 5559 usque
757 5488 831 5544 ad
858 5496 914 5544 et
940 5504 1076 5544 vero
1100 5489 1274 5558 judici
1306 5497 1506 5547 cuncta
1534 5498 1907 5548 reserventur.

458 5576 530 5630 Et
558 5577 621 5631 in
655 5577 899 5647 Tapheth
928 5579 1298 5651 sepelientur,
1335 5586 1465 5645 etc.,
1521 5596 1695 5653 usque
1743 5579 1817 5636 ad
1863 5594 1987 5651 quae

389 5662 519 5721 huic
545 5662 793 5721 imminet
819 5665 963 5733 loco,
997 5664 1093 5723 ﬁat
1122 5666 1263 5724 sicut
1290 5667 1559 5740 Topheth.

2070 497 2284 553 regum.
2319 480 2510 537 Omnis
2539 481 2734 537 domus
2763 497 2960 555 regum
2986 480 3131 535 Juda
3162 478 3304 535 sicut
3348 478 3505 534 locus
3550 479 3664 533 To-

2067 570 2255 640 pheth.
2288 570 2405 627 Hoc
2433 569 2490 625 in
2518 570 2750 627 Hebrazo
2779 585 2890 626 non
2917 570 3169 636 habetur,
3203 568 3305 626 sed
3332 582 3368 623 a
3395 567 3550 623 LXX
3578 566 3663 621 in-

2070 659 2378 715 terseritur.

2663 766 2887 823 CAPUT
2935 765 3063 821 XX.

2139 909 2309 963 Vnus.
2328 911 2379 963 1.
2391 910 2541 964 —Et
2552 908 2771 965 audivit
2780 908 3049 964 Phassur.
3065 906 3389 979 (Hinu.)Hic
3406 912 3526 962 erat
3534 919 3669 977 pon-

2067 995 2196 1052 tifex
2208 996 2415 1068 templi,
2430 1004 2535 1054 etc.
2547 1040 2560 1064 ,
2575 1013 2748 1070 usque
2759 997 2832 1053 ad
2843 998 2942 1053 sed
2953 997 3265 1053 considerat
3276 996 3661 1066 imperantem.

2139 1086 2309 1141 Vnus.
2336 1089 2388 1140 3.
2412 1116 2481 1125 —
2508 1086 2751 1159 Cumque
2772 1087 3087 1142 illuxisset.
3106 1084 3360 1140 Notanda
3378 1085 3666 1155 prophetae

2067 1174 2329 1245 patientia
2360 1182 2523 1246 atque
2554 1174 2866 1245 prudentia.
2898 1173 3095 1229 Nissus
3123 1173 3477 1230 incarcerem
3494 1179 3663 1239 tacet,

2069 1270 2124 1317 et
2171 1262 2388 1318 silentio
2432 1262 2599 1319 vincit
2641 1261 2932 1333 injuriam,
2982 1278 3085 1318 nec
3127 1269 3313 1317 tamen
3361 1259 3673 1316 dissimulat

2071 1352 2218 1423 quod
2249 1352 2351 1407 scit
2396 1368 2519 1406 esse
2566 1356 2878 1418 venturum,
2928 1359 2986 1405 ut
3033 1350 3229 1406 saltem
3277 1349 3378 1405 Dei
3423 1348 3668 1421 pontifex

2069 1456 2304 1511 peccare
2334 1440 2581 1506 desistat,
2615 1448 2669 1495 et
2697 1441 2798 1495 Dei
2828 1438 3172 1496 clementiam
3206 1440 3554 1511 deprecetur.

2139 1530 2258 1585 Non
2288 1530 2557 1585 Phassur.
2588 1530 2747 1584 Juxta
2773 1529 3113 1599 superiorem
3142 1527 3667 1599 interpretationem,

2068 1625 2197 1683 etc.,
2235 1635 2409 1691 usque
2453 1618 2526 1673 ad
2570 1619 2679 1674 huc
2724 1618 2964 1690 illucque
3014 1617 3426 1689 circumspicias
3473 1624 3529 1672 et
3574 1632 3668 1673 ve-

2068 1706 2288 1762 nientes
2319 1707 2669 1762 adversarios
2699 1706 3045 1762 reformides.

2146 1796 2316 1850 Vnus.
2350 1798 2404 1851 7.
2437 1826 2507 1835 —
2533 1796 2826 1851 Seduxisti
2855 1813 2962 1862 me,
2996 1797 3250 1852 Domine.
3283 1794 3415 1867 (11).)
3446 1794 3588 1852 Dicit
3609 1811 3669 1850 se

2072 1885 2343 1955 propheta
2370 1900 2404 1940 a
2432 1884 2666 1940 Domino
2696 1885 3005 1956 deceptum,
3049 1892 3179 1951 etc.,
3212 1901 3386 1958 usque
3434 1885 3507 1940 ad
3533 1901 3669 1956 per-

2076 1973 2385 2030 secutiones
2415 1981 2468 2029 et
2498 1974 2782 2047 angustias
2813 1973 3095 2029 sustineat.

2144 2065 2350 2118 Factus
2381 2080 2509 2118 sum
2540 2065 2601 2118 in
2633 2062 2902 2119 derisum.
2934 2061 3067 2135 (In.)
3089 2063 3364 2133 Propheta
3380 2069 3676 2133 putaverat

2076 2151 2261 2206 statim
2289 2151 2530 2206 futurum
2563 2152 2711 2223 quod
2743 2151 3008 2207 Dominus
3036 2151 3388 2219 minabatur;
3423 2159 3477 2207 et
3505 2167 3681 2223 popu-

2074 2239 2161 2294 lus
2191 2240 2503 2297 aestimabat
2532 2241 2680 2313 quod
2726 2239 2909 2296 statim
2935 2256 3046 2296 non
3091 2248 3340 2307 venerat,
3386 2256 3499 2296 non
3545 2255 3673 2298 esse

2075 2335 2385 2385 venturum.

2148 2418 2320 2474 Vnus.
2357 2423 2423 2475 12
2451 2449 2521 2460 —
2549 2420 2620 2474 Et
2642 2422 2723 2484 tu,
2757 2420 2992 2475 Domine
3006 2420 3386 2485 exercituum,
3412 2425 3518 2475 etc.
3541 2418 3676 2491 (11).)

2079 2507 2240 2562 Solus
2270 2508 2420 2563 Deus
2449 2515 2552 2574 est,
2585 2515 2715 2573 etc.,
2735 2524 2909 2580 usque
2938 2507 3011 2563 ad
3030 2522 3169 2580 ergo
3187 2523 3244 2561 in
3271 2507 3516 2579 peccatis
3530 2522 3678 2563 mor-

2077 2604 2222 2652 tuus.

2155 2685 2396 2741 Videam.
2433 2685 2568 2741 Cum
2597 2685 2736 2742 sciat
2759 2686 2943 2755 justus
2973 2698 3033 2739 se
3084 2685 3258 2741 Deum
3287 2685 3493 2741 habere
3537 2700 3677 2756 pro-

2076 2781 2459 2846 pugnatorem,
2493 2774 2549 2829 in
2577 2772 2841 2845 patientia
2869 2781 3053 2829 tamen
3081 2771 3397 2847 fragilitatis
3422 2775 3677 2830 humane

2079 2863 2226 2934 quod
2255 2862 2407 2919 novit
2435 2878 2558 2919 esse
2589 2870 2899 2929 venturum,
2927 2862 3045 2932 jam
3090 2877 3237 2919 nunc
3282 2862 3473 2919 videre
3519 2862 3674 2920 desi-

2078 2951 2255 3007 derat.

2155 3041 2267 3097 Tibi
2296 3043 2471 3097 enim.
2507 3040 2613 3110 Qui
2634 3040 2772 3098 dicis
2795 3058 2810 3097 :
2832 3043 2969 3099 Mihi
2989 3042 3302 3099 vindictam
3320 3043 3377 3098 et
3396 3055 3491 3113 ego
3510 3042 3678 3097 retri-

2005 3116 2056 3180 C
2076 3128 2245 3185 buam
2274 3130 2424 3201 (Heb.
2458 3129 2541 3201 x),
2575 3137 2681 3186 etc.
2714 3130 2865 3186 Felix
2895 3130 3250 3197 conscientia,
3303 3130 3459 3199 cujus
3506 3144 3677 3186 causa

2082 3218 2315 3274 Domino
2352 3219 2629 3275 revelatur
2662 3237 2676 3273 :
2708 3220 2864 3275 Unde
2912 3220 3194 3291 apostolus

2080 3310 2492 3379 manifestatur
2525 3309 2630 3363 lux
2650 3312 2735 3363 est
2764 3307 2987 3380 (Ephes.
3022 3308 3103 3380 v).

2151 3411 2322 3465 Vnus.
2359 3413 2444 3465 13.
2478 3439 2548 3451 -
2579 3410 2722 3478 Quia
2752 3410 3028 3467 liberavit.
3061 3409 3193 3481 (10.)
3222 3410 3437 3482 Pauper
3483 3408 3677 3482 spiritu

2080 3498 2378 3554 vindictam
2408 3514 2441 3554 a
2478 3498 2710 3554 Domino
2760 3506 3090 3555 consecutus
3138 3498 3347 3567 laudat,
3396 3508 3452 3555 et
3497 3515 3558 3554 se
3606 3499 3678 3554 de

2079 3603 2246 3643 manu
2276 3588 2641 3659 pessimorum
2668 3594 2886 3645 erutum
2905 3587 3193 3661 gloriatur.
3229 3589 3344 3645 Hoc
3363 3595 3548 3644 autem
3565 3603 3680 3643 non

2081 3675 2141 3732 ﬁt
2169 3676 2385 3744 merito,
2421 3677 2520 3733 sed
2548 3678 2666 3747 ejus
2696 3677 2879 3750 gratia
2924 3677 3017 3749 qui
3043 3693 3345 3750 pauperem
3390 3676 3671 3744 liberavit,

2083 3766 2175 3838 qui
2204 3782 2314 3821 non
2342 3772 2491 3822 amat
2519 3766 2738 3822 divitias
2770 3766 3044 3837 superbiae
3075 3766 3400 3833 corruentis,
3435 3766 3536 3822 sed
3564 3766 3677 3821 hu-

2080 3855 2368 3912 militatem
2396 3854 2655 3927 pauperis
2687 3854 2925 3911 liberati.

2152 3944 2325 3999 Vnus.
2360 3946 2447 3999 1t.
2480 3974 2550 3985 ——
2579 3943 2896 4000 Maledicta.
2928 3944 2993 3999 In
3024 3943 3211 4016 quinto
3238 3959 3428 3999 mense
3453 3986 3467 4009 ,
3501 3942 3559 3998 id
3589 3950 3675 3999 est

2081 4034 2332 4106 Augusto
2361 4040 2524 4088 natus
2554 4040 2639 4088 est
2667 4032 2958 4101 Jeremias,
2992 4040 3123 4101 etc.,
3155 4049 3328 4106 usque
3358 4033 3431 4089 ad
3463 4040 3519 4089 et
3538 4032 3678 4088 vati-

2082 4121 2281 4177 cinium
2310 4120 2507 4177 futurae
2539 4122 2913 4178 subversionis
2942 4122 3132 4194 templi
3162 4123 3493 4180 autument?

2152 4211 2324 4266 Vnus.
2363 4214 2428 4266 15
2456 4240 2527 4251 —-
2555 4210 2885 4268 Maledictus
2916 4212 3021 4280 vir,
3063 4218 3169 4267 etc.
3204 4209 3309 4281 Qui
3327 4216 3523 4282 putant
3550 4209 3676 4264 ani-

2080 4315 2201 4355 mas
2228 4298 2397 4355 fuisse
2426 4299 2483 4354 in
2512 4299 2849 4367 coelestibus,
2883 4308 3014 4367 etc.,
3057 4316 3233 4373 usque
3263 4300 3335 4356 ad
3382 4306 3457 4366 et,
3506 4298 3675 4356 Redi-

2080 4393 2301 4446 mentes
2349 4393 2589 4462 tempus,
2612 4391 2879 4462 quoniam
2906 4389 3024 4446 dies
3039 4393 3179 4446 sunt
3197 4388 3420 4462 (Ephes.
3452 4387 3535 4460 v),
3566 4394 3675 4444 etc.

3246 3237 3260 3274 :
3314 3219 3491 3275 Omne
3531 3218 3678 3291 quod

2681 4548 2901 4607 CAPUT
2927 4548 3080 4605 XXI.

2151 4690 2322 4745 Vnus.
2358 4693 2409 4744 1.
2458 4719 2528 4731 —
2581 4692 2811 4747 Verbum
2856 4691 3015 4765 quod,
3060 4698 3166 4747 etc.
3219 4690 3448 4759 Quando
3486 4690 3667 4746 misit.

2081 4778 2294 4851 (Hinu.)
2324 4778 2638 4835 Notandum
2667 4780 2814 4851 quod
2843 4779 2901 4833 in
2928 4779 3231 4851 prophetis,
3254 4788 3385 4847 etc.,
3407 4794 3581 4852 usque
3609 4778 3683 4834 ad

2082 4868 2151 4924 de
2182 4867 2382 4940 quibus
2412 4868 2613 4924 dicitur
2640 4868 2698 4923 in
2726 4868 3101 4940 sequentibus.

2152 4958 2408 5013 Phassur
2433 4957 2641 5026 ﬁlium,
2682 4965 2787 5013 etc.
2823 4958 3004 5028 Supra
3020 4956 3267 5029 pontifex
3295 4953 3539 5012 Phassur
3568 4955 3685 5012 sive

2082 5046 2327 5101 Phascor
2384 5045 2475 5119 qui
2522 5045 2796 5117 percussit
2861 5046 3179 5114 Jeremiam,
3231 5054 3446 5117 patrem
3492 5044 3687 5101 habuit

2081 5135 2307 5190 Emmer
2341 5152 2354 5189 :
2390 5134 2479 5190 hic
2508 5143 2694 5190 autem
2723 5135 2967 5191 Phassur
2995 5135 3139 5192 ﬁlius
3169 5143 3255 5191 est
3281 5134 3549 5201 Melchiae,
3573 5149 3687 5189 non

2083 5231 2169 5279 est
2197 5223 2343 5279 enim
2372 5224 2538 5279 idem.

2154 5313 2326 5367 Vnus.
2360 5315 2412 5368 4.
2446 5342 2517 5353 -
2545 5314 2684 5370 Ecce
2729 5329 2843 5386 ego,
2893 5321 3002 5371 etc.
3054 5312 3227 5383 Quasi
3272 5312 3502 5369 diceret.
3554 5311 3687 5384 (Ιυ.)

2085 5402 2310 5456 Frustra
2328 5417 2644 5475 repugnare
2690 5402 2877 5470 vultis,
2899 5411 2954 5458 et
2998 5417 3156 5458 arma
3175 5401 3378 5459 bellica
3403 5415 3690 5473 praepara-

2084 5489 2174 5557 tis,
2237 5507 2471 5563 quorum
2519 5491 2578 5546 in
2634 5491 2819 5548 media
2866 5491 3005 5547 urbe
3051 5508 3213 5547 usum
3269 5499 3483 5548 tantum
3514 5491 3698 5546 habe-

2084 5579 2233 5647 bitis,
2266 5588 2326 5635 ut
2355 5580 2556 5638 armati
2576 5597 2701 5638 esse
2723 5579 3046 5639 videamini.
3068 5581 3194 5637 Non
3217 5580 3364 5637 enim
3384 5580 3704 5636 habuerunt

2085 5670 2278 5727 hostes
2312 5687 2453 5743 quos
2484 5671 2789 5740 vincerent,
2823 5670 2923 5727 sed
2961 5677 3174 5727 tantum
3203 5687 3342 5744 quos
3374 5676 3667 5742 caperent.

3972 412 3975 601 Ψ
