4028 6178
476 263 548 316 3'1
1369 262 1641 320 GLOSSA
1677 262 2089 322 ORDINABIA.
2129 294 2200 307 —
2233 262 2634 322 PROPHETIA
2668 264 3004 323 JEREMLE.
3040 318 3061 323 -
3710 269 3780 322 38

550 386 720 442 Vens.
754 388 807 442 ’7.
840 417 909 428 -
936 388 1084 444 Dabo
1114 388 1423 445 Sedeciam.
1459 388 1701 445 Primum
1721 390 1790 445 de
1818 389 2080 446 universa
2104 389 2162 451 A
2180 389 2415 458 dicatur,
2447 399 2576 458 etc.,
2610 408 2783 465 usque
2811 392 2885 447 ad
2911 390 3004 463 qui
3030 388 3348 462 projiciatur
3376 389 3446 445 de
3473 403 3641 445 manu
3660 389 3771 445 Do-

474 476 615 531 urbe
646 477 1031 547 prophetatum
1051 484 1153 547 est,
1178 485 1308 545 etc.,
1334 495 1508 551 usque
1538 480 1610 534 ad
1628 495 1732 535 nec
1759 479 1933 534 ullam
1954 495 2079 550 spe-

478 573 565 622 ret
591 565 1048 632 misericordiam,
1099 582 1225 623 cum
1272 565 1454 623 fmdus
1495 568 1738 639 perjurio
1766 567 2074 624 violaverit.
2144 610 2147 613 γ

548 655 613 710 In
647 672 846 710 manu.
880 656 941 709 In
970 671 1139 711 manu
1167 656 1684 714 Nabuchodonosor
1710 657 1863 731 regis
1892 657 2077 729 Baby-

475 742 618 799 lonis
648 750 702 798 et
729 743 789 798 in
816 760 980 799 manu
1014 744 1359 802 inimicorum
1388 746 1532 816 ejus.

544 832 713 887 Vens.
750 836 781 886 8
802 864 872 874 —
893 835 964 889 Et
994 834 1067 889 ad
1095 837 1391 908 papulum.
1426 835 1644 891 Nuntiis
1675 834 1941 909 regis,qui
1985 852 2080 892 ve-

476 929 688 989 nerant,
720 930 860 989 etc.,
912 939 1089 996 usque
1134 924 1206 979 ad
1252 924 1443 981 dicens
1475 942 1489 979 :
1520 925 1820 981 Maledicta
1867 925 1985 981 dies
2018 926 2080 980 in

473 1028 585 1084 qua
612 1015 788 1067 natus
816 1029 966 1067 sum.

548 1102 687 1157 Ecce
744 1116 841 1172 ego
898 1100 965 1156 do
1023 1117 1216 1157 coram
1274 1102 1443 1158 vobis.
1507 1101 1644 1158 Sunt
1682 1102 1775 1175 qui
1819 1103 1964 1158 hunc
1990 1101 2079 1158 10-.

470 1204 600 1244 cum
648 1188 950 1244 secundum
1001 1188 1370 1262 tropologiam
1399 1190 1478 1245 sic
1528 1199 1804 1262 exponunt
1836 1209 1850 1245 :
1887 1190 2080 1246 Melius

473 1286 562 1333 est
590 1292 651 1332 se
680 1277 901 1333 tradere
935 1278 1311 1334 saecularibus
1329 1278 1653 1350 disciplinis,
1686 1279 1925 1335 maxime
1952 1279 2081 1351 phi-

473 1365 794 1437 losophicis,
828 1381 994 1438 quam
1014 1367 1068 1421 in
1090 1367 1341 1423 Ecclesia
1374 1368 1468 1422 illa
1497 1384 1861 1439 permanere;
1893 1369 1950 1423 in
1977 1383 2083 1440 qua

474 1453 654 1510 fames
684 1454 754 1509 sit
787 1456 1058 1512 sermonis
1090 1456 1209 1526 Dei,
1246 1464 1299 1511 et
1328 1456 1508 1512 omnis
1533 1456 1770 1528 populus
1798 1456 2082 1512 hmretico-

470 1559 598 1598 rum
626 1543 810 1616 gladio
848 1551 900 1599 et
928 1544 1189 1600 doctrina)
1233 1546 1493 1617 penuria,
1544 1554 1599 1601 et
1623 1554 1778 1618 peste
1824 1546 2083 1602 haeretica

468 1631 760 1688 moriatur.

548 1720 728 1812 Vens.
756 1725 844 1812 12.
874 1753 943 1812 ἡ
972 1723 1232 1812 iudicate
1259 1739 1451 1780 mane.
1482 1722 1696 1796 (H1en.)
1718 1724 1779 1778 In
1822 1724 1928 1779 hoc
1954 1722 2077 1812 loco
2106 1752 2161 1812 Β

470 1809 769 1866 clementia
820 1810 923 1866 Dei
970 1811 1412 1879 demonstratur,
1464 1820 1602 1878 etc.,
1645 1829 1819 1885 usque
1848 1812 1919 1869 ad
1948 1811 2078 1869 vitio

474 1915 582 1955 suo
614 1898 893 1955 accideret
925 1900 1024 1965 eis,
1058 1916 1167 1955 non
1197 1900 1398 1956 duritia
1428 1900 1828 1958 comminantis.

552 2006 724 2062 Vens.
750 2012 838 2062 13.
858 2037 930 2048 —
949 2008 1089 2064 Ecce
1110 2024 1205 2079 ego
1223 2009 1296 2064 ad
1317 2012 1371 2063 te
1394 2006 2076 2079 habitatricem.Loquitur

477 2104 677 2151 contra
702 2095 1031 2165 Jerusalem,
1054 2113 1175 2167 qua)
1192 2096 1425 2152 obsessa
1451 2105 1536 2153 est
1565 2115 1579 2151 :
1615 2098 1703 2153 vel
1731 2096 1871 2153 sicut
1899 2097 2077 2167 Tyrus

466 2184 650 2249 mari,
692 2184 770 2240 ita
827 2184 1128 2256 Babylonio
1176 2185 1413 2258 cingitur
1442 2186 1685 2243 exercitu
1708 2229 1721 2251 ,
1756 2194 1811 2242 et
1840 2185 2075 2241 evadere

462 2288 583 2328 non
610 2281 823 2344 potest;
855 2274 944 2331 vel
974 2274 1133 2347 quasi
1179 2283 1338 2346 petra
1384 2274 1681 2330 durissima
1729 2291 1789 2331 se
1835 2274 2069 2347 inexpu-

462 2361 749 2434 gnabilem
779 2370 833 2419 et
860 2362 1146 2419 robustam
1191 2370 1372 2435 putat,
1420 2380 1523 2436 pro
1552 2363 1824 2421 soliditate
1879 2371 1933 2420 et
1958 2379 2074 2419 ma-

463 2450 757 2523 gnitudine
801 2467 1105 2508 murorum.

544 2538 714 2595 Vens.
751 2541 836 2595 14.
860 2570 932 2581 -
950 2542 1017 2597 In
1034 2542 1220 2597 Saltu.
1245 2541 1377 2612 (11).)
1407 2540 1714 2598 Jerusalem
1736 2548 1789 2598 et
1807 2540 2070 2610 adjacen-

465 2634 581 2683 tem
630 2627 914 2700 regionem
961 2628 1126 2701 (quae
1175 2628 1487 2686 fructiferas
1536 2630 1770 2687 arbores
1796 2630 2070 2686 bonorum

463 2730 701 2787 operum
731 2732 841 2772 non
870 2717 1129 2785 habebat,
1164 2726 1218 2773 et
1245 2718 1372 2775 ideo
1404 2718 1657 2775 incendio
1682 2718 1874 2792 digna)
1901 2734 2069 2790 quam

459 2805 699 2875 pulchre
747 2804 947 2862 vallem
996 2816 1363 2879 campestrem
1393 2808 1663 2879 appellat,
1725 2806 1883 2879 quasi
1937 2823 2067 2878 per—

461 2894 615 2948 viam
645 2894 933 2963 hostibus;
963 2910 1074 2952 non
1101 2905 1344 2951 montem
1375 2895 1676 2966 excelsum,
1725 2895 1818 2968 qui
1846 2894 2067 2953 diﬂicile

462 2983 818 3040 ascendatur.

1107 3091 1335 3149 CAPUT
1362 3092 1540 3148 XXII.

543 3212 712 3268 Vens.
747 3218 798 3270 1.
832 3246 902 3256 —
930 3218 1055 3273 Haec
1084 3217 1243 3293 dicit,
1278 3216 1492 3288 (Ηιειι.)
1523 3214 1625 3271 Hic
1655 3230 1838 3270 sermo
1853 3212 2072 3270 Domini

472 3300 657 3357 factus
688 3311 789 3371 est,
822 3321 997 3379 usque
1027 3305 1099 3360 ad
1127 3305 1300 3378 fugiat
1326 3305 1429 3361 Dei
1471 3303 1815 3361 sententiam.

545 3396 719 3450 Vens.
756 3396 808 3448 3.
843 3425 913 3434 —
940 3395 1132 3450 Facite
1153 3394 1459 3466 judicium.
1497 3392 1735 3464 Quiquid
1770 3390 1940 3464 regite
1971 3388 2069 3444 do-

460 3486 580 3541 mui
610 3484 816 3540 dictum
847 3490 931 3538 est
957 3482 1294 3555 intelligant,
1328 3490 1434 3539 etc.
1452 3526 1465 3547 ,
1499 3498 1673 3556 usque
1702 3480 1776 3537 ad
1804 3488 1857 3535 et
1883 3479 1939 3534 in
1964 3480 2071 3535 Ec-

459 3574 636 3632 clesia
656 3571 961 3644 composito
988 3570 1249 3628 incedunt
1298 3572 1495 3644 gradu.

534 3662 712 3717 Vens.
764 3664 817 3717 6.
869 3691 939 3701 —
967 3660 1026 3717 Si
1054 3677 1172 3717 non
1197 3676 1455 3732 posuero.
1511 3658 1644 3731 (11).)
1692 3657 2068 3715 Comminatur

461 3752 652 3808 domui
681 3750 870 3824 regie,
897 3757 1027 3820 etc.,
1049 3766 1223 3823 usque
1253 3750 1325 3805 ad
1344 3757 1398 3805 et
1425 3765 1615 3805 eorum
1636 3747 1729 3820 qui
1756 3746 2068 3802 ministrant

461 3841 720 3897 Domino.

542 3948 716 4003 Vens.
752 3950 933 4001 10.—
971 3947 1155 4002 Nolite
1202 3946 1338 4014 ﬂere
1384 3949 1712 4011 mortuum,
1766 3948 1875 4001 etc.
1934 3941 2066 4014 (11).)

459 4036 591 4092 Mihi
608 4035 837 4108 proprie
865 4034 974 4090 dici
1023 4034 1236 4089 videtur
1266 4033 1335 4088 de
1356 4033 1750 4101 Sedecia,etc.,
1786 4048 1962 4106 usque
1993 4031 2066 4087 ad

460 4125 647 4181 omnia
673 4125 744 4179 de
792 4123 1021 4180 Sedecia
1064 4122 1455 4196 intelligamus.

534 4213 707 4269 Vens.
745 4216 831 4268 11.
856 4243 926 4254 --
945 4212 1027 4267 Ad
1055 4213 1289 4277 Selium,
1325 4219 1429 4268 etc.
1455 4211 1585 4282 (11).)
1615 4210 1795 4266 Josias
1824 4225 1922 4265 rex
1945 4210 2064 4279 jus-

459 4311 552 4357 tus
598 4311 715 4358 tres
759 4300 901 4356 ﬁlios
947 4300 1164 4365 habuit,
1198 4308 1304 4356 etc.
1327 4344 1340 4365 ,
1374 4316 1548 4373 usque
1577 4300 1649 4355 ad
1676 4299 1801 4354 ideo
1832 4299 1979 4371 quod
2006 4298 2063 4352 in

459 4390 545 4445 eis
573 4406 803 4463 regnum
832 4389 975 4445 Juda
1001 4388 1212 4444 ﬁnitum
1260 4388 1347 4444 sit.

2176 479 2309 534 mini
2342 487 2396 534 et
2426 480 2675 535 tradatur
2705 480 3005 552 Babylonio
3032 479 3202 553 regi?

2222 606 2225 609 λ
2256 571 2346 627 Vir
2362 571 2491 626 iste.
2515 570 2958 640 (11).)Jechonias
2976 569 3365 641 interpretatur
3384 569 3613 625 Domini
3627 584 3774 641 prae-

2176 661 2403 731 paratio
2430 700 2447 724 ,
2482 658 2568 714 cui
2596 657 2654 713 in
2701 659 2959 729 praesenti
3006 659 3127 716 loco
3156 658 3337 729 prima
3366 657 3581 729 syllaba
3613 658 3683 723 ie,
3715 655 3774 712 id

2179 755 2264 802 est
2292 762 2493 804 nomen
2521 747 2739 803 Domini
2766 747 3035 813 aufertur,
3069 756 3123 804 et
3167 747 3368 804 dicitur
3418 748 3678 815 Chonias,
3713 753 3774 802 ut

2179 835 2540 891 subaudiatur
2568 836 2860 907 perditioni
2888 845 2941 891 et
2970 836 3209 892 interitui
3238 844 3599 907 praeparatus.

2252 924 2421 979 Vens.
2457 927 2545 979 30.
2577 954 2647 965 -—
2675 925 2879 981 Scribe.
2913 924 3044 997 (11).)
3076 924 3324 980 Christus
3353 924 3422 980 de
3470 924 3632 993 hujus
3681 939 3787 989 se:

2178 1011 2326 1067 mine
2358 1019 2519 1068 natus
2550 1021 2654 1081 est,
2695 1022 2823 1081 etc.,
2873 1030 3046 1086 usque
3092 1013 3295 1069 adimo
3343 1013 3502 1086 regni
3547 1012 3777 1069 simula-

2182 1116 2360 1166 crum,
2384 1102 2602 1173 penitus
2634 1101 2803 1158 fuisse
2833 1103 3091 1158 deletum.

2249 1191 2538 1257 Sterilem,
2576 1199 2681 1247 etc.
2715 1191 2924 1262 Aquilae
2954 1190 3131 1261 prima
3174 1190 3360 1257 editio,
3395 1190 3658 1257 sterilem,
3691 1206 3779 1247 se-

2181 1279 2382 1345 cunda,
2405 1297 2520 1336 non
2551 1284 2918 1337 crescentem.
2952 1280 3312 1351 Symmachus
3341 1297 3600 1347 vacuum,
3631 1280 3783 1336 LXX

2181 1375 2233 1422 et
2261 1368 2580 1435 Theodotio,
2612 1370 3043 1426 abominabilem
3073 1373 3129 1424 et
3158 1370 3499 1426 abdicatum.

2708 1494 2933 1549 CAPUT
2962 1493 3166 1548 XXIII.

2253 1598 2425 1653 Vens.
2461 1602 2510 1652 1.
2553 1601 2634 1655 Vw
2663 1601 2998 1672 pastoribus,
3035 1607 3139 1655 etc.
3173 1597 3388 1670 (H1en.)
3429 1596 3571 1668 Quia
3600 1597 3778 1654 omnis

2182 1704 2307 1759 spes
2336 1687 2546 1743 Judaici
2578 1688 2737 1761 regni
2764 1688 2982 1755 defecit,
3018 1687 3208 1742 transit
3253 1688 3323 1742 ad
3360 1687 3636 1759 principes
3665 1688 3779 1744 Ec-

2186 1776 2405 1843 clesiaa;
2440 1784 2493 1831 et
2524 1792 2808 1850 synagoga
2839 1793 2960 1832 cum
2993 1777 3107 1831 suis
3155 1776 3468 1847 pastoribus
3515 1776 3781 1832 derelicta

2181 1873 2343 1938 atque
2375 1866 2651 1932 damnata,
2698 1866 2769 1919 ad
2816 1865 3093 1937 apostolos
3143 1882 3323 1921 sermo
3354 1864 3430 1933 fit,
3465 1865 3533 1919 de
3581 1865 3779 1937 quibus

2182 1954 2586 2027 dicitur,Super
2603 1970 2693 2011 eos
2713 1956 2993 2011 suscitabo
3012 1958 3268 2028 pastores
3299 1955 3521 2026 (Ezech.
3546 1953 3775 2026 xxx1v),

2183 2052 2420 2170 euVens.
2454 2117 2506 2169 ὃ.
2542 2144 2612 2155 -
2655 2116 2793 2171 Ecce
2842 2115 2960 2171 dies
3000 2117 3259 2180 veniunt,
3311 2115 3470 2181 dicit,
3504 2121 3611 2171 etc.
3645 2112 3779 2186 (11).)

2177 2203 2420 2272 Abjectis
2466 2203 2783 2274 pastoribus
2831 2219 3149 2277 synagogaa,
3203 2203 3432 2269 Scribis,
3484 2202 3693 2259 scilicet
3722 2211 3780 2258 et

2176 2292 2487 2361 Pharisaais,
2520 2300 2574 2347 et
2621 2291 2883 2363 apostolis
2928 2292 2987 2346 in
3035 2293 3157 2348 loco
3204 2307 3399 2347 eorum
3446 2291 3773 2359 substitutis,

2174 2380 2451 2437 inducitur
2480 2379 2731 2437 Christus
2758 2389 2949 2451 pastor
2967 2389 3269 2452 pastorum.

2243 2470 2416 2525 Vens.
2449 2472 2503 2525 7.
2554 2500 2625 2510 —
2669 2473 2909 2542 Pr0pter
2957 2471 3075 2536 hoc,
3131 2477 3234 2525 etc.
3288 2468 3422 2541 (In.)
3451 2470 3568 2525 Hoc
3600 2477 3775 2526 totum

2172 2566 2335 2629 caput
2362 2558 2420 2612 in
2467 2558 2617 2613 LXX
2663 2573 2774 2613 non
2820 2558 3073 2623 habetur,
3106 2558 3263 2626 cujus
3290 2558 3382 2614 hic
3411 2574 3607 2613 sensus
3635 2566 3720 2614 est
3751 2576 3766 2612 :

2171 2644 2314 2715 Quia
2342 2662 2453 2702 non
2481 2663 2582 2718 per
2610 2648 2837 2718 Moysen
2865 2647 3101 2718 populus
3141 2646 3241 2701 Dei
3271 2647 3341 2702 de
3370 2647 3603 2718 IEgypto
3636 2647 3774 2703 lihe-

2169 2743 2343 2801 ratur,
2378 2737 2477 2791 sed
2506 2751 2607 2807 per
2636 2736 2916 2791 Christum
2944 2736 3013 2790 de
3044 2743 3157 2791 toto
3187 2735 3356 2802 orbe;
3392 2736 3540 2808 quod
3569 2752 3637 2791 ex
3656 2742 3769 2792 toto

2171 2825 2553 2896 complebitur,
2586 2824 2805 2896 quando
2836 2825 2906 2878 ab
2935 2823 3146 2880 oriente
3175 2832 3230 2880 et
3258 2824 3543 2881 occidente
3562 2832 3617 2880 et
3636 2841 3767 2896 sep-

2168 2912 2439 2969 tentrione
2466 2921 2520 2968 et
2536 2913 2769 2969 meridie
2790 2912 3009 2968 venient
3029 2920 3083 2968 et
3103 2913 3426 2969 recumbent
3444 2929 3569 2970 cum
3588 2913 3768 2969 Abra-

2165 3001 2316 3068 ham,
2352 3003 2510 3058 Isaac
2538 3010 2592 3058 et
2619 3002 2810 3069 Jacob,
2844 3006 2913 3058 ut
2938 3006 3240 3075 postquam
3298 3004 3622 3069 intraverit,
3644 3004 3773 3076 ple-

2092 3111 2143 3174 C
2189 3091 2389 3148 nitudo
2442 3093 2718 3165 gentium,
2762 3095 2899 3147 tunc
2957 3093 3141 3147 omnis
3197 3092 3373 3148 Israel
3425 3092 3615 3148 salvus
3670 3091 3776 3161 ﬁat

2170 3182 2348 3254 (Rom.
2380 3179 2485 3252 χι).

2241 3271 2414 3325 Vens.
2449 3272 2501 3324 9.
2536 3299 2606 3309 —
2638 3268 2809 3336 Quasi
2839 3269 2999 3325 homo
3026 3268 3287 3325 madidus
3316 3286 3352 3324 a
3380 3270 3529 3325 vino.
3551 3267 3770 3324 Nullius

2168 3356 2562 3431 intelligentiae,
2593 3356 2798 3412 nullius
2829 3356 3128 3428 sapientiae,
3161 3364 3290 3424 etc.,
3324 3373 3498 3431 usque
3526 3357 3770 3414 adJere-

2167 3446 2308 3502 mias
2341 3445 2487 3501 enim
2518 3445 2910 3517 interpretatur
2939 3448 3198 3502 excelsus
3235 3447 3481 3503 Domini.

2238 3536 2281 3590 A
2315 3536 2463 3606 facie
2493 3536 2739 3601 Domini,
2775 3543 2882 3591 etc.
2921 3534 3054 3606 (11).)
3084 3534 3443 3591 Considerato
3472 3534 3623 3591 vultu
3642 3551 3766 3592 om-

2166 3623 2463 3695 nipotentis
2514 3622 2634 3689 Dei,
2667 3622 2726 3677 id
2774 3631 2859 3678 est
2905 3623 3084 3678 Patris
3135 3631 3189 3678 et
3218 3624 3369 3681 vultu
3416 3623 3519 3679 Flii
3564 3624 3657 3697 qui
3685 3632 3770 3679 est

2170 3711 2431 3784 splendor
2466 3710 2675 3785 gloriae,
2712 3718 2765 3766 et
2793 3710 2972 3783 ﬁgura
3002 3712 3320 3768 substantia:
3340 3713 3477 3781 ejus,
3500 3714 3771 3784 propheta

2172 3809 2226 3856 et
2257 3800 2441 3854 anima
2471 3808 2524 3854 et
2570 3815 2803 3870 corpore
2851 3800 3241 3871 perhorrescit,
3276 3810 3329 3856 et
3359 3817 3419 3856 se
3464 3801 3597 3855 nihil
3645 3818 3769 3858 esse

2163 3888 2436 3963 intelligit,
2468 3888 2614 3943 unde
2647 3905 2660 3941 :
2699 3890 2764 3945 Ut
2784 3890 3117 3959 jumentum
3131 3892 3322 3961 factus
3353 3906 3478 3945 sum
3509 3889 3660 3962 apud
3691 3893 3766 3947 te.
3822 3946 3825 3951 .

2247 3978 2419 4032 Vens.
2459 3981 2545 4032 10.
2579 4008 2649 4017 —-
2694 3978 2875 4032 Luxit
2921 3982 3095 4034 terra.
3165 3976 3442 4050 Quidquid
3502 3978 3571 4033 de
3616 3985 3769 4035 terra

2162 4067 2353 4122 Iudaea
2379 4066 2536 4135 juxta
2570 4065 2808 4121 litteram
2852 4065 3133 4139 intelligis,
3166 4066 3237 4120 ad
3284 4065 3767 4138 congregationem

2164 4154 2505 4213 credentium
2535 4153 2748 4210 referre
2779 4154 3005 4226 poteris.
3040 4156 3270 4226 Propter
3298 4155 3568 4210 adulteria
3596 4155 3742 4212 enim
3818 4144 3825 4148 ⁷

2163 4252 2216 4300 et
2246 4243 2554 4309 mendacia,
2588 4251 2641 4299 et
2670 4243 2933 4314 perjuria,
2966 4242 3228 4299 virtutum
3256 4251 3310 4299 et
3326 4244 3636 4317 gratiarum
3653 4252 3763 4302 ste-

2161 4333 2338 4388 rilitas
2370 4333 2742 4405 consequitur.

2231 4422 2404 4477 Vens.
2442 4424 2530 4476 11.
2564 4450 2634 4462 -
2673 4423 2955 4494 Propheta
2993 4437 3255 4495 namque,
3303 4430 3408 4478 etc.
3443 4420 3677 4491 Quando
3703 4421 3763 4479 in

531 4497 705 4552 Vens.
741 4500 827 4552 13.
857 4528 927 4538 --
954 4498 1039 4554 νω
1067 4497 1200 4570 quid
1229 4494 1617 4566 cediﬁcat,’etc.
1653 4495 1783 4566 (11).)
1812 4493 2059 4551 Joachim

2189 4509 2415 4566 Ecclesia
2444 4509 2544 4565 Dei
2573 4517 2627 4564 et
2655 4508 2891 4565 maxime
2919 4510 2975 4564 in
3014 4510 3354 4582 principibus
3410 4511 3548 4581 ejus,
3608 4511 3761 4569 inve-

459 4584 571 4640 ﬁlio
588 4586 782 4653 Josiaa,
833 4603 997 4658 quem
1045 4585 1322 4641 substituit
1349 4586 1581 4653 Pharao,
1615 4591 1753 4651 etc.,
1786 4600 1960 4656 usque
1990 4584 2063 4639 ad

461 4682 656 4729 narrat
702 4683 982 4731 mortuum
1032 4683 1087 4730 et
1113 4691 1223 4731 non
1254 4674 1553 4746 sepultum,
1587 4673 1656 4729 de
1676 4688 1785 4745 quo
1815 4672 2061 4729 dicemus

458 4762 519 4817 in
545 4764 964 4833 posterioribus.

532 4851 705 4907 Vens.
744 4857 828 4908 18.
851 4854 1060 4910 -Νοη
1090 4854 1366 4925 plangent
1394 4868 1542 4918 eum,
1577 4858 1683 4907 etc.
1719 4850 1850 4923 (11).)
1898 4850 2058 4919 Quod

458 4941 530 4996 de
559 4941 795 4997 Hebrmo
825 4941 1127 5012 posuimus,
1150 4949 1281 5009 etc.,
1299 4957 1473 5014 usque
1503 4941 1574 4996 ad
1603 4939 1823 4996 tandem
1849 4939 2057 4995 latrun-

458 5029 568 5085 culi
597 5028 991 5087 interfecerunt
1019 5046 1165 5087 eum.

527 5117 698 5175 Vens.
729 5121 822 5177 24.
847 5149 919 5161 --
945 5122 1067 5177 Vivo
1096 5136 1191 5193 ego
1223 5120 1382 5186 dicit,
1408 5126 1514 5174 etc.
1536 5118 1667 5189 (11).)
1697 5119 1878 5190 Supra
1904 5118 2056 5175 dixe-

458 5213 545 5261 rat
573 5207 760 5263 domui
789 5208 967 5282 regis,
999 5217 1137 5280 etc.,
1169 5223 1345 5282 usque
1364 5208 1439 5263 ad
1482 5206 1793 5280 intelligere
1838 5207 1909 5263 de
1937 5209 2053 5265 Do-

454 5294 605 5351 mino
631 5297 955 5366 maiestatis.

532 5384 674 5451 Quia
721 5388 775 5443 si
803 5389 1004 5458 fuerit,
1044 5394 1150 5444 etc.
1190 5386 1321 5457 (11).)
1361 5383 1748 5440 Miserabiliter
1786 5384 2049 5455 Grunius,

453 5479 587 5544 etc.,
624 5491 799 5549 usque
846 5475 920 5533 ad
966 5475 1013 5531 si
1059 5474 1295 5532 voluerit
1334 5473 1521 5546 legere
1549 5473 1700 5548 legat
1727 5482 1786 5529 ut
1811 5474 2054 5546 philoso-

451 5563 644 5634 phum,
670 5579 783 5620 non
810 5572 869 5621 ut
897 5564 1351 5622 ecclesiasticum.

527 5651 700 5711 Vens.
721 5658 812 5712 as.
835 5684 906 5697 -
923 5656 1191 5730 Nunquid
1213 5663 1237 5715 εν
1255 5659 1387 5732 (11).)
1417 5660 1553 5719 Cum
1566 5662 1674 5721 hoc
1691 5662 1763 5721 de
1788 5662 2051 5722 Jechonia

2160 4599 2381 4654 niuntur
2408 4599 2590 4666 mala,
2625 4598 2826 4655 scimus
2884 4615 3007 4654 esse
3053 4599 3413 4671 completum,
3474 4602 3758 4676 Propheta

2160 4704 2403 4761 namque
2433 4691 2490 4743 et
2520 4687 2838 4746 sacerdotes
2881 4690 3088 4761 polluti
3126 4693 3283 4746 sunt.

2228 4777 2477 4848 Aﬁ‘eram
2505 4794 2677 4851 super
2705 4794 2794 4834 eos
2810 4779 3115 4835 mala.Non
3135 4780 3281 4852 quod
3302 4780 3450 4836 mala
3471 4780 3596 4848 sint,
3621 4786 3726 4837 etc.
3734 4823 3757 4851 ,
3800 4782 3801 4785 “

2157 4882 2333 4938 usque
2363 4866 2436 4921 ad
2463 4866 2662 4923 dicitur
2692 4865 2962 4923 correctio
2994 4876 3047 4923 et
3079 4868 3355 4925 cruciatus
3384 4869 3681 4941 peccantis.

2227 4955 2403 5010 Vens.
2432 4957 2519 5010 14.
2553 4987 2623 4996 -
2644 4957 2715 5011 Et
2746 4958 2809 5012 in
2827 4959 3138 5030 praphetis.
3172 4957 3458 5027 Quomodo
3475 4960 3757 5031 prophetat

2158 5042 2442 5110 Samaria),
2477 5042 2741 5116 quidquid
2771 5045 3085 5118 loquuntur,
3134 5048 3464 5119 prOphetant
3492 5047 3549 5103 in
3575 5048 3704 5104 Baal
3735 5067 3750 5116 ;

2159 5131 2240 5189 sic
2270 5132 2513 5189 haeretici
2542 5132 2598 5187 in
2627 5134 2896 5204 Ecclesia,
2930 5135 3045 5192 sive
3102 5144 3271 5203 extra,
3306 5145 3365 5192 ut
3407 5137 3757 5209 supplantant

2153 5221 2414 5292 populum
2446 5221 2635 5290 Israel,
2659 5222 2749 5296 qui
2773 5223 2927 5296 prius
2963 5225 3225 5282 cernebat
3244 5226 3440 5296 Deum,
3462 5226 3754 5301 loquuntur

2152 5310 2209 5364 in
2240 5308 2601 5368 daemonibus.

2222 5399 2396 5457 Vens.
2433 5404 2519 5458 15.
2540 5432 2611 5444 --
2641 5403 2682 5459 Α
2715 5405 3024 5477 prophetis.
3058 5405 3200 5477 (11).)
3230 5405 3444 5462 Utimur
3471 5406 3618 5464 enim
3644 5407 3751 5464 hoc

2152 5488 2463 5547 testimonio
2488 5535 2501 5559 ,
2537 5499 2643 5548 etc.
2672 5535 2685 5559 ,
2722 5509 2896 5566 usque
2939 5494 3012 5550 ad
3058 5502 3329 5551 conantur
3374 5495 3644 5551 infamare
3692 5501 3748 5550 et

2150 5576 2351 5649 ubique
2381 5579 2755 5652 blasphemias
2796 5581 3085 5639 seminare.

2218 5667 2392 5725 Vens.
2414 5672 2503 5726 18.
2526 5699 2597 5711 -
2616 5670 2751 5738 Quis
2767 5673 2924 5728 enim
2950 5676 2974 5729 ?
2990 5671 3172 5729 Nolite
3191 5671 3419 5730 credere
3436 5667 3591 5727 falsis
3607 5684 3745 5741 pro-
