4000 6182
283 244 357 317 39
814 259 1220 318 WALAFRIDI
1258 256 1502 317 suum
1540 258 1738 316 sum.
1780 256 1954 315 MON.
1997 258 2151 315 ore.
2192 256 2370 316 rans
2407 260 2450 313 1.
2492 289 2561 300 —
2598 258 3069 317 THEOLOGICA.
3511 261 3579 315 to

282 383 466 455 phetis
494 385 613 441 haec
641 383 947 442 dicentibus
978 403 991 440 :
1024 386 1167 441 unde
1198 386 1342 442 scire
1386 393 1618 457 possunt
1645 383 1876 441 consilia
1900 383 1959 445 A
1977 398 2121 440 anno
2151 383 2309 456 regni
2337 384 2518 451 Josiae,
2551 392 2679 451 etc.,
2710 402 2884 459 usque
2902 385 2976 442 ad
2994 382 3101 441 nisi
3117 383 3339 439 assidue
3358 382 3577 441 Domini

282 472 523 540 Domini,
560 473 682 545 quis
714 474 848 529 vidit
876 482 929 529 et
960 474 1299 530 annuntiavit
1329 473 1410 529 eis
1431 475 1460 530 ?

318 585 323 589 ο
352 562 521 617 Vnus.
557 565 644 616 19.
677 593 747 603 —
775 564 914 619 Ecce
946 564 1125 619 turbo.
1160 561 1330 631 Quasi
1359 562 1504 618 dicat
1531 578 1632 633 per
1656 569 1872 618 contra-

281 649 422 704 rium
441 658 591 721 patet
610 652 908 722 prophetas
927 650 1164 717 nescire,
1188 652 1335 722 quod
1355 651 1541 706 dicunt
1566 668 1579 704 :
1603 666 1706 721 pro
1733 665 1872 721 pace

279 737 424 793 enim
454 746 507 793 et
536 739 828 800 securitate
849 756 1013 812 quam
1035 739 1374 811 promittunt,
1408 739 1557 795 venit
1574 746 1873 810 tempestas

280 826 599 898 Babylonia.

352 927 523 984 Vnus.
557 932 647 987 25.
682 960 751 970 —
779 931 980 986 Audivi
1012 946 1133 1003 quae
1162 930 1459 986 dixerunt.
1495 929 1707 1001 (Hum)
1739 929 1875 984 Sunt

280 1017 451 1072 multa
481 1033 690 1091 genera
735 1019 1119 1090 prophetandi,
1153 1027 1282 1085 etc.,
1307 1035 1480 1092 usque
1500 1019 1573 1074 ad
1602 1025 1655 1073 et
1704 1018 1874 1073 corda

280 1105 638 1161 indomabilis
666 1114 1026 1177 tyrannorum
1055 1107 1281 1180 propria
1301 1107 1638 1164 conscientia
1657 1106 1874 1162 Domini

280 1194 624 1264 majestatem
655 1196 937 1251 sentirent.

340 1278 523 1338 Vnus.
556 1286 644 1341 2'7.
678 1314 748 1325 -—
776 1285 1008 1341 Somnia
1020 1286 1224 1342 eorum
1244 1285 1527 1359 quw.Sunt
1544 1284 1710 1340 hodie
1731 1300 1877 1340 som-

277 1371 520 1427 niatores
549 1372 605 1426 in
632 1373 904 1439 Ecclesia,
954 1374 1046 1445 qui
1077 1389 1293 1428 errores
1337 1389 1466 1428 suos
1496 1372 1712 1428 Domini
1741 1388 1875 1444 pro-

278 1460 492 1531 phetias
523 1459 758 1528 faciunt,
794 1463 988 1518 crebro
1036 1462 1299 1529 dicentes,
1332 1464 1609 1519 somniavi
1639 1482 1658 1517 :
1687 1470 1879 1518 contra

280 1564 418 1620 quos
447 1547 680 1615 dicetur,
715 1568 995 1624 usquequo
1026 1552 1198 1618 istud,
1234 1559 1339 1607 etc.

350 1636 520 1692 Vnus.
552 1642 641 1695 28.
676 1670 747 1679 —
777 1640 919 1707 Quid
947 1641 1128 1712 paleis
1156 1645 1178 1695 ἵ
1211 1640 1445 1695 Pulchre
1484 1639 1734 1695 doctrina
1756 1640 1873 1694 hae-

1980 472 2348 528 admonitione
2404 481 2713 530 revocetur.

2050 580 2222 634 Vnus.
2257 582 2310 635 4.
2342 610 2411 620 -
2443 582 2513 635 Et
2541 582 2702 636 misit
2720 582 2993 636 Dominus
3013 580 3086 636 ad
3113 597 3205 637 vos
3225 595 3420 636 omnes
3450 596 3573 636 ser-

1978 682 2090 725 vos.
2124 669 2249 724 NOn
2277 685 2377 739 per
2405 685 2573 723 unum
2602 669 2946 740 prophetam,
2980 668 3078 723 sed
3097 684 3199 739 per
3225 684 3437 736 omnes,
3470 683 3575 739 po-

1978 757 2169 828 pulum
2200 774 2357 812 suum
2390 757 2687 823 admonuit,
2722 764 2775 811 et
2804 756 2962 828 quasi
2989 756 3046 811 in
3082 756 3286 828 vigiliis
3318 764 3373 812 et
3401 772 3574 812 excu-

1984 845 2090 901 biis
2121 846 2463 912 constitutus,
2498 846 2733 901 surrexit
2784 844 3042 911 diluculo,
3074 852 3133 899 ut
3178 853 3571 912 commoneret,

1973 941 2025 990 et
2044 950 2154 989 non
2183 935 2471 990 audierunt
2493 954 2506 1001 ;
2529 944 2587 989 ut
2607 941 2809 1007 quanto
2828 933 3075 990 crebrior
3093 933 3410 1001 admonitio,
3425 942 3577 991 tanto

1978 1031 2321 1095 contemptus
2351 1024 2545 1093 major.

2050 1113 2234 1186 Neque
2263 1114 2614 1169 inclinastis.
2648 1111 2780 1183 (10.)
2826 1112 2999 1167 Tanta
3044 1110 3145 1166 fuit
3189 1111 3411 1178 duritia,
3444 1120 3574 1181 etc.,

1982 1217 2156 1274 usque
2187 1202 2259 1257 ad
2287 1217 2407 1273 qua:
2435 1216 2545 1256 non
2573 1200 2900 1271 supplicium
2928 1215 3030 1271 pro
3072 1199 3284 1256 scelere
3335 1200 3575 1273 irrogat.

2055 1290 2228 1345 Vens.
2280 1292 2331 1345 6.
2381 1319 2451 1329 -—
2499 1292 2632 1346 Post
2679 1290 2824 1355 deos,
2867 1296 2972 1345 etc.
3024 1287 3193 1357 Quasi
3222 1288 3369 1344 dicat
3401 1306 3415 1342 :
3448 1290 3579 1346 Haec

1978 1394 2103 1434 cum
2136 1378 2510 1449 superioribus
2539 1378 2853 1443 monebam,
2886 1392 2956 1431 ne
2985 1376 3092 1431 diis
3122 1376 3315 1431 alienis
3347 1361 3576 1433 servire-

1976 1468 2064 1534 tis,
2099 1483 2201 1523 nec
2232 1483 2321 1521 me
2350 1467 2422 1521 ad
2451 1466 2791 1523 iracundiam
2820 1465 3197 1537 provocaretis
3227 1473 3281 1520 et
3300 1464 3572 1521 nolentem

1979 1557 2051 1612 ad
2083 1572 2303 1627 poenam
2333 1564 2575 1611 vestram
2606 1555 2898 1627 cogeretis.

2054 1646 2224 1700 Vnus.
2249 1648 2302 1700 9.
2326 1676 2395 1685 —
2412 1646 2483 1699 Et
2502 1660 2810 1709 assumam,
2835 1643 3334 1699 Nabuchodonosor
3352 1658 3577 1699 servum

279 1725 577 1783 reticorum
624 1728 799 1798 paleis
842 1736 1209 1799 comparatur,
1257 1745 1378 1801 quae
1424 1727 1723 1784 medullam
1769 1744 1880 1785 non
1898 1747 1952 1807 Β
1982 1750 2193 1790 meum.
2226 1734 2350 1788 Non
2379 1733 2519 1789 sicut
2558 1733 2838 1804 propheta!
2889 1738 2942 1786 et
2969 1730 3063 1785 alii
3111 1730 3306 1797 sancti,
3342 1731 3433 1803 qui
3460 1731 3578 1786 Deo

281 1815 510 1892 habent,
542 1831 645 1873 nec
675 1817 1028 1874 refectionem
1057 1817 1323 1888 praebent.

351 1925 524 1980 Vens.
556 1927 647 1981 29.
678 1952 749 1962 —
778 1920 1043 1994 Nunquid
1071 1937 1187 1976 non
1229 1920 1395 1975 verba
1432 1924 1606 1975 mea?
1637 1918 1795 1987 Quod
1823 1919 1882 1975 in'

277 2012 450 2083 priori
481 2012 684 2085 populo
713 2011 992 2081 prophetae
1012 2008 1434 2073 mentiebantur,
1459 2016 1586 2078 etc.,
1614 2026 1787 2081 usque
1808 2009 1880 2065 ad

278 2102 519 2157 minatur
548 2115 683 2173 ergo
714 2098 980 2154 Dominus
1010 2105 1202 2154 contra
1230 2096 1543 2166 hujusmodi
1582 2096 1879 2170 magistros

281 2205 341 2246 se
371 2206 495 2246 esse
532 2196 846 2245 venturum.

364 2279 536 2347 Quasi
562 2279 732 2350 ignis.
767 2277 848 2331 De
895 2273 1284 2331 ecclesiasticis
1314 2272 1448 2329 viris
1481 2272 1744 2344 scriptum
1774 2281 1875 2342 est,

279 2369 427 2440 quod
475 2367 710 2422 malleus
742 2374 794 2421 et
828 2364 1039 2421 securis
1070 2380 1182 2419 non
1231 2370 1355 2417 sunt
1384 2362 1571 2417 audita
1616 2362 1670 2416 in
1716 2362 1880 2418 domo

280 2455 518 2512 Domini.

352 2547 525 2602 Vnus.
562 2548 650 2600 30.
685 2574 755 2585 -—
786 2543 891 2611 Qui
913 2546 1210 2615 furantur.
1236 2541 1465 2611 Semper
1488 2540 1634 2595 enim
1654 2541 1880 2596 menda-

281 2634 427 2691 cium
455 2634 701 2691 imitatur
732 2632 1039 2698 veritatem,
1072 2631 1232 2685 aliter
1260 2629 1406 2685 enim
1433 2643 1542 2684 non
1573 2637 1753 2699 potest
1781 2630 1878 2684 de—

279 2724 484 2795 cipere.

350 2812 522 2867 Vnus.
558 2815 646 2866 39.
677 2840 747 2850 ——
787 2811 859 2865 Et
905 2808 1315 2880 derelinquam.
1365 2805 1482 2861 Hoc
1528 2804 1583 2858 in
1611 2812 1877 2877 tempore,

273 2899 620 2972 Babylonica:
648 2897 978 2970 captivitatis
1010 2896 1213 2953 factum
1260 2911 1382 2951 esse
1436 2893 1709 2963 novimus,
1743 2904 1874 2963 etc.,

279 3005 455 3062 usque
486 2988 560 3044 ad
588 2987 736 3060 quod
782 2985 1007 3058 proprie
1052 2986 1373 3057 mysterium
1400 2986 1679 3043 Trinitatis
1706 2984 1883 3057 signi-

284 3075 430 3134 ﬁcat.

849 3163 1077 3220 CAPUT
1106 3163 1309 3221 XXIV.

350 3289 522 3346 Vsus.
559 3292 609 3344 1.
643 3319 712 3329 —
745 3288 1025 3345 Ostendit.
1061 3289 1275 3360 (Hum)
1308 3288 1621 3344 Notandum
1640 3288 1783 3343 hanc
1801 3286 1879 3342 vi-

279 3374 491 3441 sionem
521 3376 723 3433 factam
754 3393 877 3432 esse
917 3385 1164 3447 tempore
1196 3377 1438 3434 Sedecize
1466 3385 1755 3449 postquam
1783 3374 1879 3430 Je-

279 3467 507 3524 chonias
553 3467 749 3522 ductus
810 3472 894 3519 est
944 3464 1001 3518 in
1056 3465 1598 3539 transmigrationem
1624 3508 1637 3532 ,
1669 3480 1779 3520 non
1826 3464 1883 3517 in

279 3554 668 3626 captivitatem,
703 3553 831 3627 quia
859 3552 1004 3608 ultro
1048 3570 1107 3608 se
1138 3554 1381 3610 tradidit.

348 3646 467 3700 Duo
496 3644 732 3700 calathi.
767 3643 918 3698 Duos
949 3642 1195 3698 calathos
1217 3643 1305 3699 vel
1327 3642 1591 3715 cophinos
1610 3641 1881 3697 malarum

280 3739 334 3788 et
370 3732 641 3788 bonarum
670 3730 919 3797 ficorum,
953 3739 1083 3799 etc.,
1116 3748 1289 3805 usque
1310 3733 1382 3789 ad
1410 3732 1480 3787 ad
1530 3732 1705 3787 bonas
1745 3728 1882 3786 ficus

281 3829 335 3878 et
364 3822 642 3878 calathum
672 3820 938 3893 optimum
983 3820 1311 3876 referantur.

350 3913 530 3968 Positi
558 3915 693 3967 ante
718 3912 1013 3983 templum.
1039 3941 1108 3950 —
1135 3911 1259 3964 Non
1289 3908 1443 3978 foris,
1468 3917 1596 3975 etc.,
1619 3924 1792 3981 usque
1811 3906 1884 3962 ad

280 4026 333 4072 et
360 4016 497 4074 ﬁcus
525 4017 703 4072 malas
731 4016 901 4070 malas
932 4015 1113 4071 valde.

358 4107 530 4160 Vnus.
565 4109 619 4163 2.
652 4135 723 4145 —
761 4106 833 4160 Et
879 4104 1149 4159 Calathus
1188 4120 1358 4159 unus.
1410 4102 1542 4173 (11).)
1584 4102 1700 4157 Nos
1746 4100 1882 4156 sim-

275 4192 447 4266 plices
485 4200 791 4265 qumrentes
823 4191 1101 4257 historias,
1134 4199 1264 4257 etc.,
1299 4207 1473 4264 usque
1505 4190 1578 4246 ad
1606 4198 1660 4246 et
1687 4189 1744 4244 in
1773 4190 1883 4245 Ba-

284 4281 543 4354 bylonem
573 4280 771 4337 ductus
803 4288 857 4335 et
887 4279 963 4334 ibi
994 4287 1262 4335 mortuus.

351 4388 524 4443 Vens.
559 4389 615 4443 4.
647 4417 717 4428 -
748 4388 817 4442 Et
845 4389 1069 4458 factum
1097 4390 1202 4442 est.
1239 4384 1371 4456 (In.)
1392 4350 1601 4440 Delirat
1629 4386 1733 4442 hoc
1761 4384 1884 4441 loco

1984 1822 2264 1887 serviunt;
2298 1821 2395 1877 sed
2425 1811 2553 1893 quia
2579 1820 2636 1874 in
2673 1819 2961 1876 eversione
3004 1819 3314 1875 Jerusalem
3360 1818 3579 1876 Domini

1981 1911 2182 1966 serviat
2224 1910 2506 1966 voluntati.

2050 2014 2121 2067 Et
2149 2012 2426 2068 adducam
2457 2027 2565 2077 eos,
2601 2018 2702 2066 etc.
2738 2010 2866 2067 Haec
2894 2017 3020 2064 sunt
3038 2009 3262 2082 praemia
3297 2017 3578 2081 contemp-

1980 2108 2158 2156 torum
2190 2108 2242 2155 et
2271 2102 2445 2155 Deum
2494 2100 2686 2155 audire
2731 2098 3051 2154 nolentium.
3122 2097 3396 2169 Quidquid
3441 2113 3577 2171 ergo

1979 2190 2110 2244 mali
2142 2205 2309 2260 super
2336 2205 2437 2245 nos
2469 2188 2774 2253 adducitur,
2799 2195 2985 2243 nostra
3003 2195 3233 2258 peccata
3255 2195 3574 2254 merentur;

1982 2286 2035 2333 et
2067 2278 2205 2334 sicut
2235 2286 2428 2349 gentes
2459 2285 2651 2333 contra
2690 2277 2996 2331 Jerusalem
3045 2276 3294 2332 adductae
3324 2283 3466 2342 sunt,
3499 2274 3581 2331 sic

1980 2367 2143 2423 hodie
2176 2375 2367 2423 contra
2400 2366 2790 2439 negligentem.
2823 2364 3129 2421 Ecclesiam
3168 2363 3431 2419 serviunt.

2051 2457 2221 2511 Vnus.
2272 2459 2357 2510 10.
2410 2455 2775 2527 Perdamque,
2830 2461 2934 2508 etc.
2968 2454 3083 2509 Hoc
3113 2452 3169 2506 in
3214 2451 3579 2509 conciliabulo

1980 2544 2398 2616 malignantium
2438 2543 2850 2614 comprobatur,
2884 2549 2941 2596 ut
2969 2540 3220 2612 magistri
3248 2556 3438 2596 eorum
3467 2556 3579 2596 non

1981 2634 2214 2689 doceant
2242 2633 2472 2688 verbum
2504 2631 2623 2698 Dei,
2660 2631 2755 2686 sed
2788 2630 3006 2685 sibilent
3036 2631 3108 2685 ad
3129 2630 3303 2684 instar
3321 2628 3531 2686 colubri
3560 2646 3575 2682 :

1982 2720 2038 2775 in
2066 2720 2265 2792 quibus
2296 2737 2403 2775 vox
2433 2720 2619 2792 gaudii
2649 2728 2702 2775 et
2732 2719 2928 2775 laetitiae
2956 2718 3118 2790 periit
3136 2727 3195 2773 ut
3224 2734 3333 2774 non
3353 2717 3576 2772 audiant

1982 2809 2118 2864 illud
2147 2809 2394 2880 Apostoli
2426 2827 2440 2863 :
2476 2809 2720 2865 Gaudete
2747 2810 2811 2864 in
2840 2809 3077 2864 Domino
3100 2822 3339 2880 semper,
3365 2808 3575 2862 iterum

1983 2898 2122 2963 dico,
2154 2898 2392 2970 gaudete
2421 2898 2594 2969 (Phil.
2626 2897 2729 2968 Iv).

2054 3005 2226 3059 Vnus.
2282 3008 2368 3059 11.
2420 3006 2492 3060 Et
2547 3005 2813 3060 servient.
2866 3003 3016 3058 Sicut
3060 3001 3387 3069 Jerusalem,
3440 3008 3569 3069 etc.,

1903 3103 1953 3166 C
1983 3109 2157 3167 usque
2187 3093 2259 3148 ad
2288 3091 2608 3164 prophetico
2637 3108 2892 3148 sermone
2919 3090 3201 3147 describit.

2058 3183 2230 3237 Vnus.
2266 3185 2351 3239 12.
2387 3212 2455 3222 —
2487 3182 2625 3238 Cum
2653 3182 2896 3253 impleti.
2927 3181 3071 3235 Nota
3098 3179 3242 3251 quod
3269 3194 3379 3234 non
3398 3178 3578 3234 solum

1980 3278 2171 3327 contra
2216 3270 2550 3341 Babylonem
2597 3270 2887 3341 prOphetat
2931 3267 3220 3333 Jeremias,
3254 3267 3351 3322 sed
3385 3275 3577 3323 contra

1981 3374 2173 3414 omnes
2219 3367 2412 3432 gentes
2460 3373 2579 3430 qua}
2626 3358 2685 3411 in
2712 3356 2953 3413 exercitu
2997 3355 3292 3427 Babylonis
3357 3354 3578 3411 fuerunt

1984 3456 2038 3504 et
2068 3455 2261 3504 contra
2288 3447 2550 3519 populum
2578 3446 2677 3502 Dei
2707 3446 3125 3502 dimicaverunt.

2054 3552 2227 3605 Vnus.
2283 3552 2368 3604 15.
2417 3580 2487 3589 —
2534 3549 2701 3604 Sume
2730 3549 2967 3604 calicem
3015 3549 3136 3604 vini
3176 3548 3413 3618 furoris,
3467 3553 3574 3602 etc.

1982 3639 2109 3711 (In).
2144 3637 2457 3709 Propinatio
2486 3636 2942 3694 calicisdominici
2970 3635 3169 3691 furoris
3188 3634 3450 3691 indicium
3470 3642 3574 3701 est,

1983 3736 2111 3794 etc.,
2145 3744 2318 3801 usque
2348 3728 2420 3783 ad
2448 3725 2589 3781 calix
2617 3725 2957 3797 propinatur,
2992 3724 3089 3779 sed
3117 3739 3219 3795 pro
3247 3739 3430 3795 poma.

2055 3836 2225 3889 Vnus.
2263 3838 2348 3888 18.
2382 3864 2452 3873 -
2480 3834 2795 3888 Jerusalem
2824 3836 2881 3887 et
2908 3832 3231 3887 civitatibus
3250 3829 3409 3895 Juda,
3460 3836 3567 3885 etc.

1984 3923 2177 3992 Quasit
2205 3922 2351 3977 dicat
2385 3940 2397 3975 :
2429 3922 2694 3975 Putabam
2722 3920 2867 3992 quod
2906 3919 3036 3975 solis
3083 3918 3338 3990 gentibus
3382 3916 3574 3989 propi-

1986 4027 2196 4075 narem,
2233 4018 2287 4065 et
2309 4009 2434 4065 ideo
2463 4009 2589 4065 huic
2616 4007 2918 4064 ministerio
2955 4024 3045 4063 me
3072 4008 3227 4063 laetus
3242 4006 3571 4071 obtuleram,

1985 4099 2083 4154 sed
2114 4099 2253 4154 inter
2283 4105 2514 4154 caeteras
2553 4105 2746 4171 gentes
2792 4096 2901 4151 imo
2949 4104 3074 4151 ante
3103 4103 3352 4162 caeteras,
3383 4093 3576 4167 propi-

1983 4187 2115 4244 navi
2144 4187 2452 4242 Jerusalem
2484 4194 2538 4242 et
2566 4185 2872 4242 civitatibus
2900 4185 3061 4253 Juda,
3085 4192 3188 4244 etc.

2058 4294 2230 4349 Vnus.
2267 4297 2352 4348 19.
2388 4294 2674 4349 Pharaoni
2702 4293 2821 4363 regi
2846 4292 3085 4364 Egypti,
3120 4298 3224 4346 etc.
3254 4289 3385 4344 Post
3411 4290 3576 4344 Jeru-

1987 4383 2159 4439 salem
2193 4382 2328 4436 bibit
2357 4383 2570 4436 Pharao
2592 4397 2688 4436 rex
2706 4379 2941 4452 Egypti,
2965 4388 3019 4435 et
3037 4378 3177 4435 servi
3194 4378 3333 4448 ejus,
3356 4385 3409 4434 et
3426 4377 3578 4448 prin-

281 4476 613 4550 allegoricus
642 4475 934 4547 interpres,
968 4482 1073 4531 etc.
1094 4518 1108 4541 ,
1157 4490 1331 4547 usque
1378 4474 1451 4529 ad
1480 4474 1537 4527 in
1581 4482 1732 4529 terra
1778 4474 1882 4530 hac
1910 4467 1964 4526 D
1985 4472 2136 4543 cipes
2158 4513 2172 4538 ,
2206 4479 2260 4526 et
2288 4468 2576 4526 universus
2604 4469 2857 4541 populus,
2890 4476 2943 4524 et
2971 4468 3064 4540 qui
3107 4483 3217 4523 non
3245 4466 3463 4539 quidem
3492 4472 3577 4521 est

282 4574 336 4621 et
368 4566 425 4619 in
453 4564 598 4621 valle
629 4564 997 4635 lacrymarum
1047 4580 1171 4619 esse
1208 4561 1523 4619 morituros.

358 4655 529 4709 Vnus.
564 4655 616 4708 6.
651 4683 721 4693 —
750 4655 821 4708 Et
846 4670 1056 4726 ponam
1079 4654 1268 4710 oculos
1290 4669 1461 4708 meos.
1486 4653 1547 4706 In
1569 4650 1881 4722 captivitate

281 4741 465 4814 posuit
493 4741 684 4799 oculos
705 4757 834 4796 suos
846 4757 1014 4812 super
1043 4741 1187 4807 illos,
1209 4749 1339 4808 etc.,
1374 4756 1549 4815 usque
1578 4740 1651 4796 ad
1679 4754 1882 4813 magna

284 4847 418 4903 pars
448 4845 676 4888 reversa
704 4838 788 4886 est
815 4830 872 4885 in
908 4829 1235 4885 Jerusalem.

811 4986 1036 5041 CAPUT
1062 4985 1239 5041 XXV.

356 5130 529 5186 Vnus.
564 5132 617 5183 1.
668 5158 737 5169 —
796 5128 1045 5186 Verbum.
1084 5126 1298 5199 (Hum)
1348 5127 1477 5183 Haec
1522 5126 1712 5198 priora
1758 5133 1882 5181 sunt

285 5216 563 5289 praeterita
591 5214 819 5284 visione,
854 5224 984 5285 etc.,
1033 5232 1207 5290 usque
1235 5216 1308 5271 ad
1351 5216 1497 5288 quod
1544 5231 1654 5271 non
1682 5215 1880 5271 obser-

283 5314 376 5362 vat
404 5321 630 5362 carmen
660 5306 914 5377 lyricum.

350 5396 513 5451 Anno
543 5399 764 5468 quarto.
820 5394 1030 5464 Quarto
1079 5410 1223 5450 anno
1252 5393 1404 5465 regis
1448 5393 1715 5459 Joachim,
1748 5401 1876 5461 etc.,

278 5500 455 5557 usque
484 5484 557 5540 ad
583 5484 832 5540 Joachim
873 5492 1058 5540 autem
1104 5482 1425 5540 interfectus
1473 5490 1555 5538 est
1592 5482 1881 5540 undecimo

278 5587 423 5628 anno
462 5571 622 5647 regni
650 5572 754 5628 sui.

332 5661 521 5718 Vnus.
555 5665 608 5718 3.
644 5693 715 5704 —
744 5661 785 5718 A
838 5662 1007 5719 tertio
1037 5660 1251 5719 decimo
1281 5677 1453 5719 anno.
1505 5662 1553 5716 Α
1582 5658 1881 5716 tredecimo

1984 4559 2288 4633 Egyptius,
2324 4559 2421 4615 sed
2449 4559 2506 4613 in
2535 4558 2650 4627 ejus
2679 4557 2997 4630 regionibus
3045 4562 3427 4612 commoratur.

2054 4650 2225 4705 Vnus.
2260 4652 2351 4707 20.
2383 4679 2453 4688 —
2480 4649 2793 4703 Philistiim
2823 4650 2879 4701 et
2909 4646 3221 4709 Ascalonis,
3254 4651 3360 4700 etc.
3395 4642 3575 4699 Gene-

1983 4738 2087 4795 rali
2134 4737 2353 4793 nomine
2416 4744 2617 4791 terram
2665 4734 3083 4790 Palaestinorum
3114 4731 3404 4805 signiﬁcat,
3439 4739 3570 4798 etc.,

1984 4844 2158 4901 usque
2178 4826 2250 4882 ad
2270 4825 2592 4881 Palaestinos
2611 4832 2793 4879 autem
2813 4840 2846 4878 a
2864 4821 3177 4893 Babyloniis
3207 4828 3394 4892 captos
3412 4827 3575 4892 atque

1983 4923 2226 4973 vastatos
2256 4914 2445 4971 scribit
2474 4913 2664 4969 Isaias.

2054 5019 2226 5074 Vnus.
2260 5021 2350 5075 22.
2383 5048 2452 5061 ——
2489 5018 2614 5089 Tyri
2662 5019 2719 5071 et
2748 5015 3031 5071 universis
3050 5014 3286 5085 regibus,
3320 5018 3426 5067 etc.
3460 5011 3574 5083 Ty-

1980 5124 2075 5163 rus
2105 5114 2160 5162 et
2188 5106 2358 5162 Sidon
2386 5113 2509 5160 sunt
2535 5104 2593 5158 in
2620 5104 2800 5159 littore
2828 5102 3121 5169 Phoenicis,
3143 5110 3271 5168 etc.,
3293 5116 3466 5173 usque
3503 5099 3577 5155 ad

1981 5197 2171 5269 lingua
2197 5194 2465 5251 Hebraica
2491 5208 2695 5265 magna
2722 5209 2788 5248 ex
2815 5199 2972 5264 parte
3000 5190 3230 5249 confinis
3256 5197 3360 5246 est.

2054 5303 2227 5358 Vnus.
2259 5305 2349 5360 25.
2382 5332 2451 5341 —
2480 5300 2712 5372 Regibus
2740 5300 2904 5354 Elam
2932 5303 2990 5355 et
3016 5299 3259 5363 cunctis,
3294 5304 3399 5352 etc.
3431 5293 3575 5365 Quia

1984 5390 2249 5463 sequitur,
2282 5391 2446 5445 Elam
2475 5392 2532 5445 et
2558 5403 2713 5460 reges
2741 5388 3022 5444 Medorum
3049 5386 3387 5442 arbitrantur
3417 5385 3574 5439 Zam-

1981 5480 2069 5535 bri
2099 5496 2224 5535 esse
2253 5476 2494 5534 Persidis
2523 5477 2807 5549 regionem
2838 5494 2853 5530 :
2885 5474 2991 5530 nisi
3019 5474 3161 5531 forte
3188 5473 3317 5546 quia
3343 5487 3579 5545 princes-

1982 5569 2052 5626 sit
2080 5567 2306 5635 Arabia,
2338 5566 2715 5638 intelligantur
2742 5580 2866 5621 esse
2895 5579 3058 5637 reges
3098 5561 3427 5618 solitudinis.

2052 5659 2124 5715 Et
2146 5672 2254 5716 rex
2272 5657 2464 5722 Sesah,
2489 5663 2593 5711 etc.
2618 5653 2787 5723 Quasi
2804 5652 2950 5709 dicat
2980 5670 2994 5706 :
3025 5651 3233 5708 Omnes
3258 5650 3318 5708 in
3344 5649 3578 5708 circum-
