4000 6182
290 249 346 306 41
948 245 1220 303 GLOSSA
1258 245 1671 305 ORDINARIA.
1712 278 1781 289 -—
1819 248 2218 307 PROPHETIA
2254 250 2595 310 JEREMIzE.

3492 250 3562 313 42

290 371 383 437 itu,
406 378 536 436 etc.,
566 384 735 443 usque
764 368 836 424 ad
856 376 982 423 ante
1012 368 1405 426 Antichristum
1435 372 1735 428 secundum
1763 372 1875 428 Da-
1892 378 1949 439 Α
1977 374 2129 430 Multi
2156 383 2347 446 putant
2375 377 2480 433 hoc
2510 377 2788 449 sequentis
2808 393 2930 432 esse
2958 376 3322 449 principium;
3358 378 3457 432 sed
3478 394 3569 432 su-

291 459 483 514 nielem
511 458 917 513 destruendum.

354 547 522 602 Vens.
556 549 639 601 31.
672 575 762 602 -.
795 548 1082 605 Iudicium
1127 550 1374 607 domino.
1407 548 1548 618 Quia
1576 558 1702 604 sunt
1729 566 1872 623 gen-

284 637 414 691 tium
440 636 651 691 diversa
680 636 897 703 merita,
930 640 1027 710 qui
1055 655 1172 695 non
1201 640 1381 694 credit
1400 641 1528 710 jam
1552 639 1874 710 judicatus-

287 730 386 791 est,
417 724 470 778 in
517 739 581 779 eo
625 724 835 780 scilicet
880 727 1028 796 quod
1077 742 1187 783 non
1235 727 1447 794 credit;
1484 728 1586 783 sed
1638 727 1734 800 qui
1760 743 1871 784 non

287 812 505 870 credunt
532 811 767 867 diversis
798 811 1434 886 aﬂicientursuppliciis.

354 903 516 957 Vens.
541 904 626 957 32.
650 931 721 940 —
741 903 881 958 Ecce
900 904 1234 974 egredietur,
1258 912 1365 960 etc.
1390 903 1736 960 Erubescant
1755 903 1869 975 qui,

287 990 387 1045 vim
434 988 729 1060 Scripturze
788 999 990 1047 sanctas
1052 991 1334 1061 facientes,
1366 993 1423 1048 in
1442 993 1642 1049 bonam
1660 1000 1874 1064 partem

287 1077 548 1148 accipiunt
575 1078 794 1133 Domini
825 1079 1297 1137 comminationes.

353 1167 519 1221 Vens.
554 1168 643 1222 34.
675 1197 746 1207 -
775 1168 998 1225 Uiulate
1068 1174 1323 1242 pastores
1369 1170 1583 1241 (Hren.)
1622 1169 1874 1226 Ulutatus

289 1252 598 1325 optimatum
620 1254 811 1328 gregis
835 1299 848 1324 ,
883 1265 1013 1325 etc.,
1036 1274 1210 1331 usque
1230 1259 1303 1313 ad
1323 1258 1694 1316 conticescent
1728 1258 1875 1316 bona

288 1341 428 1413 pacis
456 1350 508 1397 et
536 1342 860 1400 auferentur
887 1344 943 1399 in
974 1344 1162 1402 furore
1190 1346 1430 1403 Domini.

814 1469 1038 1525 CAPUT
1065 1469 1267 1525 XXVI.

352 1581 517 1639 Vens.
571 1587 625 1640 1.
654 1614 725 1625 —-
762 1585 827 1640 In
870 1587 1156 1658 principio
1202 1588 1382 1659 regni,
1438 1594 1547 1643 etc.
1583 1585 1714 1657 (11).)
1744 1584 1872 1641 Hace

285 1671 563 1743 prophetia
611 1674 896 1744 superiore
924 1674 1077 1745 prior
1114 1682 1216 1742 est,
1253 1674 1503 1747 quamvis
1548 1674 1649 1729 sub
1680 1674 1874 1729 eodem

289 1775 432 1833 rege.
481 1760 586 1817 Illa
615 1761 757 1819 enim
804 1761 949 1819 facta
997 1769 1079 1818 est
1125 1762 1183 1818 in
1230 1778 1374 1819 anno
1423 1771 1639 1835 quarto,
1671 1763 1789 1819 haec
1820 1761 1876 1818 in

289 1847 520 1917 ejusdem
570 1849 725 1922 regis
770 1850 1059 1923 principio.
1108 1852 1232 1907 Non
1278 1850 1447 1924 igitur
1488 1851 1544 1905 in
1588 1849 1877 1923 prophetia

287 1936 513 1993 historias
572 1940 716 1993 ordo
777 1940 1042 1995 texendus
1097 1956 1222 1997 cum
1276 1939 1464 2012 priora
1492 1939 1789 2012 posterius,
1825 1947 1879 1996 et

286 2025 589 2096 posteriora
654 2026 809 2098 prius
858 2028 1128 2084 dicantur.

353 2114 516 2171 Vens.
553 2120 613 2173 2.
645 2147 715 2156 -
745 2118 811 2171 In
840 2118 987 2173 atrio
1017 2117 1232 2174 domus.
1281 2117 1351 2173 Ut
1379 2116 1543 2173 etiam
1573 2116 1774 2173 exteris
1804 2116 1880 2173 ci-

291 2192 537 2259 vitatibus
592 2204 860 2277 loquaris.
911 2205 1144 2262 Pulchre
1196 2213 1377 2261 autem
1407 2204 1465 2261 in
1496 2206 1635 2261 atrio
1668 2214 1793 2273 stat,
1828 2213 1882 2262 et

290 2290 339 2345 in
365 2291 639 2348 vestibulo
672 2293 879 2365 templi,
911 2302 970 2349 ut
1021 2294 1114 2366 qui
1155 2294 1226 2350 ad
1256 2295 1525 2351 orandum
1555 2295 1884 2352 conveniunt

296 2395 573 2438 sermones
608 2382 728 2451 ejus
758 2381 950 2438 audire
980 2390 1269 2456 cogantur.

359 2468 524 2525 Vens.
550 2473 609 2525 3.
641 2500 712 2510 —
732 2471 791 2528 Si
818 2473 966 2542 forte
991 2472 1241 2539 audiam,
1275 2478 1381 2528 etc.
1423 2472 1554 2543 (Ιυ.)
1594 2470 1765 2540 Quasi
1795 2471 1883 2527 di-

291 2564 369 2611 cat
396 2575 410 2610 :
441 2557 699 2613 Forsitan
721 2558 956 2629 audient,
991 2566 1125 2627 etc.,
1151 2576 1326 2633 usque
1355 2560 1428 2616 ad
1448 2559 1694 2615 Forsitan
1722 2575 1884 2616 vere-

294 2643 476 2701 buntur
505 2646 707 2703 Filium
731 2663 933 2705 meum.

355 2734 520 2792 Vens.
559 2737 617 2792 4.
650 2766 718 2776 -
747 2737 806 2793 Si
833 2753 948 2795 non
977 2737 1297 2794 audieritis.
1331 2737 1392 2792 In
1433 2743 1624 2793 nostra
1649 2735 1888 2808 positum

292 2829 367 2878 est
390 2823 699 2892 voluntate,
731 2832 862 2893 etc.,
894 2841 1068 2899 usque
1098 2825 1171 2881 ad
1190 2839 1293 2882 nec
1308 2826 1480 2882 semel
1509 2833 1563 2881 et
1597 2840 1631 2881 a
1663 2825 1884 2893 saeculo,

294 2910 381 2967 sed
409 2927 637 2985 semper
664 2920 719 2969 et
748 2912 982 2971 sollicito
1012 2915 1042 2969 ?

354 2999 524 3058 Vens.
566 3003 622 3057 6.
656 3031 726 3042 —
753 3002 902 3059 Dabo
931 3001 1160 3059 domum
1190 3004 1367 3060 istam
1395 3002 1551 3059 sicut
1578 3002 1715 3059 Silo.
1739 3000 1890 3058 Sicut

1967 464 2173 533 periori
2204 473 2287 519 est
2311 465 2675 538 jungendum,
2708 474 2765 520 ut
2794 465 3058 537 quidquid
3091 466 3296 521 dictum
3328 465 3566 521 refertur
3616 514 3620 518 .

1976 550 2064 606 vel
2094 552 2326 621 factum,
2359 554 2415 609 in
2462 554 2731 626 principio
2775 554 2935 626 regni
2978 554 3226 611 Joachim
3279 555 3569 610 credamus

1970 638 2161 698 fuisse.

2041 732 2210 786 Vens.
2233 735 2288 787 2.
2323 762 2392 771 —
2420 733 2545 788 Haec
2574 733 2717 789 dicit
2762 734 3054 789 Dominus.
3106 730 3388 787 Praeterita
3429 725 3568 787 visio

1970 820 2025 874 in
2059 819 2326 890 principio
2357 821 2516 894 regni
2541 821 2789 877 Joachim
2823 839 2837 876 :
2869 824 2987 877 haec
3031 827 3213 877 autem
3258 820 3360 875 sub
3389 819 3568 876 Sede-

1972 909 2075 975 cia,
2110 909 2203 980 qui
2242 918 2487 965 extremo
2526 910 2776 983 regnavit
2822 910 2879 965 in
2926 910 3234 967 Jerusalem
3258 952 3272 978 ,
3307 908 3410 965 sub
3459 922 3569 980 quo

1972 997 2105 1052 urbs
2136 1005 2296 1069 capta
2325 1007 2407 1053 est
2437 1007 2489 1053 et
2519 1014 2732 1055 eversa.

2042 1105 2212 1161 Vens.
2244 1108 2295 1160 5.
2328 1135 2398 1145 -
2415 1108 2640 1162 Terram
2668 1110 2725 1163 et
2754 1107 3026 1163 homines.
3051 1106 3202 1162 Ordo
3238 1104 3565 1173 contrarius,

1974 1192 2033 1247 in
2085 1194 2289 1249 Genesi
2319 1194 2472 1265 prius
2501 1194 2635 1250 ﬁunt
2663 1195 2979 1263 animantia,
3011 1195 3174 1250 homo
3202 1201 3393 1265 postea
3418 1212 3433 1260 ;
3481 1193 3572 1250 hic

1972 1291 2155 1339 autem
2182 1283 2336 1355 prius
2364 1284 2640 1340 hominem
2670 1284 2933 1352 nominat,
2966 1291 3157 1355 postea
3195 1298 3318 1355 quae
3364 1288 3490 1337 sunt
3520 1280 3572 1337 ei

1975 1371 2240 1441 subjecta.

2044 1463 2110 1516 In
2129 1462 2487 1533 fortitudine.
2502 1462 2750 1517 Christus
2768 1462 2870 1518 Dei
2880 1462 3053 1518 virtus
3073 1468 3128 1516 et
3148 1458 3249 1516 Dei
3279 1458 3565 1531 sapientia.

1974 1552 2045 1606 Et
2074 1550 2217 1616 dedi,
2252 1558 2356 1607 etc.
2388 1549 2672 1624 Signiﬁcat
2700 1550 2850 1623 quod
2878 1552 3117 1607 humano
3155 1548 3348 1623 generi
3388 1547 3572 1604 omnia

1976 1655 2076 1709 per
2105 1639 2340 1712 gratiam
2371 1647 2495 1695 sunt
2525 1640 2746 1696 tributa.

1823 1721 1874 1798 ξξξ
1903 1738 1958 1798 Β
2057 1728 2249 1795 Vens._
2282 1733 2334 1783 6.
2386 1758 2455 1769 —
2516 1731 2582 1784 In
2627 1746 2808 1785 manu
2864 1726 3380 1786 Nabuchodonosor.
3440 1721 3572 1796 (Ιυ.)

1981 1814 2210 1885 Quantae
2238 1816 2568 1873 infelicitatis
2597 1824 2680 1873 est
2718 1817 2910 1884 Israel,
2961 1817 3117 1887 cujus
3163 1812 3573 1887 comparatione

1977 1905 2489 1962 Nabuchodonosor
2517 1922 2711 1963 servus
2739 1906 2841 1962 Dei
2871 1905 3178 1977 appellatur
3196 1905 3225 1960 ?

2050 1996 2289 2067 Insuper
2316 2000 2393 2052 et.
2427 1994 2603 2051 Omne
2623 2012 2799 2069 genus
2820 1994 3175 2061 animalium;
3208 2007 3335 2050 cum
3352 1989 3574 2047 homine

1979 2081 2122 2137 enim
2152 2083 2339 2139 omnia
2368 2084 2677 2152 traduntur,
2728 2100 2850 2156 quae
2898 2082 3003 2155 ipsi
3040 2080 3441 2152 subjiciuntur;
3487 2077 3576 2136 vel

1983 2170 2130 2226 feras
2161 2181 2355 2245 gentes
2383 2180 2442 2229 ut
2470 2173 2550 2229 illi
2596 2172 2839 2230 serviant
2883 2172 2978 2245 qui
3023 2171 3233 2229 servire
3261 2186 3373 2227 non
3400 2182 3575 2224 nove-

1981 2268 2125 2317 rant.

2054 2367 2225 2424 Vens.
2248 2371 2301 2425 7.
2334 2400 2403 2410 -
2432 2371 2615 2427 Donec
2658 2371 2869 2436 veniat,
2932 2376 3036 2425 etc.
3086 2367 3170 2424 Ne
3215 2376 3437 2440 putetur
3481 2385 3577 2427 re-

1983 2472 2154 2529 gnum
2207 2456 2716 2513 Nabuchodonosor
2762 2474 2887 2513 esse
2910 2464 3235 2528 perpetuum
3259 2498 3273 2523 ,
3308 2456 3581 2531 signiﬁcat

1982 2544 2164 2616 ipsum
2193 2560 2227 2600 a
2255 2545 2429 2601 Medis
2457 2554 2512 2601 et
2539 2561 2573 2601 a
2602 2545 2784 2601 Persis
2824 2561 2948 2601 esse
2979 2544 3324 2615 capiendum.

2056 2652 2225 2706 Vens.
2260 2655 2347 2709 12.
2378 2681 2447 2692 —
2464 2653 2535 2707 Et
2562 2651 2635 2707 ad
2652 2651 2958 2709 Sedeciam.
2980 2652 3110 2707 Post
3145 2650 3434 2708 universas
3453 2667 3582 2726 gen-

1992 2747 2098 2806 tes,
2132 2739 2330 2795 transit
2357 2739 2428 2795 ad
2459 2738 2745 2795 Sedeciam
2774 2748 2827 2795 et
2857 2740 3049 2795 eadem
3092 2739 3474 2807 comminatur,
3496 2756 3588 2797 ne-

1989 2844 2095 2901 que
2151 2828 2297 2885 enim
2350 2827 2523 2884 Judaei
2591 2827 2939 2902 privilegium
2995 2835 3277 2885 merentur
3295 2870 3308 2896 ,
3342 2828 3436 2901 qui
3491 2836 3587 2885 aut

1988 2916 2206 2983 similia,
2237 2925 2330 2973 aut
2357 2917 2634 2990 graviora,
2667 2925 2760 2973 aut
2800 2917 3011 2987 majora
3039 2916 3295 2990 gentibus
3323 2930 3584 2989 peccave-

1987 3014 2151 3072 runt;
2185 3014 2239 3061 et
2295 3005 2389 3077 qui
2445 3005 2638 3062 audire
2695 3006 3082 3079 dedignantur,
3115 3013 3273 3078 peste
3326 3013 3383 3062 et
3438 3004 3585 3062 fame

306 3096 582 3147 exstructo
613 3090 817 3162 templo
846 3090 902 3147 in
930 3105 1082 3157 area,
1114 3098 1243 3159 etc.,
1274 3105 1448 3164 usque
1477 3090 1551 3147 ad
1578 3089 1756 3147 factus
1785 3105 1888 3161 pro
1919 3095 1970 3160 C.
1992 3101 2413 3151 consumuntur.

293 3177 439 3233 nobis
496 3179 877 3236 maledictum.
1055 3246 1069 3256 .

352 3266 516 3324 Vens.
556 3271 647 3324 10.
680 3271 866 3325 Porta:
914 3270 1134 3326 domus.
1184 3268 1342 3324 Nova
1371 3267 1599 3335 dicitur,
1644 3266 1777 3339 quia
1805 3266 1899 3339 qui

294 3353 343 3407 in
368 3370 431 3410 ea
476 3356 773 3421 sedebant,
806 3364 860 3412 et
884 3356 1091 3426 judicio
1119 3364 1412 3428 praeerant,
1466 3354 1814 3412 sacerdotum
1844 3362 1899 3411 et

287 3445 885 3517 pseudoprOphetarum
934 3445 1219 3503 calumniae
1274 3445 1624 3501 resistebant.

353 3532 518 3589 Vens.
554 3538 646 3590 11.
677 3536 749 3590 Et
780 3536 953 3592 locuti
980 3539 1137 3592 sunt.
1185 3533 1515 3590 Sedentibus
1555 3532 1721 3588 urbis
1741 3531 1891 3603 prin-

295 3618 493 3689 cipibus
524 3622 587 3678 in
614 3630 778 3694 porta
805 3623 1014 3695 templi,
1046 3630 1174 3690 etc.,
1242 3638 1419 3695 usque
1465 3621 1539 3677 ad
1568 3621 1668 3677 sed
1714 3619 1897 3677 futura

295 3705 428 3765 bona
453 3711 791 3784 cogitantes.

358 3798 530 3856 Vens.
566 3804 657 3858 12.
688 3829 758 3841 —
785 3802 858 3856 Et
895 3803 1002 3857 ait.
1043 3800 1312 3856 Jeremias
1352 3798 1470 3854 illis
1510 3797 1896 3854 accusantibus

305 3898 353 3947 et
377 3890 613 3956 crimen,
647 3897 777 3956 etc.,
810 3905 984 3961 usque
1014 3889 1087 3945 ad
1116 3908 1134 3944 :
1174 3890 1240 3945 In
1267 3889 1510 3945 veritate
1550 3888 1708 3944 enim
1734 3888 1895 3943 misit

296 3996 378 4036 me
405 3980 685 4037 Dominus
718 3978 791 4035 ad
819 3994 931 4035 vos.

351 4069 525 4124 Vens.
600 4071 696 4122 13.
724 4095 794 4107 -
824 4068 986 4124 Nunc
1035 4082 1162 4139 ergo
1212 4067 1402 4123 bonas.
1427 4062 1598 4133 Quasi
1621 4065 1766 4121 dicat
1797 4063 1893 4119 :Si

294 4156 610 4224 irascimini,
655 4163 784 4223 etc.,
832 4170 1006 4229 usque
1053 4155 1127 4211 ad
1154 4162 1214 4209 ut
1258 4153 1393 4209 nihil
1441 4154 1796 4210 subtrahatur
1822 4150 1892 4207 de

295 4245 542 4302 veritate.

362 4334 537 4390 Vens.
572 4337 662 4389 16.
696 4362 766 4374 -
795 4335 866 4390 Et
911 4332 1209 4389 dixerunt.
1241 4329 1524 4403 Principes
1553 4328 1807 4395 civitatis,
1839 4335 1893 4383 et

2067 3184 2249 3240 Nolite
2278 3183 2498 3240 audire.
2532 3184 2595 3238 In
2622 3185 2725 3240 hoc
2752 3182 2877 3239 loco
2925 3182 3262 3257 allegoricus
3287 3182 3583 3255 interpres,

1996 3279 2124 3338 etc.,
2156 3287 2330 3345 usque
2358 3270 2431 3327 ad
2459 3279 2514 3327 et
2534 3271 2721 3327 sedem
2757 3270 3044 3342 pristinam
3072 3286 3184 3327 non
3239 3278 3580 3343 recepturos.

2061 3361 2230 3416 Vens.
2280 3362 2368 3416 14.
2419 3389 2487 3400 --
2536 3361 2656 3417 Non
2703 3361 2979 3416 servietis.
3028 3359 3224 3416 Melius
3270 3368 3354 3415 est
3384 3368 3579 3432 sponte

1996 3449 2207 3505 servire
2236 3457 2291 3504 et
2317 3447 2553 3505 amicum
2595 3449 2770 3504 Deum
2816 3449 3041 3515 habere,
3075 3456 3129 3504 et
3157 3447 3420 3520 gentilem
3466 3456 3585 3506 ter-

1996 3552 2116 3592 ram
2146 3537 2349 3604 colere,
2383 3552 2548 3609 quam
2576 3536 2905 3594 necessitate
2931 3536 3206 3609 captivum
3249 3536 3480 3595 servire.

2064 3628 2231 3683 Verba
2254 3627 2562 3700 prophetae.
2611 3626 2924 3683 Notandum
2953 3625 3010 3682 in
3056 3625 3355 3699 Scripturis
3384 3625 3588 3683 sanctis

1994 3715 2503 3786 pseudoprophetas
2531 3714 2718 3771 vocari
2745 3716 3063 3786 prOphetas.

2067 3804 2236 3859 Vens.
2269 3806 2357 3859 16.
2389 3833 2458 3843 —
2486 3804 2557 3858 Et
2585 3802 2657 3858 ad
2684 3803 3018 3860 sacerdotes.
3046 3802 3177 3857 Post
3203 3809 3398 3874 gentes
3425 3810 3481 3859 et
3506 3816 3589 3857 re-

1995 3908 2096 3966 ges
2127 3889 2506 3948 sacerdotibus
2534 3889 2804 3963 loquitur,
2838 3898 2892 3947 et
2920 3888 3145 3963 populo,
3179 3890 3273 3962 qui
3295 3890 3412 3960 jam
3443 3889 3589 3945 inte-

1994 3982 2159 4037 ritum
2174 3979 2456 4053 prophetis
2493 3979 2927 4047 annuntiaverat,
2975 3979 3165 4037 dicens
3197 3996 3212 4035 :
3243 3980 3313 4035 Et
3358 3979 3588 4051 ejiciam

1998 4088 2107 4137 vos,
2142 4077 2249 4126 etc.
2280 4068 2542 4142 Loquitur
2570 4076 2751 4125 autem
2781 4068 2975 4125 eadem
3005 4083 3127 4142 quae
3158 4082 3347 4141 supra.

2067 4177 2238 4233 Vens.
2272 4178 2359 4231 17.
2392 4206 2460 4216 —
2515 4177 2583 4234 Ut
2627 4177 2850 4233 vivatis.
2898 4176 3044 4231 Nota
3072 4174 3174 4233 Dei
3212 4172 3578 4240 clementiam,

1995 4272 2124 4331 etc.,
2182 4280 2355 4337 usque
2411 4264 2484 4320 ad
2539 4265 2602 4319 In
2655 4280 2763 4336 quo
2818 4263 3124 4322 ostenditur
3165 4278 3332 4337 posse
3360 4257 3585 4320 retineri

1994 4355 2169 4409 Deum
2197 4352 2454 4424 precibus
2475 4358 2810 4409 sanctorum.

295 4422 529 4495 populus
546 4421 950 4489 intellexenmt,
974 4428 1103 4489 etc.,
1125 4436 1299 4494 usque
1326 4421 1399 4478 ad
1428 4434 1568 4492 quas
1592 4417 1884 4476 mutatione

2010 4442 2174 4499 Vens.
2197 4417 2313 4498 -18.
2353 4472 2423 4481 —
2462 4442 2777 4499 Occurrant
2803 4443 3058 4499 Domino.
3108 4442 3214 4514 (ID.
3246 4442 3577 4516 Occurrant,

295 4510 574 4568 sententiae
604 4525 897 4583 possumus
926 4509 1186 4566 liberare.

367 4618 540 4675 Vens.
563 4621 653 4675 20.
686 4619 816 4674 Fuit
864 4632 1093 4691 quoque.
1119 4614 1393 4685 Quteritur
1440 4629 1565 4671 cum
1594 4612 1755 4670 Urias
1786 4628 1886 4672 ea-

300 4705 421 4762 dem
442 4750 455 4773 ,
491 4714 597 4763 etc.
623 4750 637 4773 ,
670 4721 844 4779 usque
891 4705 963 4761 ad
992 4703 1242 4760 Christus
1287 4719 1504 4776 quoque
1533 4702 1603 4758 de
1630 4700 1887 4758 manibus

295 4794 741 4868 persequentium
770 4793 957 4865 lapsus
998 4801 1101 4848 est.

368 4901 540 4958 Vens.
571 4906 661 4959 22.
713 4930 784 4942 —-
813 4902 884 4957 Et
931 4900 1093 4957 misit
1149 4914 1276 4955 rex.
1310 4895 1585 4967 Quaeritur
1619 4894 1895 4969 quomodo

298 4988 542 5046 Joachim
579 5003 680 5046 rex
705 5032 719 5057 ,
752 4996 856 5046 etc.
882 5032 895 5057 ,
929 5003 1104 5062 usque
1143 4987 1215 5044 ad
1246 4994 1300 5042 et
1347 4986 1491 5042 hanc
1546 4982 1890 5057 pr0phetiam

298 5075 493 5134 factam
533 5095 658 5135 esse
688 5093 813 5134 cum
839 5076 1095 5149 coepisset
1124 5091 1374 5149 regnare.

373 5184 540 5242 Vens.
590 5188 680 5244 24.
730 5216 801 5226 -
861 5186 1043 5258 Igitur
1084 5199 1290 5239 manus
1311 5181 1567 5237 Ahicam.
1632 5176 1893 5248 Quamvis

298 5270 561 5331 Jeremias
578 5274 796 5331 Domini
824 5273 1022 5330 auxilio
1049 5269 1306 5328 liberatus
1346 5269 1433 5336 sit,
1466 5269 1523 5323 in
1575 5266 1888 5324 mercedem

304 5367 488 5417 tamen
530 5364 822 5436 deputatur
857 5362 966 5428 illi,
1005 5377 1105 5433 per
1134 5376 1297 5432 quem
1341 5358 1667 5431 prophetam
1730 5370 1889 5410 suum

304 5446 571 5507 liberavit.

868 5532 1093 5590 CAPUT
1126 5530 1354 5588 XXVII.

384 5636 550 5708 Vens.
586 5655 637 5708 1.
673 5680 744 5692 —
790 5651 857 5707 In
901 5649 1184 5722 principio
1228 5647 1406 5718 regni,
1439 5650 1545 5701 etc.
1596 5639 1888 5713 (menon)

621 5761 863 5816 PATROL.
898 5756 1088 5815 CXIV.

1988 4539 2041 4588 et
2090 4546 2210 4603 qua:
2255 4529 2560 4602 praedicunt
2604 4546 2772 4602 opere
2800 4530 3072 4601 completa
3100 4531 3497 4603 demonstrent,
3530 4544 3586 4593 et

1988 4626 2117 4677 tunc
2145 4618 2375 4677 veritate
2414 4618 2727 4676 vaticinium
2772 4618 3118 4690 probabitur.

2058 4727 2229 4782 Vens.
2264 4729 2351 4783 19.
2381 4755 2450 4767 —
2478 4725 2561 4781 Ad
2604 4727 2917 4782 columnas.
2959 4724 3092 4798 (10.)
3112 4724 3415 4786 Enumerat
3442 4746 3579 4789 vasa

1986 4830 2109 4888 quae
2136 4814 2402 4872 translata
2430 4813 2649 4869 fuerunt
2674 4811 2733 4867 in
2760 4811 3115 4884 Babylonem,
3139 4822 3299 4888 capto
3319 4816 3571 4889 Sedecia,

1986 4904 2203 4963 civitate
2230 4903 2475 4971 incensa,
2506 4900 2819 4974 temploque
2862 4901 3152 4961 subverso.

2447 5041 2673 5099 CAPUT
2713 5040 2968 5099 XXVIII.

2056 5188 2228 5245 Vens.
2260 5189 2312 5241 1.
2344 5186 2414 5241 Et
2455 5188 2676 5259 factum
2719 5187 2825 5241 est.
2873 5183 3087 5259 (Ηιειι.)
3128 5184 3387 5244 Nondum
3431 5187 3577 5248 Eze-

1989 5275 2164 5333 chiele
2192 5273 2517 5331 vaticinante
2544 5274 2599 5329 in
2626 5272 2902 5344 Babylone
2929 5272 3002 5329 ad
3048 5289 3145 5331 eos
3189 5275 3283 5348 qui
3310 5292 3437 5334 cum
3480 5278 3577 5335 Je-

1988 5364 2185 5422 chonia
2212 5362 2428 5419 fuerant
2456 5360 2723 5418 translati.

2058 5456 2124 5510 In
2151 5453 2310 5510 domo
2337 5453 2582 5509 Domini.
2612 5452 2674 5507 In
2693 5465 2803 5523 qua
2821 5448 3145 5508 ﬁducialiter
3164 5450 3421 5525 loquitur,
3447 5453 3577 5525 quia

1988 5559 2257 5618 prospera
2300 5541 2503 5615 populo
2532 5539 2858 5613 pollicetur;
2908 5547 2962 5596 et
3004 5540 3291 5597 mendacia
3338 5541 3573 5598 libenter

1988 5633 2301 5701 audiuntur,
2334 5630 2609 5704 praecipue
2638 5645 2759 5702 qua:
2787 5636 2973 5700 optata
3016 5628 3357 5700 promittunt.

3290 5739 3327 5792 2
