4000 6182
369 283 435 338 L3
915 271 1316 329 VVALAFRIDI
1355 266 1598 322 STRABI
1639 263 1836 318 FULD.
1880 257 1978 314 ΜΟ

2112 253 2247 308 )ΡΡ.
2291 251 2465 306 PARS
2505 251 2544 305 Ι.
2587 281 2656 290 —
2692 248 3176 305 THEOLOGICA.
3612 251 3676 303 44

462 405 630 459 Vens.
667 405 717 456 5.
750 431 817 440 —
865 399 1066 454 Omnia
1114 411 1263 458 vasa,
1300 402 1401 448 etc.
1451 388 1720 444 Jeremias
1770 385 1984 440 dixerat
2028 378 2300 448 Aphetas,
2336 384 2464 439 etc.,
2498 390 2669 446 usque
2699 373 2770 429 ad
2800 373 2892 443 qui
2921 373 3064 427 idem
3095 378 3213 425 erat
3234 370 3392 442 regni
3413 370 3675 426 Sedeciae.

380 492 544 547 etiam
578 491 788 560 reliqua
821 503 953 543 vasa
987 482 1348 554 apportanda,
1383 480 1471 534 hic
1501 475 1738 532 afﬁrmat
1769 488 1971 543 aspor-

391 587 501 634 tata
531 595 653 632 esse
686 575 1037 647 reportanda.

461 669 630 722 Vens.
665 669 718 720 6.
762 666 966 728 Amen,
999 664 1098 726 sic,
1151 668 1255 714 etc.
1308 656 1469 726 Optat
1494 653 1612 710 ﬁeri
1639 697 1652 720 ,
1692 650 1840 723 quod
1888 647 1979 701 ille

391 755 667 821 mentitus,
703 761 831 818 etc.,
874 767 1045 823 usque
1075 749 1145 804 ad
1193 746 1294 802 sub
1323 745 1557 800 aliorum
1603 739 1853 811 exemplo
1883 761 1982 802 ve-

389 845 604 900 ritatem
664 841 880 898 asserit.

463 934 632 988 Vens.
668 934 721 986 7.
780 931 1193 985 Verumtamen.
1245 924 1424 978 Potuit
1469 923 1652 979 dicere
1695 924 1978 991 mentiris,

393 1031 522 1087 etc.,
556 1036 730 1092 usque
760 1018 831 1072 ad
862 1025 918 1071 ut
948 1015 1038 1087 qui
1069 1013 1294 1069 audiunt
1334 1021 1647 1083 exspectent
1688 1014 1909 1068 exitum.

465 1111 633 1164 Vens.
670 1111 754 1162 10.
788 1107 856 1160 Et
888 1106 1044 1160 tulit.
1070 1103 1281 1174 (litem)
1303 1101 1712 1158 Consideranda
1731 1102 1980 1157 Jeremiae

393 1196 701 1270 prudentia,
737 1203 865 1261 etc.,
898 1209 1071 1266 usque
1101 1192 1172 1247 ad
1202 1207 1434 1262 quorum
1463 1191 1654 1246 notitia
1685 1191 1853 1247 solius
1883 1191 1982 1246 Dei

395 1295 497 1342 εει.

463 1377 635 1430 Vens.
672 1377 758 1428 13.
792 1401 861 1412 —-
893 1371 1164 1426 Ananias.
1189 1368 1431 1423 Putative
1462 1370 1730 1439 propheta
1760 1368 1980 1424 dicitur.

393 1463 561 1518 Multa
591 1463 735 1518 enim
785 1458 1080 1530 Scripturis
1121 1457 1323 1513 sanctis
1371 1457 1623 1511 dicuntur
1665 1458 1819 1526 juxta
1861 1457 1984 1528 opi-

393 1553 612 1608 nionem
643 1549 786 1604 illius
836 1547 1116 1618 temporis,
1153 1563 1260 1618 quo
1309 1556 1468 1619 gesta
1506 1546 1844 1613 referuntur,
1877 1562 1986 1602 non

386 1641 540 1710 juxta
578 1639 862 1696 veritatem
892 1637 992 1692 rei.

2159 466 2327 519 Vens.
2347 467 2430 517 10.
2453 492 2520 503 --
2541 463 2678 517 Cum
2707 463 2995 533 casperint.
3023 460 3199 514 Nolite
3221 460 3448 514 credere
3469 459 3677 528 pseudo

2084 551 2393 624 prophetis,
2428 551 2520 620 qui
2560 550 2795 604 vicinum
2831 548 3065 602 reditum
3110 547 3437 617 pollicentur
3467 547 3622 602 vobis
3657 565 3670 601 :

2085 642 2237 712 prius
2267 641 2412 696 enim
2441 637 2597 695 vobis
2618 637 2978 708 explebuntur
2999 636 3345 708 septuaginta
3363 635 3491 690 anni
3513 652 3675 708 quam

2087 729 2343 784 redeatis.

2155 818 2528 889 Septuaginta
2557 816 2718 870 anni.
2766 814 2976 868 Tandiu
3022 813 3077 867 in
3125 811 3308 868 saeculi
3356 811 3676 868 confusione

2085 922 2390 970 versamur,
2425 913 2553 970 etc.,
2600 919 2773 975 usque
2818 902 2889 958 ad
2932 910 2985 957 et
3025 910 3150 957 tunc
3189 910 3271 958 est
3310 900 3432 956 ﬁnis
3470 901 3677 958 laboris

2085 995 2257 1050 nostri
2287 1002 2450 1066 atque
2479 992 2773 1064 patientiae.

2163 1084 2326 1138 Vens.
2365 1085 2450 1137 14.
2483 1111 2552 1121 -
2582 1083 2652 1135 Et
2681 1081 2910 1136 reverti.
2953 1080 3020 1136 Ut
3056 1079 3260 1135 certius
3299 1079 3483 1135 sciatis
3529 1080 3677 1151 quod

2085 1173 2229 1227 hunc
2261 1171 2496 1227 reditum
2527 1177 2785 1240 tanquam
2817 1169 3182 1240 propinquum
3215 1185 3440 1239 sperare
3461 1184 3571 1223 non
3590 1170 3680 1224 de-

2085 1260 2290 1327 beatis,
2380 1259 2477 1313 sed
2523 1259 2717 1313 domos
2766 1256 3069 1323 aediﬁcare,
3113 1258 3359 1327 pomaria
3399 1257 3677 1328 plantare,

2088 1349 2227 1404 ﬁlios
2259 1363 2561 1420 generare,
2597 1354 2649 1401 et
2695 1353 2910 1416 tempus
2958 1354 3276 1416 exspectare
3323 1347 3677 1417 promissum.

2161 1438 2328 1492 Vens.
2363 1440 2448 1492 1'7.
2483 1467 2550 1476 —
2583 1436 2752 1502 Quasi
2783 1435 2944 1502 ﬁcus.
2977 1435 3277 1490 Theodotio
3306 1437 3596 1499 suarinas,
3624 1436 3680 1490 id

2087 1533 2197 1592 est,
2250 1525 2540 1590 secundas,
2593 1524 2952 1592 Symmachus
3002 1524 3348 1590 novissimas,
3400 1540 3522 1594 quae
3566 1524 3679 1580 11e-

2090 1613 2276 1669 braice
2317 1613 2520 1668 suarim
2557 1619 2826 1681 (mmw
2841 1613 2878 1682 ).

465 1730 632 1784 Vens.
675 1729 760 1783 14.
804 1756 874 1767 --
917 1728 986 1781 Et
1024 1727 1220 1797 facies.
1273 1726 1407 1780 Cum
1447 1723 1671 1779 abiisset
1711 1723 1977 1779 Jeremias
2001 1745 2052 1803 Β
2157 1716 2327 1785 Vens.
2364 1719 2449 1770 19.
2483 1747 2551 1756 —
2579 1719 2656 1773 De
2687 1722 2870 1774 nocte.
2904 1714 3178 1786 (10.)Non
3199 1712 3411 1769 cessavi
3431 1728 3677 1803 monere,

391 1827 444 1873 et
474 1817 688 1873 silentio
719 1816 1039 1871 devorasset
1069 1813 1316 1882 injurias,
1352 1813 1526 1868 factus
1556 1821 1639 1867 est
1669 1829 1850 1868 sermo
1880 1814 1984 1869 Do.
2021 1802 2028 1803 ί
2084 1807 2255 1859 ιιινοε
2276 1804 2618 1860 imitarentur
2647 1806 2740 1877 qui
2770 1806 2824 1860 in
2855 1803 3333 1875 transmigratione
3355 1817 3550 1859 securo
3571 1802 3683 1858 otio

392 1906 523 1961 mini
553 1905 622 1962 ad
653 1921 777 1960 eum
805 1920 915 1959 non
945 1911 1002 1958 ut
1031 1903 1144 1957 suis
1173 1902 1358 1958 verbis
1389 1904 1458 1957 ad
1488 1902 1736 1956 Ananian
1765 1903 1986 1957 menda-

399 1995 485 2052 cio
533 1993 861 2067 gloriantem
925 1991 1246 2065 loqueretur
1291 1999 1345 2046 et
1375 1991 1583 2046 diceret
1615 2009 1629 2046 :
1662 1993 1786 2048 Haec
1832 1992 1984 2047 dixit

393 2085 704 2151 Dominus;
738 2082 885 2154 quod
932 2090 1113 2136 tamen
1159 2079 1252 2135 ille
1297 2079 1538 2135 Ananias
1583 2079 1833 2147 dixerat,
1887 2080 1984 2135 sed

393 2171 740 2228 mendacium
770 2186 988 2241 semper
1017 2168 1302 2225 veritatem
1330 2168 1590 2224 imitatur.

462 2261 723 2317 Catenas.
745 2257 995 2314 Ostendit
1017 2256 1163 2330 quod
1191 2257 1459 2312 minorem
1479 2272 1698 2328 poenam
1720 2256 1979 2322 retinens,

397 2356 526 2417 etc.,
560 2364 733 2422 usque
764 2348 836 2403 ad
864 2346 920 2402 in
950 2347 1234 2402 brutorum
1264 2344 1582 2402 animalium
1603 2361 1839 2418 corpora
1860 2353 1984 2401 sunt

395 2438 676 2511 relegatae.

454 2545 625 2600 Vens.
661 2546 748 2600 15.
780 2572 848 2584 ——
877 2543 948 2598 Et
977 2541 1148 2599 dixit.
1183 2541 1314 2613 (10.)
1336 2540 1648 2598 Notandum
1670 2541 1817 2612 quod
1835 2541 1984 2596 lere-

382 2631 522 2691 mias
549 2647 746 2704 passus
774 2631 1057 2700 injuriam,
1091 2629 1333 2686 nondum
1364 2629 1507 2685 facto
1537 2629 1606 2684 ad
1637 2645 1696 2683 se
1728 2643 1981 2683 sermone

379 2721 618 2788 Domini,
651 2719 793 2786 silet,
824 2727 1018 2790 postea
1077 2735 1210 2774 vero
1251 2718 1452 2772 missus
1497 2732 1530 2772 a
1589 2716 1840 2783 Domino,
1877 2732 1981 2771 au-

372 2809 564 2866 dacter
610 2807 828 2882 arguit,
879 2805 1162 2862 mentienti
1211 2805 1544 2862 denuntians
1607 2804 1976 2877 propinquam

374 2905 608 2954 mortem
619 2939 633 2953 .

447 2985 618 3043 Vens.
654 2987 742 3042 16.
777 3014 846 3026 -
875 2985 985 3041 Hoc
1017 3000 1188 3041 anno.
1213 2982 1345 3055 (10.)
1367 2982 1426 3039 Si
1448 2983 1667 3054 quando
1687 2981 1976 3050 morimur,

377 3075 446 3132 de
477 3073 796 3132 carceribus
827 3087 1123 3144 corporum
1152 3071 1473 3138 liberamur,
1508 3071 1810 3128 secundum
1839 3071 1973 3126 illud
2002 3101 2052 3166 Ο

378 3163 528 3236 quod
557 3162 702 3219 male
747 3162 1176 3233 interpretantur
1222 3159 1466 3216 haeretici
1497 3178 1510 3216 :
1544 3160 1696 3218 Educ
1727 3161 1792 3216 de
1842 3177 1974 3217 car-

378 3267 505 3310 cere
535 3254 793 3308 ani-mam
834 3268 1060 3319 meam;
1090 3249 1365 3324 quomodo
1394 3265 1498 3322 pro
1529 3247 1796 3322 supplicio
1826 3264 1980 3305 mors

376 3339 658 3415 irrogatur
677 3340 706 3396 Ἰ

445 3430 618 3485 Vens.
653 3431 741 3484 17.
775 3459 843 3470 —
871 3429 1056 3486 Mense
1097 3429 1358 3500 septimo.
1393 3426 1650 3484 Forsitan
1691 3426 1749 3481 in
1789 3441 1980 3482 mense

377 3518 632 3590 septimo,
659 3516 752 3590 qui
773 3516 1020 3589 requiem
1039 3514 1354 3590 signiﬁcare
1377 3515 1534 3582 solet,
1560 3515 1684 3571 ideo
1705 3522 1982 3571 mortuum

384 3606 738 3673 mentiuntur,
771 3614 830 3662 ut
875 3604 945 3662 de
991 3605 1152 3661 malis
1199 3604 1451 3676 corporis
1496 3604 1798 3672 liberetur,
1828 3604 1983 3672 juxta

376 3694 510 3751 illud
547 3713 560 3750 :
606 3695 748 3752 Mors
791 3696 910 3751 viro
953 3697 1172 3768 requies
1205 3699 1333 3762 est;
1364 3709 1467 3751 nos
1515 3701 1698 3749 autem
1727 3692 1982 3750 novimus

373 3797 610 3856 corpora
629 3782 969 3840 credentium
989 3799 1112 3842 esse
1135 3782 1340 3856 templa
1361 3783 1496 3850 Dei,
1539 3782 1773 3856 Spiritus
1815 3797 1981 3840 sanc-

375 3882 463 3930 tus
493 3871 700 3929 habitet
728 3871 784 3928 in
813 3871 944 3929 illis.

915 4039 1141 4095 CAPUT
1162 4038 1370 4093 XXIX.

452 4211 620 4267 Vens.
660 4213 798 4264 1.-
847 4209 914 4264 Et
956 4206 1092 4264 haec.
1127 4207 1340 4278 (11mm)
1376 4203 1611 4262 Intendit
1643 4207 1983 4278 persuadere

387 4316 456 4356 ne
487 4298 840 4370 acquiescant
871 4293 1391 4368 pseudoprophetis,
1427 4293 1520 4365 qui
1549 4294 1629 4350 eis
1657 4302 1784 4366 post
1817 4296 1983 4354 breve

390 4398 604 4459 tempus
665 4385 901 4442 reditum
949 4383 1004 4438 in
1062 4381 1368 4438 Jerusalem
1415 4383 1821 4454 promittebant.
1875 4385 1984 4442 Sed

391 4475 565 4532 sciant
596 4492 655 4531 se
684 4475 740 4530 in
768 4471 1042 4544 Babylone
1071 4470 1242 4527 multo
1272 4479 1518 4542 tempore
1537 4481 1868 4531 moraturos.

471 4565 636 4622 Verba
669 4564 796 4619 libri
837 4561 968 4634 (10.)
990 4560 1091 4617 Hic
1127 4559 1344 4615 libellus
1363 4561 1633 4629 Jeremiaa,
1658 4570 1786 4630 etc.,
1810 4581 1981 4637 usque

392 4655 462 4708 ad
483 4668 604 4725 quae
624 4667 656 4707 a
676 4651 907 4706 Domino
929 4649 1030 4704 sibi
1051 4649 1320 4720 imperata
1357 4647 1573 4705 fuerant
1609 4651 1810 4722 populo
1849 4668 1980 4709 sua-

397 4743 570 4798 deret.

466 4843 546 4899 Ad
576 4842 846 4914 reliquias
890 4841 1198 4896 seniorum.
1250 4841 1432 4897 Primo
1468 4842 1538 4897 ad
1569 4857 1749 4909 senes,
1784 4843 1981 4899 deinde

394 4932 463 4988 ad
495 4929 842 4994 sacerdotes,
877 4926 1035 4983 tertio
1065 4927 1136 4982 ad
1183 4930 1498 4998 prOphetas,
1532 4938 1726 5001 quarto
1756 4931 1827 4986 ad
1857 4947 1980 4987 om-

393 5035 519 5075 nem
549 5017 810 5090 populum
842 5015 942 5071 Dei
974 5031 1156 5071 sermo
1187 5016 1461 5088 dirigitur,
1497 5018 1797 5075 secundum
1825 5021 1980 5076 ordi-

392 5123 517 5164 nem
546 5105 720 5162 aetatis
750 5103 980 5176 epistola
1016 5103 1296 5175 prophetae
1325 5104 1588 5163 mittatur.

463 5196 633 5251 Vens.
659 5197 711 5250 6.
735 5223 804 5235 —
828 5194 1080 5264 Accipite
1106 5208 1342 5260 uxores,
1390 5202 1494 5250 etc.
1530 5196 1782 5253 Ieremia;
1831 5197 1980 5270 (quia

389 5299 562 5357 prope
579 5289 662 5338 est
677 5281 961 5353 captivitas
979 5280 1305 5352 Jerusalem)
1325 5280 1626 5353 imperatur
1643 5301 1712 5341 ne
1749 5285 1982 5358 accipiat

389 5387 637 5438 uxorem,
655 5385 758 5426 nec
780 5368 942 5424 faciat
961 5366 1120 5424 ﬁlios.
1142 5368 1197 5424 Si
1213 5377 1414 5437 autem,
1434 5376 1980 5447 propterangustiam

390 5459 672 5533 temporis,
704 5457 1032 5514 habentibus
1070 5472 1203 5512 usus
1249 5474 1480 5514 uxorum
1518 5459 1743 5529 tollitur,
1776 5471 1978 5536 quanto

388 5549 567 5623 magis
594 5563 705 5604 non
734 5544 1061 5601 habentibus
1079 5561 1149 5600 ne
1180 5545 1451 5617 accipiant
1478 5547 1797 5620 imperatur.

457 5639 630 5692 Vens.
665 5640 716 5692 8.
749 5665 817 5676 —
847 5634 966 5693 Non
997 5651 1089 5692 vos
1127 5636 1419 5693 seducunt.
1467 5637 1599 5708 (10.)
1629 5638 1821 5696 Falsos
1842 5657 1976 5711 pro-

2084 1892 2343 1959 fruimini,
2377 1894 2553 1950 donec
2585 1893 2964 1966 compleantur
2993 1892 3266 1963 promissa
3296 1891 3416 1947 Dei.

2155 1999 2325 2055 Vens.
2359 2003 2449 2055 21.
2495 2030 2565 2041 -
2607 2001 2690 2057 Ad
2729 2001 2934 2057 Achab.
2981 1998 3145 2053 Aiunt
3187 1998 3401 2053 Hebraei
3430 1998 3531 2052 hos
3560 2013 3685 2054 esse

2083 2087 2460 2160 presbyteros,
2495 2096 2624 2156 etc.,
2657 2105 2829 2162 usque
2861 2089 2932 2143 ad
2973 2095 3030 2142 ut
3059 2094 3181 2142 acta
3211 2086 3530 2157 poenitentia
3551 2095 3678 2158 post

2083 2192 2274 2231 verum
2307 2177 2595 2232 sabbatum
2625 2177 2915 2248 pristinum
2944 2175 3124 2232 locum
3171 2175 3538 2246 possiderent.

2157 2265 2325 2320 Vens.
2360 2267 2448 2322 24.
2483 2295 2553 2306 -
2582 2266 2664 2322 Ad
2683 2267 2981 2322 Semeiam.
3025 2264 3270 2320 Semeias
3310 2263 3379 2319 de
3409 2263 3533 2319 loco
3562 2263 3682 2318 Ne-

2081 2352 2303 2420 helami,
2337 2361 2467 2419 etc.,
2499 2370 2674 2427 usque
2705 2353 2777 2410 ad
2808 2352 3077 2410 Discretio
3107 2369 3239 2408 vero
3261 2351 3549 2424 spirituum
3571 2351 3679 2424 spi-

2083 2441 2295 2496 ritualis
2332 2441 2513 2514 gratia
2552 2450 2654 2498 est.
3393 2436 3398 2446 ’

2154 2529 2324 2585 Vens.
2360 2532 2451 2587 27.
2485 2561 2556 2570 -
2590 2531 2773 2598 Quare
2802 2547 2919 2587 non
2947 2531 3262 2603 increpasti
3291 2529 3423 2601 (10.)
3453 2528 3681 2585 Menda-

2082 2617 2166 2674 cio
2197 2617 2460 2687 praevenit
2506 2619 2792 2674 veritatem
2835 2620 2984 2691 quod
3021 2619 3147 2690 ipse
3193 2618 3506 2674 merebatur
3553 2617 3678 2672 aliis

2081 2705 2327 2776 imponit,
2361 2705 2490 2778 quia
2517 2707 2902 2777 prudentiores
2932 2715 3056 2762 sunt
3079 2707 3154 2761 ﬁli
3173 2707 3526 2762 tenebrarum
3549 2704 3682 2762 ﬁliis

2081 2793 2238 2861 lucis,
2273 2801 2328 2850 et
2355 2795 2504 2868 quod
2533 2796 2725 2852 timent
2757 2796 2860 2851 sibi
2902 2795 3142 2851 inferunt
3180 2795 3321 2851 aliis.

2152 2883 2324 2938 Vens.
2359 2886 2447 2940 31.
2484 2913 2554 2924 -
2583 2886 2708 2942 Haec
2739 2885 2898 2940 dicit.
2930 2883 3176 2940 Semeias
3204 2900 3334 2941 vere
3353 2882 3675 2940 Nehelami-

2080 2978 2183 3039 tes,
2219 2978 2346 3039 etc.,
2376 2987 2550 3046 usque
2580 2972 2654 3030 ad
2683 2980 2876 3030 contra
2905 2988 3045 3046 quos
3092 2973 3344 3030 subditur
3367 3015 3380 3040 ,
3412 2973 3552 3032 Ecce
3580 2988 3678 3045 ego

2082 3061 2339 3119 visitabo.

2652 3186 2877 3245 CAPUT
2921 3187 3104 3244 XXX.

2154 3336 2323 3394 Vens.
2358 3341 2411 3394 1.
2443 3365 2513 3378 -—
2540 3339 2648 3396 Hoc
2677 3339 2908 3396 verbum
2934 3338 3150 3411 (litem)
3175 3339 3448 3396 leremias
3479 3354 3670 3396 rever-

2083 3425 2294 3482 sionem
2322 3426 2693 3498 promittebat,
2725 3435 2855 3496 etc.,
2887 3444 3062 3502 usque
3090 3429 3164 3484 ad
3201 3428 3310 3485 Sed
3341 3443 3467 3486 cum
3497 3428 3674 3485 Israel

2083 3521 2138 3570 et
2161 3515 2330 3571 ludas
2357 3515 2414 3570 in
2439 3523 2646 3572 terram
2686 3532 2842 3572 suam
2887 3524 3252 3574 revertentur.

2154 3603 2322 3660 Vens.
2356 3607 2409 3660 7.
2442 3635 2510 3647 -
2546 3606 2630 3663 Vae
2656 3607 2790 3679 quia
2827 3623 3052 3679 magna.
3086 3606 3219 3678 (10.)
3267 3605 3428 3662 Prius
3503 3605 3682 3662 tristia

2090 3692 2434 3761 nuntiantur,
2468 3702 2598 3761 etc.,
2631 3709 2806 3768 usque
2834 3695 2907 3751 ad
2935 3709 3038 3752 nec
3078 3694 3332 3750 manibus
3371 3709 3546 3762 arma,
3581 3695 3680 3752 sed

2082 3781 2299 3838 lumbos
2329 3782 2485 3854 quasi
2505 3783 2872 3853 parturientes
2893 3783 3172 3839 tenebunt.

2155 3869 2328 3926 Vens.
2361 3873 2414 3925 9.
2449 3900 2516 3911 —
2546 3871 2617 3926 Et
2643 3871 2837 3928 David.
2871 3871 3087 3928 Christo
3109 3871 3352 3938 scilicet;
3397 3871 3675 3944 quomodo

2084 3955 2228 4010 enim
2276 3957 2486 4027 primus
2523 3957 2700 4013 Adam
2746 3966 2800 4014 et
2847 3959 3121 4016 secundus
3168 3961 3480 4016 scribuntur
3523 3959 3682 4030 juxta

2083 4045 2333 4115 corporis
2361 4045 2646 4102 veritatem
2675 4046 2756 4103 sic
2801 4055 2856 4103 et
2901 4048 3096 4105 David.
3147 4049 3396 4106 Christus
3437 4047 3581 4105 enim
3611 4048 3682 4104 de

2083 4131 2260 4188 David
2290 4133 2592 4190 secundum
2621 4149 2866 4192 carnem.

2156 4221 2327 4277 Vens.
2363 4225 2447 4278 19.
2479 4253 2546 4264 —
2565 4224 2729 4279 Serve
2749 4240 2928 4281 meus.
2961 4224 3091 4296 (10.)
3113 4223 3476 4282 Familiariter
3495 4233 3675 4292 vocat,

2083 4307 2225 4365 sicut
2253 4309 2554 4378 Abraham,
2589 4311 2764 4381 Isaac,
2796 4313 2969 4370 Jacob
2999 4321 3265 4370 vocantur
3303 4313 3449 4370 servi
3481 4313 3602 4369 Dei.

2082 4397 2299 4468 Moyses
2329 4413 2545 4472 quoque
2573 4407 2627 4456 et
2655 4399 2749 4456 alii
2776 4401 3074 4472 prophetae,
3109 4409 3162 4458 et
3203 4402 3406 4458 Paulus
3433 4401 3489 4457 in
3517 4401 3678 4474 prin-

2008 4459 2061 4522 D
2083 4459 2223 4557 cipio
2252 4459 2623 4558 Epistolarum
2659 4459 2948 4546 hoc-titulo
2966 4459 3292 4563 gloriantur.

2156 4574 2326 4632 Vens.
2353 4579 2439 4633 12.
2463 4607 2532 4619 —-
2551 4578 2746 4649 Plaga.
2770 4578 2901 4651 (10.)
2921 4579 3096 4634 Aliter
3115 4578 3345 4647 amicus,
3369 4565 3529 4634 aliter
3548 4593 3677 4649 per-

2083 4663 2216 4719 cutit
2243 4664 2532 4733 inimicus;
2566 4665 2726 4722 aliter
2752 4675 2928 4739 pater,
2963 4667 3122 4724 aliter
3151 4667 3325 4725 hostis
3362 4685 3376 4723 :
3411 4666 3504 4723 ille
3533 4667 3680 4722 enim

2083 4759 2141 4806 ut
2170 4752 2432 4825 corrigat,
2465 4754 2569 4811 iste
2597 4755 2832 4825 percutit
2862 4763 2919 4811 ut
2949 4756 3180 4812 occidat.

2154 4839 2323 4895 Vens.
2360 4843 2447 4897 16.
2479 4872 2547 4884 —
2575 4845 2900 4915 Propterea.
2935 4843 3066 4915 (10.)
3097 4843 3210 4900 Sub
3231 4839 3536 4900 Zorobabel
3558 4842 3676 4899 haec

2082 4925 2227 4984 facta
2272 4929 2674 5003 cognoscimus,
2708 4939 2836 4999 etc.,
2858 4947 3032 5005 usque
3058 4931 3130 4989 ad
3159 4932 3254 4989 sed
3281 4931 3495 5006 plenius
3515 4940 3678 5004 atque

2082 5015 2377 5087 perfectius
2406 5018 2462 5074 in
2499 5018 2713 5075 Christo
2743 5018 3104 5092 complentur.

2154 5118 2323 5175 Vens.
2359 5123 2446 5176 18.
2477 5149 2546 5161 —
2577 5121 2716 5178 Ecce
2748 5137 2842 5194 ego
2873 5128 3218 5180 convertam.
3251 5121 3382 5194 (10.)
3403 5120 3678 5191 Quoniam

2083 5213 2243 5278 typus
2347 5208 2652 5279 prmcessit,
2715 5217 2847 5278 etc.,
2905 5227 3078 5284 usque
3129 5210 3201 5266 ad
3250 5207 3466 5280 plenius
3512 5217 3676 5282 atque

2080 5292 2376 5366 perfectius
2404 5294 2460 5350 in
2490 5296 2706 5353 Christo
2736 5305 2791 5354 et
2817 5298 2875 5353 in
2902 5298 3164 5370 apostolis
3192 5297 3554 5369 complentur.

2152 5382 2323 5440 Vens.
2389 5387 2476 5440 19.
2510 5415 2579 5426 —
2610 5385 2974 5454 Ludentium,
3015 5391 3072 5444 et
3110 5385 3501 5459 multiplicabo
3539 5401 3630 5442 eos
3667 5429 3681 5452 ,

2081 5478 2188 5527 etc.
2222 5471 2346 5528 Non
2375 5472 2677 5530 secundum
2706 5474 2839 5530 illud
2857 5519 2870 5544 ,
2895 5475 3048 5532 Sedit
3065 5476 3311 5549 populus
3329 5474 3678 5532 manducare

2081 5562 2138 5615 et
2166 5559 2363 5628 bibere,
2388 5565 2444 5618 et
2463 5567 2846 5621 surrexerunt
2907 5563 3097 5620 ludere
3117 5564 3318 5636 (Exod.
3334 5563 3561 5635 xxxn);
3583 5562 3684 5618 sed

2081 5647 2222 5706 sicut
2240 5647 2415 5706 David
2444 5649 2669 5710 ludebat
2700 5660 2826 5710 ante
2845 5665 3032 5709 arcam
3053 5652 3268 5708 Domini
3289 5653 3342 5724 (Ι
3365 5655 3499 5710 Ραν.
3521 5652 3673 5722 xm).
