4000 6182
252 252 313 306 ts
926 252 1197 311 GLOSSA
1234 254 1644 315 ORDINARIA.
1687 289 1754 300 —
1786 259 2181 321 enormem
2216 264 2551 323 Isaeum.
3392 234 3403 247 ’
3438 276 3504 328 ιδ

796 411 1022 468 CAPUT
1056 380 1265 470 xxxi.

330 532 482 587 Vsus.
521 533 571 586 1.
601 560 673 572 -
693 532 759 587 In
791 537 1057 607 tempore.
1081 537 1292 609 (Hum)
1324 537 1504 611 Opere
1534 541 1824 613 completo,

263 619 580 693 cognoscitur
622 620 857 688 artifex;
890 624 1088 695 adepta
1135 626 1386 695 sanitate,
1419 630 1616 686 medici
1665 629 1828 686 indu-

264 708 397 764 stria.
424 707 508 762 Sic
536 724 734 764 eversa
751 711 1074 781 Jerusalem,
1099 722 1151 769 et
1172 715 1384 785 abjecto
1403 717 1574 788 priori
1603 719 1825 790 populo,

262 795 545 868 intelligitur
556 799 705 869 quod
716 800 960 870 repulsio
976 802 1287 858 Iudaeorum
1309 804 1457 861 salus
1478 806 1544 861 sit
1563 808 1825 879 gentium.

327 885 475 939 Vsus.
507 889 559 940 3.
581 916 653 925 —
671 888 859 961 Longe
879 892 1151 948 Dominus
1172 896 1458 965 apparuit.
1492 894 1633 962 Quia
1651 894 1829 952 offen-

265 974 399 1028 derat
424 973 711 1029 Dominum
758 976 952 1047 Israel,
986 987 1090 1035 etc.
1135 998 1309 1053 usque
1341 981 1427 1038 'ad
1471 999 1581 1038 non
1634 984 1830 1041 merito

266 1060 476 1117 salvatus
504 1070 605 1118 est.
1451 1136 1455 1139 Α

324 1151 476 1206 Vsus.
504 1153 555 1206 5.
577 1182 648 1192 —
677 1156 1050 1223 Plantabu-nt,
1085 1164 1189 1214 etc.
1210 1158 1343 1231 (10.)
1377 1159 1482 1229 Qui
1507 1168 1630 1232 post
1652 1162 1830 1233 capti-

264 1238 456 1295 vitatem
483 1240 653 1296 Israel
700 1242 769 1297 ab
800 1243 992 1299 alienis
1028 1247 1272 1316 possessi
1302 1255 1443 1314 sunt,
1459 1249 1655 1321 quibus
1690 1250 1830 1307 dici-

264 1335 364 1382 tur:
382 1329 637 1385 Plantate
645 1332 945 1403 plantaria
961 1338 1017 1389 et
1032 1336 1374 1393 vindemiato
1390 1336 1579 1407 (Deut.
1598 1340 1827 1411 xxvm).

322 1417 476 1472 Vsus.
508 1420 559 1473 7.
592 1448 662 1460 —
690 1421 980 1493 Reliquias
1008 1424 1205 1481 Israel.
1237 1423 1372 1494 Quae
1403 1428 1705 1483 secundum
1727 1429 1832 1485 ele-

265 1505 474 1561 ctionem
502 1506 801 1564 solvantur.

322 1594 479 1650 Vens.
512 1600 560 1650 8.
594 1627 663 1636 —
692 1599 833 1654 Ecce
861 1615 954 1671 ego
984 1600 1277 1669 adducam,
1315 1611 1419 1661 etc.
1454 1606 1559 1662 Per
1605 1614 1829 1678 aposto-

260 1681 331 1738 lo‘s
355 1690 407 1737 et
434 1683 755 1755 apostolicos
785 1687 933 1743 viros
954 1689 1046 1760 qui
1074 1700 1199 1745 sunt
1229 1694 1503 1762 custodes,
1529 1695 1828 1751 clamantes

260 1770 306 1825 in
329 1780 501 1828 monte
546 1774 829 1843 Samariaa,
864 1777 1060 1849 quibus
1089 1781 1405 1853 praecipitur
1432 1804 1453 1840 :
1498 1786 1823 1852 Personate,

260 1863 434 1917 canite
458 1861 553 1932 (III
575 1865 702 1935 Reg.
736 1865 922 1937 xvm),
956 1875 1061 1924 etc.

322 1950 571 2006 Claudus.
597 1952 730 2023 (Ιυ.)
753 1952 1019 2021 Qualibus
1037 1972 1139 2027 per
1158 1957 1337 2014 Eliam
1356 1960 1555 2017 dicitur
1588 1980 1603 2019 :
1631 1965 1830 2037 Usque-

263 2052 350 2110 quo
372 2038 701 2096 claudicatis
731 2046 965 2116 utroque
991 2046 1132 2117 pede
1156 2051 1178 2101 ?
1207 2047 1317 2103 Sed
1362 2048 1421 2104 in
1467 2051 1684 2107 Christo
1703 2068 1832 2124 pos-

264 2132 336 2181 tea
383 2137 775 2197 cucurrerunt;
809 2138 882 2199 et,
913 2134 1011 2205 qui
1061 2135 1386 2193 ambulabat
1439 2140 1504 2195 in
1560 2141 1824 2208 tenebris,

262 2215 380 2271 vidit
408 2218 585 2274 lucem
614 2236 903 2292 magnam.
1248 2292 1275 2307 ο
1460 2264 1463 2265 ν

321 2306 377 2360 In
400 2307 538 2375 ﬂetu
582 2310 815 2364 venient
843 2314 901 2365 et
930 2312 1012 2379 in,
1048 2320 1153 2370 etc.
1204 2306 1348 2388 (1b.)
1375 2315 1549 2373 Judaei
1596 2318 1704 2376 hoc
1730 2336 1831 2391 pu-

255 2401 350 2448 tant
398 2410 521 2451 esse
548 2396 905 2468 completum,
948 2408 1077 2470 etc.,
1128 2419 1303 2477 usque
1357 2405 1431 2461 ad
1484 2407 1606 2463 haec
1659 2407 1831 2465 fuisse

256 2483 499 2556 completa
524 2494 755 2557 possunt
784 2488 1042 2559 probare.

316 2589 470 2648 Vsus.
504 2595 557 2648 9.
588 2624 658 2634 —
688 2596 761 2651 Et
786 2596 1079 2669 Ephraim.
1110 2598 1395 2671 Ephraim,
1431 2600 1523 2673 qui
1554 2609 1637 2658 est
1667 2610 1829 2676 typus

261 2679 448 2752 gentilis
477 2682 685 2754 populi,
758 2691 887 2752 etc.,
919 2702 1093 2760 usque
1137 2688 1210 2744 ad
1237 2688 1294 2743 in
1323 2688 1571 2746 Samaria
1617 2692 1829 2764 primus

258 2783 461 2842 regnum
487 2770 737 2839 obtinuit,
771 2780 876 2830 etc.

314 2857 472 2915 Vsus.
531 2863 618 2916 11.
652 2862 829 2918 ——De
875 2879 1055 2920 manu
1106 2867 1465 2938 potentioris,
1529 2876 1636 2927 etc.
1695 2869 1828 2942 (Ιυ.)

256 2945 572 3004 Adversarius
597 2949 905 3020 potestatis,
938 2968 1059 3025 quae
1088 2961 1286 3011 natura
1313 2954 1508 3014 fortior
1538 2974 1551 3011 :
1602 2973 1705 3015 nos
1724 2973 1828 3014 au-

260 3040 350 3091 tem
374 3034 477 3094 ﬁde
504 3036 782 3107 fortiores,
814 3040 862 3096 si
890 3048 1074 3098 tamen
1101 3042 1403 3102 liberamur
1429 3046 1500 3103 ab
1531 3062 1598 3103 eo
1629 3047 1721 3121 qui
1741 3047 1827 3104 al-

258 3121 371 3196 ligat
392 3124 603 3195 fortem,
636 3136 690 3185 et
717 3129 943 3186 domum
971 3131 1089 3201 ejus
1118 3132 1322 3205 diripit.

315 3230 468 3289 Vsus.
502 3236 589 3289 14.
622 3265 693 3276 -
740 3236 1010 3294 Animam
1056 3239 1434 3298 sacerdotum.
1467 3240 1574 3311 Qui
1618 3241 1826 3298 habent

259 3318 507 3377 scientiam
554 3322 677 3391 Dei,
711 3324 781 3380 de
826 3340 1060 3398 quorum
1105 3342 1204 3384 ore
1231 3328 1575 3404 interrogant
1617 3329 1820 3405 legem,

262 3408 334 3479 qui
358 3411 579 3467 credunt
607 3411 665 3466 in
710 3428 837 3469 eum
866 3415 960 3488 qui
1016 3423 1100 3473 est
1128 3419 1392 3475 sacerdos
1422 3420 1480 3474 in
1533 3428 1818 3477 aeternum.

315 3500 666 3572 Pinguedine,
698 3506 757 3558 et
782 3506 1028 3577 papulas
1066 3522 1227 3563 meus
1257 3508 1415 3565 bonis
1444 3511 1586 3566 meis
1633 3510 1822 3567 adim-

259 3585 487 3656 plebitur,
521 3591 607 3646 ait
634 3591 927 3660 Dominus,
959 3602 1065 3651 etc.
1101 3595 1258 3652 Unde
1286 3596 1551 3653 Dominus
1594 3597 1652 3654 in
1678 3598 1823 3656 valle

261 3672 599 3746 Gethsemani,
632 3679 691 3735 id
737 3688 820 3737 est
844 3682 1193 3755 pinguedinis
1239 3687 1670 3758 comprehensus
1715 3695 1817 3756 est,

318 3764 465 3823 Vens.
480 3772 569 3823 15.
593 3798 664 3810 -
687 3770 799 3828 Vox
827 3773 911 3827 in.
930 3772 1063 3843 (11).)
1082 3771 1317 3842 Quidam
1337 3775 1654 3832 Iudaeorum
1673 3776 1822 3833 hunc

256 3850 405 3909 locum
431 3857 509 3913 sic
537 3867 833 3929 exponunt,
868 3867 999 3928 etc.,
1032 3878 1207 3935 usque
1235 3864 1308 3920 ad
1353 3864 1638 3933 Hebraeos,
1674 3864 1822 3937 quod

259 3938 478 4014 legebant
505 3947 795 4015 Hebraice,
829 3948 943 4003 suis
973 3950 1319 4007 sermonibus
1350 3953 1710 4025 expressisse.

313 4033 497 4090 Rachel
521 4037 779 4108 plorans.
840 4037 1046 4094 Rachel
1075 4048 1252 4095 mater
1296 4042 1520 4113 Ioseph,
1555 4050 1685 4111 etc.,
1720 4059 1819 4101 us-

259 4134 341 4189 que
364 4122 429 4178 ad
453 4122 584 4180 ﬂere
615 4125 814 4181 dicitur
841 4142 1043 4197 pueros
1066 4127 1223 4197 juxta
1251 4145 1312 4185 se
1338 4130 1676 4189 interfectos.

316 4209 467 4268 Vens.
498 4216 586 4269 16.
618 4244 688 4255 -
715 4216 787 4271 Et
816 4220 1195 4274 revertentur.
1230 4219 1362 4291 ([υ.)
1393 4219 1587 4276 Melius
1615 4221 1725 4277 hoc
1751 4219 1822 4276 de

262 4300 464 4364 parvulis
489 4301 866 4376 intelligimus,
899 4312 1028 4372 etc.,
1061 4323 1235 4381 usque
1281 4308 1355 4365 ad
1384 4316 1435 4364 et
1463 4308 1699 4366 infantes
1734 4326 1823 4365 re-

265 4398 453 4460 surgent
478 4390 535 4446 in
564 4392 742 4448 virum
771 4392 1095 4465 perfectum.

315 4493 465 4552 Vsus.
500 4502 586 4553 t8.
620 4529 690 4540 —
736 4500 1008 4558 Eruditus
1039 4518 1186 4559 sum.
1238 4500 1409 4572 Quasi
1438 4504 1585 4562 dicat
1614 4521 1628 4560 :
1679 4504 1815 4562 Cor-

261 4582 402 4640 rectio
425 4585 637 4656 proficit
665 4587 722 4642 in
751 4587 1003 4657 salutem,
1037 4598 1091 4646 et
1120 4606 1239 4663 quae
1283 4592 1354 4647 ad
1382 4608 1629 4664 praesens
1660 4594 1817 4651 vide-

259 4674 331 4724 tur
354 4688 463 4730 esse
488 4675 740 4745 tristitiae,
773 4686 898 4749 post
926 4678 1108 4735 reddit
1134 4678 1375 4736 fructum
1400 4682 1575 4753 pacis.

316 4759 463 4819 Vsus.
497 4769 585 4820 19.
618 4797 687 4806 -
720 4766 996 4834 Quoniam
1022 4770 1293 4825 sustinui.
1344 4769 1475 4843 (Ιο.)
1505 4771 1610 4826 Per
1653 4769 1818 4845 igno-

261 4850 458 4907 rantiam
512 4854 687 4909 aetatis
743 4854 875 4912 dicit
919 4873 980 4913 se
1037 4873 1320 4929 peccasse,
1354 4867 1413 4913 ut
1457 4858 1671 4916 facilius
1726 4876 1819 4916 ve-

261 4937 382 4993 niam
409 4951 792 5017 consequatur,
814 4945 959 5002 unde
989 4962 1004 5001 :
1032 4947 1271 5012 Delicta,
1312 4949 1637 5020 juventutis
1680 4964 1821 5005 mete

261 5029 655 5099 etignora‘ntias
687 5049 840 5089 meas
869 5050 942 5092 ne
985 5037 1336 5092 memineris.
1367 5036 1438 5093 Et
1476 5036 1533 5092 in
1578 5053 1819 5110 sequen-

260 5113 398 5184 tibus,
417 5119 559 5177 Deus
578 5121 869 5193 parvulum
899 5138 1023 5179 eum
1042 5124 1259 5181 vocavit
1285 5132 1340 5182 et
1359 5124 1568 5182 deliciis
1597 5125 1821 5182 afﬂuen-

256 5207 364 5272 tem,
392 5217 610 5281 propter
654 5204 969 5269 divitiarum
1020 5212 1230 5271 scilicet
1281 5214 1711 5287 magnitudinem
1768 5222 1825 5270 et

256 5299 390 5350 teme
415 5295 741 5356 fertilitatem
770 5299 947 5373 (Psal.
978 5302 1163 5374 XXIV).

316 5381 470 5442 Vsus.
498 5390 588 5445 20.
619 5389 764 5447 —Si
776 5389 932 5459 ﬁlius
944 5391 1306 5459 honorabilis,
1323 5398 1428 5449 etc.
1442 5390 1822 5451 Paenitentiam

261 5481 431 5543 agente
448 5475 708 5547 Ephraim
722 5478 1030 5536 etdicente:
1061 5480 1316 5537 Erudisti
1331 5496 1440 5549 me,
1472 5482 1728 5549 Domine,
1763 5486 1823 5539 et

260 5561 485 5620 eruditus
503 5582 648 5634 sum,
673 5574 785 5624 etc.
801 5610 814 5635 ,
828 5568 1113 5640 respondit
1130 5568 1413 5637 Dominus,
1429 5577 1483 5625 et
1501 5568 1662 5642 plene
1683 5585 1821 5627 con‘

260 5660 450 5707 versum
461 5654 554 5710 tali
564 5662 829 5714 sustentat
837 5656 1081 5725 oraculo,
1099 5658 1322 5728 Siﬁlius
1332 5658 1695 5726 honorabilis,
1708 5664 1819 5716 etc.

1843 387 1901 448 A
1998 387 2206 445 Idcirco
2216 392 2571 448 conturbata.
2587 390 2755 461 Quasi
2766 392 2912 451 dicat
2930 394 3132 452 :Avido
3143 396 3325 452 animo
3338 410 3521 454 susce-

1926 474 2004 545 pit
2015 477 2185 532 verba
2196 494 2340 545 mea,
2360 487 2413 534 et
2431 481 2690 548 servavit,
2706 483 2804 537 sed
2825 489 3009 539 tamen
3035 485 3341 541 miserebor
3367 486 3512 555 ejus;

1930 563 2058 634 quia
2087 572 2140 619 et
2176 566 2455 622 hominum
2482 569 2691 637 justitia
2731 572 2833 626 Dei
2870 572 3079 645 indiget
3118 573 3517 630 misericordia.

2001 652 2170 708 Vnus.
2202 657 2292 711 21.
2322 686 2393 695 -
2420 656 2618 712 Stat-ue
2640 660 2757 725 tibi,
2793 667 2897 716 etc.
2918 661 3186 718 Provocat
3214 661 3284 716 ad
3303 661 3521 716 satisfa-

1930 739 2184 807 ctionem,
2218 749 2277 796 ut
2306 744 2616 829 consideret
2644 745 2699 801 in
2728 748 2942 819 quantis
2971 748 3217 821 deliquit,
3267 756 3320 804 et
3349 736 3522 821 agens

1928 828 2300 898 paenitentiam
2329 832 2399 886 ad
2418 828 2701 902 pristinam
2717 836 2952 908 gratiam
2971 846 3298 904 revertatur,
3332 853 3528 893 secun-

1931 917 2060 973 dum
2089 916 2243 986 illud,
2274 921 2547 977 Memento
2594 924 2741 979 unde
2770 927 3069 995 excideris,
3103 932 3161 985 et
3206 942 3304 999 age
3345 929 3525 998 pleni-

1932 1008 2175 1062 tentiam
2203 1012 2260 1063 et
2285 1011 2475 1081 prima
2504 1026 2672 1083 Opera
2697 1016 2791 1085 fac
2821 1015 3011 1088 (Apoc.
3045 1016 3130 1089 ιι).

2000 1096 2188 1167 Dirige
2217 1110 2311 1152 cor
2342 1101 2525 1154 tuum.
2560 1100 2691 1172 ([u.)
2721 1102 2919 1175 Dirigit
2966 1120 3062 1160 cor
3094 1122 3252 1162 suum
3293 1109 3351 1165 in
3378 1110 3525 1167 viam

1931 1190 2158 1250 rectam,
2194 1192 2322 1253 etc.,
2372 1203 2545 1260 usque
2573 1189 2647 1244 ad
2673 1206 2776 1247 nec
2801 1207 2902 1262 per
2929 1190 3088 1250 luxus
3117 1195 3303 1253 saeculi
3348 1198 3525 1256 decli-

1930 1286 2065 1327 nare
2096 1274 2385 1329 consentit.

2002 1380 2311 1447 Revcrtere,
2361 1383 2530 1454 virgo,
2564 1383 2760 1451 Israel,
2820 1392 3099 1445 revertere
3156 1391 3230 1447 ad
3266 1394 3525 1452 civitates

1932 1469 2063 1522 tuas
2081 1469 2242 1523 istas.
2267 1469 2399 1540 (10.)
2449 1470 2599 1527 Licet
2626 1473 2744 1529 hinc
2774 1475 2995 1545 quidam
3018 1477 3173 1547 juxta
3218 1480 3522 1553 historiam,

1931 1561 2060 1622 etc.,
2092 1573 2265 1629 usque
2286 1558 2428 1613 adet
2456 1559 2671 1616 desinat
2700 1564 2892 1635 vagari
2918 1582 3021 1635 per
3048 1566 3208 1623 luxus
3238 1570 3444 1628 saeculi.

2002 1661 2171 1718 Vnus.
2230 1666 2319 1721 23.
2353 1694 2424 1705 -
2477 1665 2671 1724 Adhuc
2727 1669 2934 1727 dicent.
2997 1672 3128 1744 (11).)
3184 1676 3526 1747 Christianis,

1856 1750 2139 1812 Bscilicet
2184 1753 2542 1824 temporibus,
2575 1756 2775 1828 quibus
2817 1760 3183 1833 captivitatem
3231 1767 3414 1839 populi
3447 1769 3533 1825 sui

1930 1839 2195 1895 Dominus
2224 1844 2511 1900 convertit.

1999 1929 2301 1986 Benedicat
2331 1933 2450 1988 tibi.
2496 1933 2625 1991 Haec
2654 1935 2757 1990 sub
2804 1937 3105 1996 Zorobabel
3152 1956 3218 1998 ex
3262 1951 3421 2015 parte
3450 1944 3531 2002 vi-

1931 2015 2147 2085 dentur,
2181 2026 2311 2088 etc.,
2343 2037 2517 2094 usque
2545 2024 2617 2080 ad
2657 2024 2816 2094 juxta
2843 2026 3062 2085 Iudaeos
3093 2037 3146 2086 et
3174 2039 3397 2091 nostros
3435 2035 3526 2105 ju-

1931 2105 2209 2163 daizantes
2236 2110 2549 2167 carnaliter.

2000 2213 2172 2271 Vnus.
2222 2219 2312 2273 25.
2344 2246 2415 2258 --
2447 2218 2590 2286 Quia
2636 2221 2933 2280 inebriavi.
2983 2225 3210 2283 Mutatio
3257 2244 3530 2300 persona-

1930 2316 2073 2369 rum,
2108 2310 2237 2371 etc.,
2269 2321 2444 2379 usque
2489 2308 2563 2363 ad
2592 2310 2891 2381 respondet
2914 2312 3150 2384 populus
3178 2315 3249 2373 de
3296 2320 3531 2392 captivi-

1930 2396 2040 2446 tate
2068 2406 2331 2465 reversus
2362 2410 2375 2447 :
2409 2395 2532 2454 ideo
2562 2402 2995 2471 expergefactus
3024 2418 3173 2471 sum,
3206 2412 3312 2463 etc.

2001 2496 2173 2554 Vnus.
2202 2502 2293 2556 26.
2324 2530 2395 2543 -
2422 2502 2547 2559 Ideo
2593 2505 2774 2576 quasi.
2824 2505 2894 2563 Ut
2940 2505 3188 2564 imitarer
3232 2511 3525 2584 dicentem,

1929 2591 2059 2654 etc.,
2090 2602 2263 2660 usque
2290 2589 2364 2646 ad
2392 2597 2446 2647 et
2472 2590 2619 2648 diem
2646 2594 3065 2652 resurrectionis
3093 2607 3390 2671 exspectat.

1999 2693 2170 2749 Vnus.
2202 2696 2294 2753 27.
2323 2725 2396 2737 -
2420 2699 2561 2756 Ecce
2589 2698 2707 2757 dies
2752 2703 3011 2770 veniunt,
3043 2703 3185 2763 dicit
3228 2708 3521 2767 Dominus.

1927 2779 2134 2838 Omnes
2159 2783 2537 2853 hujuscemodi
2564 2789 3042 2861 repromissiones,
3085 2800 3215 2864 etc.,
3247 2812 3424 2871 usque
3453 2799 3528 2856 ad

1928 2869 2029 2927 sed
2057 2870 2127 2926 sit
2153 2872 2304 2929 Deus
2333 2874 2519 2932 omnia
2544 2874 2604 2931 in
2631 2878 2905 2938 omnibus.
3122 2876 3129 2883 ’

1999 2976 2171 3035 Vsus.
2203 2982 2294 3036 30.
2326 3011 2397 3024 —
2445 2982 2848 3058 Obstupescent
2894 2988 3113 3046 dentes.
3144 2989 3278 3063 (Ιυ.)
3323 2993 3529 3051 Dentes

1855 3110 1907 3177 Ο
1929 3066 2330 3125 comedentium
2356 3085 2470 3128 non
2513 3082 2744 3144 possunt
2770 3076 3095 3135 suavitatem
3122 3080 3345 3149 sentire,
3397 3091 3528 3151 etc.,

1924 3170 2098 3228 usque
2126 3156 2200 3213 ad
2253 3173 2365 3216 non
2391 3160 2711 3220 austeritate
2769 3165 3040 3235 ciborum,
3072 3166 3173 3226 sed
3202 3169 3333 3228 vitio
3388 3172 3529 3229 den-

1924 3241 2080 3300 tium.

1995 3350 2166 3408 Vnus.
2200 3355 2288 3409 31.
2322 3384 2390 3397 -
2436 3357 2578 3414 Ecce
2605 3357 2743 3417 dies.
2786 3359 2905 3418 Hoc
2949 3363 3260 3425 testimonio
3302 3363 3526 3440 Paulus,

1922 3444 2053 3506 etc.,
2092 3456 2266 3530 usque
2296 3443 2370 3500 ad
2399 3450 2453 3500 et
2480 3445 2826 3506 circumcisio
2853 3458 2908 3508 et
2954 3452 3246 3513 sabbatum
3274 3458 3530 3530 spiritua-

1920 3525 2048 3585 liter
2075 3529 2500 3602 complerentur.

1993 3633 2166 3725 Vnus.
2199 3638 2287 3694 34.
2319 3669 2388 3680 -
2416 3641 2491 3696 Et
2516 3658 2634 3700 non
2662 3643 2892 3704 docebit.
2926 3648 2995 3706 Ut
3022 3664 3134 3707 non
3162 3656 3529 3725 quaerantlu-

1920 3721 2112 3780 daicos
2139 3726 2437 3798 magistros
2466 3737 2521 3785 et
2550 3731 2811 3789 mandata
2839 3736 3142 3807 hominum,
3174 3721 3274 3798 sed
3292 3743 3529 3801 docean-

1924 3824 2014 3874 tur
2040 3828 2076 3867 a
2103 3808 2313 3885 Spiritu
2357 3825 2569 3886 sancto,
2605 3819 2654 3875 si
2682 3828 2865 3879 tamen
2885 3826 3143 3899 templum
3172 3830 3275 3887 Dei
3302 3830 3524 3902 fuerint,

1922 3907 1977 3957 et
2005 3899 2228 3973 spiritus
2273 3902 2377 3960 Dei
2402 3906 2731 3967 habitaverit
2768 3910 2827 3967 in
2854 3912 3018 3985 ipsis,
3070 3917 3163 3990 qui
3212 3919 3387 3991 spirat
3432 3899 3528 3978 ubi

1923 3988 2055 4057 vult,
2087 3998 2145 4047 et
2170 3991 2420 4051 diversas
2446 3995 2614 4054 habet
2638 4000 2851 4072 gratias
2883 4019 2897 4057 :
2928 3988 3136 4064 Notitia
3164 3988 3349 4067 tamen
3365 4010 3526 4068 unius

1922 4077 2023 4134 Dei
2051 4079 2294 4137 omnium
2322 4083 2581 4143 virtutum
2608 4091 2889 4160 possessio
2922 4101 3025 4152 est.

1996 4167 2199 4227 Omnes
2255 4174 2410 4230 enim
2454 4184 2806 4248 coynoscent.
2866 4180 3079 4255 (Hum)
3136 4183 3277 4256 Quia
3332 4202 3525 4245 omnes

1922 4263 2083 4312 erunt
2127 4265 2257 4327 etc.,
2289 4276 2465 4335 usque
2492 4264 2567 4320 ad
2611 4268 2808 4325 nonin
2850 4278 3048 4328 natura
3076 4274 3268 4346 quain
3314 4285 3520 4334 semet-

1922 4344 2044 4416 ipso
2072 4346 2239 4404 etiam
2267 4363 2392 4406 cum
2422 4350 2705 4411 videretur
2731 4355 2906 4415 latuit.

1835 4473 1894 4539 D
1992 4452 2164 4510 Vnus.
2187 4457 2277 4513 35.
2308 4486 2378 4498 —
2408 4458 2513 4527 Qui
2527 4460 2830 4521 datsolem.
2849 4464 2981 4538 (Ιυ.)
3002 4465 3314 4525 Secundum
3334 4469 3516 4528 Gene-

1920 4539 2025 4596 sim
2053 4542 2137 4598 sol
2164 4542 2222 4598 in
2252 4544 2394 4603 coelo
2421 4548 2633 4619 positus
2661 4560 2746 4607 est
2790 4552 2847 4607 in
2876 4552 3079 4612 lumine
3123 4556 3252 4625 diei,
3304 4557 3435 4617 luna
3463 4569 3519 4616 et

1920 4629 2175 4722 stellaein
2201 4632 2407 4692 lumine
2434 4639 2630 4694 noctis.
2664 4640 2727 4696 In
2753 4640 2968 4711 psalmo
2998 4659 3216 4719 quoque
3260 4646 3465 4722 legitur
3498 4669 3511 4704 :

1920 4718 2048 4775 Dies
2076 4719 2190 4777 diei
2218 4727 2443 4781 eructat
2454 4727 2699 4794 verbum,
2714 4733 2772 4785 et
2782 4746 2901 4788 non:
2916 4735 3073 4790 nocti
3086 4718 3305 4792 indicat
3320 4718 3513 4793 scien—

1921 4808 2082 4877 tiam,
2106 4808 2235 4883 quia
2259 4810 2495 4868 invicem
2523 4813 2627 4870 sibi
2641 4814 2761 4872 dies
2778 4826 2833 4875 et
2860 4826 3050 4877 noctes
3077 4822 3396 4881 succedunt.

1993 4914 2165 4972 Vens.
2198 4918 2287 4972 36.
2320 4918 2467 4976 —-Si
2492 4919 2824 4993 defecerint,
2858 4933 2963 4983 etc.
2998 4927 3056 4984 Si
3084 4928 3209 4986 caeli
3236 4931 3512 5002 peribunt,

1920 5011 1975 5060 et
2032 5004 2113 5060 sic
2166 5004 2549 5064 vestimentum
2596 5019 2957 5084 veterascent,
3008 5018 3283 5090 quomodo
3327 5036 3516 5078 semen

1920 5091 2093 5149 Israel
2120 5100 2300 5164 potest
2327 5110 2452 5152 esse
2469 5108 2794 5172 perpetuum
2813 5103 2841 5158 ?
2870 5103 3009 5160 Coeli
3035 5113 3217 5164 autem
3234 5108 3511 5180 peribunt.

1992 5199 2164 5257 Vnus.
2213 5202 2303 5258 3’7.
2337 5233 2406 5244 —
2434 5205 2495 5262 Si
2520 5210 2867 5266 mensurari.
2917 5208 3088 5279 Quasi
3115 5212 3309 5272 dicat:
3359 5215 3516 5288 Quo-

1920 5289 2086 5346 modo
2114 5304 2302 5346 rerum
2338 5298 2468 5361 etc.,
2491 5310 2665 5370 usque
2683 5295 2758 5354 ad
2776 5312 2882 5356 nec
2917 5298 3215 5375 aliquando
3251 5307 3514 5365 cessabit.

1991 5394 2163 5452 Vnus.
2195 5400 2283 5454 38.
2315 5427 2385 5440 —
2426 5401 2568 5459 Ecce
2595 5402 2733 5461 dies.
2765 5400 2872 5473 Qui
2916 5406 3066 5465 mille
3111 5425 3379 5469 annorum
3424 5428 3518 5470 re-

1921 5498 2112 5557 gnum,
2144 5493 2275 5553 etc.,
2306 5503 2483 5562 usque
2511 5489 2584 5547 ad
2610 5489 2687 5547 ibi
2715 5500 2899 5549 autem
2929 5496 3213 5554 Ananehel
3254 5515 3357 5570 per
3382 5515 3517 5556 men

1921 5571 2178 5630 litteram.
2879 5581 2882 5584 ’

1995 5662 2165 5721 Vens.
2198 5667 2286 5722 39.
2319 5696 2389 5709 —
2413 5668 2589 5741 Usque
2615 5669 2689 5725 ad
2707 5672 2905 5743 anguli
2919 5676 3166 5744 portam.
3191 5671 3323 5743 (In.)
3353 5671 3519 5730 Nulla
