4000 6182
423 398 492 459 47
904 380 1310 445 ἮᾹΕΑΡΒΙΟΙ
1347 377 1590 435 STRABI
1627 372 1828 429 FULD.
1873 364 2046 423 ΜΟΝ.

2175 357 2241 417 πρ.
2284 354 2461 416 PARS
2498 357 2542 412 1.
2582 385 2653 399 -
2689 346 3167 433 THEOLOGICA.
3642 335 3709 389 ts

421 525 566 582 enim
594 535 727 577 vera
777 512 1005 585 justitia,
1039 518 1167 575 etc.,
1199 520 1371 579 usque
1429 501 1500 557 ad
1544 501 1665 555 haac
1719 489 2006 550 aediﬁcatio
2027 491 2083 553 Α
2113 504 2257 559 diem
2285 503 2444 566 hanc,
2478 506 2607 563 etc.,
2639 510 2812 569 usque
2842 492 2914 548 ad
2942 492 3008 545 Et
3038 484 3332 543 notandum
3363 478 3507 552 quod
3539 474 3711 532 Israel

421 610 662 669 manebit
690 608 747 660 in
773 611 1057 659 aeternum.

972 739 1194 799 CAPUT
1232 732 1466 791 XXXII.

498 883 670 938 Vens.
707 880 758 932 1.
790 905 859 916 -
886 871 1115 930 Verbum
1144 863 1304 939 quod,
1328 869 1433 916 etc.
1467 854 1678 930 (lima)
1696 852 1821 908 Non
1841 848 2019 904 solum

424 971 595 1029 verba
616 966 770 1023 sedet
789 975 961 1033 opera
998 956 1407 1029 prophetarum,
1433 952 1557 1001 sunt
1572 942 1731 999 nobis
1758 940 1813 993 in
1828 952 2019 993 exem-

422 1061 516 1132 pla
544 1031 1068 1113 virtutum—Poterat
1096 1040 1363 1099 Jeremias
1392 1034 1643 1091 nuntiare
1670 1042 1938 1102 prospera
1966 1031 2020 1079 et

418 1114 523 1204 tfrui
573 1143 723 1217 regis
756 1137 1021 1202 amicitia,
1057 1132 1155 1188 sed
1175 1128 1365 1184 maluit
1396 1127 1510 1179 Deo
1531 1119 1777 1184 obedire,
1804 1114 1895 1187 qui
1915 1128 2018 1185 po-

417 1243 532 1293 test
560 1242 614 1289 et
638 1210 881 1287 animam
912 1233 965 1281 et
995 1237 1196 1293 corpus
1225 1216 1459 1289 perdere
1492 1212 1548 1266 in
1577 1210 1907 1283 gehennam.

496 1343 667 1397 Vnus.
700 1343 755 1396 2.
790 1366 859 1377 -—
889 1334 953 1388 In
983 1331 1132 1386 atrio
1189 1324 1453 1382 carceris.
1497 1315 1629 1390 (11).)
1674 1311 1930 1369 Notanda
1957 1323 2024 1397 ex

425 1438 582 1504 parte
611 1425 762 1498 regis
811 1416 1119 1482 clementia,
1155 1412 1247 1486 qui
1293 1426 1404 1465 non
1448 1407 1506 1462 in
1535 1419 1780 1467 carcere,
1842 1398 1939 1453 sed
1968 1396 2024 1449 in

424 1483 1101 1584 vestibuldprOphetarum
1118 1483 1329 1558 recludi
1348 1499 1587 1567 jusserat
1610 1492 1666 1546 in
1689 1490 1865 1545 libera
1889 1483 2029 1542 scili-

430 1615 516 1664 cet
545 1601 814 1666 custodia,
836 1614 905 1653 ne
925 1601 1111 1667 posset
1131 1590 1374 1662 eﬁ‘ugere
1398 1605 1412 1652 ;
1437 1582 1595 1656 quasi
1615 1596 1726 1635 non
1743 1576 1920 1633 omnis
1937 1576 2028 1628 Je-

429 1694 672 1752 rusalem
692 1689 880 1747 clausa
899 1680 1289 1749 munitionibus
1308 1674 1469 1731 fuerit
1489 1667 1792 1729 communis
1813 1679 2025 1722 carcer.

499 1803 670 1858 Vnus.
702 1802 756 1853 3.
788 1825 858 1857 -τ
891 1791 1185 1849 Clauserat
1212 1786 1366 1841 enim
1385 1798 1534 1839 eum.
1565 1779 1703 1833 Jean
1732 1772 1911 1830 vicina
1930 1785 2027 1827 ca-

2116 593 2185 650 ab
2214 591 2463 647 omnibus
2494 592 2732 657 separat.

2188 700 2357 754 Vens.
2388 699 2478 753 21.
2509 723 2579 732 —
2616 692 2685 746 Et
2715 686 2968 745 σείαωὶειί
3009 681 3282 756 populum
3327 680 3510 732 tuum.
3577 669 3712 726 Pul-

2118 790 2250 845 chre
2277 785 2411 840 dixit
2471 779 2731 854 populum
2778 785 2963 840 tuum;
3013 787 3079 827 eo
3111 768 3255 826 enim
3299 774 3548 835 tempore
3607 773 3715 832 quo

2119 878 2344 933 eductus
2374 880 2476 939 est,
2510 867 2746 934 Domini,
2779 861 3008 935 imperio
3040 857 3333 915 serviebat.

2189 983 2360 1037 Vens.
2394 982 2483 1037 23.
2515 1007 2585 1016 —
2603 977 2684 1029 'Et
2704 971 2944 1045 ingressi
2962 970 3117 1024 sunt.
3151 961 3282 1035 (11).)
3303 958 3448 1015 Nihil
3477 955 3719 1012 medium

2119 1072 2261 1126 inter
2286 1066 2692 1140 possessionem
2720 1043 2781 1116 et
2800 1053 3225 1114 inobedientiam
3257 1069 3270 1105 :
3304 1049 3527 1104 ubertas
3572 1043 3721 1099 enim

2122 1129 2504 1223 securitatem,
2564 1150 2831 1208 securitas
2903 1142 3290 1219 negligentiam
3315 1183 3329 1207 ,
3385 1129 3723 1209 negligentia

2123 1254 2493 1317 contemptum
2519 1241 2679 1315 parit.

2194 1339 2265 1393 Et
2291 1306 2407 1393 non
2437 1306 2782 1389 obedierunt.
2816 1325 2877 1380 Id
2905 1330 3007 1390 est,
3041 1321 3254 1376 Frustra
3282 1332 3418 1389 ergo
3445 1306 3725 1386 promise-

2123 1435 2271 1492 runt,
2321 1424 2564 1480 dicentes
2600 1437 2614 1476 :
2666 1418 3017 1486 Quaecunque
3060 1409 3393 1484 praeceperit
3447 1404 3723 1460 Dominus

2126 1518 2443 1589 faciemus;
2473 1526 2581 1565 non
2611 1504 2755 1563 enim
2801 1504 2857 1559 in
2905 1499 3282 1572 responsione,
3315 1495 3415 1551 sed
3461 1493 3518 1547 in
3547 1490 3728 1563 Opere

2127 1603 2408 1676 praemium
2438 1608 2540 1656 est.

2203 1712 2373 1766 Vens.
2404 1709 2494 1764 21».
2526 1734 2596 1745 -
2625 1705 2763 1759 Ecce
2792 1699 3142 1755 munitiones
3190 1694 3522 1750 exstructa.
3556 1685 3728 1743 Deci—

2128 1816 2251 1855 mus
2279 1812 2454 1852 annus
2483 1791 2725 1849 Sedecias
2756 1796 2890 1855 erat,
2942 1793 2995 1841 et
3024 1783 3215 1840 civitas
3246 1780 3496 1844 obsessa,
3526 1784 3585 1832 ut
3630 1791 3732 1830 su-

429 1889 675 1965 Ρίίνίίθίθ
697 1887 815 1956 jam
860 1888 1014 1953 Ρθδίθ
1044 1886 1096 1933 ει
1127 1875 1270 1965 fame
1319 1874 1643 1965 comm?“
1688 1861 1925 1927 OiVitate’
1974 1846 2101 1912 etB
2129 1846 2461 1961 ﬁla};qu
2484 1846 2681 1948 est,et
2707 1846 2975 1934 Jeremias
3022 1872 3079 1927 in
3107 1870 3243 1927 atrio
3273 1867 3524 1926 carceris.
3574 1863 3732 1921 Unde

430 1957 615 2057 {amen
642 1978 851 2047 perstat
880 1966 1139 2026 Sedecias
1166 1964 1223 2017 in
1252 1957 1537 2016 sententia.

508 2042 690 2135 Quare
719 2058 1075 2118 vaticinaris.
1108 2050 1346 2109 Gravior
1375 2054 1459 2103 est
1487 2053 1666 2101 terror
1697 2048 1823 2096 ante
1851 2038 2030 2093 incre-

433 2156 711 2231 pationem
738 2149 1054 2213 verborum,
1089 2156 1254 2215 quam
1282 2150 1571 2210 poenarum
1609 2129 1879 2187 sustinere
1908 2142 2031 2182 cru-

434 2230 655 2310 eiatum,
689 2247 743 2296 et
773 2237 961 2295 videre
991 2247 1155 2306 quem
1185 2230 1400 2286 timeas.

408 2374 417 2379 η
507 2351 676 2405 Vnus.
699 2348 753 2401 ὃ.
775 2373 846 2384 -
880 2342 1108 2399 l’isitem
1126 2352 1275 2393 eum.
1308 2326 1655 2400 Temperavit
1685 2319 2029 2385 sententiam,

433 2447 494 2496 ut
521 2437 591 2494 ad
619 2437 820 2491 bonam
851 2437 904 2485 et
931 2426 1134 2483 malam
1148 2430 1361 2495 partem
1389 2416 1563 2490 possit
1592 2411 1807 2477 referri,
1840 2407 2031 2465 visita-

430 2495 509 2586 tio
540 2524 687 2582 enim
716 2529 769 2578 et
797 2514 1248 2578 consolationem,
1281 2517 1335 2565 et
1381 2502 1707 2577 supplicium
1739 2495 2031 2571 significat.

503 2629 675 2684 Vens.
707 2626 762 2679 '7.
795 2621 1014 2677 —Ecce
1033 2612 1359 2674 Hanameel,
1393 2594 2037 2678 ﬁlius.HelchiasetSel-

433 2719 680 2784 lum,etc.
690 2726 883 2784 ,usque
894 2708 966 2764 ad
977 2701 1269 2763 voluminis
1279 2698 1440 2766 hujus
1451 2698 1720 2749 monstrat
1730 2685 2034 2744 exordium.

508 2824 642 2880 Eme
692 2819 795 2875 tibi
824 2830 1044 2887 agrum.
1093 2812 1243 2881 Ager
1289 2805 1393 2860 iste
1442 2795 1823 2861 sacerdotalis,
1884 2791 2040 2860 cujus

440 2878 642 2982 emptio
675 2913 838 2978 atque
859 2878 1172 2973 vpossessio
1213 2889 1485 2955 Jeremiae,
1548 2884 1809 2948 defertur,
1871 2888 1956 2936 est
1984 2878 2041 2933 in

451 2968 688 3056 nnathot
800 2968 951 3049 terra
977 2983 1277 3056 Benjamin.
1311 2980 1560 3050 Quorum
1616 2974 1853 3046 primum
1901 2968 2040 3024 obe-

451 3086 732 3150 dientiam,
767 3078 1067 3137 secundum
1095 3073 1268 3128 filium
1295 3070 1501 3126 dextrae
1532 3071 1688 3121 sonat
1712 3081 1726 3128 ;
1759 3068 1813 3117 et
1842 3073 2042 3116 conve-

441 3178 656 3232 nienter
684 3144 890 3243 appetit
935 3167 1054 3236 ejus
1082 3159 1435 3233 emptionem,
1483 3156 1539 3210 in
1583 3167 1691 3226 quo
1736 3144 2048 3207 obedientia

444 3274 497 3320 et
527 3263 701 3320 virtus
721 3255 938 3316 Domini
966 3250 1311 3309 versabatur.

516 3370 689 3427 Vnus.
723 3372 773 3421 8.
807 3395 876 3406 ——
906 3363 971 3417 In
1004 3363 1159 3415 terra
1188 3353 1506 3426 Benjamin.
1543 3346 1674 3421 (11).)
1723 3344 1840 3401 Hoc
1871 3351 1955 3400 est
1985 3344 2054 3399 de

462 3453 813 3519 suburbanis,
849 3458 978 3515 etc.,
1010 3460 1184 3518 usque
1213 3443 1284 3499 ad
1314 3439 1549 3495 Audiant
1579 3434 1672 3507 qui
1718 3432 1861 3489 falsa
1898 3431 2058 3488 adhi-

449 3548 573 3604 bitis
602 3543 833 3604 testibus
860 3535 1157 3595 vendicare
1188 3536 1471 3588 conantur.

516 3654 684 3709 Vnus.
736 3651 823 3703 13.
856 3675 924 3685 -
953 3644 1024 3699 Et
1054 3637 1301 3714 prwcepi
1351 3631 1591 3689 Baruch.
1642 3629 1775 3700 (10.)
1821 3625 2052 3704 Baruch,

451 3744 545 3819 qui
571 3742 961 3810 interpretatur
1016 3727 1359 3791 benedictus,
1394 3730 1535 3787 etc.,
1596 3733 1770 3791 usque
1820 3716 1892 3772 ad
1948 3715 2056 3770 hoc

444 3806 630 3906 legere
661 3806 1003 3898 cupientibus
1034 3815 1288 3873 exhibeat
1321 3817 1571 3883 apertum
1602 3806 1875 3862 volumen.

524 3937 695 3992 Vens.
731 3933 817 3986 14.
850 3959 918 3969 -
948 3927 1012 3981 In
1041 3937 1171 3978 vase
1218 3919 1387 3988 ﬁctili
1414 3923 1543 3982 ,etc.
1574 3913 1658 3967 Ne
1706 3909 1837 3966 foris
1881 3905 2044 3978 positi

453 4029 706 4099 paterent
732 4017 953 4089 rapinae,
989 4019 1117 4076 etc.,
1149 4022 1322 4080 usque
1351 4002 1423 4059 ad
1453 4004 1861 4057 commoventur
1878 4002 2059 4051 tamen

458 4112 561 4171 Dei
588 4120 859 4165 sermone.

535 4201 708 4257 Vsus.
740 4196 826 4251 15.
859 4220 928 4232 -
948 4188 1140 4246 Adhuc
1167 4181 1604 4257 possidebuntur
1623 4175 1820 4231 domus
1840 4177 1898 4230 et
1917 4174 2057 4244 agri.

466 4292 586 4349 Hoc
613 4294 698 4344 est
744 4280 889 4356 quod
933 4274 1199 4333 Jeremias
1229 4284 1395 4342 supra
1442 4265 1577 4323 dixit
1625 4280 1686 4321 se
1730 4260 2064 4319 intellexisse

471 4379 697 4438 verbum
722 4371 843 4438 Dei,
876 4377 929 4424 et
957 4364 1161 4422 idcirco
1190 4360 1390 4417 emisse
1420 4371 1636 4429 agrum.

544 4486 715 4541 Vnus.
751 4484 837 4535 18.
869 4506 938 4517 -
969 4472 1075 4541 Qui
1121 4470 1267 4542 facis
1313 4460 1781 4521 misericordiam.
1833 4455 2068 4514 Grandis

2130 1975 2379 2032 subditur
2410 1990 2424 2027 :
2460 1973 2597 2027 Ecce
2625 1967 2995 2025 munitiones.

2200 2066 2277 2121 Ne
2307 2062 2590 2135 capiatur.
2610 2053 2934 2125 Quasidicat
2966 2050 3116 2106 :Non
3132 2042 3733 2118 habentquosvincant,

2132 2153 2231 2210 sed
2261 2167 2398 2224 quos
2427 2147 2659 2219 capiant,
2686 2145 2798 2213 jam
2830 2140 2971 2196 fame
3001 2146 3055 2194 et
3083 2145 3239 2209 peste
3267 2138 3618 2203 consumptos

2201 2218 2640 2312 lit—quaecunque
2674 2234 2892 2313 locutus
2922 2245 3000 2285 es.
3055 2226 3142 2282 Ex
3170 2222 3433 2281 creaturis
3475 2218 3740 2292 praedicat

2134 2310 2467 2392 Creatorem,
2505 2310 2823 2394 etc.,usque
2852 2318 3070 2374 adHaec
3099 2322 3278 2370 autem
3308 2310 3563 2367 universa
3595 2322 3738 2380 prae-

2133 2418 2315 2484 mittit,
2332 2424 2389 2471 ut
2408 2413 2580 2470 infera
2600 2409 2758 2483 quasi
2788 2407 2845 2462 in
2870 2402 3355 2477 reprehensionem
3384 2397 3583 2455 divinae
3603 2412 3737 2452 sen-

2136 2507 2318 2564 tentias
2343 2507 2440 2560 :Et
2459 2507 2522 2558 tu
2546 2502 2685 2557 dicis
2704 2498 2866 2563 mihi,
2900 2495 3134 2553 Domine
3158 2494 3324 2556 Deus,
3363 2504 3485 2545 eme
3514 2504 3737 2560 agrum.

2209 2597 2379 2650 Vens.
2393 2591 2628 2649 25.—Et
2642 2592 2706 2643 tu
2717 2586 2875 2652 dicis,
2890 2584 3015 2640 Non
3024 2576 3495 2653 reprehendit,sed
3506 2575 3743 2632 interro-

2137 2693 2251 2759 gat,
2267 2691 2373 2739 etc.
2385 2723 2398 2749 ,
2413 2694 2587 2753 usque
2598 2677 2671 2734 ad
2686 2683 2739 2731 et
2750 2689 2944 2747 agrum
2958 2678 3103 2728 emat
3129 2684 3293 2742 quem
3303 2683 3415 2723 non
3439 2663 3741 2738 possideat.

2211 2791 2387 2846 Vens.
2415 2789 2506 2845 27.
2539 2814 2609 2824 -
2638 2784 2776 2839 Ecce
2789 2794 2882 2852 ego
2902 2780 3196 2837 Dominus.
3218 2775 3341 2831 Non
3353 2772 3593 2829 omnium
3605 2785 3744 2843 gen-

2141 2880 2274 2935 tium
2295 2874 2383 2933 vel
2409 2872 2596 2946 populi
2642 2867 2815 2925 Israel
2859 2874 3064 2922 tantum
3107 2872 3237 2930 etc.,
3287 2877 3460 2935 usque
3488 2858 3560 2916 ad
3617 2856 3746 2930 quia

2140 2968 2247 3024 alio
2276 2971 2496 3038 propter
2545 2976 2626 3026 se,
2657 2958 2762 3014 alia
2789 2957 2847 3012 in
2888 2971 3046 3012 usum
3093 2952 3376 3012 hominum
3405 2956 3530 3006 sunt
3579 2946 3742 3003 facta.

2214 3075 2386 3129 Vnus.
2426 3075 2517 3129 28.
2550 3097 2620 3110 ——
2649 3068 2787 3123 Ecce
2827 3080 2920 3137 ego
2969 3061 3195 3118 tradam
3242 3060 3554 3116 civitatem.
3605 3053 3748 3125 Quia

2146 3163 2281 3219 mihi
2310 3168 2395 3217 est
2449 3173 2596 3215 cura
2634 3153 2819 3212 omnia
2872 3166 3084 3226 regere,
3118 3148 3370 3206 universa
3429 3146 3743 3219 disponere,

2152 3250 2383 3326 singulis
2410 3247 2643 3304 reddere
2666 3245 2818 3314 juxta
2847 3241 2963 3297 vias
2991 3256 3137 3305 suas.

2226 3322 2526 3397 Civitatem
2624 3336 2818 3389 istam.
2902 3329 3144 3385 Primum
3228 3325 3422 3384 vallata
3506 3322 3750 3380 exercitu

2153 3429 2550 3493 Chaldmorum,
2599 3422 2826 3479 absente
2858 3417 3383 3481 Nabuchodonosor,
3435 3421 3591 3487 capta
3628 3421 3751 3479 est;

2154 3528 2208 3576 et
2237 3516 2497 3575 Sedecias
2526 3514 2583 3569 in
2609 3509 2874 3568 Rablatha
2902 3507 3023 3582 regi
3053 3506 3280 3563 traditus
3307 3512 3410 3561 est.

2226 3627 2397 3682 Vens.
2429 3626 2520 3682 29.
2553 3650 2623 3662 -—
2650 3619 2720 3675 Et
2750 3619 2980 3675 venient
3013 3614 3280 3673 Chaldaei.
3312 3610 3507 3684 Aquila
3530 3608 3751 3676 melius,

2155 3715 2550 3789 ingredientur
2579 3730 2596 3768 :
2643 3722 2716 3765 uo
2742 3722 2779 3762 n
2808 3706 2955 3763 enim
2998 3704 3257 3761 absentes
3285 3706 3461 3770 erant,
3494 3708 3554 3754 ut
3594 3697 3755 3754 veni-

2157 3788 2276 3861 rent
2307 3803 2398 3876 qui
2428 3800 2747 3858 obsiderent
2792 3796 3106 3861 civitatem;
3141 3792 3366 3849 verbum
3413 3796 3590 3845 autem
3638 3788 3756 3843 He-

2158 3894 2386 3957 braeum,
2419 3894 2476 3946 et
2503 3891 2733 3946 venient
2760 3891 2818 3943 et
2845 3883 3240 3958 ingredientur
3266 3882 3452 3938 sonat.

2231 3996 2301 4050 Et
2329 3993 2516 4051 domos
2546 3994 2609 4048 in
2638 4006 2879 4066 quarum
2904 3986 3241 4071 domatibus.
3276 3980 3525 4053 Qomodo
3544 3978 3758 4052 peritu-

2160 4099 2255 4143 rus
2284 4080 2539 4137 scribitur
2564 4079 2819 4145 mundus,
2846 4078 2998 4147 juxta
3044 4072 3179 4129 illud
3212 4090 3227 4128 :
3280 4072 3491 4129 Cretum
3518 4073 3574 4127 et
3605 4072 3765 4125 terra

2163 4170 2511 4235 transibunt,
2544 4184 2610 4225 eo
2642 4168 2788 4241 quod
2835 4166 2893 4221 in
2921 4163 3164 4236 maligno
3210 4161 3423 4233 positus
3456 4159 3546 4225 sit,
3597 4157 3679 4213 sic
3708 4164 3767 4212 et

2164 4260 2354 4316 domus
2382 4258 2520 4330 ipsa,
2570 4264 2624 4312 et
2652 4257 2793 4323 loca,
2842 4254 2900 4310 in
2949 4252 3145 4326 quibus
3192 4249 3394 4324 ﬂagitia
3442 4246 3584 4304 facta
3612 4252 3761 4311 sunt,

2164 4348 2261 4405 iraa
2290 4346 2393 4403 Dei
2421 4344 2799 4415 subjacebunt.

2237 4455 2406 4509 Vsus.
2439 4456 2527 4508 30.
2559 4482 2628 4492 —
2656 4451 2875 4522 Jugiter
2893 4449 3170 4519 facientes
3198 4445 3435 4501 malum.
3472 4440 3599 4499 Sine
3628 4437 3762 4507 ﬁne,

471 4567 845 4633 misericordia
864 4538 1141 4625 creatoris,
1166 4564 1295 4622 etc.,
1317 4568 1490 4626 usque
1511 4549 1583 4605 ad
1601 4549 1694 4605 diu
1722 4546 1889 4603 dilata
1905 4559 2067 4617 poma
2093 4565 2148 4627 D
2173 4551 2302 4609 etc.,
2333 4558 2507 4616 usque
2533 4538 2607 4597 ad
2632 4538 2689 4594 in
2717 4544 3011 4609 conspectu
3038 4544 3149 4591 tuo.

470 4661 753 4720 reddatur.

549 4746 893 4807 Fortissime,
924 4750 1147 4808 magne,
1180 4741 1285 4788 etc.
1319 4729 1450 4802 (11).)
1479 4728 1610 4783 Haec
1636 4723 1856 4781 nomine
1873 4730 2067 4794 poten-

473 4840 609 4896 tiam
653 4828 921 4891 Creatoris
964 4823 1221 4888 indicant,
1273 4818 1371 4874 sed
1416 4815 1636 4887 proprie
1688 4827 1891 4869 nomen
1945 4808 2068 4877 Dei,

473 4930 638 4985 Pater
665 4928 769 4988 est,
801 4917 946 4975 unde
977 4932 991 4970 :
1025 4915 1216 4979 Pater,
1263 4905 1629 4977 manifestavi
1672 4916 1880 4959 nomen
1908 4903 2074 4957 tuum

483 5012 801 5074 hominibus
831 5007 1015 5079 (Joan.
1046 4998 1252 5069 xxvu).

548 5120 721 5177 Vnus.
737 5112 1128 5182 19.—Magnus
1140 5103 1393 5167 consilio,
1402 5108 1505 5156 etc.
1518 5099 1695 5155 Nemo
1705 5112 1840 5171 ergo
1853 5093 2078 5152 secretis

482 5208 585 5268 Dei
601 5224 660 5263 se
672 5204 887 5269 inierat,
914 5206 968 5255 et
987 5194 1231 5259 deillius,
1259 5189 1458 5261 judicis
1476 5187 1722 5258 judicare
1758 5190 2075 5257 praesumat.

558 5316 625 5374 Ut
635 5310 836 5371 reddas
847 5304 1173 5375 unicuique.
1188 5294 1467 5371 Significat
1480 5294 1624 5366 quod
1636 5292 1901 5348 interdum
1910 5334 1923 5359 ,
1946 5298 2050 5346 etc.
2062 5331 2076 5356 ,

479 5418 655 5478 usque
693 5399 765 5457 ad
796 5395 1013 5453 tandem
1051 5386 1221 5446 Rubri
1240 5386 1404 5441 maris
1442 5382 1692 5439 ﬂuctibus
1720 5381 1946 5437 obrutus
1974 5386 2076 5434 est.

552 5511 727 5568 Vnus.
783 5508 875 5563 20.
935 5530 1005 5541 -—
1037 5498 1140 5566 Qui
1185 5494 1429 5568 posuisti
1484 5491 1666 5562 signa.
1700 5488 1781 5544 De
1836 5483 2083 5560 generali

480 5597 679 5658 transit
732 5594 802 5649 ad
845 5586 1103 5662 speciale,
1163 5591 1217 5639 et
1290 5579 1438 5653 quod
1493 5576 1718 5648 proprie
1772 5572 2084 5646 praestiterit

478 5686 668 5753 Israel,
699 5681 873 5748 brevi,
905 5689 1155 5735 sermone
1185 5668 1467 5743 percurrit.

548 5774 618 5829 Et
655 5744 956 5843 portenta,
990 5768 1095 5817 etc.
1154 5754 1363 5824 Quibus
1396 5749 1593 5808 afﬂicta
1650 5755 1734 5805 est
1787 5762 1960 5820 usque
2016 5744 2085 5802 ad

2251 4650 2422 4704 Vnus.
2456 4651 2544 4703 33.
2593 4677 2664 4686 —
2690 4646 2761 4701 Et
2807 4645 3103 4700 verterunt
3156 4639 3229 4698 ad
3256 4654 3345 4696 me
3376 4641 3551 4710 terga.
3610 4631 3771 4692 Unde

2168 4738 2345 4795 alibi:
2403 4737 2639 4794 Vertunt
2670 4737 2873 4791 contra
2915 4746 3005 4788 me
3050 4729 3346 4803 scapulam
3409 4725 3768 4784 recedentem

2172 4827 2363 4899 (Zach.
2396 4825 2517 4895 v11).
2551 4823 2657 4893 Qui
2685 4821 2831 4878 enim
2858 4827 3137 4892 precatur,
3169 4816 3426 4874 inclinata
3470 4814 3682 4871 cervice
3711 4812 3773 4869 in

2174 4924 2320 4972 terra
2346 4928 2554 4985 pronus
2582 4910 2862 4975 funditur;
2899 4907 2991 4980 qui
3006 4922 3136 4964 vero
3163 4911 3378 4979 tergum
3398 4903 3578 4969 vertit,
3610 4908 3774 4976 gestu

2176 5001 2425 5075 corporis
2452 4999 2672 5067 indicat,
2706 5014 2767 5054 se
2793 4996 3074 5070 negligere
3105 4993 3545 5051 comminantem.

2251 5110 2389 5167 Cum
2442 5107 2696 5165 docerem
2752 5120 2862 5162 eos.
2895 5101 3117 5176 Fugatis
3160 5097 3402 5158 tenebris
3458 5094 3667 5155 erroris
3722 5103 3782 5153 et

2176 5197 2451 5254 idolorum
2500 5192 2731 5260 cultura,
2762 5191 3068 5248 illuminare
3111 5206 3207 5248 eos
3235 5187 3538 5261 cupiebam,
3586 5194 3642 5243 et
3667 5184 3780 5242 do-

2180 5300 2307 5344 cere
2337 5301 2458 5357 quin
2488 5290 2633 5339 recta
2662 5288 2807 5338 sunt.

2253 5392 2423 5447 Vens.
2456 5392 2544 5446 34.
2576 5390 2731 5445 ——Et
2757 5391 3072 5462 posuerunt
3092 5386 3241 5442 idola
3260 5399 3383 5452 sua,
3408 5390 3514 5440 etc.
3544 5342 3670 5438 Non
3689 5396 3784 5437 so-

2180 5480 2292 5537 lum
2320 5487 2450 5535 tunc
2503 5478 2669 5534 ludas
2697 5478 2880 5549 posuit
2936 5474 3138 5532 idolum
3167 5474 3223 5528 in
3250 5471 3452 5545 templo
3498 5470 3619 5538 Dei,
3680 5470 3786 5527 sed

2181 5585 2355 5641 usque
2381 5567 2546 5624 hodie
2589 5567 2646 5622 in
2674 5566 2945 5632 Ecclesia,
2994 5564 3084 5620 vel
3128 5563 3186 5618 in
3229 5563 3399 5621 corde
3443 5558 3789 5618 credentium

2180 5658 2403 5731 ponitur
2431 5656 2657 5724 idolum,
2710 5655 2927 5728 quando
2955 5669 3159 5712 novum
3187 5653 3387 5726 dogma
3435 5648 3789 5710 constituitur

2186 5755 2239 5804 et
2265 5746 2323 5803 in
2350 5744 2669 5803 abscondito
2698 5744 2970 5801 adoretur.
