4000 6182
424 340 485 393 bi
954 336 1358 393 WALAFRIDI
1395 335 1637 392 STRABI
1675 333 1876 391 FULD.
1917 329 2089 387 MON.
2135 330 2285 389 OPP.
2328 334 2505 390 PARS
2545 335 2587 389 Ι.
2622 365 2690 376 -
2728 333 3198 392 THEOLOGICA.
3637 342 3704 395 52

397 460 689 533 mitigaret,
740 470 793 517 et
820 460 1080 518 leviorem
1129 461 1451 517 sententiam
1506 459 1843 531 susciperet;
1895 455 1990 513 sed
2011 454 2068 516 A
2097 457 2312 513 Domini
2339 458 2541 515 ibidem
2569 460 2773 516 habere
2792 475 2901 515 non
2930 460 3226 516 debebant.
3267 461 3493 533 Mystice
3514 470 3696 518 autem

406 566 563 605 mens
593 548 844 605 indurata
873 549 1079 622 corrigi
1107 564 1216 604 non
1243 557 1477 619 poterat.

476 637 648 693 Vsus.
679 641 769 695 22.
802 668 870 679 —
899 639 1056 694 Ecce.
1107 635 1390 709 Significat
1421 635 1567 708 quod
1613 634 1758 691 ﬂuxa
1786 633 1999 708 cOgita-

403 726 498 792 tio,
533 734 664 792 etc.,
696 742 868 801 usque
897 725 970 782 ad
997 733 1052 782 et
1080 725 1316 781 animam
1372 725 1499 798 igne
1527 724 1809 781 comburet
1843 722 2000 778 inex-

406 814 731 888 stinguibili.

946 901 1171 959 CAPUT
1206 901 1467 958 XXXIX.

478 1027 650 1083 Vitas.
683 1028 771 1082 17.
802 1056 871 1067 -
900 1027 970 1082 Et
1002 1024 1240 1084 liberabo
1271 1030 1344 1081 te.
1382 1025 1487 1092 Qui
1524 1030 1760 1097 sperant
1806 1027 1870 1081 in
1898 1026 2002 1081 Do-

406 1117 564 1173 mino
593 1132 707 1173 non
737 1114 1164 1187 confundentur
1197 1114 1351 1186 (Sap.
1384 1112 1533 1183 xxx).
1569 1112 2003 1185 Con/nudentur

406 1218 599 1260 omnes
627 1205 825 1277 iniqua
851 1208 1081 1275 agentes
1109 1201 1286 1273 (Psal.
1335 1201 1523 1272 xxxv.)
1552 1198 1698 1258 Ecce
1726 1202 2004 1273 principes

408 1292 502 1365 qui
529 1291 769 1347 animam
811 1290 1063 1346 Jeremiae
1094 1289 1432 1362 quaerebant,
1468 1288 1832 1360 captivantur.
1881 1290 1999 1345 Eu-

403 1380 615 1437 nuchus
671 1378 764 1451 qui
793 1394 918 1434 eum
946 1377 1279 1435 liberaverat
1307 1376 1550 1449 perfecta
1577 1378 1780 1449 potitus
1826 1386 1909 1433 est
1938 1378 2003 1433 li-

405 1470 637 1525 bertate.
671 1466 762 1524 Sic
791 1482 1008 1540 quoque
1029 1466 1277 1522 liberatis
1297 1465 1501 1522 sanctis
1526 1466 2000 1538 praedicatoribus,

404 1563 789 1630 persecutores
817 1563 1024 1612 aeterna
1052 1554 1258 1611 ultione
1285 1553 1596 1626 punientur.

1028 1678 1252 1736 CAPUT
1277 1676 1394 1735 XL.

2101 561 2211 602 non
2240 555 2466 603 vocatur
2495 564 2693 604 nomen
2712 549 2927 603 Domini
2948 565 3044 605 ore
3064 549 3448 605 hmreticorum
3477 550 3533 605 in
3553 560 3705 608 terra

2101 636 2317 709 ngypti
2349 655 2361 691 :
2396 636 2523 709 quia
2552 653 2653 692 nec
2674 653 2854 693 sermo
2884 654 3073 694 eorum
3105 654 3207 694 nec
3238 639 3437 706 oratio,
3487 639 3618 695 dum
3648 640 3704 695 in

2102 740 2292 780 errore
2321 734 2465 793 sunt,
2489 733 2716 797 accepta
2744 733 2827 781 est
2855 725 2989 782 Deo.
3023 729 3141 782 Non
3174 730 3329 783 enim
3348 733 3433 784 est
3452 729 3704 785 Pulchra

2104 814 2228 871 laus
2257 816 2320 871 in
2337 831 2429 872 ore
2454 817 2768 887 peccatoris
2800 816 2972 886 (Eccl.
3007 816 3127 887 xv).
3146 814 3250 884 Qui
3271 833 3406 890 ergo
3435 816 3491 871 in
3512 832 3705 874 errore

2100 903 2591 974 perseveraverint,
2613 904 2870 975 peribunt
2898 903 3085 977 gladio
3108 904 3337 961 districti
3364 904 3575 974 judicii.
3599 904 3707 976 Qui

2103 999 2304 1059 autem,
2336 990 2528 1048 relicto
2558 1007 2765 1059 errore,
2798 992 2867 1048 de
2888 992 3119 1065 Egypto
3148 992 3205 1047 in
3224 1000 3428 1048 terram
3456 994 3597 1050 Iuda
3619 1011 3707 1050 re-

2104 1080 2303 1136 dierint
2346 1080 2673 1152 pocnitentes
2706 1097 2719 1134 :
2753 1088 2806 1136 et
2854 1081 3115 1153 deinceps
3165 1082 3489 1139 catholicam
3537 1081 3705 1140 ﬁdem

2101 1176 2347 1227 tenentes
2377 1168 2749 1227 salvabuntur.

2693 1311 2918 1367 CAPUT
2956 1311 3120 1367 XLV.

2176 1449 2346 1507 Vitas.
2379 1455 2431 1506 1.
2450 1480 2518 1492 -
2538 1450 2768 1508 Verbum
2784 1450 2926 1523 quod
2947 1450 3167 1506 locutus
3180 1452 3264 1506 est
3284 1449 3578 1515 Jeremias,
3600 1457 3703 1505 etc.

2104 1539 2276 1595 Rudis
2304 1539 2483 1597 adhuc
2511 1539 2569 1594 in
2597 1538 2884 1595 tolerantia
2913 1537 3229 1610 passionum
3252 1553 3391 1610 quas
3415 1545 3707 1609 exspertu-

2104 1645 2201 1685 rus
2247 1637 2366 1687 erat
2411 1630 2644 1696 Baruch,
2704 1627 2921 1699 expavit
2968 1626 3297 1699 captivitatis
3345 1625 3707 1684 calamitatem

2107 1734 2213 1791 que
2241 1724 2488 1789 tempore
2514 1716 2763 1774 Joachim
2792 1715 2889 1771 ﬁlii
2906 1716 3089 1782 Josiae,
3124 1715 3277 1789 regis
3295 1715 3437 1770 Juda
3456 1714 3706 1771 immine-

479 1805 649 1862 Vsas.
683 1809 734 1861 1.
767 1833 836 1846 -
864 1804 1056 1863 Sermo
1083 1804 1180 1877 qui
1223 1805 1413 1875 factus
1441 1807 1547 1870 est,
1580 1809 1684 1860 etc.
1735 1800 2008 1871 Quaeritur
2033 1812 2089 1875 Β
2110 1807 2221 1875 bat,
2255 1807 2399 1864 unde
2429 1806 2784 1879 conqueritur
2813 1804 3060 1860 dolorem
3092 1803 3335 1860 additum
3376 1803 3553 1860 dolori
3585 1819 3705 1869 suo,

408 1893 683 1967 quomodo
711 1894 804 1950 hic
833 1908 1017 1949 sermo
1062 1890 1301 1959 Domini,
1352 1899 1482 1969 etc.,
1513 1906 1687 1965 usque
1740 1890 1815 1947 ad
1854 1891 2011 1961 juxta

406 1998 719 2041 sermonem
747 1981 966 2039 Domini
993 1980 1259 2036 liberatus
1288 1988 1389 2036 est.

478 2071 650 2128 Vitas.
671 2074 728 2130 2.
756 2099 827 2111 --
852 2070 1070 2128 Tollens
1099 2081 1246 2141 ergo.
1287 2068 1578 2141 Descripta
1593 2068 1893 2126 vastatione
1908 2085 2007 2125 ur-

407 2160 512 2229 bis,
545 2167 599 2216 et
616 2159 857 2227 interitu,
881 2166 934 2214 et
955 2157 1267 2229 captivitate
1285 2156 1492 2229 populi,
1517 2166 1569 2214 et
1588 2155 1821 2230 perfidia
1834 2157 2005 2231 regis,

404 2248 653 2323 sequitur
683 2246 815 2321 quid
843 2248 913 2303 de
939 2245 1180 2303 Ieremia
1223 2244 1427 2303 factum
1457 2246 1546 2313 sit,
1579 2254 1633 2303 et
1661 2246 1731 2303 de
1764 2245 2010 2318 reliquiis

404 2336 612 2410 populi,
646 2350 785 2410 quas
811 2335 1082 2408 propheta
1106 2334 1317 2391 monuit
1363 2351 1431 2390 ex
1458 2333 1631 2392 verbo
1669 2333 1886 2391 Domini
1915 2350 2008 2390 se-

407 2425 541 2484 dere
561 2425 618 2481 in
636 2433 787 2482 terra
806 2439 926 2492 sua,
951 2432 1006 2480 et
1026 2422 1235 2490 servire
1264 2423 1386 2497 regi
1415 2422 1728 2495 Babylonis,
1751 2422 1858 2495 ipsi
1876 2437 2010 2479 vero

403 2513 718 2571 maluerunt
743 2513 827 2571 ire
854 2512 912 2568 in
928 2511 1241 2587 Egyptum,
1264 2512 1359 2567 ubi
1387 2528 1484 2569 eos
1501 2520 1696 2584 postea
1713 2512 2009 2569 Nabucho-

405 2602 650 2661 donosor
677 2602 988 2671 trucidavit,
1022 2609 1077 2657 et
1103 2601 1281 2673 ipsam
1309 2600 1602 2675 Egyptum
1628 2601 1882 2658 vastavit.

476 2693 651 2751 Vsus.
682 2696 735 2749 3.
763 2722 837 2735 —
863 2694 935 2748 Et
976 2694 1166 2763 factus
1210 2694 1298 2748 est
1340 2690 1508 2748 vobis.
1556 2690 1640 2746 Ex
1692 2691 1799 2747 hoc
1845 2690 2009 2746 etiam

404 2779 530 2838 loco
557 2779 902 2837 manifestum
931 2786 1014 2835 est
1038 2768 1239 2845 Deum,
1283 2785 1412 2847 etc.,
1444 2794 1619 2853 usque
1647 2779 1720 2836 ad
1746 2778 1849 2835 Dei
1876 2793 2010 2836 vero

408 2870 737 2928 sententiam
759 2870 966 2940 justam
993 2866 1388 2941 praedicabant.

1006 2990 1233 3049 CAPUT
1270 2989 1413 3047 XLI.

480 3109 652 3167 Vnus.
687 3113 739 3166 8.
770 3138 841 3151 -
868 3109 1070 3165 Decem
1115 3107 1227 3164 viri
1254 3107 1466 3179 reperti
1509 3108 1648 3161 sunt
1695 3106 1850 3162 inter
1895 3121 2006 3174 eos,

417 3197 684 3256 habemus
718 3196 1081 3255 thesaurum.
1105 3195 1419 3251 Thesaurus
1440 3193 1585 3250 enim
1612 3194 1669 3248 in
1696 3208 1853 3267 agro,
1886 3200 2017 3263 etc.,
2039 3183 2085 3248 C

408 3303 584 3361 usque
612 3285 685 3343 ad
712 3286 819 3343 Per
848 3283 1162 3343 calcaneum
1190 3284 1354 3351 enim,
1388 3282 1481 3357 qui
1527 3280 1650 3338 ﬁnis
1679 3290 1763 3339 est
1808 3297 2011 3355 corpo-

409 3375 509 3443 ris,
541 3374 807 3431 terminus
836 3370 1177 3447 signiﬁcatur
1205 3372 1451 3429 actionis.
1524 3364 1530 3370 ’

482 3465 655 3521 Vsus.
673 3468 760 3520 16.
783 3493 854 3505 -
870 3464 1021 3520 Tulit
1041 3476 1169 3533 ergo
1182 3462 1456 3518 Johanam
1466 3461 1622 3530 ﬁlius
1637 3461 1824 3517 Careo:
1836 3464 1892 3517 et
1903 3476 2013 3517 om-

415 3569 516 3610 nes
524 3554 811 3627 principes
824 3552 1162 3608 bellatorum
1182 3552 1277 3623 qui
1298 3554 1607 3617 erantcum
1624 3562 1703 3616 eo,
1728 3557 1833 3604 etc.
1858 3549 2013 3605 lianc

417 3642 607 3715 fugam
638 3640 995 3713 reliquiarum
1023 3646 1077 3694 et
1105 3637 1391 3694 transitum
1423 3646 1616 3694 contra
1643 3636 1873 3693 verbum
1895 3639 2013 3693 Do-

411 3731 544 3786 mini
574 3730 629 3785 in
656 3731 947 3804 Egyptum
978 3745 1140 3802 quem
1185 3727 1455 3783 Jeremias
1485 3727 1653 3800 longa
1704 3726 2015 3782 narratione

410 3820 502 3878 hic
528 3820 779 3886 retexuit,
814 3819 978 3892 longe
1008 3826 1134 3873 ante
1156 3817 1326 3873 Isaias
1356 3817 1625 3888 przedixit,
1671 3825 1889 3873 centum
1910 3816 2015 3872 sci-

411 3908 539 3967 licet
569 3908 960 3982 quinquaginta
987 3907 1164 3973 annis,
1195 3907 1289 3977 qui
1318 3906 1537 3961 fuerunt
1562 3905 1703 3960 inter
1745 3905 1943 3961 Isaiam
1964 3912 2017 3960 et

409 3995 700 4054 Ieremiam
731 3997 951 4053 dicens:
984 3998 1067 4053 Vw
1085 3996 1196 4063 ﬁlii
1211 3995 1539 4059 desertores,
1564 3994 1704 4050 dicit
1722 3996 2011 4060 Dominus,

413 4090 481 4143 ut
500 4088 757 4158 faceritis
777 4085 1102 4149 consilium,
1129 4086 1187 4139 et
1204 4098 1319 4137 non
1341 4098 1415 4138 ea:
1436 4099 1523 4139 me
1543 4082 1682 4152 (Isai
1703 4082 1871 4153 xxx),
1905 4090 2010 4139 etc.

888 4206 1139 4263 CAPITA
1174 4205 1343 4272 XLII,
1383 4205 1576 4261 XLIII.

711 4327 949 4400 (Terclus
979 4342 1138 4383 sacer
1166 4327 1289 4382 sine
1321 4324 1722 4398 expositione.)

984 4450 1209 4509 CAPUT
1254 4450 1443 4505 XLIV.

2106 1896 2194 1957 cui
2222 1911 2548 1968 responsum
2577 1904 2661 1950 est
2689 1910 2723 1950 a
2750 1893 2983 1949 Domino
3014 1892 3141 1965 quia
3172 1892 3447 1964 superﬂue
3477 1900 3705 1965 quierat,

2106 1985 2211 2041 sibi
2237 2000 2451 2057 pacem,
2503 2000 2627 2041 cum
2674 1991 2819 2039 totus
2848 1981 3083 2054 populus
3134 1980 3348 2038 laboret
3400 1981 3501 2036 sub
3560 1980 3712 2038 fasce

2107 2073 2536 2131 tribulationum.
2570 2070 2853 2145 Signiﬁcat
2883 2079 3064 2128 autem
3095 2086 3191 2127 eos
3242 2070 3334 2142 qui
3362 2070 3419 2125 in
3447 2085 3713 2141 pressura

2106 2162 2517 2219 tribulationum
2544 2161 2633 2218 vel
2653 2160 3118 2233 persecutionum,
3143 2158 3341 2232 quibus
3370 2158 3425 2213 in
3448 2158 3710 2230 praesenti

2108 2251 2355 2308 Ecclesia
2385 2258 2669 2325 gravatur,
2702 2247 3148 2321 pusillanimitate
3177 2246 3429 2314 titubant,
3453 2262 3710 2319 quaeren-

2106 2348 2190 2397 tes
2205 2339 2654 2408 consolationem,
2679 2354 2800 2412 qua:
2822 2339 2879 2393 in
2910 2335 3091 2393 futuro
3130 2336 3483 2409 promittitur.
3512 2335 3668 2393 Unde
3695 2354 3708 2390 :

2115 2431 2208 2489 Vos
2236 2433 2431 2487 autem
2460 2428 2963 2495 contristabimini,
2996 2426 3093 2483 sed
3123 2426 3366 2483 tristitia
3386 2428 3573 2482 vestra
3595 2439 3715 2481 ver-

2107 2523 2263 2576 tetur
2287 2520 2351 2574 in
2376 2517 2649 2590 gaudium
2678 2518 2866 2588 (Joan.
2898 2515 3047 2588 xvr.)

2676 2658 2901 2716 CAPUT
2936 2657 3128 2714 XLVI.

2181 2785 2351 2840 Vsus.
2385 2788 2437 2840 1.
2470 2814 2540 2826 -
2572 2784 2724 2852 Quod
2753 2787 2975 2857 factum
3003 2787 3089 2840 est
3116 2782 3363 2849 verbum,
3398 2788 3503 2839 etc.
3527 2780 3716 2853 (ΕΑΒ.)

2110 2874 2386 2930 Hactenus
2439 2874 2709 2945 propheta
2761 2872 2971 2930 mixtim
3015 2873 3083 2929 de
3129 2871 3271 2928 Juda
3302 2877 3355 2927 et
3386 2870 3579 2937 Israel,
3643 2870 3714 2927 de

2111 2961 2381 3019 Chaldaeis
2425 2968 2479 3017 et
2523 2960 2769 3035 Egyptis
2827 2977 2930 3033 pro
2979 2959 3355 3017 convenientia
3383 2958 3717 3014 narrationis

2111 3050 2242 3123 egit,
2275 3058 2403 3117 etc.,
2435 3066 2609 3122 usque
2637 3048 2710 3105 ad
2731 3065 2875 3106 anno
2902 3048 3153 3105 Joachim
3180 3046 3275 3102 filii
3302 3046 3465 3103 Josiae
3495 3046 3716 3119 quando

2110 3139 2324 3193 Pharao
2377 3139 2601 3194 Nechao
2657 3154 2755 3193 rex
2801 3136 3017 3209 1Egypti
3062 3136 3118 3189 in
3174 3135 3529 3191 Charchamis
3590 3151 3716 3191 cum

2108 3225 2619 3282 Nabuchodonosor
2646 3224 2928 3298 pugnavit,
2964 3231 3017 3280 et
3046 3230 3335 3294 superatus
3365 3230 3468 3278 est.

2184 3317 2354 3371 Vnus.
2387 3319 2440 3371 9.
2471 3345 2541 3355 —
2586 3315 2884 3370 Ascendite
2939 3329 3125 3387 equos.
3158 3310 3290 3383 (Ιο.)
3350 3311 3607 3368 Ηεετθῑὶοἰ
3663 3302 3721 3368 εἰ

2052 3434 2062 3443 -
2113 3403 2445 3461 schismatici
2473 3419 2540 3458 ex
2585 3402 2818 3459 diversis
2846 3401 3143 3473 provinciis
3189 3400 3315 3468 orti,
3351 3400 3559 3456 frustra
3604 3400 3721 3456 dis-

2112 3500 2320 3564 ponunt
2358 3499 2549 3548 contra
2604 3490 2879 3547 civitatem
2909 3490 3009 3546 Dei
3040 3489 3205 3557 bella,
3240 3498 3370 3555 etc.,
3425 3505 3598 3563 usque
3647 3489 3722 3545 ad

2115 3596 2239 3637 cum
2266 3581 2555 3636 traduntur
2610 3580 2667 3634 in
2693 3596 2888 3635 manus
2946 3580 3062 3649 ejus
3121 3578 3243 3651 quis
3303 3578 3500 3633 solium
3560 3593 3721 3632 suum

2113 3670 2295 3742 posuit
2351 3671 2422 3725 ad
2475 3669 2820 3742 Aquilonem,
2871 3677 2929 3724 ut
2990 3668 3169 3724 mittat
3226 3684 3323 3724 eos
3351 3668 3408 3723 in
3465 3675 3723 3741 stagnum

2115 3760 2257 3834 ignis
2289 3767 2341 3816 et
2370 3758 2665 3831 sulphuris.

2188 3851 2357 3905 Vens.
2392 3853 2478 3904 11.
2527 3848 2774 3905 Asse-nde
2802 3849 2866 3902 in
2928 3847 3161 3903 Galaad.
3197 3845 3409 3920 (HIER.)
3451 3845 3609 3901 Mons
3639 3853 3728 3900 est

2116 3938 2188 3993 ad
2218 3953 2379 4009 quem
2410 3937 2641 4007 septima
2669 3936 2769 3991 Die
2800 3936 2947 3991 venit
2974 3936 3167 4003 Jacob,
3219 3937 3288 3991 de
3320 3936 3586 3991 Charram
3638 3931 3725 3989 fu-

2115 4025 2273 4097 gicns
2305 4043 2317 4079 :
2353 4034 2435 4079 est
2458 4033 2637 4080 autem
2660 4025 2729 4080 ad
2760 4032 2974 4097 tergum
2994 4024 3260 4079 Phamicis
3281 4032 3334 4079 et
3364 4022 3581 4079 Arabiae
3602 4020 3726 4078 col-

2114 4114 2259 4168 libus
2285 4113 2473 4169 Libani
2493 4114 2795 4184 copulatus,
2838 4113 3253 4185 extenditurque
3296 4129 3397 4183 per
3426 4112 3712 4167 desertum

2115 4219 2289 4275 usque
2321 4203 2390 4258 ad
2438 4210 2590 4258 trans
2635 4203 2933 4258 Iordanem
2982 4202 3073 4257 ubi
3104 4201 3369 4257 habitavit
3417 4201 3563 4256 Seon
3626 4214 3727 4255 rex

2115 4293 2580 4347 Amorrhaeorum.
2642 4291 2849 4347 Cecidit
2904 4298 3084 4346 autem
3139 4289 3196 4345 in
3225 4298 3429 4346 sortem
3484 4287 3725 4344 ﬁliorum

2115 4379 2308 4436 Ruben
2336 4388 2390 4436 et
2421 4381 2562 4451 Gad,
2596 4388 2649 4436 et
2677 4380 2916 4436 dimidia:
2949 4380 3121 4435 tribus
3152 4381 3425 4435 Manasse.

2192 4471 2338 4526 Tolle
2358 4471 2632 4525 resinam.
2655 4469 2842 4540 (ΗΑΒ.)
2874 4469 3075 4537 Graeci,
3119 4469 3326 4555 ῥητίνην
3355 4479 3589 4538 vocant;
3624 4463 3728 4550 ῥέω

489 4578 661 4634 Vens.
696 4580 783 4633 15.
814 4607 884 4619 -
911 4574 1337 4649 Responderunt
1367 4576 1562 4629 autem
1588 4573 1863 4639 Jeremiae,
1906 4579 2011 4628 etc.
2042 4544 2096 4605 D
2120 4571 2265 4627 enim
2301 4572 2499 4628 dicitur
2529 4572 2597 4627 de
2628 4588 2693 4627 eo
2725 4572 2871 4644 quod
2900 4579 3102 4639 manat,
3121 4544 3266 4639 etc.,
3299 4590 3474 4647 usque
3504 4576 3575 4633 ad
3596 4544 3729 4650 quia

420 4667 597 4724 Stulta
624 4664 932 4737 responsio.
980 4663 1317 4720 Conﬁtentur
1347 4678 1472 4719 eum
1512 4660 1661 4733 loqui
1698 4660 1755 4715 in
1801 4661 2020 4717 nomine

418 4754 655 4821 Domini,
689 4761 741 4809 et
771 4769 882 4807 non
909 4753 1278 4824 asquiescunt,
1310 4752 1409 4808 sed
1456 4758 1756 4823 sequuntur
1784 4750 2021 4821 pravita-

418 4845 488 4901 tis
518 4860 630 4899 suae
661 4841 967 4899 consilium.
1000 4842 1244 4912 Mystice.
1277 4841 1482 4896 Omnes
1512 4839 1751 4896 hzeretici
1774 4838 1829 4894 in
1857 4840 2022 4911 Egy-

418 4942 515 5006 pto
544 4932 706 5001 hujus
732 4929 938 4986 mundi.
971 4930 1032 4985 Id
1062 4938 1162 4997 est,
1195 4929 1253 4984 in
1297 4930 1538 4986 tenebris
1586 4928 1791 4985 erroris
1821 4928 2023 4984 consti-

423 5021 542 5089 tuti,
576 5018 849 5081 sacriﬁcia
876 5035 987 5075 non
1016 5019 1131 5075 Deo
1178 5034 1332 5083 vero,
1385 5019 1483 5074 sed
1513 5017 1851 5074 daemonibus
1889 5015 2024 5073 offc-

424 5119 571 5179 runt,
604 5125 730 5167 cum
759 5107 1021 5183 ﬁgmenta
1049 5116 1102 5164 et
1130 5122 1304 5180 prava
1333 5107 1591 5180 dogmata
1621 5107 1692 5162 ad
1740 5105 2023 5179 decipien-

425 5201 529 5258 dos
557 5198 809 5255 homines
836 5205 889 5254 et
918 5196 1083 5253 ﬁdem
1113 5196 1539 5252 subvertendam
1576 5194 1840 5272 scribunt.
1892 5194 2025 5251 Ideo

426 5288 648 5346 venient
677 5302 844 5359 super
872 5302 969 5344 eos
995 5284 1155 5353 mala,
1188 5292 1243 5341 et
1271 5291 1431 5341 erunt
1458 5283 1515 5338 in
1560 5282 1956 5341 desolationem
1973 5292 2027 5341 et

429 5378 486 5435 in
517 5386 818 5449 stuporem.
1812 5422 1827 5437 ,

494 5466 669 5524 Vnus.
700 5467 791 5524 26.
822 5494 891 5506 —
917 5465 1057 5522 Vivit
1084 5462 1377 5531 Dominus,
1409 5469 1514 5518 etc.
1538 5460 1873 5520 Contradicit
1890 5477 2026 5535 pro-

426 5558 590 5631 pheta
618 5571 686 5612 ex
730 5567 985 5610 sermone
1013 5551 1231 5610 Domini
1275 5566 1346 5608 ne
1392 5565 1593 5607 nomen
1638 5550 1755 5622 ejus
1802 5558 2028 5609 vocetur

429 5663 528 5704 ore
552 5643 868 5703 Iudaeorum
898 5642 955 5700 in
982 5649 1133 5699 terra
1160 5639 1398 5715 Egypti,
1432 5640 1686 5714 quoniam
1718 5639 1810 5713 qui
1840 5648 2028 5697 contra

431 5734 532 5794 Dei
576 5740 908 5808 praeceptum
954 5730 1084 5792 illuc
1128 5729 1581 5805 pertransierant,
1629 5728 2028 5803 protectionem

2118 4677 2228 4718 non
2249 4660 2517 4732 accipient
2544 4662 2615 4716 ab
2646 4660 2727 4716 eis
2757 4660 3061 4727 sanitatem,
3096 4662 3195 4716 sed
3225 4662 3627 4722 confusionem.

2191 4750 2472 4806 Vnus”.
2507 4780 2576 4790 —
2621 4750 2943 4806 Audierant
2969 4755 3183 4822 gentes.
3237 4751 3369 4825 (Ιο.)
3420 4752 3560 4821 Quia
3612 4754 3728 4810 fru-

2122 4846 2292 4895 strato
2314 4838 2507 4894 solatio
2536 4838 2828 4905 idolorum,
2854 4846 2981 4905 etc.,
3014 4855 3186 4912 usque
3207 4840 3278 4895 ad
3312 4856 3420 4897 non
3441 4842 3729 4899 victoriam

2120 4928 2366 4986 veritatis
2397 4928 2685 4999 accipiunt,
2720 4928 2817 4983 sed
2848 4943 3037 4983 errore
3074 4928 3275 5001 captivi
3302 4930 3509 5002 pariter
3555 4931 3609 4987 in
3641 4931 3731 4988 fo-

2124 5034 2282 5076 veam
2300 5018 2621 5091 perditionis
2651 5018 2868 5074 cadunt.

2196 5108 2366 5166 Vitas.
2394 5109 2478 5163 14.
2511 5137 2579 5146 -
2630 5107 2988 5162 Annuntiate
3019 5108 3271 5180 Egyplo.
3321 5105 3493 5177 Quasi
3539 5108 3726 5166 dicat:

2124 5197 2235 5252 Vos
2269 5195 2361 5269 qui
2393 5194 2623 5251 audistis
2666 5194 2983 5250 vaticinium
3037 5211 3240 5263 meum,
3291 5196 3536 5253 nuntiate
3574 5198 3726 5254 Pha-

2127 5284 2283 5341 raoni
2315 5284 2439 5356 quia
2465 5300 2639 5356 prope
2672 5291 2755 5339 est
2785 5291 3000 5356 tempus
3031 5293 3084 5339 et
3114 5283 3374 5340 tumultus
3404 5284 3555 5343 belli.

2197 5374 2369 5430 VBnS.
2404 5378 2490 5430 18.
2523 5404 2591 5415 -
2624 5372 2902 5441 Quoniam
2928 5376 3078 5430 sicut
3116 5374 3343 5432 Thabor.
3377 5375 3496 5433 Hoc
3542 5384 3627 5433 est
3656 5392 3723 5433 ex

2128 5462 2535 5535 comparatione
2580 5461 2831 5519 locorum
2854 5461 3267 5536 frugiferorum,
3301 5464 3456 5536 quasi
3483 5463 3539 5520 in
3585 5466 3729 5522 mari

2129 5553 2560 5620 submersorum,
2594 5552 2865 5625 grandem
2894 5551 3273 5625 Egyptiorum
3304 5554 3532 5625 potestis
3561 5553 3728 5610 intel-

2127 5641 2300 5717 ligere
2330 5642 2563 5700 ruinam.
2596 5641 2807 5713 (Hum)
2838 5640 3055 5697 Thabor
3075 5641 3339 5698 terminus
3359 5650 3443 5699 est
3460 5642 3726 5708 Zabulon,

2128 5748 2286 5790 mons
2314 5732 2370 5789 in
2398 5731 2579 5790 medio
2607 5730 2867 5808 ‘Galilaeae
2925 5744 3139 5804 campo,
3199 5731 3342 5790 mira
3396 5732 3727 5791 rotunditate
