4028 6178
359 294 425 347 53
1168 286 1441 345 GLOSSA
1480 287 1887 345 ORDINARIA.
1923 318 1991 329 —
2022 285 2417 343 PROPIIETIA
2454 285 2787 343 JEREMIAS.
3579 286 3647 341 54

363 414 608 472 sublimis
635 431 648 469 :
682 414 893 470 distans
913 430 943 469 a
964 413 1325 471 Dioczesarzea
1351 414 1545 471 decem
1572 413 1812 469 millibus
1840 428 1962 470 con—
1990 413 2047 475 Α

361 513 445 561 tra
471 503 795 561 orientalem
822 502 1061 577 plagam.
1095 501 1201 572 Qui
1231 501 1524 559 conﬁnium
1553 517 1770 575 quoque
1815 502 1957 557 inter

302 644 311 653 .
358 593 529 648 tribus
573 593 828 649 Issachar
873 601 927 648 et
976 591 1321 663 Nephthalim
1371 590 1471 646 fuit
1519 590 1822 658 Carmelus,
1874 588 1966 645 ubi

358 680 531 739 Nabal
579 679 865 737 Carmelus
909 679 1009 735 fuit
1040 687 1094 735 et
1122 695 1265 735 nunc
1298 679 1427 735 villa
1454 687 1540 735 est
1567 679 1815 735 Carmela
1856 694 1964 735 no-

362 769 522 836 mine,
574 768 789 826 decimo
836 768 1017 840 lapide
1065 768 1251 840 oppidi
1297 767 1570 836 Chebron,
1612 783 1850 841 vergens
1897 768 1966 824 ad

363 857 677 919 Orientalem
702 857 927 932 plagam
970 856 1064 911 ubi
1109 857 1483 913 Romanorum
1510 856 1827 928 prmsidium
1858 865 1961 913 est.

431 964 620 1036 (ΗΑΒ.)
667 963 896 1036 Mystice
942 970 1143 1030 autem,
1177 962 1308 1035 quia
1353 962 1593 1029 Thabor,
1628 970 1756 1029 etc.,
1791 979 1964 1037 usque

361 1052 435 1108 ad
462 1051 519 1107 in
545 1052 707 1124 hujus
736 1052 921 1109 seculi
958 1067 1112 1108 mare
1159 1051 1419 1118 demersi,
1453 1058 1506 1106 et
1533 1050 1589 1106 in
1617 1051 1965 1109 damnatione

360 1149 645 1214 perpetua.

430 1247 602 1304 Vens.
634 1250 725 1306 20.
758 1278 828 1288 -
866 1247 1069 1305 I’itula.
1107 1245 1250 1316 Quia
1296 1245 1549 1319 Egyptia
1595 1246 1751 1319 plebs
1782 1246 1837 1301 in
1867 1246 1962 1302 de-

358 1335 497 1393 liciis
543 1336 762 1404 nutrita,
814 1334 1092 1403 indomita,
1144 1334 1377 1400 lasciva,
1422 1334 1616 1409 jugum
1662 1334 1963 1407 disciplina:

360 1425 656 1482 recusavit.

430 1513 605 1570 Vens.
637 1517 727 1571 21.
758 1544 828 1555 -
856 1515 1208 1572 Mercenarii.
1252 1514 1439 1587 (ΗΑΒ.)
1482 1511 1761 1585 Principes
1788 1513 1961 1586 Egy-

358 1601 595 1674 ptiorum
627 1618 735 1660 non
763 1611 1036 1675 pastores,
1071 1604 1169 1660 sed
1198 1602 1569 1660 mercenarios
1610 1610 1785 1669 vocat,
1820 1608 1957 1668 etc.,

358 1707 535 1764 usque
564 1692 639 1747 ad
666 1692 1045 1749 Mercenarius
1065 1696 1277 1759 autem,
1302 1696 1359 1748 et
1380 1693 1475 1765 qui
1493 1708 1609 1749 non
1629 1695 1714 1747 est
1739 1695 1955 1764 pastor,

2614 445 2840 501 CAPUT
2876 444 3112 501 XLVIII.

2140 570 2309 626 Vens.
2353 573 2506 625 1.-
2535 569 2617 625 Ad
2664 569 2813 626 Moab
2861 568 2976 625 haec
3024 568 3163 625 dicit
3212 568 3503 635 Dominus,
3554 576 3658 625 etc.

2068 658 2254 730 (ΗΑΒ.)
2287 657 2433 714 Sicut
2461 665 2543 713 est
2580 656 2921 714 circumcisio
2969 656 3207 713 carnalis
3236 665 3289 712 et
3320 656 3615 728 spiritualis
3649 674 3662 711 :

2068 747 2146 803 sic
2187 747 2345 802 Moab
2391 745 2625 803 carnalis
2672 754 2725 801 et
2770 744 3083 817 spiritualis.
3135 745 3293 801 Moab
3341 745 3663 817 interpreta-

2067 843 2175 902 tur,
2207 843 2334 901 etc.,
2367 851 2539 908 usque
2570 835 2642 890 ad
2668 835 2765 889 Est
2796 842 2975 889 autem
3008 834 3166 889 Moab
3212 833 3490 905 provincia
3521 835 3662 888 Ara-

2065 924 2215 990 bum,
2248 923 2403 979 Nabo
2432 923 2619 977 civitas
2647 922 2864 987 nobilis,
2898 922 2954 977 in
2982 938 3087 994 qua
3117 929 3236 978 erat
3275 922 3507 977 Chamos
3537 920 3660 978 ido-

2065 1011 2197 1079 lum,
2230 1011 2377 1083 quod
2406 1018 2458 1066 et
2485 1010 2845 1084 Beelphegor.

2133 1118 2305 1173 Vens.
2340 1120 2390 1173 6.
2423 1147 2491 1157 —
2522 1118 2745 1174 Salvate
2783 1118 3009 1173 animas
3038 1121 3269 1173 vestras.
3323 1116 3430 1187 Qui
3475 1116 3665 1174 volunt

2058 1205 2270 1264 salvere
2298 1204 2535 1262 animam
2583 1220 2735 1260 suam
2784 1203 2995 1279 fugiant
3024 1221 3306 1261 versuram
3357 1206 3659 1263 doctrinam

2057 1293 2510 1367 phiIOSOphorum
2541 1301 2594 1349 et
2622 1293 3021 1359 haereticorum,
3055 1294 3146 1348 ubi
3178 1300 3359 1350 certus
3388 1303 3472 1350 est
3501 1294 3661 1351 inter-

2055 1383 2162 1439 itus
2197 1401 2210 1437 :
2245 1391 2298 1439 et
2324 1398 2426 1455 per
2475 1382 2831 1437 humilitatem
2879 1381 3237 1438 confessionis
3282 1390 3443 1456 agant
3488 1382 3663 1454 poeni-

2056 1470 2282 1527 tentiam
2349 1471 2555 1527 erroris
2613 1470 2669 1526 in
2724 1469 2957 1541 deserto:
3010 1469 3268 1526 districta:
3325 1470 3661 1527 abstinentiae

2052 1567 2419 1632 maneantque
2449 1560 2504 1615 in
2534 1558 2879 1631 simplicitate
2900 1566 2953 1614 et
2973 1557 3197 1616 veritate
3228 1558 3509 1616 catholicae
3538 1559 3661 1616 doc-

2070 1648 2246 1704 trime.

360 1752 492 1835 cum
521 1780 673 1836 videt
705 1781 904 1855 lupum
935 1752 1275 1848 venientem,
1299 1752 1543 1837 dimittit
1571 1795 1713 1846 oves,
1738 1752 1794 1835 et
1812 1752 2035 1852 fugitB
2133 1756 2302 1855 VR“;
2422 1785 2490 1795 “’
2520 1756 3041 1855 υίξίθβονῗτηχθίολ
3081 1752 3188 1823 ρυί
3225 1753 3537 1855 ίηγιῖηξίρηε
3566 1754 3667 1853 mf"

362 1867 551 1938 (Joan.
583 1868 668 1940 ι).

432 1976 605 2031 Vens.
630 1977 720 2033 26.
744 2005 813 2016 -
832 1977 903 2032 Et
932 1980 1058 2049 post
1087 1976 1222 2043 haec,
1256 1983 1361 2032 etc.
1396 1974 1527 2047 (10.)
1546 1974 1691 2031 Licet
1712 1974 1961 2031 videatur

358 2064 608 2121 intimare
636 2080 870 2139 regnum
899 2065 1271 2139 Egyptiorum
1318 2080 1430 2120 non
1473 2063 1902 2137 irreparabiliter
1931 2078 1961 2118 a

356 2154 865 2213 Nabuchodonosor
912 2170 1036 2211 esse
1082 2155 1441 2221 destructum,
1474 2160 1603 2221 etc.,
1635 2169 1808 2226 usque
1838 2152 1911 2208 ad
1941 2172 1960 2209 :

357 2244 648 2300 Percutiet
674 2244 948 2300 Dominus
977 2245 1277 2317 .lEgyptum
1303 2244 1473 2317 plaga
1494 2246 1551 2299 et
1579 2243 1805 2298 sanabit
1835 2257 1961 2298 eam

360 2332 491 2402 (Isa.
522 2331 673 2403 xxx),
707 2338 812 2387 etc.

430 2438 606 2493 Vens.
637 2439 822 2494 27.-
852 2439 922 2493 Et
952 2441 1018 2494 tu
1062 2439 1183 2496 noli
1234 2441 1452 2505 timere,
1503 2445 1608 2494 etc.
1660 2437 1787 2493 Haec
1833 2450 1962 2508 pro-

356 2526 547 2583 missio
593 2541 704 2582 non
752 2526 894 2582 bene
940 2528 1192 2583 convenit
1237 2527 1484 2583 Iudaeis:
1531 2526 1623 2599 qui
1669 2534 1780 2582 toto
1827 2525 1962 2581 orbe

362 2615 622 2687 dispersi,
672 2622 801 2682 etc.,
852 2632 1026 2688 usque
1067 2616 1140 2671 ad
1169 2635 1187 2672 :
1221 2616 1362 2683 Quia
1408 2632 1483 2671 ex
1524 2620 1691 2689 parte
1736 2617 1962 2671 caecitas

357 2706 598 2776 contigit
627 2705 691 2759 in
720 2705 917 2770 Israel,
951 2708 1008 2759 et
1036 2721 1165 2760 cum
1208 2704 1504 2777 plenitudo
1549 2706 1807 2777 gentium
1836 2705 1963 2760 sub-

357 2794 687 2861 intraverit,
725 2797 864 2850 tunc
894 2794 1077 2850 omnis
1098 2794 1275 2850 Israel
1295 2794 1485 2849 salvus
1513 2793 1611 2863 ﬁet
1642 2793 1820 2865 (Rom.
1852 2794 1959 2865 xx).

925 2987 1152 3046 CAPUT
1181 2987 1396 3044 XLVII.

423 3147 598 3202 Vens.
625 3149 676 3202 1.
694 3178 764 3188 -
784 3147 935 3216 Quod
953 3150 1175 3219 factum
1192 3152 1277 3204 est
1299 3147 1544 3212 verbum,
1570 3153 1671 3202 etc.
1693 3143 1959 3202 Jeremias
1981 3136 2030 3199 C

357 3235 496 3293 sicut
555 3236 721 3290 Isaias
768 3244 821 3291 et
868 3236 1120 3291 Ezechiel
1165 3227 1356 3291 vicinis
1410 3234 1715 3290 nationibus
1770 3234 1960 3307 plagas

365 3332 624 3380 venturas
652 3324 920 3395 pradicit,
954 3324 1080 3397 quia
1108 3323 1369 3396 populum
1398 3323 1498 3378 Dei
1535 3322 1877 3388 infestabant,
1908 3331 1962 3377 et

367 3412 422 3467 in
450 3413 598 3467 illius
627 3413 958 3468 adversitate
979 3414 1285 3486 gaudebant
1305 3412 1606 3468 Palaestinis
1634 3427 1789 3484 ergo,
1824 3411 1961 3466 sicut

367 3511 491 3557 ante
521 3502 808 3575 Egyptiis,
831 3502 1153 3573 przenuntiat
1171 3502 1530 3573 captivitatem
1551 3508 1851 3556 venturam.

426 3608 599 3664 Vnus.
637 3608 688 3663 4.
722 3639 791 3648 -
819 3610 893 3664 Et
939 3608 1327 3682 dissipabitur.
1379 3607 1630 3663 Ostendit
1677 3608 1879 3678 Tyrum
1910 3613 1963 3662 et

362 3697 622 3753 Sidonem
653 3698 723 3751 ad
756 3696 1070 3752 Palmstinos
1114 3697 1363 3763 attinere,
1395 3696 1523 3752 licet
1558 3697 1731 3767 Tyrus
1760 3695 1816 3749 in
1845 3710 1963 3749 sor-

354 3794 463 3841 tem
493 3785 843 3857 Nephthalim
874 3785 1154 3853 ceciderit,
1187 3794 1240 3841 et
1271 3786 1440 3841 Sidon
1468 3784 1730 3840 terminus
1759 3783 1961 3839 Chana-

362 3890 608 3930 neorum
656 3875 714 3930 in
759 3883 966 3930 sortem
1013 3877 1194 3929 Aser:
1237 3875 1337 3929 sed
1379 3890 1492 3929 non
1540 3890 1658 3929 eam
1703 3873 1948 3945 possedit

351 3964 473 4037 quia
503 3965 693 4019 hostes
753 3963 1027 4035 expellere
1058 3979 1166 4019 non
1198 3962 1379 4019 valuit.
1432 3964 1713 4035 Reliquias
1759 3963 1965 4017 insulae

356 4053 741 4125 Cappadociw.
776 4053 836 4106 In
864 4069 969 4124 qua
1002 4052 1315 4107 habitabant
1343 4052 1693 4122 Cappadoces
1721 4049 1966 4121 pristinis

354 4140 653 4196 cultoribus
680 4140 1010 4196 interfectis.
1053 4142 1181 4196 Πείιο
1210 4148 1293 4194 est
1321 4139 1583 4194 terminus
1629 4139 1965 4192 Chananzro-

359 4244 473 4283 rum
518 4230 671 4298 juxta
723 4230 1035 4302 Egyptum,
1087 4228 1387 4300 ceciditque
1435 4228 1491 4281 in
1521 4234 1719 4281 sortem
1765 4226 1965 4280 Judaei

369 4318 465 4372 sed
496 4334 615 4373 eam
645 4333 755 4372 non
787 4318 1034 4383 obtinuit,
1059 4311 1184 4390 quia
1214 4316 1495 4384 Enachim,
1519 4315 1576 4370 id
1598 4323 1699 4381 est,
1724 4313 1976 4388 gigantes

358 4406 759 4479 allophylorum
816 4406 1111 4462 fortissime
1149 4406 1465 4462 restiterunt
1518 4423 1531 4459 :
1582 4414 1635 4460 et
1674 4412 1758 4459 est
1796 4421 1970 4475 usque

2061 1859 2219 1900 mana
2248 1851 2300 1899 et
2338 1843 2396 1899 in
2442 1843 2686 1899 saeculari
2737 1842 2964 1900 scientia
3009 1842 3207 1899 ﬂorere
3255 1843 3560 1912 videbatur,
3609 1843 3669 1899 in

2063 1933 2340 1989 desertum
2389 1939 2441 1988 et
2485 1931 2543 1986 in
2589 1930 2938 2005 solitudinem
2986 1931 3282 2003 redigetur.
3343 1930 3481 2000 Quia
3530 1947 3664 1989 vero

2060 2021 2312 2093 displicet
2341 2021 2457 2078 Deo
2486 2020 2662 2078 omnis
2690 2020 3014 2093 hypocrisis,
3045 2028 3103 2077 ut
3133 2036 3367 2095 sequens
3398 2021 3665 2078 sententia

2061 2110 2298 2166 ostendit
2331 2128 2345 2165 :

2132 2200 2304 2255 Vens.
2338 2201 2405 2254 10
2433 2229 2503 2239 ——
2532 2199 2862 2256 Malcdictus
2908 2201 3007 2272 qui
3052 2200 3216 2271 facit,
3266 2206 3370 2256 etc.
3420 2198 3662 2255 Necesse

2060 2294 2145 2344 est
2174 2288 2317 2344 enim
2347 2295 2405 2342 ut
2432 2302 2542 2342 non
2570 2287 2742 2343 solum
2786 2287 3096 2344 intueamur
3123 2288 3270 2360 quod
3299 2286 3532 2361 agimus,
3566 2287 3666 2348 sed

2062 2376 2226 2432 etiam
2256 2392 2365 2448 qua
2394 2376 2722 2432 discretione
2750 2376 2983 2449 agimus.

2132 2465 2483 2520 Maledictus.
2517 2463 2704 2535 (ΚΑΒ.)
2735 2464 2957 2518 Desidia
2984 2480 3086 2535 per
3114 2471 3393 2536 torporem
3421 2464 3663 2522 nascitur

2062 2552 2212 2609 fraus
2245 2569 2344 2624 per
2375 2552 2642 2623 privatam
2670 2551 3036 2619 dilectionem,
3062 2560 3189 2619 etc.,
3213 2569 3386 2625 usque
3413 2553 3487 2609 ad
3516 2568 3662 2625 saepe

2063 2642 2273 2698 desidia
2303 2641 2699 2697 interveniente
2728 2639 3003 2709 deficiunt,
3036 2648 3090 2696 et
3117 2639 3445 2714 frigescente
3476 2656 3664 2700 amore

2062 2730 2342 2787 tabefiunt.

2133 2822 2203 2876 Et
2247 2819 2606 2875 maledictus.
2656 2819 2841 2873 Potest
2886 2818 3001 2873 haec
3047 2816 3354 2873 maledictio
3409 2818 3661 2875 omnibus

2060 2907 2353 2964 convenire
2392 2907 2485 2979 qui
2524 2906 2726 2962 ﬂuxum
2765 2906 2948 2961 saeculi
2978 2914 3298 2979 sequuntur,
3340 2914 3393 2962 et
3435 2922 3665 2979 corpora

2063 3013 2161 3051 sua
2192 2997 2463 3070 castigare
2493 3004 2547 3051 et
2577 2995 2822 3050 servituti
2852 2996 3120 3064 subjicere
3141 2995 3443 3069 negligunt,
3478 3013 3665 3052 secun-

2061 3085 2189 3140 dum
2218 3084 2353 3140 illud
2384 3103 2398 3139 :
2435 3085 2761 3153 Quiautem
2790 3088 2927 3139 sunt
2962 3085 3171 3140 Christi
3219 3101 3452 3140 carnem
3497 3101 3664 3141 suam

2059 3175 2476 3244 cruci/imorum
2507 3174 2716 3245 (Galat.
2750 3174 2852 3244 v.),
2885 3180 2987 3228 etc.
3037 3174 3178 3240 Quia
3207 3175 3332 3228 sine
3360 3176 3661 3246 sanguinis

2060 3263 2332 3333 effusione
2353 3280 2466 3319 non
2495 3262 2562 3331 ﬁt
2592 3264 2848 3317 remissio
2863 3265 3246 3335 peccatorum.
3273 3262 3411 3318 Caro
3431 3264 3585 3319 enim
3604 3266 3662 3319 et

2059 3352 2293 3423 sanguis
2322 3367 2562 3422 regnum
2590 3352 2690 3406 Dei
2720 3367 2835 3406 non
2879 3350 3242 3423 possidebunt
3275 3350 3352 3419 (II
3381 3351 3500 3407 Cor.
3534 3350 3658 3423 xv).

2058 3439 2379 3494 Malcdictus
2407 3455 2541 3509 ergo
2564 3439 2654 3511 qui
2675 3438 2927 3509 prohibet
2948 3438 3209 3511 gladium,
3235 3438 3290 3492 id
3311 3446 3411 3507 est,
3428 3439 3663 3499 ,verbum

2059 3528 2160 3582 Dei
2189 3544 2219 3581 a
2252 3527 2515 3601 sanguine
2550 3544 2563 3580 :
2597 3543 2703 3599 quo
2734 3527 2941 3583 scilicet
2969 3526 3234 3581 animatur
3281 3527 3506 3584 materia
3535 3543 3664 3599 pec-

2061 3624 2338 3682 catorum;
2373 3615 2705 3670 fundendum
2738 3624 2820 3670 est
2849 3615 3116 3687 quidquid
3145 3615 3200 3669 in
3228 3617 3490 3671 membris
3538 3632 3669 3672 nos-

2062 3704 2161 3759 tris
2190 3704 2409 3760 carnale
2439 3712 2491 3759 et
2522 3712 2797 3758 terrenum
2829 3704 3051 3760 inolevit
3081 3713 3133 3759 et
3164 3706 3523 3761 rcsecandum
3554 3706 3666 3779 gla-

2070 3793 2221 3848 dium
2251 3791 2400 3847 verbi
2432 3792 2551 3846 Dei.

2134 3897 2366 3969 (ὕπο.)
2388 3896 2642 3952 Gladium
2665 3896 2982 3968 asanguine
3008 3896 3322 3967 prohibere,
3356 3907 3439 3953 est
3468 3899 3663 3970 praedi-

2063 3986 2290 4042 cationis
2312 3986 2538 4040 verbum
2560 4002 2591 4040 ει
2610 3985 2842 4040 carnalis
2863 3986 2985 4041 vita}
3006 3984 3379 4042 interiectione
3400 3987 3657 4056 retinere,

2064 4077 2132 4130 de
2145 4092 2250 4148 quo
2263 4074 2484 4130 dicitur:
2504 4075 2734 4130 Gladius
2752 4091 2908 4130 meus
2926 4075 3212 4131 devorabit
3226 4093 3427 4132 carnes
3440 4078 3572 4148 (lsa.
3594 4093 3631 4132 ιτ

2064 4164 2200 4219 Hinc
2229 4164 2425 4218 Paulus
2445 4163 2535 4228 ait,
2564 4164 2855 4220 Contcstor
2884 4164 3042 4219 hodie
3072 4166 3203 4237 quia
3218 4166 3461 4221 mundus
3482 4183 3609 4222 sum
3630 4184 3666 4223 a

2065 4254 2344 4323 sanguine
2365 4254 2640 4307 omnium.
2675 4253 2793 4307 Non
2823 4254 2977 4307 enim
2998 4253 3334 4325 subterfugi,
3361 4257 3661 4327 quominus

2067 4343 2478 4397 annuntiarem
2508 4356 2672 4395 omne
2702 4342 3006 4396 consilium
3035 4343 3135 4396 Dei
3168 4343 3310 4415 vobis
3342 4343 3486 4412 (Act.
3521 4343 3604 4413 χ).

2138 4431 2308 4485 Vens.
2345 4433 2429 4484 11.
2464 4460 2533 4468 -
2564 4430 2811 4485 Fertilis.
2847 4428 3163 4484 Ostenditur
3192 4430 3348 4484 Moab
3390 4446 3455 4485 ex
3486 4431 3667 4487 abun-

358 4494 522 4590 ιιράίο
551 4495 785 4590 ίηδίὲιξίδ
815 4495 1015 4590 (imm?
1034 4496 1348 4590 ΡοῘΨείίηῗετ
1374 4493 1619 4590 quam“?
1650 4494 1717 4548 de
1748 4510 1808 4548 ea
1840 4509 1966 4590 prof
1985 4501 2038 4562 D
2067 4518 2246 4572 dantia
2294 4517 2350 4571 in
2396 4518 2580 4573 odium
2610 4526 2662 4572 et
2694 4517 2979 4573 elationem
3028 4517 3263 4583 venisse,
3311 4525 3364 4572 et
3405 4519 3668 4590 populum

360 4583 636 4653 phetatum
688 4583 757 4637 sit
807 4584 953 4640 Gaza
982 4588 1186 4655 futura
1216 4589 1298 4639 est
1331 4587 1391 4638 in
1425 4583 1713 4639 tumulum
1765 4584 1976 4655 sempi-

367 4676 596 4728 ternum
630 4691 648 4726 :
681 4672 780 4724 sed
812 4671 903 4725 ubi
933 4672 1101 4742 prius,
1118 4670 1215 4726 fuit
1248 4672 1333 4726 vix
1379 4671 1489 4725 ulla
1537 4678 1822 4725 remanent
1852 4686 1975 4725 ves-

361 4759 513 4831 tigia,
550 4760 605 4814 in
644 4759 752 4814 alio
782 4759 924 4815 enim
955 4760 1074 4815 loco
1104 4758 1361 4815 aedificata
1388 4767 1488 4814 est.

424 4867 596 4922 Vens.
629 4869 682 4923 5.
714 4898 784 4907 —
823 4868 998 4932 Venit,
1034 4874 1139 4921 etc.
1172 4866 1359 4935 (ΗΑΒ.)
1391 4865 1671 4921 Haereticis
1701 4873 1755 4920 et
1785 4865 1964 4921 schis-

353 4955 564 5011 maticis
601 4964 652 5012 et
683 4956 937 5012 omnibus
967 4954 1227 5011 Ecclesia:
1276 4954 1521 5009 hostibus
1567 4953 1787 5027 plagam
1834 4969 1967 5010 ven-

353 5049 532 5098 turam
562 5043 850 5117 significat,
904 5052 1033 5111 etc.,
1062 5060 1235 5117 usque
1265 5042 1338 5099 ad
1368 5044 1470 5098 Per
1497 5042 1779 5098 libidinem
1818 5042 1962 5099 enim

359 5132 659 5189 carnalium
688 5140 898 5189 mentes
928 5131 1105 5190 exurit
1137 5150 1149 5187 :
1185 5131 1283 5188 sed
1312 5130 1607 5187 novissimo
1649 5129 1961 5204 praecipita-

358 5220 516 5275 bitur.

428 5326 597 5382 Vnus.
629 5328 683 5382 7.
714 5357 784 5367 -
816 5327 1093 5395 Quomodo
1123 5329 1386 5400 quiescet,
1424 5336 1530 5385 etc.
1566 5326 1736 5397 Quasi
1764 5326 1911 5385 dicat
1942 5345 1955 5381 :

352 5415 477 5470 Non
517 5423 700 5487 potest
742 5415 958 5489 gladius
987 5416 1289 5488 quiescere,
1320 5417 1424 5472 nisi
1470 5417 1703 5474 Domino
1734 5417 1961 5487 jubente

353 5504 508 5573 cujus
536 5504 827 5561 vindictam
859 5513 1097 5571 exercet,
1130 5505 1217 5560 vel
1251 5523 1262 5559 :
1298 5504 1465 5574 Quasi
1495 5522 1561 5561 ex
1588 5522 1825 5579 persona
1868 5505 1955 5561 af-

356 5591 622 5649 flictorum
649 5593 720 5649 ad
748 5592 991 5667 gladium
1038 5592 1253 5649 Domini
1298 5594 1509 5651 locutus
1540 5604 1674 5664 erat,
1721 5596 1820 5652 sed
1866 5595 1956 5651 hic

357 5682 653 5755 respondet
681 5681 736 5739 in
764 5697 998 5756 persona
1028 5695 1143 5738 sua.

2068 4605 2452 4670 Deiatilictum
2499 4606 2837 4677 despexisse,
2888 4605 3017 4677 quia
3063 4605 3196 4660 nihil
3242 4605 3544 4664 aﬁlictionis
3574 4609 3664 4665 vel

2065 4696 2389 4768 captivitatis
2418 4696 2734 4766 patiebatur.

2136 4800 2304 4853 Vens.
2342 4801 2425 4854 12.
2460 4827 2528 4836 -
2562 4797 2781 4852 Mittam
2812 4798 2881 4863 ei,
2917 4805 3021 4853 etc.
3055 4797 3242 4868 (ΗΑΒ.)
3265 4796 3584 4872 Quicunque
3605 4799 3660 4854 in

2063 4888 2294 4942 humana
2319 4885 2661 4957 philosophia
2691 4884 2966 4941 confidunt
3009 4886 3374 4957 despicientes
3402 4889 3662 4944 Ecclesiae

2063 4975 2223 5032 ﬁdem
2254 4983 2305 5031 et
2335 4974 2637 5029 doctrinam
2687 4975 3008 5046 simplicem,
3051 4983 3179 5042 etc.,
3230 4992 3403 5049 usque
3432 4978 3504 5034 ad
3534 4986 3661 5033 tunc

2060 5065 2209 5120 ibunt
2235 5080 2354 5119 eum
2388 5063 2603 5119 diabolo
2632 5071 2685 5119 et
2714 5063 2925 5136 angelis
2948 5064 3061 5132 ejus
3081 5064 3135 5119 in
3157 5064 3341 5138 ignem
3370 5074 3651 5124 aeternum.

2060 5153 2193 5207 Justi
2221 5161 2399 5208 autem
2431 5152 2486 5207 in
2515 5152 2678 5208 vitam
2708 5161 2985 5209 aeternam.

2130 5242 2297 5297 Vens.
2325 5244 2487 5297 t7.—
2512 5242 2912 5299 Consola-mini.
2936 5242 3149 5299 lronice
3180 5243 3265 5300 vel
3297 5244 3365 5299 ad
3394 5247 3655 5317 poeniten-

2058 5329 2185 5385 tiam
2212 5338 2489 5403 provocat,
2522 5339 2579 5385 ut
2605 5347 2705 5402 per
2735 5329 3154 5388 satisfactionem
3184 5349 3485 5407 congruam
3515 5351 3650 5392 eva-

2057 5420 2189 5475 dant
2230 5419 2528 5475 miseriam.
2575 5420 2817 5491 Mystice.
2863 5420 3143 5493 Sapientes
3191 5424 3349 5493 hujus
3386 5424 3572 5479 mundi
3602 5432 3658 5479 et

2058 5508 2315 5574 hmretici,
2348 5525 2486 5581 quos
2516 5509 2671 5564 Moab
2701 5508 2986 5583 signiﬁcat,
3020 5511 3065 5566 si
3095 5511 3368 5567 stultitiam
3398 5528 3506 5567 non
3534 5527 3652 5567 cor-

2055 5597 2294 5654 rexerint
2321 5599 2394 5653 ad
2422 5598 2585 5655 ﬁdem
2631 5598 2944 5655 catholicam
2992 5600 3262 5667 conversi,
3314 5599 3494 5655 veniet
3539 5599 3647 5654 illis

2055 5688 2207 5743 ruina
2239 5695 2292 5744 et
2321 5687 2547 5744 vastatio
2574 5688 2826 5745 omnibus
2856 5689 3082 5746 urbibus
3111 5704 3321 5756 eorum,
3355 5687 3409 5743 id
3440 5696 3542 5756 est,
3574 5688 3652 5744 di-
