4028 6178
348 262 419 317 55
843 264 1225 323 WALIFRIDI
1262 265 1506 321 STRABI
1543 266 1742 324 FULD.
1784 263 1958 322 MON.
2001 263 2153 321 OPP.
2196 266 2371 322 PARS
2408 268 2449 322 Ι.
2489 297 2558 309 -—
2593 266 3064 323 THEOLOGICA.
3572 269 3642 323 56

347 387 525 446 versis
554 387 736 445 sectis.
788 387 922 456 Quae
967 389 1110 444 enim
1154 389 1315 462 longe
1345 391 1428 444 vel
1460 406 1630 460 prepe
1659 406 1689 443 a
1719 389 1943 445 veritate
1972 390 2028 453 Α
2048 390 2217 458 bium,
2252 406 2353 447 nec
2384 391 2553 447 virtus
2600 392 2868 447 idolorum
2912 391 3080 447 valuit
3107 400 3159 447 te
3188 390 3484 447 defendere
3520 409 3533 445 :
3565 391 3645 449 sic

346 478 567 545 distant,
600 477 814 533 lucente
843 478 1145 551 Evangelia
1175 479 1573 533 subvertentur.

417 586 589 641 Vens.
620 587 710 642 25.
745 615 813 625 -—
840 585 1177 641 Abscissum.
1203 584 1413 656 (litem)
1445 585 1595 640 Sicut
1624 591 1814 639 contra
1842 584 1940 638 Ba-

346 671 602 745 bylonem
633 682 685 730 et
714 672 1037 729 Philisthiim
1082 672 1406 729 vaticinatus
1454 681 1556 739 est,
1607 679 1734 739 etc.,
1767 689 1940 746 usque

345 761 419 817 ad
456 760 717 833 quidquid
746 761 816 815 ad
845 768 1116 817 terrenam
1163 761 1445 817 scientiam
1490 760 1725 831 pertinet
1752 766 1805 816 et
1832 777 1938 832 pu-

345 856 487 906 tatur
515 849 819 917 robustum,
854 849 1206 917 subvertitur,
1238 858 1295 905 ut
1323 849 1457 904 nihil
1483 850 1747 921 probetur
1794 849 1941 922 quod

343 936 699 995 fortissimum
727 938 1037 1010 putabatur.

412 1045 585 1101 Vens.
617 1048 707 1101 29.
739 1075 808 1085 —
838 1045 1187 1101 Audivimus.
1222 1044 1359 1113 Quia
1389 1044 1444 1098 in
1472 1044 1643 1115 priori
1673 1051 1940 1100 commate

342 1139 591 1189 errantes
618 1133 686 1187 ad
716 1133 1083 1206 paenitentiam
1114 1133 1463 1203 provocabat,
1487 1140 1539 1189 et
1567 1133 1637 1188 ad
1667 1132 1939 1187 Christum

342 1222 587 1278 converti
632 1222 910 1288 monebat;
957 1230 1015 1276 ut
1046 1221 1099 1275 in
1129 1222 1245 1289 ejus
1292 1220 1398 1277 ﬁde
1442 1230 1705 1293 perpetuo
1750 1237 1938 1276 mane-

339 1318 492 1377 rent;
542 1325 698 1366 .nunc
752 1309 1155 1382 incorrigibiles
1210 1309 1476 1380 plurimos
1533 1319 1585 1365 et
1643 1309 1942 1365 obstinatos

341 1413 669 1471 agnoscens,
704 1414 769 1453 ex
797 1413 1032 1469 persona
1080 1414 1290 1464 eorum,
1323 1398 1414 1470 qui
1445 1399 1513 1453 de
1542 1398 1699 1452 Moab
1748 1398 1939 1453 salvati

341 1495 486 1553 sunt,
520 1495 572 1543 et
601 1485 971 1557 experimento
1002 1502 1101 1541 suo
1132 1487 1248 1555 ejus
1280 1487 1588 1557 superbiam
1611 1487 1939 1555 didicerunt,

338 1575 413 1631 ait
444 1592 458 1631 :
492 1574 821 1631 Audivimus
852 1577 1172 1647 superbiam
1214 1576 1381 1640 Moab,
1417 1583 1520 1631 etc.
1555 1577 1623 1630 Et
1651 1576 1810 1631 Moab
1843 1592 1940 1631 su-

339 1662 544 1738 perbise
573 1663 771 1737 arguit,
808 1663 932 1736 quia
976 1663 1101 1735 plus
1148 1662 1373 1719 effertur
1419 1679 1580 1737 quam
1626 1663 1819 1736 possit,
1854 1664 1942 1721 vel

336 1760 527 1827 poscat
556 1752 673 1821 ejus
701 1751 979 1809 fortitudo.

406 1860 577 1916 Vens.
613 1863 700 1917 31.
733 1890 802 1900 —
830 1859 953 1917 Ideo
988 1875 1160 1933 super
1190 1860 1340 1915 Moab
1378 1860 1615 1932 ejulabo.
1650 1858 1945 1915 Potentiam

345 1947 584 2022 pristinae
613 1947 883 2004 felicitatis
918 1956 971 2004 et
1001 1949 1217 2022 plagam
1249 1948 1545 2020 repentinae
1584 1948 1956 2005 subversionis

350 2037 607 2094 ostendit.
641 2039 793 2094 Moab
822 2040 1149 2094 universam
1172 2039 1442 2095 clamabo.
1476 2036 1610 2105 Quae
1637 2037 1950 2109 interprete.

344 2134 435 2184 tur
461 2126 747 2199 fortudido
778 2143 989 2194 eorum,
1027 2135 1080 2182 et
1110 2125 1384 2198 signiﬁcat
1416 2125 1707 2181 fortissima
1736 2126 1949 2182 haereti-

339 2229 529 2273 corum
562 2216 815 2290 dogmata
856 2215 1139 2272 dialectice
1187 2223 1516 2283 constructa,
1551 2215 1606 2270 in
1635 2215 1832 2288 quibus
1860 2215 1945 2272 vi-

334 2304 564 2363 debatur
592 2321 715 2361 esse
745 2304 1004 2361 fortitudo
1035 2303 1261 2361 erroris.

402 2412 575 2468 Vens.
609 2416 697 2471 32.
730 2400 1033 2470 —Plorabo
1066 2413 1184 2478 tibi,
1221 2413 1386 2467 vinea
1422 2411 1680 2469 Sabama.
1716 2412 1947 2483 Tempe-

333 2507 526 2558 statem
555 2502 716 2571 hujus
746 2501 950 2559 saeculi.
976 2501 1202 2556 Videtur
1224 2499 1367 2557 enim
1393 2498 1706 2573 signiﬁcare
1734 2500 1947 2572 aliquos

334 2590 406 2648 de
432 2590 591 2650 Moab
621 2590 692 2647 ad
721 2590 1011 2646 Dominum
1041 2588 1287 2646 converti
1317 2589 1482 2645 velle.
1518 2589 1749 2645 Sabama
1800 2589 1947 2644 enim

332 2681 619 2737 conversio
647 2679 826 2751 aliqua
876 2679 1282 2749 interpretatur.
1323 2679 1492 2733 Vinea
1542 2676 1800 2743 Sabama,
1838 2685 1941 2733 etc-

333 2768 603 2826 Attollens
631 2767 990 2833 altitudinem,
1014 2766 1140 2840 quia
1161 2765 1417 2838 superbia
1436 2765 1630 2822 turrim
1650 2765 1720 2821 ad
1742 2765 1942 2822 coelum

333 2863 559 2915 conatur
589 2855 825 2931 erigere.

404 2961 577 3021 Vens.
610 2963 698 3018 34.
730 2992 801 3003 -
829 2964 870 3018 Α
899 2962 1064 3034 Segor
1092 2977 1264 3035 usque
1312 2961 1385 3018 ad
1434 2961 1720 3018 Oronaim.
1754 2962 1931 3033 Segor

334 3050 468 3109 urbs
496 3068 615 3125 quae
642 3052 854 3107 Mortuo
884 3050 1023 3107 mari
1070 3049 1331 3116 imminet,
1365 3050 1457 3125 ubi
1487 3048 1748 3105 terminus
1777 3050 1929 3104 Moa-

330 3140 586 3198 bitarum.
618 3140 828 3197 Iudicat
856 3155 1011 3212 ergo,
1045 3139 1169 3211 quia
1196 3155 1370 3211 usque
1396 3124 1466 3195 ad
1495 3145 1767 3194 extremos
1796 3136 1931 3194 ﬁnes

330 3228 635 3302 provincia:
661 3229 898 3284 ululatus
928 3227 1260 3299 personabit.
1287 3228 1368 3284 De
1388 3243 1495 3299 quo
1518 3226 1689 3282 Isaias
1715 3243 1728 3280 :
1760 3228 1945 3283 l’ectes

335 3321 457 3391 ejus
479 3334 653 3390 usque
670 3318 834 3389 Segor
851 3319 1095 3374 vitulam
1112 3320 1575 3374 consternantem
1590 3317 1722 3386 (Isa.
1745 3316 1870 3387 xv),
1890 3313 1947 3369 id

332 3414 435 3475 est,
466 3405 726 3478 perfecta:
757 3406 947 3462 mtatis.
985 3405 1132 3461 Sicut
1162 3404 1305 3460 enim
1334 3405 1390 3459 in
1419 3404 1730 3459 hominibus
1774 3403 1941 3459 trice-

334 3496 506 3552 simus
534 3511 729 3562 annus,
762 3495 832 3550 ita
860 3495 917 3550 in
945 3493 1248 3566 pecudibus
1277 3501 1330 3549 et
1351 3493 1610 3563 jumentis
1638 3508 1813 3547 annus
1839 3500 1946 3547 ter-

337 3584 444 3642 tius
464 3583 877 3641 robustissimus
897 3592 1000 3640 est.
1025 3585 1193 3657 Aquw
1212 3599 1420 3656 quoque
1441 3584 1710 3638 Ncimrim.
1736 3581 1904 3636 Isaias
1930 3600 1942 3635 :

336 3674 509 3747 Aqua:
543 3676 697 3731 enim
735 3674 988 3729 Nemrim
1024 3673 1259 3728 deserta:
1296 3688 1457 3727 erum
1499 3672 1632 3742 (Isa.
1678 3672 1799 3741 xv),
1836 3677 1940 3727 etc.

336 3763 407 3818 Et
426 3779 546 3835 quae
565 3762 654 3818 hic
672 3761 853 3817 minus
870 3762 1144 3827 dicuntur,
1164 3761 1219 3814 in
1236 3760 1376 3815 Isaia
1395 3760 1557 3831 plene
1578 3767 1940 3830 exponuntur.

337 3852 437 3909 Est
464 3851 608 3907 enim
636 3851 869 3906 Nimrim
898 3850 1157 3921 oppidum
1189 3866 1354 3920 super
1384 3865 1534 3903 mare
1564 3849 1850 3904 Mortuum.

410 3940 582 3996 Vens.
606 3943 694 3995 35.
717 3970 785 3979 -
806 3941 874 3994 Et
893 3942 1156 4010 auferam
1177 3939 1242 3994 de
1263 3940 1430 3994 Moab.
1455 3938 1762 3992 Intereunte
1792 3943 1943 3991 secta

340 4029 592 4085 humanae
623 4028 921 4098 sapientim,
954 4025 1187 4082 cessavit
1213 4042 1410 4095 pompa
1442 4032 1493 4079 et
1524 4024 1726 4080 clamor
1753 4024 1943 4080 verbo-

340 4133 484 4185 rum,
516 4124 575 4171 ut
611 4115 921 4187 pliilos0phi
948 4130 1051 4169 nec
1080 4113 1319 4169 lueretici
1349 4114 1417 4167 de
1448 4112 1699 4169 Ecclesia
1727 4112 1939 4185 egressi

340 4205 547 4277 aliquid
576 4204 850 4261 inveniant
879 4203 936 4259 in
964 4202 1210 4260 doctrina
1240 4218 1335 4258 sua
1365 4202 1512 4275 quod
1540 4202 1788 4257 humanm
1818 4201 1939 4258 vitae

343 4294 475 4351 utile
504 4294 592 4350 sit.

372 4402 379 4407 ’
414 4402 587 4458 Vens.
610 4402 697 4456 37.
722 4429 792 4441 —
815 4388 988 4456 Omne
1018 4400 1172 4455 enim
1201 4401 1371 4470 caput
1402 4398 1716 4453 calvitium.
1748 4396 1935 4468 (ΗΑΒ.)

344 4491 505 4561 Apud
532 4490 781 4563 antiquos
811 4488 993 4543 barba:
1022 4487 1324 4559 capitisque
1370 4503 1560 4541 rasura
1589 4486 1766 4542 luctus
1795 4486 1939 4540 indi-

346 4578 491 4635 cium
519 4577 637 4645 fuit,
671 4585 798 4645 etc.,
831 4594 1004 4650 usque
1035 4577 1106 4632 ad
1136 4576 1262 4632 hinc
1290 4574 1457 4630 Isaias
1482 4592 1494 4629 :
1520 4577 1583 4630 In
1611 4576 1841 4651 cunctis.
1865 4592 1952 4631 ca-

347 4668 557 4740 pitibus
572 4669 692 4738 ejus
705 4668 1019 4732 calvitium,
1041 4667 1225 4722 omnis
1243 4666 1409 4720 barba
1425 4664 1659 4719 radetur
1671 4664 1802 4734 (Isa.
1824 4673 1951 4742 xv.)

420 4755 592 4811 Vens.
626 4757 713 4809 38.
748 4784 817 4793 —
851 4755 1127 4821 Quoniam
1156 4754 1400 4810 contrivi
1430 4752 1598 4808 Moab.
1633 4751 1825 4807 Omnis
1852 4752 1951 4807 do-

348 4842 519 4900 ctrina
546 4842 995 4914 philos0phorum
1044 4848 1095 4896 et
1142 4840 1537 4907 hmreticorum,
1572 4840 1696 4912 quia
1740 4839 1950 4912 fragilis

350 4939 433 4989 est
461 4939 515 4988 et
542 4930 765 4995 inutilis,
800 4945 833 4984 a
863 4929 1087 4985 veritate
1118 4928 1415 4984 conteritur
1444 4937 1496 4983 et
1524 4928 1839 4999 dissipatur.

422 5021 594 5077 Vens.
629 5021 714 5075 41.
738 5049 807 5059 -
834 5021 903 5074 Et
933 5019 1044 5075 erit
1072 5034 1168 5073 cor
1195 5019 1435 5088 fortium
1466 5017 1640 5074 Moab.
1679 5017 1824 5071 Bene
1853 5031 1951 5072 cor

350 5109 511 5165 Moab
541 5108 696 5165 cordi
724 5107 967 5163 mulieris
995 5105 1344 5179 parturientis
1383 5115 1694 5177 comparat;
1728 5105 1851 5178 quia
1881 5105 1949 5160 de

351 5214 549 5271 magna
577 5196 793 5253 luxuria
820 5196 890 5252 ad
917 5211 1169 5268 magnam
1197 5193 1514 5266 pervenitur
1541 5193 1826 5249 tristitiam.

422 5304 595 5359 Vens.
631 5304 718 5359 45.
749 5333 818 5344 -
847 5304 913 5359 In
942 5303 1143 5358 umbra
1182 5302 1427 5357 IIesebon
1456 5304 1767 5356 steterunt.
1807 5298 1952 5368 Quia

354 5393 483 5465 ejus.
509 5391 810 5448 munitione
857 5391 1109 5463 sperabat
1137 5389 1240 5445 sibi
1269 5388 1537 5455 solatium,
1573 5389 1671 5444 sed
1699 5387 1901 5443 frustra
1931 5405 1945 5442 :

352 5482 481 5557 quia
507 5481 653 5555 ignis
679 5481 932 5538 vindictas
959 5479 1220 5537 verticem
1248 5478 1505 5557 tumultus
1532 5475 1762 5533 ﬁliorum
1793 5476 1948 5532 Moab

349 5570 495 5640 justo
518 5569 703 5640 judice
753 5569 1085 5627 retribuente
1113 5566 1404 5639 oppressit.

431 5660 602 5716 Vens.
639 5660 724 5717 46.
747 5689 818 5702 -
845 5661 928 5717 Vae
957 5659 1075 5725 tibi,
1112 5657 1279 5716 Moab.
1314 5652 1452 5723 Quia
1484 5669 1587 5711 nec
1611 5653 1838 5711 munitio
1867 5671 1950 5710 ur-

2040 479 2143 534 erit
2188 487 2511 550 perpetuum
2560 496 2642 534 va:
2690 480 2774 534 bis
2821 479 2913 551 qui
2960 479 3237 535 conﬁdunt
3277 479 3334 533 in
3377 478 3642 550 sapientia

2039 568 2295 634 humana,
2331 576 2383 623 et
2411 568 2650 623 serviunt
2679 568 2961 625 erroribus
2990 568 3243 623 diversis.

2112 657 2281 712 Vens.
2309 658 2394 712 L7.
2417 687 2486 698 —
2507 658 2578 713 Et
2595 662 2920 714 convertam
2948 659 3341 730 captivitatem
3360 655 3531 716 Moab.
3554 656 3639 712 Vi-
3692 638 3711 656 ’

2040 746 2199 802 detur
2229 754 2440 816 tempus
2487 746 2677 819 gratia)
2704 745 3033 818 signiﬁcare,
3065 746 3122 800 in
3151 761 3259 819 quo
3305 747 3638 819 quicumque

2036 837 2381 893 invocaverit
2410 851 2617 893 nomen
2646 836 2891 901 Domini,
2926 836 3116 892 salvus
3146 836 3260 891 erit
3290 835 3450 905 (Joel.
3484 834 3566 906 ιι).

2608 957 2833 1014 CAPUT
2869 958 3063 1014 XLIX.

2109 1100 2281 1155 Vens.
2317 1103 2371 1155 1.
2392 1130 2461 1139 —
2492 1099 2572 1154 Ad
2601 1100 2768 1169 ﬁlios.
2805 1100 2930 1156 Post
2958 1099 3112 1155 Moab
3142 1099 3211 1155 ad
3239 1097 3379 1155 filios
3408 1101 3638 1155 Ammon

2038 1188 2205 1244 verba
2220 1196 2519 1255 vertuntur,
2536 1196 2588 1243 et
2608 1188 2974 1261 increpantur,
2991 1188 3139 1261 quod
3158 1188 3275 1244 ausi
3298 1196 3422 1244 sunt
3442 1196 3640 1244 terram

2038 1277 2208 1333 Israel
2238 1277 2519 1345 invadere,
2551 1278 2696 1333 unde
2718 1284 2770 1333 et
2790 1277 2869 1333 eis
2890 1277 3021 1332 ultio
3043 1277 3207 1351 digna
3227 1276 3636 1349 praenuntiatur,

2038 1373 2088 1421 et
2119 1366 2287 1421 Israel
2316 1381 2671 1437 possessores
2700 1382 2829 1422 suos
2857 1366 3172 1437 praedicitur
3189 1381 3567 1437 possessurus.

2110 1474 2280 1528 Vens.
2326 1476 2381 1530 2.
2414 1504 2483 1515 -
2515 1475 2673 1531 Filiae
2720 1473 3324 1545 Rabbath.Metropolis
3372 1472 3638 1528 Moabita-

2037 1578 2177 1629 rum,
2214 1578 2333 1636 qua}
2361 1578 2505 1619 nunc
2535 1562 2809 1634 Ariopolis
2837 1561 3054 1629 dicitur,
3094 1561 3398 1633 composito
3427 1561 3645 1623 nomine

2036 1668 2101 1705 ex
2132 1651 2361 1707 Hebraeo
2390 1659 2442 1706 et
2471 1650 2684 1718 Graeco,
2736 1651 2881 1725 quod
2911 1649 3089 1735 ἄρκος,
3122 1649 3179 1706 id
3209 1658 3311 1718 est,
3332 1649 3518 1707 Martis
3548 1648 3629 1707 ci-

1947 1750 2001 1811 B
2051 1748 2189 1803 vitas
2215 1755 2455 1804 vocetur.

2119 1838 2289 1892 Vens.
2324 1839 2375 1891 6.
2399 1867 2467 1876 —
2488 1838 2557 1892 Et
2582 1841 2708 1910 post
2740 1837 2873 1893 haec.
2910 1836 3048 1906 Quia
3074 1843 3198 1908 post
3228 1837 3641 1893 conversionem

2047 1925 2429 1982 haereticorum
2458 1926 2527 1981 ad
2556 1925 2716 1982 ﬁdem
2748 1933 2973 1992 rectam,
2998 1925 3277 1997 captivitas
3306 1925 3513 1998 peccati
3533 1925 3646 1982 dis-

2048 2013 2309 2081 solvetur,
2326 2014 2654 2085 recipientur
2668 2013 2721 2068 in
2740 2014 3174 2070 communionem
3194 2013 3474 2081 Ecclesiae,
3498 2014 3645 2070 unde

2048 2102 2308 2158 exierant.
2342 2104 2411 2157 Et
2439 2105 2707 2177 captivos.
2761 2103 3055 2157 Possumus
3092 2118 3192 2173 per
3221 2101 3359 2159 filios
3389 2105 3640 2169 Ammon,

2048 2190 2142 2263 qui
2170 2192 2238 2246 de
2270 2191 2402 2247 Loth
2431 2190 2485 2245 in
2516 2190 2793 2261 spelunca,
2842 2198 2894 2247 et
2938 2190 2993 2245 in
3040 2189 3317 2258 ebrietate,
3352 2198 3407 2247 et
3435 2190 3643 2248 incestu

2047 2279 2290 2352 generati
2322 2289 2445 2333 sunt
2464 2279 2750 2336 haereticos
2771 2278 3035 2351 accipere,
3061 2280 3362 2336 secundum
3381 2279 3533 2348 illud,
3557 2281 3644 2335 Ex

2047 2370 2203 2425 nobis
2243 2370 2531 2434 exierunt,
2564 2369 2661 2424 sed
2691 2385 2764 2424 ex
2793 2370 2951 2425 nobis
2989 2386 3104 2427 non
3145 2373 3311 2424 erant
3344 2369 3526 2439 (Joan.
3557 2370 3642 2441 ιι).

2119 2458 2290 2513 Vens.
2315 2459 2367 2511 Ἷ.
2394 2488 2462 2497 -
2483 2457 2565 2512 Ad
2585 2458 2908 2514 Idumtvam.
2941 2458 3129 2529 (ΗΑΒ.)
3150 2456 3507 2531 Tropologice
3527 2458 3647 2513 Idu-

2047 2562 2183 2601 maéa
2212 2555 2428 2603 terrena
2458 2555 2511 2601 et
2539 2560 2732 2602 carnea
2764 2547 3072 2614 delectatio,
3097 2562 3218 2619 qua“:
3248 2546 3525 2620 consurgit
3553 2546 3646 2603 ad-

2048 2652 2241 2692 versus
2274 2634 2537 2707 spiritum,
2570 2643 2627 2690 ut
2654 2650 2765 2691 non
2792 2633 3055 2691 faciamus
3084 2651 3148 2691 ea
3178 2651 3309 2707 quze-
3330 2643 3454 2690 sunt
3483 2634 3644 2706 spiri-

2048 2732 2153 2791 tus,
2186 2732 2239 2778 et
2268 2722 2521 2790 animam,
2573 2732 2699 2791 etc.,
2747 2740 2922 2797 usque
2950 2724 3023 2779 ad
3060 2724 3194 2779 Cum
3242 2722 3386 2779 enim
3433 2722 3645 2794 spiritui

2048 2828 2179 2869 caro
2210 2812 2450 2881 subjecta
2478 2811 2658 2880 fuerit,
2682 2812 2918 2868 Idumtea
2947 2811 3192 2868 transibit
3220 2812 3275 2866 in
3304 2811 3565 2879 Iudaeam,
3591 2819 3644 2868 et

2047 2916 2175 2957 caro
2207 2901 2409 2957 serviet
2436 2900 2648 2956 rationi.

2118 3008 2288 3063 Vens.
2322 3012 2375 3064 9.
2399 3038 2469 3047 —
2498 3008 2557 3063 Si
2585 3010 2764 3079 fures.
2828 3006 3080 3064 Hmretici
3111 3007 3204 3080 qui
3232 3007 3478 3062 furantur
3508 3005 3647 3062 suffi-

1958 3111 2008 3174 C
2047 3096 2296 3154 cientiam
2329 3096 2449 3164 sibi,
2475 3105 2527 3152 et
2547 3097 2786 3169 quotidie
2817 3097 3028 3170 aliquos
3049 3097 3117 3153 de
3138 3096 3388 3153 Ecclesia
3407 3095 3643 3167 rapiunt,

2050 3185 2422 3257 ingredientes
2451 3185 2663 3243 vineam
2694 3186 2926 3254 Domini,
2951 3202 3110 3258 quam
3133 3186 3201 3242 de
3219 3186 3449 3259 Egypto
3478 3194 3650 3241 trans-

2050 3274 2182 3341 tulit,
2216 3274 2437 3346 cupiunt
2483 3274 2739 3330 universa
2780 3273 3051 3346 pepulari,
3084 3282 3139 3329 ut
3169 3274 3256 3329 vix
3287 3289 3561 3329 racemum
3593 3273 3649 3328 in

2049 3378 2112 3417 ea
2141 3361 2465 3434 relinquant.
2501 3362 2609 3416 Sed
2640 3361 2900 3417 Dominus
2931 3377 2961 3416 e
2992 3370 3181 3418 contra
3209 3361 3387 3417 omnia
3436 3370 3647 3418 secreta

2049 3467 2257 3518 eorum,
2292 3458 2345 3506 et
2372 3450 2797 3523 patriarcharum
2845 3452 2991 3506 Esau
3039 3451 3153 3523 (qui
3200 3450 3408 3522 primas
3438 3450 3650 3507 scilicet

2046 3541 2286 3595 haereses
2316 3532 2661 3611 invenerunt)
2691 3539 2839 3597 viros
2884 3539 3285 3596 ecclesiasticos
3314 3547 3367 3595 et
3397 3540 3648 3596 doctores

2044 3628 2251 3701 profert
2282 3628 2337 3683 in
2364 3628 2627 3701 medium.
2661 3630 2728 3683 Et
2757 3628 2930 3700 prima
2962 3628 3107 3684 illius
3136 3628 3362 3686 victoria
3392 3635 3476 3683 est
3502 3637 3649 3701 pate-

2044 3718 2224 3774 facere
2254 3735 2373 3790 quze
2400 3718 2742 3792 tegebantur.

2116 3807 2325 3879 (HIER).
2387 3807 2587 3862 Contra
2640 3808 2858 3862 Iudaeos
2914 3805 3087 3863 factus
3144 3815 3228 3862 est
3286 3822 3488 3874 sermo,
3549 3808 3644 3880 qui

2044 3895 2359 3951 Christianis
2390 3895 2651 3963 invident,
2695 3904 2822 3963 etc.,
2873 3912 3046 3968 usque
3075 3895 3147 3951 ad
3173 3903 3230 3951 ut
3260 3895 3647 3953 mortificantes

2042 3985 2281 4040 membra
2340 3991 2525 4038 nostra
2584 3984 3039 4056 (fornicationem,
3086 3985 3292 4041 scilicet
3349 3986 3644 4041 immundi-

2042 4073 2188 4140 tiam,
2242 4081 2295 4127 et
2346 4073 2672 4145 hujusmodi)
2721 4082 2977 4129 a‘tcrnam
3006 4074 3059 4129 in
3102 4074 3314 4130 Christo
3365 4074 3644 4132 victoriam

2041 4177 2461 4233 consequamur.

2110 4250 2278 4304 Vens.
2316 4251 2401 4304 14.
2428 4281 2495 4289 -
2518 4250 2736 4306 Audivi.
2770 4250 2899 4306 Haec
2931 4250 3197 4306 sententia
3228 4251 3281 4305 in
3306 4250 3481 4307 Abdia
3501 4268 3642 4324 pene

2045 4338 2253 4394 eisdem
2282 4338 2460 4394 verbis
2492 4339 2813 4408 continetur,
2850 4348 2901 4395 et
2932 4341 3100 4395 multa
3128 4340 3284 4409 hujus
3316 4341 3551 4412 capituli.

2124 4428 2293 4482 Vens.
2330 4430 2415 4481 15.
2449 4459 2517 4467 —
2547 4430 2683 4485 Ecce
2731 4430 2905 4483 enim.
2956 4428 3143 4501 (ΗΑΒ.)
3174 4428 3344 4497 Quasi
3375 4429 3518 4484 dicat
3552 4447 3564 4483 :
3599 4429 3647 4485 Ο

2547 4478 2675 4485 Μ--
2959 4478 3140 4501 \_---_-,
3183 4478 3344 4497 ηπ--
3379 4478 3518 4484 _--.--
3552 4478 3564 4483 -
3608 4478 3638 4485 ν

1966 4478 2020 4539 D
2050 4516 2246 4581 Edom,
2281 4516 2372 4588 qui
2400 4516 2579 4572 minor
2616 4533 2675 4572 es
2705 4517 2845 4572 inter
2890 4533 3079 4572 omnes
3106 4517 3159 4571 in
3190 4517 3420 4573 circuitu
3472 4518 3649 4574 natio-

2050 4620 2169 4672 nes,
2203 4612 2330 4671 etc.,
2363 4622 2535 4679 usque
2565 4606 2637 4661 ad
2663 4605 2789 4661 inde
2810 4614 2861 4661 te
2882 4606 3243 4673 detraliercm,
3269 4614 3320 4661 et
3349 4607 3417 4661 ad
3447 4613 3649 4662 terram

2051 4695 2367 4751 reducerem
2399 4704 2715 4750 czeterarum
2746 4696 3007 4767 gentium.

2121 4785 2432 4838 Parvulum
2480 4784 2606 4839 dedi
2638 4788 2691 4838 te
2722 4786 2785 4838 in
2812 4784 3088 4854 gentibus.
3124 4782 3170 4839 Ο
3201 4783 3474 4850 bmrctice,
3526 4784 3653 4840 licet

2049 4885 2281 4942 magnus
2318 4870 2412 4924 tibi
2441 4871 2698 4938 videaris,
2731 4880 2783 4925 et
2813 4879 3126 4927 contemnas
3173 4872 3490 4943 parvitatem
3537 4873 3650 4928 Ec-

2051 4958 2250 5025 clesiae,
2278 4975 2478 5029 parvus
2508 4968 2685 5015 tamen
2715 4977 2774 5014 es
2804 4968 2857 5015 et
2886 4961 3324 5033 contemptibilis.

2120 5048 2290 5102 Vens.
2328 5050 2413 5102 16.
2446 5078 2515 5087 -
2548 5049 2685 5104 Cum
2734 5051 3100 5117 exaltaveris,
3135 5057 3238 5107 etc.
3271 5049 3460 5122 (ΗΑΒ.)
3511 5048 3650 5119 Quia

2048 5136 2288 5193 haeretici
2316 5136 2650 5192 altitudinem
2683 5145 2736 5193 ct
2766 5137 3171 5194 similitudinem
3200 5138 3500 5210 aquilarum
3528 5141 3652 5211 pol-

2049 5224 2277 5280 liceatur
2304 5223 2427 5290 sibi,
2462 5242 2580 5295 quae
2626 5225 2693 5280 ad
2743 5226 2976 5281 cadaver
3020 5226 3360 5282 Dominicum
3408 5243 3650 5301 congre-

2048 5320 2265 5385 gantur,
2290 5321 2419 5379 etc.,
2444 5330 2617 5386 usque
2647 5314 2720 5369 ad
2750 5314 2909 5383 Quod
2937 5324 3114 5371 autem
3145 5323 3332 5371 contra
3362 5315 3651 5371 haereticos

2048 5408 2101 5457 et
2128 5417 2348 5457 carnem
2381 5401 2582 5458 dictum
2613 5410 2714 5470 est,
2747 5411 2932 5460 contra
2979 5405 3196 5460 Juda'os
3244 5419 3457 5476 quoque
3486 5404 3650 5460 intel-

2046 5488 2144 5561 ligi
2163 5497 2360 5560 potest.
3206 5546 3209 5547 ν

2118 5579 2288 5634 Vens.
2322 5583 2407 5634 19.
2442 5609 2512 5620 —-
2542 5582 2679 5638 Ecce
2710 5583 2871 5654 quasi
2903 5582 3003 5637 leo.
3038 5578 3170 5651 (ln.)
3202 5580 3350 5637 Sicut
3387 5579 3651 5637 Dominus

2048 5667 2330 5739 castigavit
2356 5669 2665 5740 superbiam
2694 5670 3025 5735 Iudaeorum,
3048 5684 3180 5741 quos
3206 5684 3305 5741 per
3330 5669 3646 5736 Iordanem,
