4028 6178
252 298 316 352 5⁸1

1040 296 1312 356 GLOSSA
1349 299 1763 358 ORDINARIA.
1802 332 1871 347 --
1897 302 2293 362 PROPHETIA
2322 302 2667 365 JEREML-E.‘

3495 313 3563 373 58

252 426 380 485 etc.,
431 434 610 492 usque
637 419 711 475 ad
739 420 836 475 sed
865 419 951 476 leo
981 421 1313 479 saevissimus
1358 423 1413 480 in
1462 431 1725 481 tartarum
1754 440 1851 481 eos
1872 427 1929 488 A
1958 437 2143 484 monet
2198 430 2493 497 Israelitas,
2514 432 2606 504 qui
2626 432 2936 503 captivandi
2958 436 3183 491 erantin
3200 437 3555 510 Babylonem,

257 515 524 578 perpetuo
553 507 876 565 cruciandos
905 509 1177 566 detrudet.

326 596 498 652 Vens.
530 600 619 655 21.
651 627 720 641 —-
748 598 790 653 A
822 614 948 656 voce
978 601 1184 666 ruinas,
1236 606 1340 656 etc.
1374 600 1637 657 Veniente
1668 609 1856 659 vasta-

257 692 374 740 tore
406 684 665 756 strepitus
696 685 869 742 ruime
900 702 1089 743 eorum
1108 687 1274 761 longe
1305 689 1518 767 lateque
1551 691 1857 759 resonabit,

253 783 528 830 terrorem
552 773 819 830 incutiens
848 774 1039 831 vicinis
1069 777 1390 848 provinciis.

321 863 495 919 Vsus.
518 866 608 919 23.
634 893 704 907 —
727 864 975 936 Confusa
996 870 1099 921 est.
1132 866 1320 937 (ΗΑΒ.)
1344 868 1470 922 Post
1493 867 1854 937 Philistheeos,

256 952 544 1018 Moabitas,
591 953 932 1009 Ammonitas
978 969 1192 1027 quoque
1222 963 1275 1010 et
1302 956 1591 1025 Idumaeos,
1642 958 1710 1014 ad
1742 959 1857 1014 Da-

255 1055 516 1109 mascum,
549 1040 604 1096 id
634 1048 737 1108 est,
770 1042 1051 1109 Arabiam,
1084 1051 1213 1112 etc.,
1256 1061 1425 1118 usque
1455 1046 1528 1101 ad
1558 1062 1680 1102 cum
1713 1047 1857 1105 enim

252 1138 442 1201 captus
472 1137 559 1186 est
586 1129 819 1201 populus
847 1130 1177 1200 Iudaeorum,
1211 1133 1533 1203 Damascus,
1567 1134 1655 1191 cui
1684 1135 1857 1214 impe-

252 1218 405 1273 rabat
434 1220 662 1285 Aretha,
696 1218 945 1275 similiter
975 1227 1134 1291 capta
1164 1230 1264 1277 est.

317 1324 472 1379 Vnus
518 1327 610 1382 24.
647 1355 718 1365 -
746 1327 1051 1383 Dissoluta.
1116 1328 1419 1385 Damascus
1465 1330 1855 1402 interpretatur

248 1414 513 1486 poculum
542 1416 862 1487 sanguinis,
887 1423 979 1472 aut
1000 1420 1342 1489 sanguinem
1372 1418 1583 1486 bibens,
1609 1428 1702 1475 aut
1722 1438 1855 1478 san-

251 1504 373 1572 guis
402 1503 591 1559 cilicii
619 1523 640 1571 ;
670 1518 790 1575 quae
836 1504 1020 1561 omnia
1068 1505 1296 1562 ethnicis
1343 1507 1687 1576 conveniunt,
1722 1518 1851 1578 etc.,

252 1607 421 1663 usque
445 1591 522 1647 ad
547 1590 833 1660 Quomodo
863 1592 1007 1647 enim
1036 1608 1265 1651 acervus
1297 1594 1537 1667 lapidum
1557 1598 1626 1653 de
1647 1597 1853 1670 disper-

252 1679 320 1734 sis
348 1678 629 1750 lapidibus
659 1680 962 1736 cumulatur
996 1700 1009 1736 :
1044 1682 1121 1738 sic
1152 1682 1220 1738 de
1250 1683 1500 1740 omnibus
1548 1686 1854 1744 nationibus

250 1782 472 1823 acervus
502 1768 843 1824 credentium
870 1778 1240 1844 congregatur
1267 1771 1323 1829 in
1352 1772 1509 1828 ruina
1537 1774 1850 1835 Iudaeorum
1870 1788 1923 1849 Β
1952 1797 2119 1854 Mam
2166 1799 2299 1869 (ιεα,
2336 1800 2482 1867 χιιι),
2534 1802 2670 1857 Ecce
2709 1768 3017 1860 ἀουέδεξιηα
3054 1808 3182 1872 erit,
3218 1813 3323 1862 ριο,

253 1856 563 1912 cadentium
594 1856 721 1912 dum
752 1866 946 1931 gentes
964 1868 1229 1932 surgunt.

312 1945 487 1999 Vrsas.
520 1948 612 2001 28.
637 1976 706 1987 -
726 1946 810 2001 Ad
833 1947 1025 2003 Cedar.
1051 1948 1116 2002 Hi
1139 1948 1379 2022 Agareni
1410 1959 1551 2019 sunt,
1577 1952 1674 2008 sed
1693 1969 1851 2009 usur-

250 2040 367 2107 pato
395 2034 621 2089 nomine
649 2035 910 2092 Saraceni
949 2045 1229 2106 vocantur,
1255 2047 1309 2093 et
1328 2039 1568 2095 habitant
1596 2057 1697 2114 per
1727 2043 1857 2099 soli-

252 2122 485 2177 tudinem
548 2130 743 2191 totam,
805 2125 873 2179 de
932 2125 1124 2198 quibus
1180 2135 1342 2198 poeta
1388 2128 1562 2185 dicit:
1615 2131 1857 2204 Latequc

264 2217 528 2284 vagantes
561 2213 685 2285 Agi,

312 2319 499 2390 (Kuh)
522 2318 768 2392 Mystice.
800 2320 997 2389 Cedar,
1020 2323 1165 2395 quod
1181 2323 1568 2396 interpretatur
1591 2328 1855 2398 tenebrae,

254 2415 301 2463 et
328 2410 487 2475 Asor,
514 2418 643 2476 etc.,
667 2426 843 2483 usque
862 2411 934 2467 ad
952 2411 1043 2484 qui
1066 2428 1125 2469 se
1146 2413 1399 2470 simulant
1421 2414 1561 2473 ﬁlios
1583 2414 1842 2487 Orientis,

254 2512 368 2552 cum
394 2497 505 2553 sint
532 2498 879 2555 tenebrarum
910 2497 1022 2556 filii.

314 2604 483 2659 Vsus.
514 2608 605 2662 29.
628 2634 699 2647 -ο
725 2607 1107 2665 Tabernacula
1132 2650 1144 2664 .
1178 2610 1306 2666 Haec
1340 2611 1526 2666 omnia
1556 2612 1856 2669 Saraceno-

253 2708 369 2747 rum
394 2693 621 2765 proprie
650 2703 874 2766 gcntem
906 2695 1237 2769 signiﬁcant,
1271 2698 1439 2771 quiin
1461 2700 1706 2757 tentoriis
1734 2718 1855 2758 ma-

253 2789 393 2848 nent,
426 2790 479 2838 et
507 2782 600 2837 ubi
628 2798 739 2839 nox
766 2785 1011 2858 coegerit
1040 2786 1202 2842 sedes
1240 2787 1470 2855 habent,
1531 2797 1583 2845 et
1611 2798 1858 2847 armenta

254 2869 436 2935 multa,
469 2879 526 2926 et
552 2887 777 2942 pecora,
828 2874 1269 2948 camelorumque
1318 2893 1524 2950 greges
1559 2896 1573 2946 ;
1608 2880 1707 2934 sed
1748 2895 1858 2937 non

256 2958 449 3015 habent
478 2960 640 3028 ostia,
672 2977 775 3018 nec
804 2970 1006 3030 vectes,
1039 2978 1150 3020 non
1178 2964 1323 3021 enim
1352 2974 1640 3023 versantur
1672 2968 1729 3023 in
1755 2986 1855 3024 ur-

259 3046 430 3113 bibus,
490 3050 591 3104 sed
626 3049 685 3104 in
742 3050 1052 3108 solitudine.
1103 3052 1171 3108 Hi
1227 3069 1419 3111 omnes
1468 3073 1498 3110 a
1545 3057 1855 3129 Babyloniis

254 3144 378 3190 sunt
403 3136 587 3194 deleti.

322 3225 488 3281 Vens.
522 3230 611 3282 35.
646 3258 714 3268 -
744 3229 882 3286 Ecce
928 3246 1026 3303 ego
1070 3234 1451 3305 confringam,
1505 3242 1609 3290 etc.
1652 3236 1839 3308 (ΗΑΒ.)

250 3311 400 3368 Elam
430 3314 585 3388 regio
614 3316 875 3386 Persidis,
909 3319 1052 3374 unde
1080 3320 1348 3376 Elamitze.
1401 3322 1649 3379 Praedicit
1697 3325 1839 3380 enim

254 3404 530 3473 propheta,
565 3412 695 3472 etc.,
728 3423 901 3479 usque
920 3409 992 3463 ad
1010 3408 1256 3465 Elamitae
1285 3426 1500 3483 quoque
1530 3413 1840 3486 despicien-

253 3495 334 3546 tes
361 3493 443 3547 vel
474 3497 767 3551 tentantes
796 3495 1241 3569 interpretantur,
1276 3507 1328 3556 et
1357 3500 1662 3575 signiﬁcant
1706 3519 1838 3575 per-

256 3588 522 3638 secutores
551 3583 833 3641 Ecclesiae.

882 3745 1107 3803 CAPUT
1136 3747 1196 3801 L.

314 3900 479 3958 Vsus.
532 3906 687 3958 1.-
724 3906 973 3963 Verbum.
1032 3907 1262 3980 Expleto
1319 3910 1572 3967 vaticinia
1645 3919 1838 3968 contra

250 3989 546 4063 Egyptum,
582 3993 919 4063 Palmstinos,
953 3996 1131 4062 Moab,
1167 3996 1310 4054 ﬁlios
1341 4001 1593 4066 Ammon,
1629 4001 1836 4056 Dama—

253 4094 389 4134 scum
416 4098 634 4154 quoque
665 4091 716 4139 et
751 4084 943 4151 Cedar,
990 4093 1180 4142 contra
1226 4087 1557 4158 Babylonem
1588 4097 1640 4144 et
1669 4090 1835 4144 Chal-

252 4168 387 4225 daos
416 4188 598 4227 sermo
626 4172 883 4247 dirigitur
916 4194 930 4242 ;
963 4183 1016 4230 ut
1048 4192 1187 4247 quos
1216 4185 1340 4231 ante
1369 4177 1604 4233 latenter
1632 4180 1832 4251 arguit,

252 4272 380 4315 nunc
408 4261 587 4330 palam
619 4262 833 4317 scelera
877 4279 1068 4318 eorum
1116 4265 1537 4334 manifestando,
1572 4268 1834 4323 vastatio-

252 4362 367 4403 nem
420 4358 472 4405 et
518 4351 913 4408 desolationem
964 4355 1218 4427 subsequi
1269 4364 1458 4427 aperte
1504 4358 1830 4428 pronuntiet,

252 4436 405 4493 Isaias
432 4456 648 4511 quoque
682 4448 734 4495 et
764 4442 1017 4498 Ezechiel
1065 4443 1258 4499 similia
1288 4454 1477 4501 contra
1507 4447 1833 4517 Babylonios

249 4533 297 4579 et
323 4526 600 4584 Chaldaeos
630 4531 1111 4601 prophetaverunt.

300 4613 458 4671 Vens.
506 4621 562 4674 2.
593 4648 665 4658 —
697 4621 944 4691 Confusa
972 4626 1130 4678 sunt.
1163 4622 1372 4677 Similia
1427 4623 1558 4679 dicit
1606 4624 1773 4680 Isaias
1812 4644 1824 4680 :

248 4702 375 4759 Ecce
400 4721 494 4777 ego
523 4710 808 4766 suscitabo
855 4726 1023 4782 super
1049 4727 1139 4768 eos
1172 4712 1369 4777 Medos,
1406 4715 1503 4785 qui
1532 4718 1837 4785 argentum

251 4807 358 4849 non
384 4802 662 4866 quterant,
697 4815 876 4870 neque
906 4816 1113 4856 aurum
1143 4803 1321 4857 velint
1350 4802 1481 4871 (Isa.
1516 4802 1663 4872 xm).

322 4881 481 4938 Vens.
514 4886 569 4939 4.
603 4916 673 4925 ——
710 4888 941 4943 Venient
968 4888 1078 4957 ﬁlii
1107 4891 1302 4945 Israel.
1336 4890 1521 4961 (ΗΑΒ.)
1552 4892 1679 4948 Haec
1706 4908 1834 4963 pro-

248 4968 426 5027 missio
452 4974 823 5029 reversionem
870 4977 1054 5047 populi
1082 4977 1182 5033 Dei
1211 4978 1278 5033 de
1315 4979 1625 5050 captivitate
1654 4980 1831 5055 signi-

247 5054 382 5125 ﬁcat,
410 5068 538 5129 etc.,
570 5079 746 5135 usque
775 5065 848 5121 ad
875 5073 933 5119 ut
953 5066 1252 5141 junguntur
1280 5067 1360 5123 illi
1389 5067 1594 5125 foedere
1624 5070 1829 5142 sempi—

243 5152 406 5204 terno.

286 5252 447 5311 Vsus.
480 5260 532 5313 6.
566 5289 636 5299 —
669 5260 819 5317 Grex
828 5262 1106 5334 perditus.
1140 5264 1253 5320 Hac
1274 5264 1544 5321 sententia
1570 5273 1826 5323 notantur

240 5357 393 5415 reges
438 5346 828 5417 Israelitarum,
873 5350 963 5423 qui
993 5367 1183 5409 errare
1212 5352 1457 5409 fecerunt
1484 5354 1742 5427 populum
1772 5364 1827 5412 et

236 5430 494 5491 declinare
522 5437 595 5491 ad
621 5437 985 5495 idololatriam
1009 5459 1022 5495 :
1047 5457 1275 5514 quorum
1306 5441 1405 5498 fuit
1432 5443 1637 5514 primus
1668 5445 1823 5502 Jero-

236 5517 383 5576 beam
410 5522 547 5579 filius
576 5525 807 5594 Nabath,
833 5529 924 5601 qui
945 5529 1071 5586 fecit
1099 5531 1319 5588 adorari
1350 5532 1547 5589 vitulos
1581 5549 1817 5590 aureos:

236 5606 419 5667 deinde
445 5614 629 5671 caeteri
656 5617 1111 5687 praevaricatores
1142 5620 1303 5692 legis.

306 5697 466 5758 Vens.
498 5706 551 5759 8.
584 5734 655 5747 —
683 5707 957 5777 Recedite,
1018 5716 1123 5767 etc.
1173 5709 1479 5768 Secundum
1531 5711 1816 5770 historiam

1866 3152 1917 3216 C

1960 523 2017 570 ut
2048 533 2157 571 non
2186 518 2434 573 stabilem
2463 521 2871 591 possessionem
2899 523 3231 580 arbitrentur
3263 542 3322 581 se
3353 526 3426 581 ibi
3454 528 3559 582 ha-

1956 604 2187 673 bituros,
2213 606 2310 663 sed
2331 624 2484 678 spem
2515 611 2820 666 revertendi
2850 612 3134 680 haberent,
3160 621 3357 670 etcum
3386 613 3559 687 capti-

1959 693 2099 749 vitas
2144 694 2441 763 laxaretur,
2491 695 2739 770 fugerent
2768 699 2894 755 inde
2929 717 2942 755 :
2975 701 3103 775 quia
3131 709 3418 759 venturum
3441 712 3558 760 erat

1958 790 2017 839 ut
2045 798 2078 838 a
2107 783 2362 840 Mediset
2390 785 2573 840 Persis
2604 795 2925 844 vastaretur.

2031 888 2246 962 (0316.)
2277 889 2564 959 Quomodo
2594 908 2795 964 corpus
2825 902 3072 952 nostrum
3102 897 3158 951 in
3186 897 3368 973 aliquo
3396 906 3557 956 terra:

1956 977 2081 1036 loco
2110 979 2376 1048 consistit,
2411 980 2490 1036 sic
2519 981 2715 1052 anima,
2751 985 3053 1040 secundum
3083 994 3284 1042 statum
3313 1005 3477 1045 suum
3500 988 3559 1046 in

1959 1067 2143 1139 aliquo
2173 1076 2332 1123 terrae
2362 1069 2487 1125 loco
2516 1072 2877 1143 nuncupative
2907 1082 3008 1129 est.
3042 1074 3253 1147 Corpus
3283 1084 3553 1148 nostrum,

1959 1164 2087 1226 etc.,
2121 1174 2294 1230 usque
2323 1157 2396 1213 ad
2425 1158 2504 1214 sic
2533 1159 2589 1213 in
2618 1160 2870 1233 Egypto,
2922 1162 3061 1218 alius
3100 1172 3180 1219 est
3208 1164 3265 1220 in
3293 1165 3551 1237 Taphnis,

1958 1244 2098 1300 alius
2128 1254 2209 1301 est
2237 1245 2293 1300 in
2320 1246 2607 1319 Memphis,
2660 1248 2799 1304 alius
2828 1249 2882 1304 in
2916 1249 3120 1322 Sicani,
3173 1252 3311 1312 alius
3360 1253 3414 1308 in
3443 1254 3554 1312 Bu-

1956 1333 2128 1390 hastis
2156 1334 2377 1391 habitat.

2028 1441 2197 1496 Vens.
2226 1445 2310 1499 l2.
2335 1473 2403 1483 —
2428 1443 2673 1515 Confusa
2694 1450 2779 1501 est
2799 1450 2984 1503 mater
3014 1452 3200 1504 vestra
3228 1451 3420 1517 nimis,
3445 1456 3553 1508 etc.

1954 1528 2129 1585 Isaias
2158 1530 2288 1587 dicit
2318 1532 2534 1601 similia,
2568 1535 2637 1589 Et
2667 1537 2779 1591 erit
2808 1537 3051 1609 Babylon
3082 1538 3187 1594 illa
3205 1540 3467 1612 gloriosa,
3492 1542 3554 1595 in

1955 1622 2147 1690 regnis
2184 1622 2420 1692 inclyta,
2455 1624 2517 1677 in
2538 1624 2798 1695 superbia
2832 1625 3238 1694 Chaldworum,
3272 1628 3554 1688 subverte-

1957 1712 2057 1764 tur
2088 1710 2240 1765 sicut
2275 1711 2548 1767 Dominus
2590 1712 2863 1769 subvertit
2904 1704 3197 1772 Sodoma'm
3231 1721 3287 1773 et
3324 1717 3552 1775 Gomor-

3356 1806 3417 1864 In
3447 1805 3554 1865 fine

1955 1887 2161 1955 mundi,
2187 1887 2272 1943 vel
2294 1887 2348 1943 in
2371 1897 2545 1944 morte
2577 1892 2858 1963 cujusque,
2891 1892 3068 1948 omnis
3088 1894 3267 1967 gloria
3286 1903 3339 1951 et
3359 1912 3552 1967 supero

1958 1974 2048 2031 bia
2075 1974 2474 2047 Chaldreorum,
2509 1987 2561 2034 et
2582 1979 2830 2036 conlusio
2860 1982 3048 2038 mundi
3080 1984 3299 2042 recedet
3319 1985 3550 2056 anobis,

1958 2071 2011 2119 et
2030 2063 2106 2119 ita
2124 2065 2308 2121 omnia
2329 2068 2733 2139 subvertentur,
2759 2069 2898 2127 sicut
2919 2072 3184 2128 subvertit
3204 2073 3352 2130 Deus
3373 2074 3553 2130 Sodo-

1957 2169 2105 2209 mam
2127 2162 2181 2209 et
2202 2155 2589 2226 Gomorrham,
2623 2174 2726 2215 nec
2756 2159 2896 2217 ultra
2926 2161 3218 2234 voluptatis
3247 2163 3335 2220 vel
3364 2164 3551 2223 mundi

1958 2242 2174 2299 futurus
2205 2252 2289 2301 est
2327 2254 2518 2302 status.

2029 2350 2198 2405 Vnus.
2234 2355 2319 2407 15.
2354 2382 2422 2393 —-
2451 2354 2609 2411 Sicut
2653 2357 2811 2425 fecit,
2868 2359 3044 2428 facite
3073 2360 3145 2414 ei.
3179 2358 3240 2414 Id
3268 2366 3368 2428 est,
3412 2358 3554 2419 sicut

1958 2437 2052 2493 illa
2078 2454 2178 2509 per
2205 2440 2715 2498 Nabuchodonosor
2742 2452 2936 2517 gentes
2967 2446 3395 2521 circumquaque
3424 2462 3550 2505 vas-

1957 2526 2108 2596 tavit,
2141 2528 2215 2583 ita
2245 2529 2296 2584 ei
2324 2530 2737 2588 retributionem
2766 2533 2996 2591 reddite.

2028 2652 2197 2708 Vens.
2240 2657 2325 2709 16.
2358 2685 2426 2698 -—
2455 2657 2495 2711 A
2528 2659 2677 2728 faeie
2723 2659 2901 2731 gladii
2948 2661 3233 2719 columbis.
3287 2662 3565 2718 Columba‘

1958 2741 2119 2796 stulta
2148 2740 2365 2813 dicitur,
2400 2743 2529 2816 quia
2557 2746 2726 2801 nutrit
2753 2747 2933 2819 pullos
2962 2748 3172 2805 alienos
3205 2769 3221 2819 ;
3252 2751 3327 2806 ita
3354 2751 3546 2807 Nabu-

1957 2830 2306 2888 chodonosor
2334 2832 2472 2889 alios
2501 2835 2860 2906 opprimendo
2881 2846 2935 2893 et
2954 2837 3208 2895 fovendo.
3241 2840 3420 2895 Etiam
3438 2840 3549 2897 Na~

1957 2920 2381 2977 buchodonosor
2428 2922 2739 2980 columbam
2785 2936 2962 2997 vocat,
3013 2944 3123 2985 non
3150 2944 3253 3001 pro
3283 2929 3547 3003 simplici-

1954 3015 2083 3078 tate,
2117 3009 2214 3066 sed
2243 3026 2344 3082 pro
2374 3011 2598 3069 stultitia
2627 3016 2916 3087 superbiae.

2026 3117 2194 3172 Vens.
2222 3119 2307 3172 1⁵7.
2332 3149 2401 3160 -
2420 3121 2627 3178 Leones
2649 3126 2956 3195 ejeecrunt,
2990 3133 3094 3182 etc.
3127 3126 3549 3201 Teglathphalav

1945 3222 2035 3261 sar
2055 3206 2146 3278 qui
2169 3216 2381 3278 partem
2401 3225 2657 3283 magnam
2678 3214 2993 3269 Judaeorum
3012 3215 3069 3270 in
3089 3216 3346 3288 Assyrios
3366 3224 3548 3272 trans-

1942 3294 2081 3365 tulit,
2115 3303 2168 3350 et
2197 3296 2575 3354 Sennacherib
2625 3301 2718 3372 qui
2765 3303 2958 3359 decem
3006 3305 3179 3360 tribus
3226 3305 3283 3361 in
3331 3314 3544 3363 montes

1939 3383 2230 3440 Medorum
2260 3387 2515 3458 traduxit,
2550 3389 2605 3443 1ιί
2634 3390 2822 3447 leones
2860 3393 3223 3465 appellantur.

2010 3490 2183 3546 Vens.
2211 3495 2297 3546 18.
2322 3522 2392 3534 -
2412 3496 2550 3551 Ecce
2580 3513 2677 3569 ego
2700 3499 2957 3556 visitabo.
2992 3501 3179 3572 (ΗΑΒ.)
3208 3501 3405 3558 Visitat
3433 3503 3544 3559 Do-

1940 3577 2121 3633 minus
2170 3597 2364 3654 regem
2412 3584 2725 3655 Babylonis,
2758 3587 2813 3641 id
2844 3596 2944 3657 est,
2999 3589 3353 3661 confusionis,
3402 3591 3549 3649 sicut

1938 3667 2171 3725 visitavit
2200 3687 2392 3743 regem
2424 3674 2621 3743 Assur,
2641 3675 2733 3745 qui
2763 3676 3177 3748 interpretatur,
3210 3688 3339 3750 etc.,
3371 3697 3546 3755 usque

1937 3755 2010 3810 ad
2039 3757 2136 3811 sed
2165 3774 2338 3814 novus
2366 3761 2601 3831 populus
2620 3762 2676 3817 in
2706 3778 2848 3821 nova
2878 3764 3104 3822 civitate
3134 3767 3191 3821 in
3219 3778 3544 3841 perpetuum

1940 3844 2261 3901 exsultabit.

2008 3970 2178 4026 Vnus.
2211 3975 2298 4029 21.
2323 4004 2393 4015 —
2411 3975 2589 4048 Super
2618 3980 2833 4033 terram
2862 3980 3306 4039 dominantium.
3332 3982 3539 4041 Praedi-

1937 4059 2215 4115 catoribus
2244 4061 2443 4117 Christi
2472 4064 2805 4136 praecipitur,
2840 4077 2897 4123 ut
2926 4086 3159 4143 regnum
3189 4072 3393 4128 diaboli
3423 4082 3538 4129 stu-

1935 4147 2101 4202 deant
2147 4159 2396 4206 evertcre
2430 4170 2442 4205 :
2478 4161 2532 4208 et
2570 4170 2742 4225 opera
2787 4158 2905 4225 ejus
2952 4159 3195 4233 maligna
3226 4169 3279 4217 et
3307 4163 3538 4220 consilia

1933 4236 2191 4306 pessima,
2225 4247 2283 4293 ut
2310 4240 2637 4297 interficiant
2674 4260 2866 4301 omnes
2901 4257 3225 4318 peccatores
3257 4259 3438 4322 terrae,
3470 4261 3523 4308 et

1932 4324 2251 4395 disperdant
2279 4328 2349 4384 de
2378 4329 2596 4386 civitate
2636 4333 2852 4389 Domini
2883 4352 3076 4393 omnes
3106 4348 3399 4410 operantcs
3426 4341 3535 4396 ini-

1951 4413 2231 4485 quitatem.

1873 4515 1926 4574 D
2000 4521 2171 4577 Vnus.
2225 4527 2315 4581 23.
2350 4556 2419 4569 -
2451 4527 2727 4594 Quomodo
2776 4534 3125 4603 confractus,
3178 4542 3282 4591 etc.
3316 4536 3534 4610 (ORIG.)

1938 4610 2166 4691 Malleus
2214 4613 2484 4671 universae
2532 4626 2712 4687 terra},
2767 4619 3019 4676 diabolus
3051 4631 3153 4678 est.
3188 4624 3296 4681 Sed
3327 4636 3411 4682 est
3440 4629 3534 4700 qui

1937 4715 2047 4754 non
2077 4709 2232 4756 curat
2271 4703 2340 4757 de
2388 4706 2584 4761 malleo
2632 4708 2902 4765 universae
2949 4719 3112 4767 terrae
3158 4713 3243 4770 vir
3292 4716 3523 4788 scilicet,

1937 4796 2087 4843 stans
2118 4808 2285 4862 super
2313 4810 2500 4848 muros
2531 4796 2942 4870 Adamantinos,
2978 4810 3105 4871 etc.,
3140 4819 3315 4877 usque
3335 4807 3536 4881 adlegi

1935 4878 2076 4932 enim
2109 4881 2207 4935 Dei
2237 4898 2346 4936 non
2377 4883 2677 4955 subjicitur,
2728 4904 2908 4959 neque
2957 4890 3100 4946 enim
3129 4901 3327 4964 potest,
3361 4904 3414 4951 et
3443 4878 3533 4951 iri-

1933 4975 2096 5022 venta
2135 4978 2217 5023 est
2262 4971 2525 5043 Babylon,
2562 4983 2615 5030 et
2661 4979 3061 5049 comprehensa
3093 4998 3107 5035 :
3141 4983 3268 5054 quia
3297 4985 3530 5043 Domino

1932 5056 2153 5112 restitit.

1999 5164 2169 5219 Vnus.
2202 5167 3385 5249 25-27.—AperuitDo-minusthesaurum,
3421 5191 3528 5242 etc.

1928 5251 2058 5323 (In.)
2088 5254 2209 5310 Alia
2239 5255 2441 5312 editio:
2468 5259 2691 5332 Aperite
2719 5264 3018 5335 apothecas
3048 5269 3186 5340 ejus,
3222 5277 3350 5340 etc.,
3376 5281 3434 5329 ut
3455 5275 3530 5330 ait

1926 5343 2221 5411 Apostolus
2263 5344 2439 5416 (Rom.
2473 5348 2591 5418 v1):
2634 5352 2884 5408 Pertulit
2916 5356 2978 5410 in
3015 5358 3203 5414 multa
3239 5363 3529 5431 patientia

1924 5445 2057 5487 vasa
2078 5433 2181 5488 irw
2196 5440 2520 5507 praeparata
2536 5439 2603 5495 in
2617 5439 2999 5512 perditionem
3020 5461 3189 5519 super
3208 5464 3343 5506 vasa
3362 5453 3528 5507 mise-

1922 5520 2196 5588 ricordiae,
2222 5529 2327 5579 etc.
2352 5524 2458 5579 Alii
2489 5543 2625 5601 ergo
2661 5544 2799 5584 vasa
2828 5531 3239 5606 misericordiae,
3274 5538 3367 5594 alii
3394 5554 3528 5595 vasa

1920 5605 2035 5677 irae,
2067 5616 2195 5680 etc.,
2230 5629 2400 5686 usque
2429 5615 2501 5671 ad
2531 5616 2624 5688 qui
2653 5619 2849 5675 asserit
2880 5621 3065 5678 sidera
3094 5640 3203 5679 non
3227 5605 3355 5681 esse
3386 5640 3518 5682 cau-

1898 5711 2008 5753 ,sas
2038 5714 2230 5757 eorum
2261 5719 2385 5775 quae
2408 5702 2546 5762 fiunt
2574 5722 2740 5780 super
2770 5715 2993 5782 terram,
3025 5712 3300 5785 praecipue
3323 5730 3523 5774 eorum
