4000 6182
318 374 331 379 _
426 315 494 368 59
920 278 1325 369 WA’LAFRIDI
1352 311 1597 368 STRABI
1627 313 1827 369 FULD.
1860 310 2034 369 MON.
2070 309 2223 369 OPP.
2259 314 2437 372 PARS
2468 315 2509 371 Ι.
2544 345 2613 357 -
2642 313 3119 373 THEOLOGICA.
3669 315 3736 368 60

437 453 558 511 quae
588 435 910 495 Christianis
938 436 1194 495 accidunt
1218 453 1232 493 :
1265 445 1608 513 praeceptum
1628 437 1845 496 Domini
1875 452 2037 495 exse-
2066 436 2124 499 A
2143 437 2346 495 videris
2374 456 2635 514 magnum
2665 441 2781 511 ejus
2810 456 2967 513 opus,
3002 438 3277 513 quomodo
3316 437 3583 495 subvertit
3610 454 3736 495 om-

440 526 642 600 quitur.
780 556 807 570 -

510 616 660 674 Vens
679 619 766 675 28.
792 647 860 659 ——
888 618 999 677 Vox
1026 620 1395 691 fugientium.
1428 616 1643 688 (Οιιια.)
1677 617 1893 674 Utinam
1915 617 2036 673 haec

436 713 584 764 esset
612 714 801 764 nostra
828 723 951 776 vox,
986 722 1018 762 ο
1050 707 1444 775 catechumeni,
1480 705 1803 779 fugientium
1833 706 1903 761 de
1930 707 2036 761 Ba-

437 796 655 868 bylone,
681 804 734 852 et
755 796 1096 871 fugientium,
1131 804 1259 865 etc.,
1293 811 1467 869 usque
1486 795 1558 852 ad
1578 793 1824 851 interﬁce
1846 810 2039 851 omnes

433 894 753 957 peccatores
788 894 970 954 terrae,
1005 885 1097 957 qui
1127 885 1191 940 in
1226 892 1278 941 te
1309 893 1452 954 sunt,
1487 892 1540 940 et
1568 899 1759 940 omnes
1805 882 2037 955 Babylo-

435 974 576 1044 nios,
625 982 685 1029 ut
728 974 909 1046 possis
955 973 1249 1030 mundatus
1294 973 1350 1029 in
1388 973 1674 1030 Jerusalen
1724 972 2039 1047 transgredi

438 1062 714 1119 civitatem
743 1062 861 1118 Dei.

508 1170 677 1225 Vens.
714 1173 800 1225 3t.
833 1200 901 1211 -
930 1171 1067 1227 Ecce
1088 1186 1184 1241 ego
1204 1169 1276 1226 ad
1307 1173 1380 1225 te.
1413 1168 1600 1242 (ΗΑΒ.)
1630 1169 1857 1241 Mystice
1888 1186 2029 1242 prae-

2132 526 2223 582 nia
2250 528 2504 602 dogmata
2548 530 2811 602 gentium,
2846 537 2903 585 ut
2932 528 3219 585 credentes
3248 528 3318 584 de
3349 527 3557 583 erroris
3597 529 3758 608 jugo

2134 616 2413 687 eximeret,
2447 618 2657 673 videbis
2688 619 2816 690 quia
2844 617 2900 673 in
2928 617 3184 690 passione
3213 618 3330 687 ejus
3360 616 3605 688 Babylon
3634 633 3733 673 su-

2135 705 2247 762 bito
2278 707 2484 763 corruit
2514 716 2568 763 et
2598 706 2831 764 contrita
2860 714 2943 762 est
2975 726 2990 775 ;
3025 706 3207 762 videat
3238 705 3472 778 quisque
3502 705 3736 777 Babylo-

2134 811 2262 851 nem
2290 795 2343 850 in
2371 804 2595 867 pectore
2625 812 2725 851 suo
2754 794 3049 851 corruisse.
3082 795 3142 852 In
3173 795 3329 865 cujus
3375 794 3521 850 enim
3565 795 3737 851 corde

2135 899 2244 940 non
2275 884 2490 954 cecidit,
2544 884 2790 940 Christus
2822 883 2872 940 ei
2902 884 3144 939 nondum
3191 883 3412 939 advenit
3444 901 3457 938 :
3491 882 3736 959 Babylon

2137 972 2265 1042 ruit,
2300 972 2606 1032 aediﬁcatus
2635 973 2940 1030 Jerusalem
2971 973 3162 1030 civitas
3193 980 3384 1030 sancta
3415 972 3533 1030 Dei.

2215 1084 2456 1140 Ululate.
2490 1074 2699 1154 (Hreni)
2731 1080 2873 1151 Quia
2900 1081 3052 1137 nulla
3080 1080 3262 1138 anima
3292 1079 3437 1153 apud
3466 1081 3639 1137 Deum
3662 1082 3747 1137 in-

2141 1170 2420 1240 sanabilis,
2454 1170 2744 1227 consilium
2771 1171 2865 1225 dat
2895 1170 2974 1226 eis
3006 1170 3097 1242 qui
3126 1178 3374 1241 possunt,
3410 1177 3538 1240 etc.,
3560 1187 3740 1244 usque

438 1258 652 1314 nuntiat
695 1257 1048 1327 Antichristo,
1083 1258 1175 1330 qui
1225 1257 1515 1313 extolletur
1564 1275 1730 1330 super
1778 1274 1939 1315 omne
1987 1258 2043 1314 id
2140 1260 2212 1316 ad
2242 1260 2339 1315 sed
2370 1259 2499 1332 quia
2526 1259 2699 1316 noluit
2737 1260 2939 1329 curari,
2975 1257 3313 1315 satisfaciunt
3362 1258 3491 1314 boni
3539 1259 3739 1315 medici

438 1348 585 1419 quod
614 1346 813 1404 dicitur
842 1347 1010 1416 Deus,
1053 1355 1181 1417 etc.,
1237 1363 1411 1420 usque
1441 1348 1514 1403 ad
1544 1347 1673 1419 quia
1701 1363 1811 1403 non
1842 1348 2042 1403 timue-

434 1444 561 1491 runt
590 1435 917 1492 calumniam
946 1443 999 1491 et
1026 1435 1396 1507 captivitatem
1442 1437 1649 1509 populo
1680 1436 1781 1492 Dei
1811 1436 2042 1499 inferre.

503 1525 674 1580 Vens.
698 1526 786 1581 3'7.
809 1556 878 1565 —
898 1526 967 1581 Et
988 1529 1159 1581 erunt
1176 1527 1338 1597 quasi
1359 1527 1651 1582 mulieres.
1687 1526 1818 1597 ([n.)
1842 1525 2046 1581 Imbel-

430 1614 513 1669 les
543 1613 701 1686 quasi
744 1613 1022 1682 mulieres,
1072 1629 1173 1685 per
1218 1612 1405 1669 Medos
1435 1620 1487 1669 et
1516 1614 1713 1669 Persas
1762 1613 2033 1669 destruxit

446 1717 561 1773 eos,
597 1709 725 1770 etc.,
757 1718 931 1775 usque
959 1702 1030 1757 ad
1051 1701 1179 1774 quia
1198 1717 1483 1775 synagoga
1504 1718 1693 1757 eorum
1715 1706 1871 1759 terra
1889 1703 2033 1759 scul-

2143 1356 2196 1403 et
2224 1348 2411 1404 dicunt
2444 1366 2457 1403 :

2214 1437 2385 1492 Vens.
2420 1441 2471 1493 9.
2505 1468 2574 1478 —
2608 1439 2959 1496 Curavimus.
3012 1436 3226 1509 (Οιιια.)
3253 1435 3390 1493 Vide
3420 1451 3491 1493 ne
3518 1437 3741 1509 quando

2144 1525 2356 1600 angelis
2376 1525 2657 1599 praecipiat
2676 1528 2825 1583 Deus
2862 1524 3147 1601 languenti
3165 1525 3359 1581 animae
3380 1532 3483 1581 tuae
3502 1525 3740 1582 medica-

2144 1615 2291 1670 mina
2321 1614 2611 1687 conficere,
2646 1624 2774 1685 etc.,
2798 1632 2972 1689 usque
2992 1616 3064 1672 ad
3082 1613 3290 1687 profert
3308 1615 3458 1671 Deus
3470 1615 3740 1685 judicium

2146 1721 2306 1760 suum
2334 1705 2405 1760 ad
2432 1704 2825 1761 humiliandum
2858 1704 3004 1777 quod
3034 1704 3327 1760 exaltatum
3356 1712 3458 1759 est.

433 1793 672 1883 ﬁmum
718 1796 821 1858 εει»
857 1795 913 1847 εί
940 1792 1002 1847 in
1028 1793 1329 1864 Portenta»
1362 1790 1417 1846 id
1446 1799 1529 1847 95'-
1557 1790 1708 1851 falSiS
1754 1790 2030 1865 ῦεωειιιίε
2049 1800 2105 1863 Β
2201 1812 2372 1868 Vnus.
2400 1814 2487 1867 16.
2514 1842 2583 1853 -
2609 1812 2714 1880 Qui
2747 1813 2895 1868 levat
2923 1810 3117 1879 nubes,
3140 1810 3197 1866 id
3226 1817 3308 1867 est
3340 1811 3739 1883 praedicatores

436 1881 783 1952 gloriantur.

504 1969 674 2025 Vnns.
707 1970 795 2025 44.
828 1997 899 2011 -
926 1969 1067 2025 Ecce
1098 1970 1259 2042 quasi
1291 1969 1393 2025 leo.
1425 1967 1797 2040 (In.)Videtur
1829 1967 2031 2042 signiﬁ-

431 2071 560 2115 care
590 2057 738 2130 quod
764 2056 1294 2127 Nabuchodonosor,
1348 2063 1639 2128 postquam
1668 2073 1902 2131 regnum
1931 2057 2031 2112 Ju-

434 2146 703 2216 daeorum,
742 2154 870 2216 etc.,
902 2163 1077 2220 usque
1106 2146 1178 2203 ad
1207 2154 1260 2201 et
1287 2153 1346 2201 ut
1372 2145 1711 2202 demonstret
1757 2162 1868 2202 non
1905 2146 2033 2218 Cyri

433 2235 694 2307 potentia,
722 2236 820 2291 sed
851 2234 1070 2291 Domini
1092 2235 1300 2305 judicio
1328 2233 1534 2292 factum
1563 2251 1705 2306 esse,
1740 2235 2029 2292 subditur:

432 2324 568 2394 Quis
596 2327 751 2382 enim
779 2326 988 2382 similis
1015 2327 1129 2381 mei
1163 2328 1185 2379 .9

1056 2482 1282 2539 CAPUT
1320 2483 1405 2538 LI.

497 2645 668 2703 Vens.
695 2649 747 2701 5.
772 2674 841 2686 -
866 2644 1143 2713 Quoniam
1162 2660 1278 2700 non
1299 2645 1435 2716 fuit,
1461 2649 1566 2698 etc.
1592 2639 1735 2709 Quia
1767 2637 2033 2695 Dominus

429 2734 577 2790 misit
606 2750 701 2789 eos
731 2733 788 2789 in
816 2733 1112 2790 vindictam
1161 2731 1350 2803 populi
1388 2730 1491 2799 sui,
1527 2744 1689 2801 quem
1718 2743 1830 2783 non
1858 2725 2031 2784 corri-

424 2823 625 2896 piendo
642 2821 948 2896 castigavit,
997 2821 1095 2877 sed
1126 2820 1404 2877 saeviendo
1434 2817 1687 2876 contrivit
1711 2816 1908 2886 :unde,
1948 2817 2032 2873 Va:

428 2914 623 2979 Assur,
657 2913 817 2983 virga
845 2912 1057 2983 furoris
1088 2913 1203 2966 mei
1235 2910 1364 2981 (Isa.
1396 2909 1478 2980 χ).

500 3002 670 3059 Vens.
698 3004 749 3055 6.
773 3031 842 3041 —
864 3002 1060 3071 Fugite
1082 3000 1147 3055 de
1177 3000 1378 3065 medio,
1414 3005 1518 3054 etc.
1552 2996 1679 3051 Post
1708 2993 1904 3068 plagas
1933 2994 2032 3049 Ba-

424 3089 658 3164 bylonis,
692 3088 762 3145 ad
791 3088 1009 3143 Iudaeos
1036 3088 1315 3157 historice,
1348 3087 1419 3142 ad
1449 3084 1640 3141 ﬁdeles
1686 3084 1914 3156 mystice
1944 3100 2031 3137 ex-

425 3179 791 3236 hortationem
831 3178 1117 3248 convertit,
1154 3185 1210 3232 ut
1240 3176 1451 3250 fugiant
1481 3176 1549 3231 de
1579 3174 1763 3231 medio
1791 3172 2029 3245 Babylo-

424 3269 530 3339 nis,
564 3268 621 3324 id
650 3276 733 3323 est
760 3267 1048 3323 mundanae
1079 3266 1435 3323 confusionis.

502 3374 717 3447 (Οιιισι.)
744 3375 869 3431 Non
915 3374 1189 3447 gradatim
1238 3372 1463 3442 scilicet,
1514 3386 1624 3426 non
1671 3367 2021 3441 pedetentim,

430 3464 529 3520 sed
575 3463 839 3520 velociter
895 3463 1053 3531 exite,
1117 3462 1426 3535 quicunque
1475 3460 1757 3517 confusam
1813 3457 2027 3513 habetis

427 3552 687 3621 animam,
722 3560 850 3622 etc.,
884 3567 1056 3625 usque
1086 3552 1158 3607 ad
1188 3550 1465 3619 Similiter,
1518 3549 1736 3621 quando
1766 3555 1890 3602 sunt
1919 3546 2027 3600 mi-

427 3658 568 3698 nora
596 3650 842 3714 peccata,
875 3639 1138 3696 ministris
1186 3640 1355 3695 utitur
1402 3640 1548 3695 Deus
1581 3656 1595 3692 :
1629 3636 1848 3709 quando
1894 3650 2028 3693 vero

428 3731 707 3807 graviora,
742 3739 871 3788 tunc
899 3731 970 3786 ad
1026 3729 1441 3785 retributionem
1472 3727 1588 3799 ipse
1619 3725 1855 3782 festinat.

500 3839 671 3896 Vens.
697 3840 749 3893 7.
773 3870 842 3879 —
869 3839 1036 3896 Catia:
1066 3854 1293 3903 aureus,
1330 3845 1432 3892 etc.
1459 3836 1583 3889 Non
1603 3840 1685 3889 est
1706 3848 1924 3904 semper
1944 3847 2032 3888 ca-

427 3927 502 3985 lix
533 3945 735 3984 aureus
764 3926 1059 3997 Babylonis
1081 3926 1168 3981 vel
1189 3926 1244 3979 in
1264 3940 1430 3979 manu
1462 3922 1677 3977 Domini
1701 3939 1714 3975 :
1740 3938 1864 3977 cum
1886 3920 2030 3975 enim

429 4017 501 4073 ad
528 4016 825 4072 vindictam
853 4015 1061 4070 venerit
1092 4022 1145 4069 et
1174 4014 1227 4067 in
1260 4028 1424 4067 manu
1454 4010 1670 4066 Domini
1700 4010 1878 4081 posita
1907 4009 2030 4064 fue-

427 4105 517 4175 rit,
552 4103 814 4160 ef’ﬁcietur
844 4112 995 4158 terra
1023 4118 1143 4173 quin
1174 4101 1319 4157 facta
1347 4100 1504 4155 estin
1523 4099 1649 4153 Job.
1684 4099 1801 4154 Nec
1824 4098 2032 4170 jugiter

427 4194 485 4249 in
515 4208 679 4249 manu
709 4192 927 4249 Domini
975 4192 1282 4248 continetur
1315 4209 1330 4258 ;
1363 4189 1461 4243 sed
1490 4197 1619 4244 tunc
1667 4196 1876 4243 tantum
1907 4202 2029 4243 cum

432 4283 683 4340 restituet
711 4282 763 4338 ei
793 4280 1059 4337 Dominus
1091 4279 1237 4351 quod
1265 4287 1526 4333 meretur.

505 4389 720 4463 (Οιιια.)
756 4390 924 4447 Calia:
951 4403 1177 4443 aureus.
1202 4385 1714 4441 Nabuchodonosor
1734 4383 1923 4439 volens
1942 4382 2034 4438 de-

432 4481 618 4553 cipere
649 4479 898 4535 homines
929 4495 1029 4550 per
1057 4476 1285 4532 calicem
1332 4474 1644 4545 Babylonis,
1676 4489 1785 4527 non
1814 4471 2031 4527 miscuit

435 4569 493 4625 in
524 4585 653 4624 vase
684 4567 854 4634 ﬁctili,
880 4576 1007 4635 etc.,
1041 4582 1214 4639 usque
1234 4565 1306 4620 ad
1334 4580 1478 4634 saepe
1508 4562 1619 4619 vidi
1650 4576 1880 4617 aureum
1912 4560 2039 4616 cali-

446 4674 567 4714 cem
597 4657 653 4712 in
681 4656 912 4727 pulchro
946 4654 1215 4711 sermonis
1262 4661 1478 4721 ornatu,
1512 4659 1565 4707 et
1593 4652 1907 4723 dogmatum
1936 4665 2037 4704 ve-

436 4762 581 4803 nena
611 4746 989 4812 considerans,
1023 4742 1362 4815 deprehendi
1392 4741 1620 4798 calicem
1648 4739 1961 4811 Babylonis.

510 4836 817 4902 Inebrians,
843 4841 948 4889 etc.
982 4834 1113 4903 (10.)
1164 4832 1301 4889 Vide
1323 4848 1513 4887 omnes
1535 4829 1783 4885 homines
1813 4827 2034 4895 ebrios;

438 4924 777 4982 inebriamur
806 4922 890 4977 ira
919 4930 972 4977 et
1004 4921 1222 4976 tristitia
1253 4939 1267 4976 :
1299 4920 1655 4987 inebriamur,
1699 4925 1827 4986 etc.,
1863 4932 2037 4989 usque

435 5014 509 5071 ad
538 5013 608 5069 ab
639 5028 705 5068 eo
734 5027 926 5068 omnes
956 5010 1294 5065 inebriamur
1343 5010 1581 5081 quandiu
1629 5016 1779 5062 terra
1826 5022 2032 5060 sumus.

507 5104 585 5160 De
614 5103 762 5159 vino.
796 5099 927 5171 (11).)
958 5100 1107 5156 Sicut
1138 5098 1195 5153 in
1222 5098 1327 5165 his,
1372 5098 1462 5169 qui
1511 5097 1699 5153 vinum
1748 5094 2036 5168 corporale

436 5190 630 5247 bibunt
659 5205 827 5263 supra
855 5203 1190 5256 mensuram,
1225 5186 1471 5244 videmus
1493 5186 1631 5241 ebrii
1653 5185 1900 5258 corporis
1922 5199 2037 5240 mo-

438 5288 573 5350 tum,
608 5287 736 5350 etc.,
771 5295 945 5354 usque
976 5279 1049 5335 ad
1079 5277 1334 5333 biberunt
1364 5284 1576 5350 gentes,
1599 5274 1724 5332 ideo
1748 5281 2035 5347 commota:

442 5376 587 5426 sunt.
875 5422 882 5428 .

509 5459 680 5515 Vnns.
715 5461 768 5512 8.
800 5488 870 5499 -
900 5457 1091 5515 Subito
1124 5456 1346 5513 cecidit.
1383 5452 1666 5527 Signiﬁcat
1693 5467 2040 5510 consumma-

439 5549 642 5608 tionem
672 5547 861 5603 mundi
890 5546 1069 5602 subito
1118 5546 1375 5613 futuram,
1427 5558 1548 5615 quae
1580 5558 1691 5598 non
1719 5558 1821 5614 per
1849 5548 2036 5615 partes

440 5639 541 5695 sed
571 5644 797 5711 repente
826 5635 938 5706 ﬁet,
974 5635 1113 5693 sicut
1141 5634 1359 5691 Jericho
1391 5646 1657 5690 corruens
1688 5631 1794 5688 cito
1822 5630 1910 5687 vel
1940 5646 2037 5685 su-

440 5729 554 5790 bito
582 5728 763 5803 periit.
799 5725 854 5786 Si
884 5733 1064 5784 autem
1095 5724 1311 5783 veneris
1331 5723 1401 5781 ad
1422 5721 1714 5782 adventum
1742 5720 1959 5792 Christi,
1985 5726 2043 5776 et

2133 1908 2186 1957 et
2214 1900 2531 1972 prophetas,
2566 1900 2659 1972 qui
2688 1916 2791 1956 nos
2821 1915 2854 1956 a
2884 1898 3069 1957 calore
3117 1898 3284 1956 futuri
3325 1899 3516 1970 judicii
3546 1899 3739 1956 defen-

2133 1989 2267 2045 dunt
2295 1988 2471 2044 imbre
2503 1988 2705 2062 eloquii
2734 1988 2835 2059 sui,
2871 2003 2996 2046 cum
3024 1987 3207 2046 futura
3235 1988 3585 2060 depromunt.
3611 1991 3743 2047 Ful-

2131 2096 2295 2151 gura.
2332 2077 2729 2135 Przedicatores
2756 2078 3151 2150 prophetarum
3181 2076 3401 2152 fulgura
3431 2085 3575 2147 sunt,
3611 2092 3738 2135 cum

2132 2167 2382 2223 inimicos
2410 2167 2721 2238 percutiunt
2756 2185 2769 2222 :
2810 2166 3029 2238 pluviae,
3064 2181 3188 2223 cum
3217 2166 3446 2223 devotos
3473 2182 3505 2221 a
3534 2182 3738 2238 pecca-

2133 2256 2201 2310 tis
2231 2256 2477 2325 abluunt,
2511 2264 2564 2311 et
2594 2255 2827 2311 imbrem
2848 2255 3040 2311 salutis
3069 2254 3361 2311 infundunt
3394 2273 3408 2310 :
3442 2256 3587 2311 unde
3618 2256 3738 2328 spi-

2133 2344 2359 2401 rituales
2389 2344 2698 2419 germinent
2745 2344 2973 2415 fructus,
3010 2351 3065 2401 et
3093 2344 3150 2399 in
3179 2352 3449 2399 maturam
3495 2360 3737 2401 messem

2132 2434 2466 2491 coalescant.
2499 2436 2569 2490 Et
2591 2433 2856 2508 producit
2900 2438 3096 2492 ventos
3125 2433 3192 2490 de
3224 2433 3526 2490 thesauris.
3576 2434 3739 2491 Venti

2132 2531 2259 2579 sunt
2300 2522 2553 2594 apostoli,
2587 2539 2822 2594 quorum
2849 2521 3165 2594 praedicatio
3183 2520 3458 2594 percurrit
3474 2523 3738 2578 mundum

2132 2619 2392 2685 tanquam
2420 2619 2615 2668 ventus
2646 2611 2967 2668 celerrimus
2991 2630 3005 2667 :
3028 2612 3097 2667 de
3118 2611 3316 2684 quibus
3337 2612 3467 2666 alibi
3495 2612 3696 2668 dicitur
3720 2630 3735 2669 :

2132 2703 2383 2775 Sagittas
2399 2718 2529 2758 suas
2545 2702 2874 2758 ardentibus
2891 2701 3077 2773 effecit
3099 2701 3272 2772 (Psal.
3292 2700 3414 2771 vn).
3434 2700 3573 2773 Ipsis
3591 2701 3739 2758 enim

2131 2791 2308 2846 ventis
2336 2807 2529 2863 pennze
2555 2800 2782 2862 propter
2800 2790 3084 2847 discursus
3112 2790 3447 2847 celeritatem
3491 2790 3740 2847 tribuun-

2132 2888 2250 2947 tur;
2269 2881 2443 2936 unde:
2474 2882 2680 2938 Volavit
2702 2896 2871 2953 super
2888 2896 3110 2953 pennas
3128 2885 3428 2936 ventorum
3446 2880 3605 2950 (Ibid.
3626 2882 3734 2951 χι).

2202 2971 2371 3026 Vnns.
2400 2971 2484 3025 17.
2505 3001 2574 3011 -
2594 2970 2817 3027 Stultus
2837 2972 3027 3042 factus
3048 2974 3152 3025 est.
3180 2970 3325 3025 Bene
3356 2976 3481 3040 post
3509 2968 3739 3025 subver-

2129 3059 2338 3115 sionem
2392 3060 2683 3131 Babylonis
2730 3058 3086 3130 reprehendit
3134 3057 3495 3114 fabricatores
3544 3058 3729 3114 idolo-

2052 3166 2102 3230 α
2130 3166 2271 3219 rum,
2305 3148 2433 3222 quia
2455 3166 2556 3220 per
2584 3149 2865 3204 stultitiam
2893 3149 3146 3204 humanae
3195 3147 3393 3204 mentis
3439 3146 3581 3204 facta
3610 3156 3739 3204 sunt

2129 3253 2302 3310 opera
2329 3253 2471 3294 vana
2499 3246 2552 3293 et
2580 3238 2695 3295 risu
2725 3238 2895 3311 digna
2927 3255 2941 3292 :
2975 3237 3104 3310 quia
3136 3251 3240 3293 nec
3287 3236 3512 3308 spiritus
3541 3237 3598 3291 in
3626 3237 3729 3306 eis,

2127 3344 2230 3384 nec
2261 3343 2385 3396 vox,
2416 3342 2519 3383 nec
2549 3326 2662 3383 ulla
2691 3326 2970 3383 efﬁcacia:
3004 3326 3149 3381 unde
3180 3330 3283 3382 nec
3314 3342 3392 3394 se,
3426 3341 3530 3383 nec
3560 3325 3739 3383 culto-

2131 3434 2222 3473 res
2252 3433 2382 3473 suos
2412 3416 2468 3471 in
2498 3416 2588 3471 die
2620 3416 2944 3472 visitationis
2973 3415 3213 3471 liberare
3244 3423 3493 3487 possunt.

2202 3526 2481 3595 Confusus
2535 3528 2637 3580 est.
2691 3524 2878 3594 (ΗΑΒ.)
2930 3524 3317 3578 Demonstrata
3374 3522 3737 3579 subversione

2127 3613 2439 3684 Babylonis,
2474 3613 2615 3668 redit
2643 3614 2910 3683 propheta
2933 3612 3003 3666 ad
3024 3620 3307 3667 auctorem
3339 3610 3471 3665 tanti
3496 3611 3691 3680 judicii

2129 3702 2257 3775 quia
2293 3719 2404 3757 non
2433 3710 2515 3761 est
2560 3708 2805 3773 potestas
2834 3700 2940 3755 nisi
2969 3716 3002 3755 a
3032 3701 3164 3769 Deo,
3200 3700 3293 3771 qui
3322 3699 3633 3755 dominatur
3661 3699 3720 3756 in

2127 3808 2303 3865 regno
2330 3791 2639 3859 hominum,
2673 3797 2726 3844 et
2756 3789 2843 3845 cui
2875 3788 3108 3845 voluerit
3139 3788 3287 3843 dabit
3326 3788 3479 3844 illud.

2201 3900 2369 3955 Vnus.
2401 3902 2490 3955 25.
2524 3927 2594 3938 —
2623 3898 2760 3954 Ecce
2788 3913 2903 3969 ego,
2940 3905 3044 3952 etc.
3078 3896 3233 3950 Mons
3263 3895 3509 3967 pestifer,
3544 3897 3738 3951 Nabu-

2129 3988 2496 4055 chodonosor,
2532 3994 2584 4041 et
2613 4002 2845 4058 regnum
2876 3984 3274 4040 Chaldaeorum
3299 4004 3314 4053 ;
3345 3985 3433 4040 vel
3460 3984 3736 4056 diabolus,

2130 4077 2223 4149 qui
2244 4076 2373 4131 alibi
2393 4091 2552 4130 mons
2571 4074 2925 4147 caliginosus,
2958 4082 3186 4146 propter
3216 4074 3472 4129 tenebras
3502 4074 3735 4143 erroris,

2124 4166 2343 4221 dicitur.
2380 4167 2449 4219 Et
2479 4165 2615 4222 dabo
2648 4168 2721 4219 te.
2757 4164 2842 4218 Ad
2870 4164 3016 4218 hunc
3047 4171 3285 4218 montem
3334 4163 3606 4234 pertinent
3633 4163 3740 4218 Ju-

2123 4254 2249 4323 daei,
2283 4253 2545 4321 haeretici,
2599 4252 2921 4323 blasphemi,
2957 4260 3010 4307 et
3042 4268 3235 4307 omnes
3268 4252 3439 4323 impii,
3474 4252 3565 4323 qui
3596 4268 3736 4323 per-

2123 4344 2323 4398 durant
2353 4343 2408 4397 in
2436 4341 2661 4410 malitia,
2702 4358 2806 4397 nec
2853 4348 3246 4398 convertuntur
3276 4350 3333 4397 ut
3362 4339 3493 4397 fiant
3519 4341 3737 4413 lapides

2126 4432 2235 4489 vivi
2265 4432 2321 4486 in
2359 4430 2601 4487 ardificio
2620 4431 2740 4487 Dei.

2066 4532 2119 4593 D
2193 4540 2363 4595 Vnns.
2400 4541 2487 4593 30.
2521 4570 2590 4579 —
2625 4540 3013 4605 Cessaverunt,
3067 4545 3174 4595 etc.
3210 4537 3473 4594 Veniente
3503 4537 3645 4610 Cyro
3679 4547 3736 4594 et

2137 4628 2305 4684 Dario
2350 4627 2586 4684 cessavit
2631 4628 2801 4682 robur
2848 4628 3139 4698 Babylonis
3170 4636 3223 4682 et
3261 4627 3566 4698 principum
3596 4627 3737 4695 ejus.

2208 4718 2377 4774 Vnns.
2412 4721 2499 4772 33.
2534 4747 2602 4757 —
2634 4718 2782 4773 Filia
2820 4717 3117 4789 Babylonis
3149 4725 3253 4771 etc.
3289 4716 3410 4771 Fuit
3439 4716 3596 4786 plebs
3625 4716 3737 4771 Ba-

2138 4807 2370 4879 bylonis,
2407 4806 2624 4878 quando
2661 4822 2761 4877 per
2810 4805 3103 4876 potentiam
3152 4805 3309 4878 regni
3340 4813 3394 4861 et
3423 4804 3736 4860 divitiarum

2134 4895 2524 4950 abundantiam
2571 4895 2859 4950 triturabat
2889 4902 2942 4948 et
2970 4894 3291 4950 conterebat
3338 4901 3532 4967 gentes
3582 4910 3596 4947 :
3635 4894 3739 4949 sed

2138 4994 2352 5057 tempus
2381 4983 2671 5039 messionis
2693 4985 2809 5053 ejus
2842 4983 2987 5039 venit
3031 4998 3155 5040 cum
3224 4983 3439 5056 cogitur
3486 4982 3738 5054 recipere

2141 5074 2287 5147 quod
2317 5073 2508 5147 gessit,
2533 5072 2603 5128 de
2624 5088 2731 5144 qua
2761 5089 2826 5127 ex
2856 5088 3097 5144 persona
3125 5072 3364 5129 Iudaica:
3393 5071 3574 5143 plebis
3603 5086 3740 5128 con-

2141 5171 2436 5235 sequenter
2466 5161 2700 5218 dicitur:
2729 5163 2979 5219 Comedit
3008 5178 3098 5219 me
3128 5161 3486 5219 etdevoravit
3512 5176 3603 5217 me
3634 5160 3743 5218 Na-

2139 5252 2573 5317 buchodonosor,
2605 5268 2711 5308 rex
2741 5251 3057 5324 Babylonis.

2209 5361 2279 5416 Et
2310 5359 2596 5416 desertum
2642 5360 2856 5430 faciam
2901 5374 3078 5423 mare,
3133 5364 3241 5413 etc.
3292 5356 3478 5427 (ΚΑΒ.)
3508 5354 3741 5427 Mystice

2137 5463 2292 5506 mare
2321 5448 2483 5519 hujus
2514 5447 2698 5506 sarculi
2728 5446 3002 5521 signiﬁcat
3033 5446 3441 5516 turbulentiam,
3466 5445 3612 5519 quod
3632 5446 3747 5502 Do—

2137 5540 2315 5596 minus
2346 5539 2622 5595 desertum
2668 5538 2839 5611 ponit.
2889 5537 3075 5594 Faciet
3123 5537 3268 5593 enim
3299 5552 3519 5595 cessare
3548 5536 3741 5592 luxum

2138 5630 2274 5700 ejus,
2309 5636 2363 5685 et
2392 5627 2801 5700 dissipabuntur
2842 5624 3033 5697 iniqui,
3083 5626 3176 5699 qui
3224 5625 3527 5685 confusioni
3574 5640 3741 5682 erro-

2139 5735 2262 5777 rum
2292 5717 2656 5790 vitiorumque
2688 5715 3089 5773 deserviebant.
