4000 6182
393 295 461 347 63
936 289 1341 347 WALAFRIDI
1378 286 1623 346 STRABI
1660 290 1862 347 FULD.
1895 288 2069 347 MON.

2111 288 2265 348 ore.
2307 289 2484 347 riuis
2521 290 2562 347 ι.
2604 320 2673 334 -
2710 248 3187 350 ΤΗΕοιοαῐοᾸ.
3637 299 3708 353 et

1847 578 2229 652 TI-IRENI.

465 755 646 813 Editio
675 755 1066 836 Duagensium-
1081 754 1469 836 theologorum
1511 753 1652 810 libro
1683 754 2197 836 _Lamentationum_
2226 754 2661 836 Expositionem
2685 756 2923 836 annectit
2970 758 3249 815 Paschasii
3267 758 3568 836 _Ra_tpe_rt_i,
3593 762 3702 836 _qui

395 829 539 886 circa
565 844 768 883 annum
793 827 1010 883 Domini
1040 829 1143 881 880
1174 826 1373 882 ﬂoruit.
1417 827 1567 882 Hanc
1586 833 1751 891 certe,
1784 834 1841 880 ut
1867 826 2025 880 annis
2058 826 2418 951 quadraginta
2448 828 2704 899 Ratperto
2752 828 2953 893 senior,
2995 844 3106 884 non
3151 830 3305 887 novit
3337 826 3699 899 Walafridus,

397 907 452 951 et
487 898 617 951 ideo
638 914 782 951 nunc
808 897 1163 951 omittendam
1183 897 1516 951 censuimus.
1540 913 1667 951 mox
1696 896 1835 951 inter
1860 895 2045 951 Opera
2108 897 2343 951 aschasii
2364 898 2604 951 Ratnerti
2636 913 2734 951 suo
2762 898 2883 951 loco
2904 900 3079 951 daturi
3116 900 3348 951 (Em-ixi.

397 907 452 956 et
487 898 617 956 ideo
638 914 782 956 nunc
808 897 1163 955 omittendam
1183 897 1516 965 censuimus,
1540 913 1667 952 mox
1696 896 1835 953 inter
1860 895 2045 970 Opera
2067 895 2343 954 Paschasii
2364 895 2604 970 Ratperti
2636 913 2734 956 suo
2762 898 2883 957 loco
2904 900 3079 956 daturi
3116 900 3348 972 (Eum).

1521 1181 2060 1256 PROPHETIA
2107 1183 2498 1303 B.ARUCH
2515 1239 2533 1257 .

1011 1464 1393 1522 PREFATIO.
2100 1465 2272 1523 multa
2298 1466 2368 1522 de
2398 1466 2616 1523 Christo
2635 1465 3056 1539 novissimisque
3076 1467 3414 1539 temporibus
3434 1469 3702 1528 indicant.

472 1571 635 1628 Liber
693 1573 813 1639 iste,
847 1572 939 1643 qui
995 1572 1210 1629 Baruch
1254 1572 1474 1628 nomine
1531 1579 1886 1644 praenotatur,
1945 1573 2001 1627 in

399 1661 633 1717 Hebraeo
663 1675 872 1717 canone
902 1676 1010 1716 non
1039 1660 1291 1727 habetur,
1327 1661 1424 1716 sed
1445 1668 1653 1716 tantum
1681 1649 1737 1714 in
1767 1660 2002 1733 Vulgata

399 1749 637 1806 editione
667 1758 711 1816 ι,
774 1748 1023 1805 similiter
1070 1758 1124 1805 et
1180 1749 1412 1821 epistola
1439 1749 1709 1805 Jeremiie.
1773 1751 2003 1820 Propter

399 1838 645 1895 notitiam
677 1846 859 1894 autem
916 1838 1214 1912 legentium
1269 1838 1357 1895 hic
1413 1838 1618 1910 scripta
1673 1846 1818 1905 sunt,
1876 1837 2004 1910 quia

2173 1608 2447 1683 (Antiqua
2491 1611 2846 1683 eatemplaria
2878 1610 3081 1669 Glossar:
3118 1611 3423 1668 ordinaria:
3471 1598 3700 1671 tantum

2104 1698 2495 1754 tantummodo
2524 1700 2743 1756 Baruch
2765 1700 3053 1766 exhibent,
3078 1701 3245 1757 nulla
3264 1702 3573 1760 comitante
3602 1719 3703 1761 ex-

2102 1788 2426 1860 positione.)

398 1962 752 2091 szqulgiiita
773 1963 959 2091 editiq,
992 1963 1062 2021 de
1094 1979 1197 2038 qua
1226 1962 1284 2018 tit
1322 1962 1526 2020 mentio
1575 1962 1631 2017 in
1681 1960 1914 2035 prologo
1971 1977 2139 2035 super
2193 1965 2422 2032 Baruch,
2466 1966 2753 2038 exponitur
2790 1966 2844 2024 in
2874 1965 3105 2041 prologo
3134 1981 3297 2041 super
3332 1966 3697 2028 Ezechielem.

512 2050 604 2092 era
629 2052 665 2092 ι)
687 2050 791 2091 ana
817 2052 918 2091 sun
949 2077 961 2090 .

546 2051 604 2089 ra
629 2051 791 2107 plana
817 2051 961 2091 sunt.

1453 2322 1994 2398 PROPHETIA
2042 2322 2615 2400 EZECHIELIS.

401 2499 593 2581 (Vide
613 2492 1109 2583 Expositionem
1129 2498 1209 2559 Β.
1241 2498 1627 2583 {lieronxmi
1662 2499 1729 2561 in
1772 2498 2183 2583 Ezechielem
2230 2505 2291 2561 et
2319 2500 2611 2562 bomilias
2658 2500 2739 2562 Β.
2781 2501 3090 2583 Gregorii
3114 2503 3181 2563 in
3201 2502 3502 2583 eumdem.
3543 2502 3700 2580 Quae

480 2598 565 2645 ex
578 2577 1121 2739 aliis—attigtoribus
1163 2577 1419 2643 exhibet
1461 2577 1652 2642 editio
1694 2598 1879 2663 quam
1928 2580 2273 2662 sequimur,
2326 2587 2546 2643 cuneta
2588 2577 3023 2664 expositorbm
3078 2582 3434 2648 Walafrido
3467 2577 3693 2662 junio-

483 2679 629 2723 ram
657 2680 777 2723 sun
813 2708 827 2720 .
1262 2684 1275 2693 κ

483 2679 629 2723 ram
657 2679 857 2723 sum.)
1262 2684 1275 2693 ‘

1500 2956 1930 3032 PROPHET
1940 2958 2034 3030 [Α
2084 2956 2285 3031 DAN
2288 2957 2549 3030 IELIS.

885 3130 1075 3211 (Vide
1107 3116 1643 3197 Commentarium
1663 3133 1744 3194 Β.
1776 3133 2174 3217 Hieronymi,
2222 3132 2502 3217 Operam
2534 3134 2679 3217 ejus
2711 3137 2877 3198 tomo
2922 3134 2988 3212 V,
3023 3136 3141 3198 col.
3173 3135 3343 3215 493.)

1253 3433 1530 3505 LIBER
1579 3431 2078 3507 DUODECIM
2125 3432 2861 3509 PROPHETARUM.

1446 3609 1632 3689 (Vide
1658 3609 1739 3673 Β.
1773 3609 2252 3693 Hieronymum,
2283 3609 2397 3673 ubi
2419 3613 2665 3693 supra.)

1355 3908 2126 3983 MACHABIEORUM
2174 3909 2416 3982 LIBRI
2467 3908 2687 3983 DUO.

398 4085 558 4159 (Vide
586 4086 1014 4160 Expositionem
1074 4083 1288 4145 Rabani
1343 4082 1522 4137 Mauri
1548 4084 1612 4137 in
1644 4081 1863 4137 eosdem
1921 4083 2084 4139 libros
2130 4081 2393 4211 gOperum
2422 4084 2540 4151 ejus
2578 4083 2830 4140 editionis
2859 4092 3059 4144 nostrai
3086 4092 3233 4144 tomo
3265 4085 3379 4162 III],
3421 4103 3591 4162 quam
3620 4089 3700 4147 ad

1329 4153 1556 4211 verbum
1584 4157 1883 4211 mutuatus
1911 4158 1997 4210 est
2036 4156 2124 4211 Wa
2151 4154 2375 4211 atridas
2405 4156 2683 4211 Strabas.)

1329 4153 1556 4212 verbum
1584 4157 1883 4212 mutuatus
1911 4158 1997 4210 est
2036 4153 2375 4227 Wala/‘ridus
2405 4156 2683 4228 Strabus.)

1113 4444 1735 4519 EVANGELIUM
1788 4441 2305 4518 SECUNDUM
2354 4445 2949 4520 MATTH/EUM.

996 4780 1394 4839 PROLOGUS.
2018 4780 2075 4841 A
2103 4789 2278 4837 morte
2306 4789 2648 4854 peremptum
2678 4798 2869 4838 eorum
2906 4791 3025 4839 erat
3078 4783 3467 4854 priedicatione
3522 4782 3703 4841 viviﬁ-

2095 4870 2327 4926 candum
2361 4888 2374 4924 :
2409 4871 2551 4925 unde
2580 4879 2634 4926 et
2664 4871 2895 4927 aliorum
2926 4872 3213 4945 evangelia
3231 4873 3571 4943 deciderunt,
3596 4889 3704 4929 nec

2094 4967 2318 5029 recepta
2364 4968 2532 5014 sunt:
2568 4959 2696 5032 quia
2723 4961 2983 5016 nolebant
3029 4960 3356 5032 praefinitum
3404 4978 3699 5018 numerum

2096 5048 2302 5103 cessari
2356 5055 2582 5119 propter
2611 5048 2863 5105 virtutem
2921 5051 3270 5107 sacramenti.
3328 5051 3705 5123 Designantur

2096 5136 2260 5191 etiam
2316 5136 2666 5209 evangelistin
2696 5146 2930 5210 quatuor
2986 5137 3198 5211 ﬁguris,
3229 5154 3349 5210 quae
3406 5155 3516 5194 non
3572 5147 3705 5196 sunt

2096 5224 2444 5295 deceptoriae,
2479 5226 2577 5280 sed
2600 5226 2827 5295 jucundi
2854 5228 3102 5299 mysterii
3132 5227 3235 5282 sibi
3264 5227 3519 5284 consciae.
3552 5228 3701 5283 Mat-

2100 5315 2272 5369 thams
2298 5314 2355 5368 in
2382 5314 2600 5370 homine
2629 5315 2951 5389 intelligitur
2983 5335 2996 5371 :
3032 5316 3160 5388 quia
3188 5316 3337 5373 circa
3383 5317 3702 5373 humanita-

2101 5411 2213 5459 tem
2268 5403 2468 5459 Christi
2540 5404 2913 5477 principaliter
2966 5405 3307 5461 immoratur.
3367 5406 3586 5462 Marcus
3646 5407 3709 5463 in

2102 5491 2279 5558 leone,
2314 5492 2443 5564 quia
2471 5493 2585 5566 agit
2613 5494 2682 5549 de
2728 5494 3151 5551 resurrectione.
3186 5495 3361 5550 Lucas
3406 5494 3463 5549 in
3510 5494 3703 5563 vitulo,

396 5580 1203 5681 iii—iem'nuntiant'l‘rinjitatis:
1234 5580 1511 5670 sum
1554 5580 2004 5688 quasiﬁquatuor
2103 5596 2276 5654 θεεηε
2305 5580 2752 5688 defaﬁtrfl‘ifi‘i:
2781 5584 3059 5688 ὀξξβιῖηξεδ
3108 5582 3163 5638 in
3193 5582 3397 5655 “qui”,
3450 5584 3708 5688 δῆτίδειξδ

401 5670 926 5778 gt'minquadriga
956 5670 1201 5771 Domini"
1218 5719 1339 5777 qum
1367 5704 1513 5759 vehit
1543 5670 1667 5759 εἴη
1685 5670 2004 5775 pcr‘pmd'i-
2103 5678 2450 5778 sacramenta
2478 5670 2805 5778 Pivinitatis.
2838 5671 3084 5727 Christus
3116 5687 3249 5727 vero
3281 5688 3445 5745 quem
3484 5674 3706 5731 descri-

397 5758 1027 5869 ééﬁ'bﬁém‘ﬁgnzem;
1046 5758 1117 5852 εί
1144 5758 1321 5868 g'egus
1348 5758 1648 5851 humanam
1685 5758 2005 5866 quam“;
2066 5776 2075 5783 -
2103 5759 2256 5831 bunt,
2288 5761 2453 5818 homo
2482 5758 2582 5820 fuit
2610 5760 2678 5818 de
2707 5760 2919 5834 virgine
2947 5767 3107 5819 natus
3141 5779 3155 5818 ε
3188 5760 3389 5820 vitulus
3420 5761 3477 5819 in
3509 5761 3712 5822 immo-

469 4904 756 4960 Matthaeus
786 4920 909 4962 cum
939 4905 1117 4976 primo
1146 4906 1501 4977 priedicasset
1531 4904 1892 4978 Evangelium
1939 4903 1994 4958 in

397 4993 607 5060 Iudaea,
642 4994 833 5050 volens
879 4994 1115 5049 transire
1144 4996 1215 5049 ad
1242 5003 1454 5067 gentes,
1478 4995 1687 5065 primus
1734 4995 1993 5067 Evange-

396 5081 533 5138 lium
564 5083 782 5154 scripsit
836 5083 1153 5139 Hebraice:
1215 5083 1362 5155 quod
1419 5083 1679 5138 fratribus
1709 5098 1742 5138 a
1798 5083 1994 5154 quibus

398 5173 533 5239 ibat,
568 5172 638 5227 ad
667 5172 969 5227 memorian
1000 5171 1236 5245 reliquit.
1271 5172 1421 5227 Sicut
1468 5172 1611 5226 enim
1641 5187 1867 5227 necesse
1898 5170 1996 5226 fuit

400 5262 472 5319 ad
500 5258 966 5317 conﬁrmationem
999 5259 1125 5315 ﬁdei
1156 5260 1512 5332 Evangelium
1559 5260 1882 5331 prtedicare,
1916 5260 1996 5316 sic

397 5359 451 5408 et
480 5358 672 5407 contra
700 5350 987 5406 haereticos
1016 5348 1202 5405 scribi.
1234 5349 1370 5403 Cum
1400 5357 1581 5403 autem
1610 5348 1797 5420 plures
1815 5349 1997 5404 Evan-
2016 5351 2070 5413 B

395 5438 600 5515 gelium
632 5437 972 5509 scripserint,
1005 5447 1240 5510 quatuor
1290 5446 1498 5493 tantum
1527 5438 1729 5494 habent
1766 5438 2003 5495 auctori-

408 5528 537 5585 tatis
566 5526 931 5583 testimonium
967 5546 980 5582 :
1013 5528 1141 5599 quia
1185 5543 1285 5598 per
1324 5534 1558 5599 quatuor
1601 5527 1789 5582 mundi
1816 5534 2004 5599 partes
