4028 6178
318 356 387 409 65
1259 350 1530 408 GLOSSA
1567 350 1941 408 ORDINARIA

2054 381 2086 391 -
2122 350 2387 407 EVANG.
2430 351 2684 405 ΜΑΤΤΗ.
3563 353 3630 405 66

332 476 549 544 latione,
584 474 676 530 leo
714 474 770 528 in
809 475 1232 544 resurrectione,
1279 476 1464 547 aquila
1500 477 1555 530 in
1584 475 1927 532 ascensione.
1953 479 2009 539 Α
2037 474 2308 545 primitur,
2359 483 2416 529 ut
2463 490 2588 529 eum
2634 489 3003 548 cognosceres
3052 473 3145 546 qui
3191 490 3257 529 ex
3304 474 3420 543 ejus
3467 473 3635 546 stirpe

337 565 433 619 Vel
477 565 533 617 in
580 563 802 618 homine
850 564 1181 632 humanitas,
1231 564 1287 618 in
1332 564 1502 619 vitulo
1549 565 1935 633 sacerdotium,

329 653 387 707 in
424 652 583 707 leone
629 669 884 726 regnum,
937 653 992 706 in
1040 652 1225 724 aquila
1270 652 1591 724 exprimitur
1637 653 1941 710 Divinitatis

332 757 393 797 sa
406 749 770 798 cramentum.

465 850 681 922 Incipit
708 850 1078 922 Evangelium
1107 850 1420 906 secundum
1451 851 1801 908 Matthceum.

846 1007 1074 1066 CAPUT
1122 1010 1414 1067 PRIMUM.

399 1148 576 1205 Vsus.
612 1153 662 1205 1.
694 1181 763 1191 -
792 1152 956 1207 Liber
998 1153 1405 1224 generationis.
1456 1151 1670 1224 (Ηιειι.)
1720 1150 1938 1207 Hebraei

329 1238 698 1295 voluminibus
747 1239 861 1295 suis
891 1256 923 1295 a
950 1241 1233 1311 principiis
1281 1257 1481 1296 nomen
1528 1240 1833 1311 imponunt,
1877 1247 1936 1295 ut

328 1327 469 1383 liber
498 1328 753 1398 Genesis,
788 1337 917 1397 etc.,
942 1346 1116 1403 usque
1135 1330 1207 1385 ad
1228 1330 1325 1385 sed
1345 1329 1433 1386 hic
1452 1345 1572 1384 mos
1601 1337 1683 1384 est
1712 1330 1767 1383 in
1794 1329 1934 1383 mul-

330 1416 414 1485 tis,
447 1417 686 1474 maxime
716 1418 773 1472 in
801 1418 1102 1490 prophetis,
1154 1426 1212 1473 ut
1261 1418 1397 1475 visio
1445 1418 1618 1489 Isaim,
1672 1418 1933 1473 subaudis

324 1506 443 1562 haec
472 1513 577 1561 est.

390 1613 533 1669 Filii
560 1613 756 1669 David.
790 1612 943 1669 Ordo
970 1621 1342 1685 prmposterus
1361 1630 1429 1669 ne
1451 1614 1736 1685 prmmisso
1755 1615 1930 1669 Abra-

324 1702 471 1770 ham,
524 1702 900 1775 generationis
947 1703 1221 1758 contextio
1267 1703 1777 1775 interrumperetur.
1813 1705 1929 1758 Ho—

2039 561 2218 617 fuerat
2238 563 2563 633 promissus.

2015 721 2019 727 .
2110 669 2330 725 Fratres
2393 670 2547 724 Judze
2610 677 2881 725 memorat
2934 668 3320 741 praetermissis
3374 668 3637 725 fratribus

2040 758 2189 814 Issac
2217 766 2270 813 et
2298 758 2467 814 Jacob
2502 775 2515 811 :
2550 757 2678 829 quia
2705 758 2784 812 illi
2813 773 2847 812 a
2874 758 3077 829 populo
3121 758 3222 813 Dei
3269 757 3426 829 quasi
3472 756 3638 813 alieni

2039 854 2164 900 sunt
2192 846 2399 917 repulsi
2431 864 2445 900 :
2478 845 2533 900 hi
2562 846 2711 903 velut
2739 847 2989 902 haeredes
3018 847 3076 901 in
3101 847 3243 901 libro
3272 846 3396 903 vitaz
3424 846 3632 918 scripti,

2037 942 2091 989 et
2120 934 2276 1006 quasi
2306 934 2630 1005 patriarchae
2651 935 2960 1003 duodecim,
2985 935 3041 989 in
3062 935 3260 1007 quibus
3289 943 3344 990 et
3374 950 3637 990 numerus

2037 1024 2410 1094 apostolorum
2458 1024 2727 1107 signatur.
2780 1024 2888 1079 Sed
2934 1023 3254 1079 nominatim
3292 1040 3404 1080 non
3449 1023 3638 1095 expri-

2034 1120 2275 1181 muntur,
2327 1130 2395 1168 ne
2442 1113 2586 1168 ultra
2630 1130 2918 1169 numerum
2965 1113 3296 1170 sacramenti
3351 1113 3636 1186 generatio

2038 1202 2387 1257 extendatur.

2104 1311 2166 1364 In
2196 1309 2405 1366 semine
2433 1310 2825 1381 praedictorum
2863 1319 3079 1381 patrum
3128 1310 3376 1366 Christus
3420 1309 3641 1366 intravit

2031 1397 2089 1451 in
2116 1399 2411 1471 Egyptum
2439 1400 2586 1470 quod
2609 1399 2949 1472 prmsagiens
2968 1399 3219 1455 inimicus
3240 1398 3501 1470 populum
3520 1414 3643 1469 pre.

2032 1487 2239 1556 mebat,
2276 1495 2329 1542 et
2358 1504 2468 1543 non
2496 1488 2749 1558 feminas,
2801 1489 2899 1543 sed
2947 1504 3131 1543 mares
3179 1487 3546 1557 interimebat,
3580 1494 3641 1542 ut

2034 1593 2164 1631 eum
2194 1577 2586 1650 exstingueret.
2646 1613 2663 1622 ι

2101 1683 2182 1737 De
2215 1684 2358 1738 Iuda
2388 1684 2637 1738 Christus
2685 1700 2849 1755 quem
2896 1700 3087 1739 omnes
3131 1691 3327 1756 gentes
3374 1697 3638 1754 suscepe-

325 1807 447 1846 rum
478 1771 717 1846 duorum
764 1790 1077 1862 specialiter
1123 1792 1322 1848 dicitur
1368 1771 1582 1846 Filius:
1616 1793 1745 1863 quia
1787 1809 1929 1847 unus
1954 1846 2004 1863 ,η
2029 1779 2158 1863 rum
2190 1789 2204 1827 ε
2241 1789 2350 1844 quo
2380 1772 2632 1829 Veniente
2655 1773 2772 1842 iam
2799 1772 3048 1835 Herodes
3091 1772 3403 1846 alienigena
3429 1771 3641 1844 Primi‘

324 1878 536 1950 primus
565 1879 708 1935 inter
734 1880 1096 1951 patriarchas,
1131 1881 1270 1936 alter
1314 1880 1457 1936 inter
1494 1896 1658 1954 reges
1689 1882 1758 1936 ad
1789 1896 1928 1952 quos

327 1966 472 2024 facta
500 1976 586 2023 est
615 1968 687 2024 de
715 1967 935 2023 Christo
982 1968 1297 2040 promissio,
1332 1976 1389 2023 ut
1417 1969 1621 2024 Judaeis
1667 1969 1944 2025 Christum

324 2071 386 2113 ex
417 2057 548 2131 lege
578 2065 873 2114 venturum
912 2058 1170 2130 aperiret,
1195 2057 1251 2113 in
1272 2074 1381 2131 quo
1411 2058 1661 2114 viderent
1689 2059 1945 2115 vaticinia

312 2145 328 2201 i
338 2145 536 2219 mpleri
544 2188 557 2201 .

393 2253 533 2309 Filii
559 2252 736 2309 David
762 2253 875 2323 ﬁlii
901 2254 1202 2311 Abraham.
1254 2254 1367 2309 Hos
1422 2253 1562 2310 duos
1592 2255 1661 2310 de
1689 2254 1943 2310 omnibus

330 2342 495 2415 elegit
526 2358 763 2414 quorum
792 2342 964 2398 Filius
994 2342 1195 2399 dicitur
1227 2343 1496 2413 Christus,
1520 2350 1579 2398 ut
1597 2344 1800 2399 Iudaeis
1830 2344 1943 2415 qui.

328 2428 425 2485 bus
475 2430 686 2500 scribit,
721 2429 1022 2487 scientibus
1055 2448 1122 2487 ex
1156 2432 1283 2506 lege
1323 2432 1599 2488 Christum
1628 2441 1937 2500 venturum,

325 2527 621 2590 appareret
649 2519 739 2576 hic
769 2535 893 2578 esse
934 2519 1028 2592 qui
1074 2520 1169 2576 diu
1219 2529 1338 2576 erat
1384 2521 1710 2591 promissus,
1744 2521 1801 2575 in
1833 2536 1941 2593 quo

325 2607 645 2664 viderentur
683 2608 901 2680 impleri
944 2609 1129 2665 omnia
1166 2609 1458 2677 vaticinia;
1499 2610 1585 2664 his
1624 2609 1769 2666 enim
1810 2610 1941 2665 solis

328 2695 380 2750 in
398 2696 588 2753 Veteri
608 2697 958 2753 Testamento
979 2697 1185 2771 legitur
1207 2697 1353 2754 facta
1371 2698 1663 2769 promissio
1683 2698 1936 2767 Abrahae,

328 2789 380 2841 et
409 2786 822 2843 benedicentur
848 2788 914 2843 in
942 2789 1160 2845 semine
1197 2792 1293 2846 tuo
1324 2803 1517 2844 omnes
1545 2792 1739 2860 gentes
1772 2792 1941 2845 terrw

329 2875 495 2945 (Gen.
535 2876 707 2946 xxn).

394 2968 679 3037 Abraham
712 2989 765 3037 et
795 2980 970 3038 David
1018 2991 1143 3037 sunt
1190 2982 1313 3038 duae
1341 2981 1612 3039 columnae
1654 2989 1939 3038 versantes

332 3069 385 3124 in
430 3068 561 3143 lege
609 3069 769 3142 quasi
816 3070 873 3126 in
921 3070 1189 3129 vestibulo
1235 3079 1362 3128 ante
1413 3071 1612 3127 ostium
1661 3071 1809 3143 quod
1858 3072 1941 3127 est

330 3157 578 3213 Christus
614 3176 629 3213 :
663 3174 801 3231 quas
850 3148 1037 3215 ambit‘
1066 3158 1340 3216 funiculus
1384 3158 1678 3216 duodecim
1727 3158 1940 3215 cubito-

330 3261 466 3316 rum,
508 3245 567 3301 id
614 3256 699 3302 est
745 3245 882 3304 ﬁdes
930 3248 1324 3321 apostolorum.
1358 3248 1718 3320 Amplectitur
1747 3249 1848 3304 hos
1878 3247 1934 3303 in

332 3334 660 3409 genealogia
687 3344 893 3408 patres,
929 3337 997 3392 de
1028 3353 1263 3409 quorum
1307 3337 1489 3394 medio
1518 3337 1719 3393 ostium
1750 3336 1936 3392 Chris-

333 3430 415 3479 tus
443 3423 696 3496 aperitur
725 3425 1097 3483 credentibus.

399 3529 573 3585 Vnas.
602 3534 659 3589 2.
694 3560 762 3572 —
790 3531 1073 3591 Abraham
1099 3520 1298 3606 genuit
1328 3533 1484 3589 Isaac
1508 3552 1525 3588 :
1555 3533 1714 3589 Isaac
1741 3535 1937 3589 autem

335 3621 530 3689 genuit
560 3621 743 3679 Iacob.
775 3620 859 3676 Ab
898 3636 964 3678 eo
995 3635 1240 3695 congrue
1270 3620 1340 3676 sit
1368 3619 1741 3694 generationis
1772 3636 1936 3676 exor-

334 3707 481 3763 dium
512 3707 603 3765 cui
648 3709 954 3780 promissus
1002 3718 1085 3767 est
1130 3710 1388 3783 primum,
1421 3710 1477 3764 in
1508 3725 1617 3783 quo
1649 3718 1733 3766 est
1762 3709 1936 3766 bene-

334 3796 497 3854 dictio
527 3798 794 3854 omnium.

399 3903 689 3962 Matthaeus
736 3905 1152 3979 generationem
1200 3904 1390 3977 incipit
1419 3905 1489 3961 ad
1529 3905 1756 3961 exordio
1803 3920 1937 3977 pro-

337 3992 631 4049 missionis.
664 3993 733 4049 Et
760 3994 925 4049 etiam
946 4010 1121 4066 usque
1152 3993 1208 4049 in
1238 3993 1404 4049 tinem
1434 3993 1559 4049 libri
1589 3995 1706 4050 haec
1734 3993 1936 4068 agitur,

339 4090 392 4137 ut
420 4083 516 4155 qui
545 4097 614 4138 ex
641 4082 748 4139 hac
787 4082 1144 4156 generatione
1185 4091 1346 4139 natus
1376 4091 1478 4152 est,
1512 4083 1660 4139 Deus
1691 4091 1746 4138 et
1775 4084 1940 4139 homo

344 4170 702 4246 intelligatur.

406 4277 491 4335 Ab
521 4275 677 4334 initio
707 4276 777 4333 ab
808 4294 874 4334 eo
917 4278 1004 4335 cui
1039 4279 1280 4351 primum
1328 4278 1472 4335 facta
1519 4287 1602 4334 est
1649 4277 1943 4350 promissio

351 4363 472 4422 ﬁdei
499 4366 711 4437 incipit,
745 4374 803 4421 ut
830 4366 886 4420 in
916 4368 1021 4424 hoc
1049 4376 1208 4439 patre
1239 4367 1454 4423 discant
1482 4367 1569 4423 cui
1596 4367 1834 4439 primum
1865 4365 1945 4422 fa-

348 4463 432 4510 cta
479 4463 564 4510 est
607 4454 922 4526 promissio,
956 4456 1050 4527 qui
1079 4464 1132 4512 et
1162 4456 1354 4528 quales
1401 4472 1523 4512 esse
1570 4456 1807 4511 debeant
1853 4455 1947 4527 qui

349 4543 533 4598 volunt
573 4544 631 4598 in
675 4544 792 4614 ejus
835 4544 1043 4600 semine
1086 4544 1357 4602 benedici.
1390 4546 1673 4601 Matthaeus
1705 4560 1947 4619 genera-

346 4631 545 4688 tionem
576 4632 967 4689 descendendo
996 4633 1185 4705 incipit
1212 4635 1300 4691 vel
1329 4642 1610 4706 computat
1639 4640 1654 4691 3
1688 4634 1817 4706 quia
1846 4635 1949 4689 hu-

351 4721 667 4778 manitatem
709 4721 913 4778 Christi
954 4723 1210 4793 ostendit,
1244 4740 1344 4795 per
1373 4739 1536 4797 quam
1576 4725 1724 4779 Deus
1753 4724 1824 4779 ad
1852 4724 1953 4779 ho-

348 4810 519 4866 mines
546 4810 853 4867 descendit.
878 4811 1053 4869 Lucas
1073 4813 1425 4870 ascendendo
1446 4812 1695 4869 referens
1716 4812 1952 4868 formam

346 4899 674 4956 sacramenti
704 4900 900 4972 aperit.
933 4903 980 4956 A
1009 4901 1282 4973 baptismo
1304 4902 1449 4959 enim
1478 4901 1746 4975 incipiens
1774 4918 1952 4974 usque

348 4987 417 5042 ad
444 4988 622 5044 Deum
653 4989 920 5058 ascendit,
952 4990 1250 5047 ostendens
1298 4990 1601 5064 baptizatos
1648 4991 1951 5048 ascendere

350 5074 420 5130 ad
447 5076 571 5145 hoc,
602 5084 664 5132 ut
692 5076 800 5131 sint
829 5073 926 5132 ﬁlii
955 5077 1075 5133 Dei.

422 5180 647 5239 Genuit.
678 5182 963 5239 Matthaeus
992 5183 1161 5255 ponit,
1184 5184 1422 5257 genuit:
1449 5183 1541 5257 qui
1569 5192 1778 5241 naturae
1809 5183 1952 5240 ﬁlios

349 5276 558 5325 tantum
587 5277 859 5327 numerat.
891 5272 1069 5328 Lucas
1101 5289 1115 5327 :
1151 5272 1256 5340 Qui
1282 5274 1400 5344 fuit
1427 5292 1447 5329 :
1478 5273 1573 5345 qui
1599 5273 1814 5345 aliquos
1858 5290 1951 5329 se-

353 5359 592 5414 cundum
619 5360 802 5434 legem
831 5361 919 5417 vel
945 5377 1049 5433 per
1077 5360 1427 5433 adoptionem
1455 5361 1598 5418 ﬁlios
1634 5362 1948 5435 interponit.

352 5446 636 5503 Matthieus
664 5449 816 5520 ponit
844 5449 1051 5523 genuit,
1086 5455 1141 5503 et
1168 5465 1279 5505 non
1307 5450 1612 5523 generavit,
1636 5449 1866 5506 forsitan
1894 5458 1954 5506 ut

352 5532 448 5589 ille
489 5545 919 5610 cognosceretur
945 5537 1002 5592 in
1031 5536 1139 5593 ﬁne
1182 5545 1436 5595 ostensus
1464 5539 1534 5595 de
1565 5556 1673 5611 quo
1703 5539 1902 5609 dicitur
1934 5557 1949 5594 :

358 5622 469 5695 Ego
498 5624 657 5682 hodie
683 5628 857 5699 genui
886 5632 940 5684 te
970 5628 1146 5699 (Psal.
1180 5627 1264 5701 ir).

429 5729 633 5789 ludam
654 5734 710 5790 et
728 5736 958 5805 fratres.
992 5734 1122 5791 Ideo
1151 5732 1300 5791 solus
1329 5734 1499 5792 ludas
1526 5734 1847 5793 nominatim
1866 5750 1954 5793 ex-

1952 1846 2005 1906 B
2037 1861 2294 1932 pabatur.

2116 1950 2283 2004 Vnus.
2317 1954 2370 2005 3.
2400 1980 2471 1991 -—
2499 1951 2672 2007 ludas
2697 1954 2910 2008 autem.
2943 1950 3111 2005 Judas
3142 1948 3332 2023 genuit
3351 1950 3557 2006 Phares
3587 1956 3643 2005 et

2044 2040 2238 2093 Zaram
2268 2046 2563 2110 antequam
2592 2039 2822 2095 intraret
2858 2040 3152 2113 Egyptum
3180 2039 3237 2094 in
3267 2053 3434 2112 quam
3479 2037 3641 2095 ambo

2043 2135 2237 2198 postea
2264 2143 2388 2184 cum
2417 2136 2574 2199 patre
2605 2129 2957 2183 transierunt.

2113 2236 2325 2291 Phares
2371 2240 2566 2291 autem
2609 2237 2807 2308 genuit
2853 2237 3068 2293 Esrom.
3103 2236 3163 2290 In
3191 2235 3426 2307 Egypto
3455 2232 3646 2308 genuit

2044 2323 2250 2379 Phares
2279 2325 2495 2393 Esrom,
2528 2332 2582 2379 et
2610 2326 2808 2379 Esrom
2830 2326 3016 2393 Aram,
3043 2332 3097 2380 et
3118 2326 3285 2379 Aram
3315 2323 3640 2393 Aminadab,

2043 2419 2096 2466 et
2124 2411 2427 2467 Aminadab
2465 2413 2717 2468 Naasson
2750 2430 2762 2466 :
2796 2419 2850 2468 et
2893 2420 3022 2471 tunc
3064 2414 3281 2485 Moyses
3320 2411 3506 2468 eduxit
3546 2427 3645 2468 eos

2042 2500 2111 2555 de
2140 2500 2391 2572 .lEgypto.
2437 2501 2691 2556 Naasson
2737 2499 2838 2555 fuit
2884 2500 2994 2555 dux
3042 2500 3145 2554 sub
3193 2501 3379 2572 Moyse
3407 2500 3464 2556 in
3498 2499 3643 2555 tribu

2041 2588 2181 2643 Juda
2208 2604 2309 2659 per
2336 2588 2635 2657 desertum,
2670 2588 2724 2642 in
2755 2604 2864 2659 quo
2893 2588 3084 2662 genuit
3114 2587 3357 2644 Salmon.
3390 2589 3499 2643 Iste
3530 2588 3646 2644 Sal-

2041 2692 2171 2731 mon
2216 2675 2316 2731 fuit
2362 2675 2620 2748 princeps
2649 2676 2706 2731 in
2733 2676 2879 2732 tribu
2908 2677 3067 2746 Juda,
3101 2676 3194 2749 qui
3224 2691 3350 2733 cum
3391 2676 3557 2732 Josue
3586 2674 3643 2730 in

2041 2773 2246 2821 terram
2274 2764 2656 2836 promissionis
2703 2764 2943 2822 intravit.
2995 2766 3104 2821 Iste
3154 2765 3379 2821 Salmon
3409 2764 3466 2819 in
3494 2770 3645 2820 terra

2038 2853 2420 2925 promissionis
2450 2854 2640 2928 genuit
2666 2854 2811 2910 Booz
2839 2854 2909 2910 de
2940 2854 3113 2910 Raab.

2111 2942 2359 2998 Christus
2389 2950 2472 2997 est
2500 2943 2726 3013 Phares,
2760 2942 2817 2997 id
2846 2950 2930 2998 est
2956 2941 3173 3011 divisio,
3206 2941 3336 3014 quia
3365 2939 3647 3013 separabit
3684 2942 3701 2955 ‘

2040 3046 2173 3087 oves
2221 3030 2292 3085 ab
2343 3030 2534 3087 haedis.
2589 3032 2712 3103 Ipse
2760 3038 2843 3086 est
2870 3031 3089 3099 Esrom,
3121 3029 3178 3085 id
3207 3038 3291 3085 est
3328 3028 3530 3103 sagitta
3556 3028 3668 3085 vel'

2039 3119 2258 3188 atrium,
2284 3118 2412 3191 quia
2447 3127 2699 3191 penetrat
2728 3119 2899 3176 corda
2918 3119 3249 3175 auditorum.
3272 3117 3450 3174 Habet
3477 3116 3642 3174 etiam

1961 3206 2011 3270 C
2043 3207 2388 3265 latitudinem
2419 3208 2722 3278 charitatis,
2756 3224 2866 3281 qua
2895 3216 2950 3265 et
2978 3207 3228 3264 inimicos
3257 3205 3462 3263 dilexit.

2110 3316 2278 3371 Vans.
2316 3316 2365 3370 4.
2390 3346 2458 3356 -
2487 3316 2662 3375 Aram
2691 3320 2904 3372 autem.
2936 3318 3107 3371 Aram
3140 3315 3397 3371 Christus
3429 3314 3644 3370 electus

2037 3405 2124 3461 vel
2170 3405 2431 3461 excelsus
2476 3404 2868 3476 interpretatur
2914 3423 2926 3458 :
2971 3404 3196 3460 Electus
3236 3403 3306 3458 de
3355 3418 3463 3475 quo
3509 3417 3644 3474 pro—

2035 3495 2201 3565 pheta
2235 3512 2247 3548 :
2280 3495 2419 3550 Ecce
2462 3509 2607 3566 puer
2652 3510 2813 3550 meus
2860 3508 3025 3567 quem
3072 3494 3214 3566 elegi
3260 3492 3407 3563 (Ose.
3440 3494 3545 3562 x1).
3578 3492 3647 3547 Et

2037 3582 2167 3637 alibi
2192 3600 2204 3637 :
2228 3584 2506 3639 Excelsus
2535 3599 2706 3656 super
2736 3599 2930 3641 omnes
2960 3587 3154 3655 gentes
3200 3582 3426 3639 Domini
3463 3580 3643 3653 (Psal.

2038 3673 2197 3743 exn).
2230 3673 2353 3742 Ipse
2382 3679 2465 3727 est
2485 3671 2810 3740 Aminabad,
2862 3671 2919 3726 id
2955 3679 3040 3727 est
3067 3670 3424 3739 voluntarius,
3451 3668 3543 3741 qui
3572 3667 3650 3723 di-

2039 3760 2111 3817 cit
2144 3778 2156 3814 :
2196 3761 2520 3817 Voluntaria
2547 3759 2873 3829 sacriﬁcabo
2907 3761 3009 3815 tibi
3038 3760 3195 3831 (Ibid.
3229 3757 3460 3830 xxxiii).
3494 3757 3647 3814 Idem

2040 3857 2124 3905 est
2167 3848 2438 3918 Naasson,
2472 3848 2529 3902 id
2558 3855 2641 3903 est
2689 3847 3000 3922 augurium,
3037 3847 3132 3919 qui
3161 3846 3310 3903 novit
3341 3845 3642 3918 praeterita,

2040 3937 2335 4010 praesentia
2364 3944 2418 3993 et
2446 3936 2646 3997 futura.
2683 3937 2782 3993 Vel
2814 3937 3067 3993 Naasson
3115 3934 3483 4008 serpentinus,
3519 3934 3648 4007 quia

2042 4027 2289 4083 Christus
2317 4042 2472 4082 more
2503 4026 2774 4099 serpentis
2804 4036 2999 4082 omnes
3028 4025 3174 4082 cavit
3202 4023 3449 4080 insidias.

2115 4134 2283 4189 Vnus.
2318 4136 2371 4188 5.
2405 4163 2473 4174 —
2502 4133 2733 4191 Salmon
2761 4136 2955 4191 autem
2981 4133 3179 4205 genuit
3206 4133 3366 4190 Booz.
3395 4127 3647 4187 Christus

2044 4231 2128 4278 est
2176 4222 2420 4292 Salmon,
2453 4222 2510 4277 id
2549 4230 2650 4292 est,
2700 4222 3003 4288 sensibilis,
3055 4220 3185 4292 quia
3230 4218 3416 4276 omnia
3463 4217 3646 4275 sentit.

2046 4313 2169 4384 Ipse
2216 4311 2429 4383 accepit
2484 4311 2656 4382 Raab,
2698 4311 2753 4366 id
2791 4320 2875 4367 est
2910 4308 3184 4367 Eclesiam
3240 4309 3310 4363 de
3367 4307 3645 4382 gentibus.

2046 4400 2218 4470 Raab,
2252 4404 2455 4473 fames,
2489 4400 2577 4456 vel
2607 4400 2909 4466 beatitudo,
2944 4398 3030 4455 vel
3058 4400 3307 4471 impetus
3337 4415 3356 4451 :
3386 4396 3516 4467 quia
3542 4396 3650 4452 Ec-

2049 4488 2219 4544 clesia
2265 4489 2511 4562 gentium
2559 4489 2730 4544 esurit
2776 4496 2829 4544 et
2875 4486 2984 4542 sitit
3025 4484 3309 4555 justitiam,
3343 4491 3397 4538 et
3423 4483 3652 4538 dilatata

1975 4569 2029 4630 D
2048 4595 2149 4650 per
2177 4578 2371 4634 orbem
2397 4586 2674 4634 terrarum
2701 4577 2907 4648 impetu
2930 4574 3194 4631 doctrinae
3214 4572 3570 4645 philosophos
3598 4578 3654 4628 et

2054 4684 2217 4741 reges
2245 4668 2531 4724 convertit.
2564 4667 2717 4722 Raab
2746 4664 2984 4721 ostendit
3003 4663 3289 4721 coccinum
3309 4661 3364 4716 in
3385 4660 3646 4730 fenestra,

2052 4756 2108 4811 id
2155 4764 2239 4812 est
2265 4756 2321 4811 in
2349 4772 2445 4812 ore
2492 4771 2592 4827 per
2637 4753 3038 4810 confessionem
3087 4750 3287 4807 Christi
3333 4749 3650 4821 passionem

2052 4845 2317 4901 declarat.
2349 4844 2503 4900 Raab
2532 4842 2790 4899 meretrix
2812 4858 2933 4914 quae
2952 4841 3170 4897 nuntios
3190 4841 3357 4895 Josue
3388 4838 3647 4911 suscepit,

2054 4949 2219 5006 quam
2249 4933 2471 4990 Salmon
2512 4933 2770 5004 princeps
2812 4932 2986 4987 tribus
3029 4930 3182 4987 Iudae
3212 4927 3314 4984 sibi
3353 4926 3649 4999 copulavit,

2052 5021 2325 5096 signiﬁcat
2369 5020 2676 5078 Ecclesium
2710 5020 2780 5075 de
2828 5019 3102 5093 gentibus,
3143 5033 3265 5090 quae
3303 5015 3539 5088 principi
3584 5031 3652 5072 ex

2050 5110 2208 5181 Juda,
2241 5111 2295 5165 id
2326 5118 2409 5165 est
2437 5109 2654 5165 Christo
2684 5109 2987 5180 copulatur.
3010 5109 3080 5163 Et
3099 5106 3217 5163 sola
3245 5121 3372 5163 cum
3401 5104 3515 5160 suis
3545 5104 3656 5161 sal-

2051 5205 2229 5267 vatur,
2263 5197 2394 5252 dum
2413 5197 2650 5266 Iericho,
2674 5196 2730 5251 id
2750 5203 2834 5252 est
2852 5211 3096 5268 praesens
3124 5194 3406 5265 saeculum,
3440 5200 3652 5265 septem

2051 5286 2223 5343 muris
2254 5285 2509 5341 vitiorum
2553 5285 2833 5355 vallatum,
2885 5292 3096 5357 septem
3140 5284 3355 5340 dierum
3402 5291 3653 5355 tempore

2051 5376 2197 5431 tubis
2242 5375 2695 5447 priedicationum
2742 5372 3205 5443 circumvallatur,
3255 5372 3435 5429 donec
3461 5375 3525 5429 in
3553 5388 3655 5430 no-

2052 5467 2286 5521 vissima
2332 5464 2466 5520 tuba
2509 5479 2702 5519 omnes
2749 5462 2892 5518 muri
2938 5470 3216 5531 corruant,
3259 5461 3310 5518 ei
3350 5459 3653 5519 novissima

2051 5569 2203 5609 mors
2232 5553 2567 5608 destruatur.

2123 5644 2263 5700 Booz
2289 5645 2503 5699 autem.
2534 5641 2676 5697 Booz
2703 5638 2952 5696 Christus
2981 5640 3051 5696 de
3081 5655 3189 5711 quo
3226 5638 3426 5693 dicitur
3456 5653 3471 5689 :
3503 5635 3647 5693 Ecce

2051 5732 2323 5790 Dominus
2351 5731 2498 5790 Deus
2520 5732 2583 5788 in
2600 5730 2940 5803 fortitudine
2969 5730 3157 5785 veniet
3185 5726 3316 5796 (Isa.
3347 5723 3463 5791 ιι).
3496 5722 3646 5779 Nota
