4000 6182
393 237 461 290 67
1002 235 1407 292 WALAFRIDI
1437 234 1681 291 STRABI
1712 234 1912 292 FULD.
1945 234 2117 292 MON.
2152 235 2305 293 OPP.
2345 238 2523 295 PARS
2553 240 2593 293 Ι.
2633 269 2696 280 -—
2725 237 3192 296 THEOLOGICA.
3623 242 3693 293 68

392 359 598 414 nullam
629 359 698 414 de
729 359 932 416 sanctis
964 359 1179 414 feminis
1206 360 1264 414 in
1293 359 1620 433 genealogia
1662 358 1862 415 Christi
1890 374 1985 414 as-
2005 369 2062 430 Α
2091 361 2286 418 sedere
2316 362 2580 431 Christus,
2615 362 2744 435 quia
2772 380 3002 437 regnum
3022 363 3196 419 David
3216 362 3517 433 temporale
3546 360 3689 435 ﬁgu-

391 449 551 517 sumi,
584 448 683 504 sed
711 464 849 520 quas
879 449 1162 520 Scriptura
1206 449 1577 520 reprehendit.
1612 448 1811 503 Debuit
1840 448 1985 503 enim
2083 451 2221 507 ravit
2254 460 2518 507 aeternum
2558 452 2753 508 Christi
2797 468 3052 525 regnum.
3085 453 3267 508 Abias.
3303 452 3463 505 Pater
3492 450 3688 505 Domi-

388 539 457 594 de
487 537 869 609 peccatoribus
888 538 1059 606 nasci,
1085 538 1177 609 qui
1196 554 1297 609 pro
1326 537 1707 609 peccatoribus
1736 546 1981 607 venerat,

388 636 449 683 ut
478 628 754 683 discerent
799 627 883 682 sui
928 635 1157 698 peccata
1201 635 1419 698 patrum
1467 627 1570 681 sibi
1616 643 1727 682 non
1764 627 1981 683 obesse.

389 716 548 772 Unde
569 732 746 789 agnus
768 715 823 770 in
841 717 1052 772 Pascha
1070 716 1434 770 immolandus
1449 716 1636 784 jussus
1668 723 1751 771 est
1781 716 1988 771 assumi

389 820 457 861 ex
502 804 683 876 capris
713 813 766 861 et
794 804 986 861 ovibus
1013 804 1070 859 id
1099 811 1181 860 est
1210 821 1276 859 ex
1299 804 1459 873 justis
1509 812 1564 861 et
1607 805 1989 877 peccatoribus

390 895 762 968 generandus.

458 1003 548 1057 Ea:
576 1003 742 1057 Ruth.
776 999 1086 1069 Moabitide,
1121 1007 1179 1055 ut
1208 1000 1459 1056 ostendat
1490 999 1773 1072 impletum
1803 999 1991 1058 vatici-

390 1090 542 1145 nium
569 1090 723 1145 Isaiaa
747 1107 760 1143 :
786 1091 996 1145 Emitte
1025 1106 1253 1161 agnum,
1287 1092 1539 1157 Domine,
1577 1091 1992 1147 dominatorem

394 1184 561 1235 terra:
589 1178 720 1248 (Isa.
755 1180 896 1249 xw).
931 1179 1035 1233 Per
1062 1180 1205 1234 hanc
1235 1194 1425 1234 semen
1463 1180 1700 1234 Abrahae
1730 1179 1800 1234 ad
1830 1178 1988 1233 Chri-

388 1276 532 1323 stum
578 1266 884 1323 deducitur.
936 1267 1186 1323 Ecclesia
1214 1268 1283 1322 de
1313 1267 1568 1340 gentibus
1596 1284 1697 1339 per
1729 1262 1872 1324 Ruth
1911 1267 1990 1321 si-

386 1356 664 1431 gniﬁcata,
717 1357 1037 1429 priusquam
1083 1357 1154 1411 ad
1200 1358 1361 1426 Booz,
1394 1357 1451 1412 id
1480 1365 1563 1413 est
1592 1359 1663 1413 ad
1709 1357 1987 1413 Christum

386 1447 617 1517 veniret,
652 1463 719 1503 ex
747 1455 903 1518 patre
933 1446 1154 1502 diabolo
1185 1455 1323 1502 erat.

464 1555 609 1611 Ruth
640 1553 913 1627 signiﬁcat
942 1553 1251 1610 Ecclesium
1282 1570 1402 1626 quae
1424 1562 1506 1608 est
1527 1554 1596 1608 de
1614 1554 1797 1623 Moab,
1830 1553 1885 1608 id
1915 1562 1998 1609 est

387 1643 457 1700 de
486 1642 761 1717 gentibus,
798 1659 920 1714 quae
952 1659 1018 1698 ex
1047 1651 1204 1714 patre
1252 1643 1472 1697 diabolo
1504 1651 1557 1697 et
1587 1652 1744 1713 petra
1790 1642 1999 1698 deserti

2085 556 2208 608 nus,
2241 540 2295 595 id
2327 549 2428 610 est,
2462 540 2729 607 Christus,
2766 540 2858 612 qui
2886 540 3016 597 dicit
3051 558 3064 595 :
3096 533 3203 612 Ego
3225 556 3317 597 ero
3352 540 3448 595 illi
3476 541 3539 594 in
3570 541 3688 595 Pa-

2090 634 2250 696 trem,
2290 632 2425 702 quia
2463 634 2733 702 tanquam
2781 632 3057 686 Dominus
3104 630 3298 685 omnia
3343 642 3689 702 quaecunque

2087 720 2268 775 voluit
2292 721 2433 790 fecit
2460 719 2636 789 (Psal.
2676 718 2855 789 cxm).
2891 717 2998 786 Qui
3030 717 3193 772 etiam
3224 724 3307 773 est
3334 719 3465 783 Asa,
3497 716 3555 771 id
3584 727 3686 783 est,

2088 807 2362 875 attollens,
2396 807 2525 879 quia
2552 807 2670 878 ipse
2700 806 2923 862 abstulit
2951 814 3181 877 peccata
3208 805 3418 861 mundi.

2159 915 2330 969 Vnus.
2363 914 2807 986 8.—Josaphat,
2850 921 2953 970 etc.
2995 914 3265 969 Judicans
3303 912 3390 968 vel
3401 912 3693 985 judicium

2089 1005 2209 1069 Dei,
2244 1002 2452 1059 scilicet
2498 1002 2745 1057 Christus
2794 1001 2887 1073 qui
2928 1002 3139 1071 judicat
3185 1002 3380 1057 orbem
3426 1008 3588 1056 terrae
3635 1000 3695 1054 in

2091 1092 2365 1163 aequitate.
2399 1093 2588 1148 Joram
2616 1095 2809 1148 autem
2835 1092 3052 1163 genuit.
3087 1089 3335 1145 Christus
3367 1096 3450 1145 est
3479 1089 3690 1158 Joram,

2092 1181 2147 1236 id
2168 1189 2250 1236 est
2270 1180 2538 1250 excelsus,
2559 1180 2651 1252 qui
2672 1179 2746 1235 ait
2769 1198 2782 1234 :
2804 1180 2972 1237 Nemo
2993 1179 3249 1237 ascendit
3270 1181 3332 1234 in
3352 1179 3554 1235 cazlum
3576 1178 3697 1233 nisi

2094 1272 2191 1344 qui
2218 1270 2505 1326 descendit
2525 1270 2590 1325 de
2610 1270 2743 1326 caelo
2761 1270 2919 1339 ﬁlius
2949 1271 3195 1327 hominis
3224 1270 3321 1342 qui
3349 1272 3435 1325 est
3468 1269 3530 1324 in
3558 1267 3695 1324 caelo

2096 1360 2278 1431 (Joan.
2312 1359 2418 1430 In).

2166 1468 2336 1522 Vens.
2390 1470 2448 1521 9.
2487 1496 2557 1507 —
2601 1466 2763 1522 Ozias
2810 1469 3021 1521 autem.
3075 1464 3186 1520 Sub
3236 1462 3388 1531 Ozia,
3438 1462 3694 1532 Joathan,

2096 1556 2278 1611 Achaz
2325 1563 2379 1611 et
2423 1555 2678 1622 Ezechia,
2729 1553 3074 1625 prOphetavit
3122 1552 3292 1607 Isaias
3338 1552 3408 1607 de
3454 1552 3695 1606 Christo.

2098 1644 2328 1714 PrOpter
2371 1652 2598 1714 peccata
2639 1643 2947 1714 principum
2989 1641 3386 1699 claudebantur
3426 1656 3526 1695 ora
3568 1656 3700 1711 pro-

389 1740 614 1804 propter
660 1731 1027 1788 idololatriam
1071 1732 1140 1786 de
1191 1747 1298 1803 qua
1348 1733 1496 1786 Deus
1546 1731 1826 1791 suscitavit
1856 1730 2069 1798 ﬁliosB
2098 1735 2407 1804 phetarum.
2459 1734 2744 1789 Ezechias.
2791 1732 2970 1788 Fortis
3018 1730 3302 1797 Dominus,
3334 1729 3453 1801 ipse
3483 1737 3567 1784 est
3604 1727 3700 1801 qui

389 1822 624 1877 Abrahae
658 1839 671 1874 :
705 1821 874 1876 oblita
922 1820 1122 1891 prioris
1169 1820 1349 1892 gentis
1398 1820 1546 1875 venit
1594 1821 1664 1874 ad
1714 1821 1874 1889 Booz,
1909 1822 2001 1892 qui

386 1909 549 1966 fortis
578 1909 796 1979 dicitur,
831 1909 887 1964 id
918 1917 1001 1964 est
1029 1910 1102 1964 ad
1145 1908 1440 1979 Christum,
1493 1908 1585 1980 qui
1634 1909 1861 1964 suscitat
1907 1924 2000 1963 se-

388 2015 519 2055 men
549 1998 734 2053 fratris
770 1998 872 2068 sui,
905 1997 963 2053 id
994 2005 1076 2053 est
1104 1997 1276 2069 Moysi
1307 1997 1400 2070 qui
1437 1997 1570 2053 obiit
1617 1997 1734 2053 sine
1780 1996 1990 2068 liberis,

392 2090 529 2162 quia
558 2088 709 2144 nihil
738 2087 810 2143 ad
848 2090 1170 2160 perfectum
1217 2086 1462 2142 adduxit
1512 2088 1606 2142 lea:
1657 2087 1840 2156 (Hebr.
1874 2086 1997 2157 vn).

392 2176 538 2235 Ruth
566 2177 763 2232 videns
782 2176 870 2232 vel
890 2178 1211 2248 festinans;
1245 2175 1374 2247 quia
1403 2174 1654 2231 Ecclesia
1674 2190 1813 2245 puro
1834 2175 2003 2231 corde

396 2266 576 2321 Deum
604 2265 752 2321 videt
781 2280 902 2337 quae
930 2263 1150 2319 festinat
1178 2264 1249 2319 ad
1278 2263 1529 2319 bravium
1560 2279 1811 2335 superna:
1841 2263 2000 2320 visi0«

399 2353 487 2410 nis
517 2361 572 2410 et
599 2353 793 2409 diﬂinit
820 2369 1182 2425 perseverare
1210 2351 1268 2407 in
1295 2350 1404 2408 ﬁde
1434 2359 1489 2408 et
1517 2352 1829 2409 dilectione.

460 2462 612 2518 Iesse
641 2465 855 2517 autem.
888 2460 1053 2516 Pater
1082 2459 1260 2516 David
1290 2459 1494 2531 saepius
1524 2459 1836 2516 nominatur
1872 2457 1998 2529 Isai,

394 2550 495 2607 sed
523 2549 796 2607 binomius
826 2549 943 2606 fuit.
976 2549 1078 2606 Hic
1107 2556 1292 2605 autem
1321 2548 1445 2604 ideo
1485 2548 1684 2605 dicitur
1711 2549 1867 2604 Jesse
1899 2564 1912 2602 :
1944 2564 2005 2613 ιιι

387 2639 554 2697 sciret
584 2656 711 2696 eum
739 2632 994 2707 venisse;
1030 2639 1100 2694 de
1133 2654 1243 2709 quo
1273 2637 1417 2692 Isaia
1441 2655 1454 2691 :
1488 2638 1821 2709 Egredietur
1847 2638 2004 2709 virga

386 2727 455 2785 de
481 2728 672 2785 radice
703 2730 855 2784 Iesse
887 2728 1019 2798 (Isa.
1054 2725 1159 2797 χι),
1187 2733 1293 2781 etc.
1319 2725 1420 2783 Hic
1450 2732 1534 2779 est
1562 2724 1664 2780 ﬂos
1693 2740 1859 2796 quem
1875 2723 2005 2780 odo.

385 2823 474 2872 rat
501 2817 678 2885 Isaac,
713 2816 903 2872 dicens
926 2833 941 2870 :
963 2817 1102 2872 Ecce
1122 2814 1257 2871 odor
1275 2815 1385 2884 ﬁlii
1405 2815 1518 2869 mei
1548 2815 1700 2870 sicut
1718 2813 1853 2871 odor
1880 2813 2004 2884 agri

391 2907 551 2980 pleni
580 2906 743 2977 (Gen.
778 2905 987 2975 xxvii),
1040 2902 1170 2976 quia
1219 2902 1454 2975 Spiritus
1483 2917 1608 2959 eum
1640 2902 2001 2958 abundantis-

399 2994 539 3051 sime
566 2993 819 3067 replevit.

2101 1821 2233 1878 dicit
2280 1822 2539 1893 apostolis
2574 1839 2587 1876 :
2619 1822 2802 1878 Nolite
2846 1825 3063 1878 timere.
3112 1820 3361 1877 Ezechiae
3399 1835 3524 1876 cum
3554 1825 3707 1873 esset

2103 1911 2221 1966 sine
2261 1911 2448 1966 liberis
2490 1910 2696 1967 dictum
2726 1918 2809 1965 est
2840 1928 2854 1964 :
2886 1913 3126 1984 Dispone
3162 1909 3355 1966 domui
3394 1912 3522 1974 tute,
3566 1906 3703 1979 quia

2102 2001 2363 2057 morieris
2383 2004 2446 2056 tu
2464 2004 2523 2056 et
2538 2016 2653 2056 non
2673 2002 2821 2055 vives
2839 2000 2969 2071 (Isa.
2989 1998 3260 2070 xxxvm).
3280 1997 3409 2051 Ideo
3426 1995 3576 2051 ﬂevit
3590 2010 3705 2050 non

2102 2097 2328 2160 propter
2356 2088 2665 2161 longiorem
2694 2088 2878 2157 vitam,
2913 2103 3038 2144 cum
3069 2086 3234 2142 sciret
3271 2085 3397 2139 inde
3426 2082 3705 2163 placuisse

2103 2178 2219 2232 Deo
2259 2177 2627 2246 Salomonem,
2649 2177 2778 2249 quia
2814 2192 2924 2232 non
2974 2175 3219 2247 petiisset
3265 2173 3561 2245 ampliores
3598 2186 3706 2226 an-

2102 2283 2204 2322 nos
2237 2285 2251 2322 :
2285 2267 2383 2322 sed
2412 2266 2541 2338 quia
2583 2266 2863 2321 dubitabat
2892 2281 2961 2320 ne
2988 2262 3281 2336 promissio
3313 2262 3414 2318 Dei
3443 2261 3706 2334 implere-

2103 2364 2192 2412 tur
2234 2371 2359 2413 cum
2388 2372 2448 2411 se
2478 2354 2642 2412 sciret
2689 2371 2811 2410 esse
2857 2353 2925 2409 de
2969 2369 3174 2427 genere
3203 2351 3380 2407 David
3407 2367 3509 2423 per
3538 2365 3705 2422 quem

2103 2446 2392 2517 oportebat
2422 2445 2610 2501 venire
2641 2443 2955 2499 Christum:
2988 2450 3041 2498 et
3068 2442 3187 2513 ipse
3217 2448 3337 2497 erat
3366 2438 3483 2495 sine
3514 2438 3706 2494 liberis

2103 2535 2247 2590 unde
2278 2541 2331 2590 et
2368 2533 2586 2589 dicebat
2615 2532 2772 2604 (Ibid.
2804 2530 3054 2603 xxxvm)
3088 2548 3102 2585 :
3134 2531 3254 2588 Non
3291 2530 3478 2586 videbo
3515 2528 3708 2584 Domi-

2102 2641 2245 2681 num
2263 2625 2460 2689 Deum,
2486 2623 2636 2690 item,
2655 2639 2773 2679 non
2791 2622 3067 2694 aspiciam
3089 2620 3375 2677 hominem
3394 2619 3569 2683 ultra,
3594 2623 3707 2673 etc.

2101 2713 2148 2768 E
2178 2719 2370 2769 contra
2415 2710 2693 2781 credebat,
2728 2710 2857 2782 quia
2913 2708 3090 2764 ﬁdelis
3119 2716 3203 2764 est
3233 2707 3324 2780 qui
3353 2705 3709 2780 promiserat.

2103 2801 2252 2857 Deus
2282 2808 2466 2856 autem
2495 2798 2821 2855 sententiam
2851 2814 3016 2870 quam
3046 2797 3294 2866 dederat,
3327 2796 3398 2852 ad
3426 2793 3713 2868 probatio-

2102 2906 2231 2946 nem
2260 2888 2388 2945 ﬁdei
2416 2888 2684 2957 immutat,
2718 2896 2772 2944 et
2799 2887 3035 2959 spatium
3066 2885 3369 2961 generandi
3398 2885 3512 2941 dat.

2158 2997 2343 3053 «Vnus.
2379 3000 2464 3052 10.
2495 3027 2566 3038 -
2595 2997 2894 3053 Manasses.
2947 2993 3279 3051 Obliviosus.
3328 2993 3437 3049 Iste
3484 2998 3570 3048 est
3612 2989 3711 3064 qui

459 3105 677 3176 Regem.
726 3102 853 3157 Non
907 3100 1054 3173 quod
1103 3100 1253 3157 solus
1279 3100 1336 3155 in
1362 3100 1469 3157 hac
1515 3098 1846 3174 genealogia
1873 3114 1994 3170 rex,
2030 3098 2081 3163 C
2104 3086 2261 3160 (Ιιιαεί
2277 3101 2546 3143 converso
2560 3084 2838 3176 Ρέοοθιρΐί
2857 3083 3023 3176 dixit:
3046 3084 3314 3176 Omnium
3328 3082 3711 3176 ἰηξιζιιὶιαξῑξθη

388 3190 489 3249 sed
518 3190 647 3264 quia
674 3189 885 3263 primus
915 3205 1013 3246 rex
1042 3190 1112 3246 de
1142 3190 1283 3245 Iuda
1312 3197 1366 3245 et
1393 3205 1593 3263 regum
1640 3188 1988 3261 principium,

385 3287 613 3352 propter
632 3295 796 3352 quem
834 3286 888 3336 et
925 3277 1111 3336 ceteri
1132 3278 1189 3333 in
1231 3277 1369 3334 solio
1388 3278 1550 3352 regni
1571 3285 1860 3334 servantur
1893 3294 1907 3331 :
1941 3285 1996 3333 et

387 3385 490 3441 per
527 3369 690 3424 istum
735 3368 873 3425 ordo
921 3366 1296 3441 generationis
1344 3366 1590 3423 decurrit
1618 3366 1690 3422 ad
1719 3365 1996 3422 Christum

388 3457 483 3529 qui
512 3456 679 3514 habet
708 3472 947 3531 regnum
977 3455 1172 3512 David.

462 3565 631 3622 Vens.
666 3566 718 3619 6.
752 3595 821 3605 —
852 3563 1029 3620 David
1059 3567 1253 3619 autem
1300 3579 1426 3619 rex.
1460 3560 1687 3635 Mystice
1716 3560 1909 3630 David,
1944 3559 1999 3616 id

390 3663 473 3711 est
502 3652 751 3711 Christus
782 3652 876 3725 qui
905 3634 1140 3721 Goliam,
1172 3651 1229 3706 id
1262 3660 1345 3707 est
1373 3634 1653 3706 diabOlum
1698 3648 1997 3721 superavit.

393 3745 515 3816 Ipse
572 3748 655 3800 est
713 3757 879 3797 manu
937 3739 1114 3809 fortis,
1163 3739 1251 3797 vel
1299 3739 1419 3795 visu
1470 3738 1869 3795 desiderabilis.
1920 3738 2002 3792 De

393 3832 590 3889 eodem
636 3830 881 3888 dicitur:
933 3830 1208 3887 Dominus
1254 3830 1432 3907 fortis
1474 3832 1531 3885 et
1579 3832 1779 3901 potens
1823 3826 2001 3898 (Psal.

392 3922 582 3993 χχιιι),
616 3927 720 3977 etc.
772 3920 841 3975 Et
868 3917 1063 3974 iterum
1100 3936 1114 3972 :
1146 3918 1438 3989 Speciosus
1484 3920 1673 3987 forma
1712 3931 1832 3989 prae
1868 3915 2006 3983 ﬁliis

397 4012 697 4068 hominum
726 4006 886 4074 Ibid).
920 4008 1099 4076 xuv).

472 4116 632 4174 Uriaz.
668 4111 813 4181 Uria,
846 4110 939 4165 lux
969 4124 1093 4166 mea
1122 4109 1225 4166 Dei
1254 4109 1480 4179 scilicet,
1514 4110 1571 4164 id
1602 4116 1702 4177 est,
1736 4107 2006 4175 diabolus,

404 4204 496 4277 qui
527 4201 663 4257 dixit
694 4218 709 4255 :
742 4200 958 4257 Similis
986 4215 1081 4257 ero
1112 4199 1403 4255 Altissimo
1433 4200 1565 4269 (Isa.
1600 4201 1756 4269 xw);
1791 4197 1879 4254 cui
1906 4198 2013 4254 Ec-

400 4286 624 4350 clesium
654 4289 1006 4362 conjugatam
1038 4287 1290 4343 Christus
1311 4287 1380 4343 de
1402 4287 1605 4343 solario
1632 4294 1876 4358 paternae
1904 4301 2016 4341 ma.

397 4380 609 4452 jcstatis
660 4376 956 4447 adamavit,
1001 4384 1054 4432 et
1100 4375 1388 4448 pulchram
1431 4375 1635 4431 factam
1679 4374 1784 4430 sibi
1828 4374 2016 4430 matri-

2108 3178 2229 3250 ejus
2248 3192 2363 3234 non
2381 3175 2708 3233 recordabar
2727 3173 2949 3246 (Ezech.
2973 3172 3160 3241 xvm).
3184 3172 3382 3237 Aman,
3402 3170 3460 3226 id
3475 3177 3559 3226 est
3580 3167 3714 3225 ﬁde-

2097 3266 2169 3322 lis
2211 3265 2299 3323 vel
2327 3266 2631 3331 nutritius,
2667 3261 2985 3337 signiﬁcans
3016 3260 3294 3317 Christum
3321 3259 3393 3315 de
3423 3273 3532 3331 quo
3561 3256 3710 3314 dici-

2095 3363 2185 3410 tur
2209 3371 2222 3408 :
2246 3353 2455 3410 Fidelis
2474 3355 2748 3410 Dominus
2768 3353 2833 3407 in
2854 3351 3112 3409 omnibus
3145 3351 3254 3406 viis
3291 3350 3430 3415 suis,
3453 3349 3551 3422 qui
3568 3362 3709 3405 con-

2098 3446 2261 3500 vocat
2278 3442 2447 3511 ﬁlios,
2471 3446 2539 3498 ut
2555 3442 2775 3514 gallina
2792 3441 2981 3513 pullos
3003 3456 3129 3496 suos
3153 3439 3331 3511 (Psal.
3357 3436 3569 3509 cxmv).

2172 3551 2340 3605 Vnus.
2376 3553 2462 3604 ll.
2486 3579 2555 3589 —
2574 3550 2771 3615 Josias,
2805 3546 2862 3603 id
2882 3554 2966 3603 est
2996 3547 3153 3605 salus
3171 3545 3404 3603 Domini
3423 3543 3517 3601 vel
3531 3542 3719 3599 incen-

2103 3657 2248 3697 sum.
2281 3638 2380 3694 Ille
2411 3646 2493 3695 est
2525 3636 2618 3710 qui
2646 3637 2778 3694 dicit
2808 3655 2821 3691 :
2856 3638 3151 3709 Dirigatur
3181 3636 3361 3693 oratio
3399 3648 3527 3690 mea
3564 3634 3721 3690 sicut

2106 3732 2410 3787 incensum
2430 3728 2606 3799 (Psal.
2640 3727 2792 3798 CXL),
2825 3733 2929 3783 etc.

2177 3834 2375 3902 Josias,
2409 3852 2505 3891 rex
2529 3835 2729 3904 justus,
2764 3834 2911 3906 quod
2939 3848 3049 3888 non
3080 3829 3176 3887 ﬁlii
3206 3832 3323 3902 ejus
3345 3844 3482 3903 quos
3502 3829 3717 3903 genuit,

2108 3940 2220 3980 non
2248 3923 2305 3979 in
2334 3922 2837 3996 transmigratione,
2873 3922 3002 3994 quia
3030 3936 3313 3993 nunquam
3343 3917 3718 3992 transmigra-

2110 4013 2187 4070 vit
2218 4031 2232 4067 :
2268 4013 2367 4068 sed
2398 4012 2703 4069 secundum
2732 4010 3271 4083 praedestinationem
3298 4008 3399 4064 Dei
3429 4008 3499 4064 ad
3529 4015 3719 4062 trans-

2112 4101 2483 4176 migrandum,
2515 4100 2835 4171 Jechoniam
2864 4108 2919 4156 et
2949 4099 3149 4155 fratres
3187 4100 3303 4168 ejus
3343 4095 3504 4153 simul
3542 4095 3718 4167 ponit,

2114 4200 2174 4247 ut
2202 4208 2436 4264 quorum
2466 4198 2549 4246 est
2577 4189 2882 4247 communis
2911 4188 3170 4262 iniquitas
3209 4186 3400 4243 similis
3430 4186 3500 4240 sit
3529 4193 3582 4240 et
3609 4184 3721 4238 mi-

2120 4280 2284 4337 seria.
2317 4279 2608 4337 .lechonias
2653 4278 2985 4352 praeparatio
3029 4276 3266 4346 Domini,
3302 4275 3430 4348 quia
3469 4282 3582 4330 tam
3612 4288 3720 4345 pa-

2119 4378 2259 4426 trem
2291 4384 2456 4441 quam
2475 4367 2646 4424 ﬁlium
2665 4367 2930 4425 Dominus
2952 4366 3022 4424 ad
3043 4363 3548 4439 transmigrandum
3576 4377 3721 4435 prae-

404 4471 588 4527 monio
636 4465 933 4541 copulavit.
983 4464 1147 4523 Urias
1177 4464 1270 4537 qui
1299 4472 1383 4521 est
1410 4462 1589 4537 ﬁgura
1634 4462 1858 4543 diaboli,
1908 4465 2012 4520 lux
2040 4458 2353 4532 Dparavit.

403 4577 531 4616 mea
561 4561 707 4615 Deus
753 4556 1162 4627 interpretatur,
1214 4553 1308 4626 qui
1351 4553 1531 4609 adhuc
1574 4550 1924 4608 transformat
1954 4569 2014 4608 se

406 4649 462 4703 in
494 4646 757 4720 angelum
788 4645 946 4713 lucis,
983 4653 1035 4700 et
1064 4644 1246 4701 lucem
1274 4642 1375 4698 Dei
1405 4658 1464 4697 se
1494 4640 1643 4697 facit.

479 4755 649 4812 Vnus.
670 4755 724 4807 ’7.
745 4782 814 4794 --
833 4753 1097 4809 Salomon
1118 4755 1331 4807 autem.
1357 4748 1608 4805 Christus
1631 4756 1713 4804 est
1736 4748 2014 4821 Salomon,

409 4844 465 4900 id
494 4850 577 4900 est
603 4841 896 4916 paciﬁcus,
932 4839 1060 4912 quia
1110 4838 1227 4911 ipse
1273 4846 1356 4894 est
1398 4854 1504 4910 pax
1549 4845 1740 4894 nostra
1771 4836 1863 4908 qui
1892 4835 2020 4892 fecit

406 4942 640 5005 utraque
669 4947 857 4986 unum.
892 4930 1015 5001 Ipse
1047 4936 1130 4983 est
1159 4928 1428 4997 Roboam,
1463 4927 1518 4984 id
1549 4935 1632 4983 est
1661 4926 1898 4999 impetus
1928 4936 2020 4998 po‘

408 5022 543 5095 puli,
581 5020 674 5094 qui
717 5018 981 5077 velociter
1020 5017 1254 5090 populos
1297 5017 1565 5073 convertit
1593 5017 1664 5071 ad
1692 5015 1877 5072 fidem.
1911 5018 2019 5073 Ro-

411 5113 591 5170 boam.
637 5109 720 5166 De
759 5109 863 5163 isto
900 5107 1097 5164 dicitur
1137 5124 1150 5160 :
1203 5106 1349 5163 Dabo
1386 5107 1496 5179 ipsi
1533 5106 1768 5163 Roboam
1810 5105 2022 5161 tribum

410 5200 634 5268 ludam,
660 5203 728 5256 ut
746 5201 1043 5255 remaneat
1064 5197 1298 5253 lucerna
1314 5195 1489 5251 David
1505 5197 1729 5251 cunctis
1746 5194 1937 5251 diebus
1956 5195 2020 5249 in

409 5289 588 5347 Israel
628 5289 732 5361 (ΙΙΙ
763 5291 890 5361 Reg.
935 5285 1040 5357 χι).
1090 5283 1250 5354 Quod
1292 5284 1364 5340 ad
1405 5282 1645 5339 litteram
1689 5300 1802 5340 non
1842 5291 2023 5355 potest

407 5377 603 5451 accipi,
636 5376 765 5450 quia
792 5391 896 5433 nec
925 5373 1097 5431 Israel
1118 5373 1328 5431 cunctis
1357 5372 1550 5428 diebus
1582 5372 1804 5440 exstitit,
1829 5387 1933 5429 nec
1952 5371 2022 5427 de

410 5467 586 5525 David
613 5472 738 5539 post
765 5464 1043 5521 Christum
1084 5464 1193 5518 dux
1238 5461 1436 5535 aliquis
1463 5460 1520 5515 in
1549 5461 1721 5516 Israel
1759 5460 1878 5517 fuit.
1912 5460 2022 5518 Sed

409 5556 658 5615 Christus
677 5554 905 5612 lucerna
934 5561 1018 5609 est
1047 5559 1254 5608 aeterna
1272 5550 1330 5605 in
1351 5548 1558 5607 caelesti
1582 5550 1772 5617 Israel,
1806 5558 1860 5606 et
1897 5549 2022 5604 ideo

410 5653 663 5706 servatur
694 5660 931 5717 semper.
966 5641 1144 5714 Super
1174 5639 1373 5697 solium
1402 5645 1585 5695 autem
1615 5638 1791 5694 David
1819 5637 2016 5695 dicitur

2188 4566 2373 4640 (1511).)
2403 4565 2612 4623 Veritas
2640 4564 2881 4622 historiae
2909 4563 3095 4634 habet,
3148 4561 3295 4636 quod
3342 4561 3451 4618 duo
3500 4559 3726 4616 fuerunt

2117 4656 2411 4726 Jechonise,
2444 4663 2503 4711 ut
2531 4672 2673 4711 unus
2713 4655 2921 4712 scilicet
2956 4662 3115 4726 pater
3154 4652 3224 4708 sit
3261 4652 3317 4707 in
3360 4649 3469 4706 ﬁne
3502 4663 3723 4722 praece-

2118 4746 2297 4802 dentis
2337 4745 2796 4813 tesseradecadis,
2839 4744 2977 4799 alter
3013 4743 3069 4798 in
3104 4738 3381 4813 principio
3421 4737 3721 4811 sequentis.

2121 4835 2231 4892 Sed
2257 4833 2485 4907 mystice
2515 4833 2820 4890 secundum
2836 4831 3202 4906 Augustinum
3229 4845 3371 4886 unus
3391 4836 3445 4884 et
3464 4827 3610 4883 idem
3640 4834 3728 4881 est

2119 4923 2176 4979 in
2214 4922 2320 4979 ﬁde
2373 4923 2736 4995 prmcedentis
2776 4928 2830 4977 et
2865 4921 2922 4975 in
2957 4918 3226 4992 principio
3275 4916 3573 4991 sequentis.
3602 4914 3730 4991 ‘Scd

2122 5028 2294 5085 quare
2346 5012 2750 5083 praetermissus
2797 5017 2879 5065 est
2916 5008 3164 5065 Joachim
3208 5014 3368 5081 pater
3411 5003 3732 5062 Jechoniaa?

2122 5101 2352 5157 forsitan
2381 5110 2440 5157 ut
2466 5110 2656 5174 typum
2703 5098 2906 5155 Christi
2932 5096 3139 5154 faceret
3166 5094 3484 5153 Jechoniam
3514 5093 3599 5148 bis
3631 5108 3730 5147 nu-

2120 5190 2371 5260 meravit,
2407 5198 2459 5246 et
2487 5188 2735 5245 Joachim
2763 5204 2834 5244 ne
2863 5202 3127 5244 numerus
3163 5191 3461 5259 augeretur
3486 5189 3726 5256 praeter-

2121 5280 2286 5336 misit.

2195 5386 2401 5446 Omnes
2441 5384 2534 5459 qui
2571 5399 2605 5440 a
2640 5383 2817 5441 David
2863 5400 3039 5457 usque
3076 5382 3149 5439 ad
3185 5379 3730 5455 transmigrationem

2122 5475 2414 5549 Babylonis
2442 5482 2820 5543 numerantur,
2854 5489 3020 5548 reges
3050 5471 3289 5528 fuerunt.

2194 5566 2509 5624 Jechonias.
2552 5564 2711 5621 Prior
2746 5562 3057 5631 Jechonias,
3098 5560 3437 5619 resurrectio
3473 5558 3725 5624 Domini,

2126 5671 2364 5729 sequens
2379 5653 2671 5712 Jechonias
2684 5653 3024 5726 praeparatio
3040 5649 3494 5709 Dominidicitur.
3510 5646 3734 5703 Utrum-
