4028 6178
264 261 326 312 69
1147 254 1418 313 GLOSSA
1456 254 1866 311 ORDINARIA.

2010 256 2277 314 EVANG.
2320 256 2578 313 ΜΑΤΤΠ.
3489 258 3558 312 70

269 396 367 452 que
403 378 661 453 congruit
698 377 932 449 Christo,
966 378 1059 450 qui
1106 387 1188 436 est
1234 381 1573 437 resurrectio
1630 383 1687 436 et
1741 383 1859 436 vita
1879 380 1936 442 A
1967 381 2111 437 mine
2129 382 2332 452 Joseph
2353 382 2381 437 ?
2404 381 2512 437 Sed
2532 395 2641 436 non
2661 388 2743 437 est
2766 380 3103 437 consuetudo
3149 380 3558 452 Scripturarum

269 471 442 539 (Joan.
496 470 601 539 χι).

333 575 503 630 Vens.
541 578 625 630 ~12.
650 604 718 615 —
742 574 1041 632 Salathiel.
1076 574 1271 630 Petilio
1303 590 1429 631 mea
1458 574 1625 644 Deus,
1642 575 1860 631 Christo

267 663 517 721 convenit
544 663 637 735 qui
666 663 796 719 dicit
823 680 835 717 :
870 666 1042 719 Pater
1072 668 1294 731 sancte,
1319 681 1481 720 serva
1500 681 1590 721 eos
1611 680 1743 737 quos
1762 664 1861 721 de-

267 754 396 809 disti
426 752 586 819 mihi,
623 757 689 807 ut
717 754 838 808 sint
870 770 1048 809 unum
1076 755 1227 809 sicut
1255 758 1313 809 et
1343 770 1443 810 nos
1476 755 1660 825 (Joan.
1694 752 1855 825 xvu).

329 859 500 916 Vens.
535 862 621 913 13.
644 889 714 900 -
736 860 1032 917 Zorobabel
1069 864 1262 917 autem
1285 862 1484 932 genuit
1516 860 1713 916 Abiud.
1738 860 1859 916 Ma-

268 947 433 1021 gister
460 948 774 1019 Babylonis,
806 948 862 1002 id
896 957 977 1004 est
998 943 1360 1004 confusionis.
1388 949 1471 1003 Illi
1494 949 1747 1005 convenit
1769 949 1862 1020 qui

269 1037 527 1092 mundum
544 1037 614 1091 ab
634 1053 826 1092 errore
844 1037 1161 1093 idololatriae
1177 1038 1247 1093 ad
1275 1037 1420 1093 viam
1440 1038 1682 1094 veritatis
1702 1054 1862 1094 revo-

269 1126 425 1183 cavit.
456 1126 698 1181 Fuerunt
728 1126 831 1182 viri
863 1126 1093 1182 studiosi
1136 1143 1201 1181 ex
1230 1127 1434 1182 Iudaeis
1472 1127 1601 1183 dicti
1647 1126 1861 1182 Heriles

267 1222 490 1286 prepter
536 1214 1001 1286 propinquitatem
1050 1215 1272 1288 generis
1321 1216 1539 1281 Christi,
1595 1222 1860 1286 erantque

275 1302 544 1371 Nazareni,
569 1303 661 1374 qui
681 1303 933 1359 ordinem
949 1303 1289 1377 genealogis:
1310 1304 1510 1360 Christi
1525 1303 1719 1374 partim
1738 1320 1860 1359 me-

270 1393 513 1459 moriter,
547 1392 750 1463 partim
780 1408 845 1447 ex
877 1392 1031 1447 libris
1061 1393 1305 1461 Dierum,
1340 1392 1540 1464 partim
1579 1393 1650 1447 ab
1671 1392 1787 1447 avis
1808 1399 1861 1447 et

272 1480 489 1552 proavis
520 1481 821 1537 retinentes
871 1481 1172 1537 secundum
1201 1481 1450 1537 ordinem
1500 1482 1855 1552 scripserunt.

270 1570 460 1636 Abiud,
494 1569 553 1624 id
583 1578 683 1636 est,
710 1574 880 1642 pater
907 1587 1087 1627 meus.
1124 1572 1231 1625 Iste
1253 1570 1469 1625 Christo
1489 1570 1758 1639 convenit,
1791 1570 1860 1625 de

270 1675 372 1730 quo
401 1659 606 1714 dicitur
637 1677 650 1712 :
683 1660 803 1731 Ipse
834 1661 1116 1717 invocavit
1157 1676 1246 1715 me
1278 1678 1296 1715 :
1323 1664 1491 1731 pater
1520 1675 1677 1714 meus
1708 1676 1765 1714 es
1798 1662 1862 1713 tu

1962 477 2019 524 ut
2049 470 2187 525 ordo
2216 470 2505 526 mulierum
2527 470 2580 524 in
2602 469 3047 542 generationibus
3069 477 3283 525 texatur
3307 488 3321 536 ;
3362 476 3413 524 et
3434 468 3557 524 ideo

1961 575 2071 614 non
2100 576 2201 630 per
2229 559 2477 627 Mariam,
2514 559 2610 613 sed
2639 575 2740 630 per
2767 559 2971 629 Joseph
2999 558 3293 627 inducitur,
3330 572 3454 614 cum
3485 555 3554 612 de

1961 664 2070 703 una
2097 648 2300 718 Joseph
2331 656 2383 703 et
2411 647 2584 702 Maria
2628 648 2772 701 tribu
2821 646 3040 702 fuerint.
3100 647 3257 703 Unde
3318 654 3371 701 et
3430 661 3553 702 eam

1964 736 2121 808 quasi
2149 736 2514 808 prepinquam
2543 737 2847 809 cogebatur
2875 734 3147 807 accipere,
3183 752 3253 791 ne
3284 735 3458 790 tribus
3505 733 3561 789 in

1963 824 2127 879 aliam
2156 842 2215 880 se
2246 825 2605 881 confunderet
2640 843 2653 879 :
2687 825 2832 880 unde
2867 826 3031 880 etiam
3080 824 3243 879 simul
3293 831 3557 897 tanquam

1962 914 2030 968 de
2060 924 2168 969 'una
2197 914 2364 985 stirpe
2394 913 2720 985 profitentur
2765 914 2822 968 in
2850 914 3167 970 Bethlehem
3196 913 3379 969 redire
3431 928 3558 970 cum

1962 1002 2193 1075 singulis
2218 1001 2277 1057 in
2308 1018 2464 1057 suam
2512 1002 2808 1059 civitatem.

2031 1109 2297 1181 Exemplo
2327 1109 2522 1165 Maria!
2552 1110 2719 1181 liquet
2741 1108 2992 1165 fidelibus
3012 1108 3320 1183 conjugatis
3341 1115 3560 1166 servato

1961 1199 2083 1269 pari
2113 1215 2389 1255 consensu
2421 1199 2810 1255 continentiam
2863 1198 3387 1270 possefpermanere,
3429 1214 3567 1255 con-

1954 1287 2277 1360 jugiumque
2307 1288 2496 1344 vocari
2525 1305 2634 1343 non
2662 1287 2926 1358 permisto
2956 1303 3225 1358 corporeo
3271 1304 3423 1353 sexu,
3458 1287 3559 1342 sed

1962 1376 2230 1431 custodito
2259 1377 2455 1431 mentis
2485 1377 2701 1431 affectu.
2746 1376 2907 1432 Unde
2941 1383 2992 1430 et
3023 1375 3227 1446 Joseph
3256 1375 3341 1430 vir
3378 1374 3562 1430 Maria:

1961 1463 2177 1534 dicitur,
2214 1464 2343 1536 quia
2373 1466 2690 1539 conjugium
2720 1481 2909 1520 verum
2941 1472 3022 1519 est
3062 1463 3154 1519 ubi
3203 1470 3563 1519 conservatur

1964 1554 2169 1608 amoris
2199 1552 2445 1624 effectus,
2482 1561 2534 1609 et
2564 1554 2620 1608 in
2650 1553 2823 1609 Maria
2854 1553 3062 1610 fructus
3110 1552 3424 1624 nuptiarum
3475 1551 3564 1607 in-

1966 1642 2203 1697 venhur.

268 1724 438 1817 (Ρεαι.
490 1724 797 1827 Lxxxvin),
850 1755 954 1803 etc.
979 1748 1279 1803 Eliachim.
1302 1724 1567 1802 Dominus
1600 1746 1872 1803 ressusci—
1892 1740 1946 1800 B
2046 1749 2215 1804 Vens.
2251 1751 2335 1804 17.
2359 1780 2429 1790 -
2452 1749 2654 1805 Omnes
2684 1752 2893 1822 itaque.
2919 1749 3166 1805 Decurso
3187 1724 3380 1804 ordine
3400 1762 3569 1821 gene-

266 1843 403 1890 tans.
438 1835 541 1890 Ille
562 1836 657 1907 qui
674 1836 807 1891 dicit
833 1854 846 1889 :
874 1836 1069 1892 Omnis
1091 1838 1187 1909 qui
1208 1837 1354 1892 videt
1379 1838 1590 1892 Filium
1611 1842 1667 1892 et
1689 1837 1871 1892 credit

271 1926 330 1981 in
357 1942 510 1991 eum,
548 1924 770 1981 habebit
800 1926 978 1981 vitam
1008 1929 1305 1992 (sternam,
1331 1929 1389 1982 et
1410 1941 1508 1998 ego
1526 1925 1870 1983 resuscitabo

273 2030 396 2071 eum
426 2014 615 2086 (Joan.
648 2014 750 2085 v1),
802 2021 907 2071 etc.

336 2120 511 2176 Vnus.
548 2122 635 2176 14.
668 2151 739 2173 -—
768 2121 930 2179 Azor.
965 2119 1214 2190 Adjutus.
1266 2120 1362 2175 Ille
1393 2127 1477 2176 est
1524 2120 1615 2196 qui
1663 2120 1793 2177 dicit
1844 2138 1858 2175 :

282 2211 414 2267 Ecce
434 2212 584 2266 Deus
597 2210 815 2282 adjuvit
830 2226 940 2276 me,
963 2212 1235 2267 Dominus
1252 2214 1542 2283 susceptor
1560 2215 1645 2266 est
1661 2212 1762 2266 ani
1767 2228 1873 2267 ma:

272 2315 408 2355 mea
453 2300 634 2369 (Psal.
668 2299 806 2371 Lm).
844 2298 1076 2356 Sadoch.
1128 2300 1334 2367 Justus,
1384 2298 1440 2353 id
1488 2307 1571 2355 est
1617 2298 1866 2353 Christus

275 2387 339 2442 de
368 2404 474 2459 quo
505 2386 739 2444 dicitur:
775 2389 973 2445 Justus
1002 2390 1278 2446 Dominus
1308 2391 1366 2443 et
1373 2389 1636 2460 justitias
1665 2388 1872 2444 dilexit

273 2476 422 2547 (Ibid.
456 2477 545 2548 ι).
576 2477 793 2543 Achim,
827 2476 881 2532 id
911 2484 1011 2543 est,
1037 2480 1223 2549 frater
1247 2493 1407 2533 meus
1427 2479 1556 2533 iste.
1580 2475 1715 2546 Quis
1734 2476 1872 2531 alius

275 2580 435 2636 quam
464 2564 560 2620 ille
590 2565 684 2637 qui
711 2566 875 2620 homo
904 2564 1025 2621 fieri
1044 2565 1233 2633 voluit,
1259 2573 1317 2620 ut
1337 2565 1509 2636 possit
1529 2565 1737 2620 habere
1759 2564 1871 2619 fra-

274 2660 400 2721 tres,
431 2653 503 2709 de
533 2654 733 2725 quibus
762 2654 972 2711 diceret
994 2671 1008 2708 :
1030 2654 1313 2712 Nuntiabo
1333 2670 1543 2711 nomen
1566 2658 1731 2711 tuum
1752 2656 1869 2725 fra-

276 2742 447 2799 tribus
466 2745 613 2799 meis
634 2742 791 2814 (Ibid.
812 2744 961 2814 xxr).
984 2744 1170 2810 Eliud,
1193 2743 1251 2798 id
1271 2752 1372 2813 est,
1402 2744 1551 2799 Deus
1570 2759 1727 2799 meus
1742 2758 1872 2799 con-

275 2831 415 2887 venit
442 2832 661 2888 Christo
690 2830 783 2903 qui
811 2831 943 2888 dicit
974 2849 989 2886 :
1019 2834 1171 2889 Deus
1200 2848 1364 2890 meus
1393 2837 1462 2889 ut
1484 2832 1619 2905 quid
1668 2832 1873 2889 dereli-

276 2922 447 2994 quisti
473 2937 568 2978 me
595 2920 820 2990 (Matth.
853 2919 1039 2993 xxvn)
1097 2922 1126 2976 ?

342 3027 516 3084 Vnus.
542 3031 631 3085 15.
654 3058 726 3070 -
744 3028 1000 3096 Eleazar,
1032 3027 1090 3083 id
1120 3035 1221 3098 est,
1255 3029 1403 3085 Deus
1432 3044 1593 3086 meus
1622 3027 1869 3102 adjutor.

1969 1837 2196 1893 rationis
2227 1838 2465 1907 tandem,
2512 1838 2568 1892 in
2616 1836 2723 1893 ﬁne
2770 1837 3174 1908 concludendo,
3227 1836 3568 1911 evangelista

1969 1926 2293 1997 recapitulat
2323 1927 2425 1982 sub
2454 1926 2685 1998 mystico
2706 1943 2955 1983 numero.

2022 2033 2192 2089 Vnus.
2230 2038 2316 2089 18.
2339 2064 2410 2075 -
2434 2034 2647 2091 Christi
2681 2038 2876 2091 autem
2931 2035 3243 2097 generatio.
3274 2032 3402 2090 Sine
3417 2031 3572 2089 addi-

1982 2129 2249 2191 tamento,
2283 2123 2432 2192 Jesu,
2466 2124 2636 2194 ponit,
2670 2131 2730 2177 ut
2759 2140 2883 2178 eum
2912 2122 3186 2195 inlelligas
3206 2122 3275 2178 de
3306 2139 3413 2194 quo
3441 2138 3578 2194 pro-

1969 2213 2172 2283 pheta:
2201 2214 2377 2269 Unxit
2410 2216 2464 2269 te
2492 2214 2637 2268 Deus
2669 2217 2821 2268 tuus.
2849 2212 3031 2284 .Jesus,
3068 2212 3216 2283 quod
3236 2212 3570 2268 substantia-

1970 2300 2094 2355 liter
2120 2300 2201 2355 illi
2229 2300 2502 2369 convenit,
2535 2300 2736 2373 angelo
2758 2309 3024 2369 reservat,
3051 2308 3109 2356 ut
3131 2300 3225 2372 qui
3245 2309 3370 2371 post
3390 2300 3567 2357 dictu-

1971 2405 2066 2445 rus
2114 2396 2197 2444 est
2249 2396 2576 2460 conceptum
2623 2389 2693 2445 de
2741 2390 2945 2460 Spiritu
2993 2397 3204 2459 sancto,
3258 2406 3461 2446 nomen
3517 2389 3569 2445 ei

1970 2477 2254 2549 proprium
2283 2495 2350 2534 ex
2381 2477 2699 2534 salvationis
2746 2476 2929 2534 officio
2959 2477 3247 2533 sublimius
3291 2478 3558 2535 declaret.

1972 2568 2062 2624 Sic
2091 2570 2236 2623 erat.
2271 2566 2422 2624 Sicut
2450 2566 2655 2623 dictum
2685 2573 2787 2636 est,
2820 2573 2879 2621 ut
2903 2582 2969 2622 ex
2998 2566 3222 2637 Joseph,
3257 2565 3416 2639 origo
3447 2568 3564 2623 Ma-

1963 2654 2079 2724 riae,
2118 2670 2242 2727 quae
2282 2663 2336 2711 et
2367 2655 2438 2711 de
2469 2655 2646 2712 David
2676 2654 3008 2711 claresceret
3040 2672 3052 2709 :
3079 2663 3132 2711 et
3152 2654 3418 2725 Christus,
3446 2670 3559 2711 non

1971 2758 2039 2799 ex
2066 2743 2184 2813 ejus
2214 2744 2443 2813 semine,
2476 2751 2535 2799 ut
2562 2744 2711 2800 Deus
2740 2751 2795 2800 et
2822 2745 3006 2813 homo,
3039 2760 3141 2814 per
3169 2743 3561 2817 genealogiam

1970 2832 2154 2902 homo,
2179 2849 2281 2905 per
2321 2833 2448 2903 hoc,
2480 2832 2550 2889 de
2580 2832 2793 2906 virgine
2820 2832 2892 2889 de
2922 2832 3127 2904 Spiritu
3175 2840 3368 2913 sancto
3416 2833 3567 2888 Deus

1971 2921 2294 2977 ostenditur.
2328 2922 2437 2991 Sic,
2484 2921 2730 2994 inquam,
2781 2929 2902 2977 erat
2948 2929 3008 2977 ut
3041 2921 3368 2993 praescripta
3413 2920 3572 2994 estIet

1969 3025 2097 3066 mox
2124 3009 2355 3080 dicetur,
2389 3010 2528 3067 sicut
2546 3017 2741 3082 postea
2792 3009 2967 3084 signis
3016 3017 3071 3066 et
3097 3009 3365 3084 prodigiis
3393 3008 3569 3066 mani-

281 3114 379 3173 Ille
411 3124 495 3172 est
526 3117 618 3190 qui
650 3133 719 3173 ex
745 3132 987 3189 persona
1015 3097 1252 3174 hominis
1280 3116 1414 3173 dixit
1446 3134 1460 3173 :
1519 3118 1666 3173 Deus
1687 3097 1701 3102 ⁷
1722 3132 1882 3174 meus
1902 3113 1952 3178 C
1974 3097 2225 3190 Ῑίθείαιυνν
2256 3106 2316 3154 ιη
2345 3106 2514 3190 ῖοῐυε-
2538 3099 2681 3155 liber
2724 3099 2901 3190 D90“?
2949 3106 3003 3155 et
3046 3098 3326 3190 Ῑιοηιίηβφ
3374 3105 3567 3190 natura

285 3206 512 3279 sperabo
539 3207 605 3263 in
634 3222 766 3263 eum
794 3207 970 3278 (Psal.
999 3206 1117 3275 xc).
1150 3206 1401 3264 Matium.
1425 3205 1652 3263 Donans
1672 3205 1760 3262 vel
1778 3205 1879 3262 do-

279 3301 455 3350 natus.
486 3294 587 3351 Ille
615 3302 702 3351 est
731 3295 823 3366 qui
851 3294 1001 3351 dedit
1028 3295 1175 3351 bona
1203 3294 1534 3364 hominibus,
1571 3302 1624 3351 et
1652 3294 1721 3350 de
1769 3309 1877 3367 quo

280 3382 514 3440 dicitur:
542 3385 634 3441 Sic
664 3385 812 3441 Deus
839 3383 1048 3441 dilexit
1066 3384 1365 3452 mundum,
1390 3388 1457 3442 ut
1478 3384 1689 3442 Filium
1708 3400 1878 3441 suum

282 3471 440 3529 daret
472 3472 662 3542 (Joan.
702 3472 808 3545 ιιι).

346 3578 455 3635 Per
478 3578 584 3635 hos
611 3586 799 3651 patres
829 3578 1075 3637 Christus
1096 3571 1153 3635 in
1198 3579 1480 3651 mundum,
1522 3571 1586 3636 et
1635 3578 1878 3638 omnium

282 3666 474 3723 borum
501 3667 562 3723 in
591 3684 651 3724 se
680 3668 911 3742 gerebat
941 3668 1200 3726 officium.
1232 3670 1302 3725 Et
1330 3669 1557 3744 dignum
1587 3676 1671 3725 est
1700 3676 1757 3724 ut
1778 3685 1879 3740 per

285 3756 532 3812 eamdem
562 3756 769 3813 lineam
798 3757 1102 3814 sanctitatis
1121 3757 1193 3813 ad
1213 3774 1339 3813 eum
1358 3758 1743 3828 ascendamus,
1777 3773 1879 3830 per

284 3859 444 3916 quam
473 3845 546 3901 ad
576 3861 679 3902 nos
707 3845 1047 3903 descendere
1076 3852 1159 3903 est
1205 3846 1483 3921 dignatus.

349 3951 521 4009 Vnus.
558 3956 646 4009 16.
679 3983 748 3995 -
775 3953 995 4027 Joseph.
1029 3955 1324 4026 Apponens
1377 3952 1625 4010 Christus
1656 3951 1748 4024 qui
1791 3951 1879 4007 Ju-

281 4040 411 4097 dzeis
441 4049 641 4116 gentes
669 4042 942 4114 apposuit,
987 4043 1081 4114 qui
1119 4050 1172 4099 et
1200 4049 1360 4115 pater
1408 4042 1607 4098 Christi
1655 4041 1873 4110 dicitur,

280 4147 439 4201 quem
466 4131 536 4187 de
568 4146 671 4186 sua
701 4131 937 4205 conjuge
970 4139 1158 4187 natum
1189 4131 1444 4203 adoptive
1476 4130 1716 4202 suscepit
1741 4149 1753 4185 :
1780 4130 1879 4187 sed

283 4228 335 4274 et
361 4221 603 4291 putative
630 4227 791 4291 pater
820 4220 1036 4277 dicitur.
1070 4220 1270 4294 Joseph
1297 4221 1584 4277 Matthaeus
1637 4219 1769 4276 dicit
1816 4217 1880 4273 ti-

280 4306 411 4363 lium
463 4308 638 4365 Iacob
684 4316 739 4365 et
768 4308 939 4366 Jacob
974 4308 1164 4365 tiilium
1202 4309 1443 4365 Mathan.
1467 4309 1643 4365 Lucas
1675 4308 1879 4380 Joseph

284 4395 452 4451 lilium
484 4397 625 4467 Heli,
660 4404 714 4452 et
742 4397 864 4453 Heli
912 4395 1081 4453 filium
1127 4398 1351 4467 Mathat,
1402 4397 1501 4454 sed
1558 4397 1781 4453 Mathan
1826 4403 1880 4452 et

1976 3188 2348 3245 demonstret:
2372 3188 2520 3261 quod
2547 3196 2631 3245 est
2659 3188 2997 3245 credendum
3024 3196 3083 3244 ut
3102 3188 3275 3261 possit
3300 3186 3556 3262 intelligi.

1976 3277 2079 3334 Hic
2097 3277 2244 3335 enim
2261 3294 2460 3334 sensus
2477 3275 2660 3334 deficit
2679 3277 2970 3347 humanus,
2995 3276 3090 3333 ubi
3111 3292 3223 3334 non
3242 3283 3326 3334 est
3344 3283 3563 3345 natura,

1978 3367 2077 3424 sed
2106 3366 2279 3424 virtus
2310 3385 2323 3422 :
2357 3367 2450 3440 qui
2479 3382 2591 3423 non
2616 3366 2791 3423 credit
2818 3383 2932 3423 non
2959 3365 3214 3440 intelligit
3243 3366 3392 3439 quod
3410 3365 3570 3440 virgo

1977 3456 2208 3530 peperit,
2242 3456 2389 3529 quod
2417 3456 2649 3513 verbum
2679 3472 2811 3514 caro
2841 3455 3046 3515 factum
3076 3462 3178 3512 est.

2054 3566 2193 3621 Cum
2219 3568 2365 3621 esset
2392 3563 2748 3637 desponsata.
2772 3563 2986 3635 (Omc.)
3009 3562 3140 3619 Ideo
3159 3562 3494 3636 desponsata
3515 3569 3573 3618 ut

1978 3651 2314 3725 significaret
2341 3652 2667 3721 Ecclesium,
2700 3668 2822 3724 quae
2859 3653 3018 3726 virgo
3050 3658 3133 3708 est
3163 3659 3216 3707 ct
3248 3666 3491 3723 sponsa:
3518 3658 3573 3706 et

1978 3747 2037 3796 ut
2063 3757 2166 3812 per
2189 3742 2412 3813 Joseph,
2446 3748 2574 3810 etc.,
2610 3758 2783 3814 usque
2814 3741 2886 3797 ad
2907 3740 3260 3813 desponsatio
3282 3740 3448 3797 ﬁebat
3466 3754 3569 3811 per

1979 3829 2186 3902 aliquot
2216 3829 2337 3885 dies
2363 3837 2489 3885 ante
2519 3829 2799 3886 assiduam
2825 3829 3305 3899 cohabitationem,
3340 3836 3392 3884 et
3420 3828 3565 3883 inte-

1980 3919 2085 3974 rim
2114 3926 2232 3975 erat
2261 3934 2400 3975 uxor
2428 3918 2532 3975 sub
2560 3919 2811 3976 cnstodia
2838 3919 2961 3976 viri.

2034 4023 2349 4096 Antequam
2360 4025 2747 4081 convenirent.
2770 4023 2896 4080 Non
2916 4022 3061 4095 quod
3074 4028 3267 4095 postea
3287 4036 3569 4080 convene-

1981 4111 2091 4167 rint
2123 4128 2137 4166 :
2170 4120 2229 4166 ut
2257 4112 2303 4166 si
2330 4110 2640 4169 diceremus
2669 4119 2963 4184 antequam
3009 4111 3342 4185 paenituerit,
3394 4119 3571 4169 morte

1976 4207 2289 4271 praeventus
2319 4208 2421 4256 est.
2455 4202 2581 4257 Non
2612 4201 2759 4273 quod
2787 4209 2983 4274 postea
3020 4202 3413 4269 convenerint;
3474 4201 3573 4257 sed

1980 4288 2216 4345 ostendit
2230 4289 2538 4361 proximum
2568 4297 2782 4363 tempus
2802 4291 3133 4364 nuptiarum,
3150 4290 3206 4347 in
3227 4306 3336 4364 quo
3359 4290 3568 4363 nuptia-

1980 4394 2109 4434 rum
2133 4378 2398 4435 solemnia
2418 4379 2786 4436 celebrantur.

281 4484 487 4541 Mathat
515 4485 585 4542 de
616 4484 810 4542 eadem
837 4502 1009 4542 uxore
1040 4487 1208 4543 Hesta
1235 4486 1456 4542 nomine
1486 4484 1732 4559 singulos
1779 4501 1876 4559 ge-
1900 4476 1956 4538 D
2051 4486 2285 4543 Inventa
2304 4490 2389 4543 est
2408 4488 2472 4542 in
2488 4490 2647 4545 utero
2665 4487 2893 4544 habens.
2910 4486 3118 4543 Invenit
3132 4486 3336 4559 Joseph
3348 4484 3572 4545 inutero

283 4582 536 4629 nuerunt.
588 4575 830 4642 Mathan,
867 4575 960 4647 qui
1017 4591 1119 4646 per
1174 4575 1510 4631 Solomonen
1573 4573 1876 4642 descendit,

282 4677 405 4717 eam
432 4662 589 4734 prius
621 4662 791 4732 duxit,
826 4670 881 4720 et
910 4663 1103 4720 relicto
1133 4680 1242 4720 uno
1274 4662 1385 4720 filio
1413 4663 1584 4721 Jacob
1624 4663 1774 4733 obiit,
1828 4670 1882 4718 et

283 4759 478 4820 postea
503 4752 712 4807 Mathat
741 4752 834 4824 qui
862 4768 965 4824 per
988 4752 1211 4809 Mathan
1240 4752 1524 4810 descendit
1567 4752 1635 4808 de
1682 4751 1877 4821 David,

283 4840 536 4896 eamdem
566 4839 719 4895 duxit
749 4848 803 4896 et
832 4841 1021 4914 genuit
1050 4841 1191 4911 Heli,
1228 4842 1308 4898 sic
1337 4842 1509 4899 Jacob
1539 4849 1593 4898 et
1622 4841 1743 4897 Heli
1770 4840 1882 4896 fra-

279 4934 394 4993 tres
422 4937 550 4984 sunt
580 4928 800 4985 uterini.
830 4930 1004 4987 Jacob
1034 4937 1220 4986 autem
1254 4946 1483 4987 uxorem
1530 4925 1651 4986 Heli
1697 4929 1882 4985 fratris

278 5017 366 5071 sui
396 5017 520 5073 sine
540 5017 734 5074 liberis
766 5017 1026 5087 defuncti,
1051 5019 1121 5074 ad
1138 5019 1514 5076 suscitandum
1533 5035 1720 5075 semen
1741 5019 1878 5089 ejus,

278 5105 599 5178 accipiens,
608 5106 799 5180 genuit
824 5107 1031 5179 Joseph
1045 5115 1245 5164 natura
1271 5124 1449 5176 suum,
1471 5107 1569 5164 sed
1582 5107 1883 5165 secundum

276 5191 465 5267 legem
497 5193 620 5250 Heli
648 5194 838 5252 ﬁlium.
873 5194 1033 5266 Quod
1062 5195 1263 5254 dicitur
1308 5195 1453 5252 filius
1496 5196 1718 5254 nomine
1765 5196 1884 5267 ejus

274 5283 473 5340 vocari
520 5283 609 5340 cui
656 5284 971 5353 suscitatur,
1021 5301 1133 5341 non
1178 5292 1263 5342 est
1311 5301 1515 5347 verum.
1550 5300 1675 5343 cum
1741 5286 1885 5343 Booz

275 5387 409 5427 eum
438 5388 607 5445 quem
632 5373 824 5447 genuit
850 5390 917 5431 ex
945 5373 1110 5444 Ruth,
1143 5389 1255 5431 non
1282 5374 1587 5433 Elimelech
1606 5375 1695 5433 cui
1717 5374 1885 5432 susci—

269 5466 447 5531 tatur,
480 5462 583 5519 sed
626 5460 811 5519 Obeth
864 5462 1099 5521 vocavit.

348 5578 551 5635 Virum
580 5578 789 5635 marite.
845 5576 990 5649 Quid
1038 5578 1110 5635 ad
1158 5578 1436 5637 Christum
1483 5580 1770 5655 generatio
1818 5597 1887 5640 ex

266 5661 458 5723 David
484 5666 726 5725 deducta
753 5666 825 5724 ad
851 5668 1076 5742 Joseph,
1110 5682 1235 5726 cum
1265 5669 1516 5726 Christus
1546 5686 1658 5727 non
1688 5686 1755 5728 ex
1786 5686 1879 5728 se-

1978 4573 2203 4644 habere,
2237 4575 2337 4629 sed
2364 4590 2476 4630 non
2501 4575 2570 4631 de
2592 4575 2795 4646 Spiritu
2817 4583 3008 4632 sancto
3030 4575 3239 4631 sciebat
3260 4592 3384 4632 esse
3409 4595 3423 4631 :
3447 4580 3573 4634 eum

1978 4670 2173 4733 postea
2200 4670 2259 4718 ut
2278 4662 2476 4719 dubius
2504 4663 2839 4720 deliberaret
2866 4663 3139 4720 dimittere
3169 4680 3312 4736 eam,
3346 4674 3573 4737 aposto-

1979 4751 2064 4807 lus
2095 4759 2279 4808 autem
2306 4753 2413 4809 hoc
2440 4752 2592 4808 addit
2619 4768 2688 4809 ne
2716 4751 2935 4808 interim
2967 4763 3285 4827 surreperet
3333 4756 3573 4827 suspicio

1979 4839 2172 4896 lector.
2205 4840 2492 4910 Quomodo
2536 4841 2643 4897 hoc
2690 4840 2892 4899 factum
2939 4842 3027 4913 sit,
3083 4850 3138 4898 et
3185 4859 3294 4916 quo
3358 4844 3571 4914 ordine,

1979 4928 2068 4985 vel
2095 4929 2153 4984 in
2181 4945 2291 5001 qua
2318 4928 2535 4985 civitate
2564 4929 2766 4985 Christi
2812 4932 3100 5003 conceptio
3151 4932 3220 4987 sit
3271 4931 3571 5004 celebrata,

1979 5018 2086 5075 hoc
2116 5017 2551 5089 praetermissum
2580 5035 2614 5075 a
2643 5019 2791 5076 Luca
2836 5020 3142 5092 exponitur.

2054 5123 2224 5180 Vnus.
2249 5127 2336 5180 19.
2350 5155 2419 5165 -
2433 5127 2647 5182 Justus.
2676 5126 2784 5182 Per
2802 5126 2987 5198 ﬁdem,
3011 5143 3122 5200 qua
3143 5127 3576 5187 credebatChri—

1983 5219 2127 5268 stum
2155 5211 2225 5267 de
2254 5212 2467 5287 virgine
2495 5213 2853 5286 nasciturum,
2887 5223 2942 5273 et
2990 5216 3160 5273 voluit
3189 5234 3249 5275 se
3288 5218 3579 5279 humiliare

1983 5308 2110 5357 ante
2139 5307 2348 5357 tantam
2393 5302 2649 5376 gratiam.

2055 5388 2214 5459 Quod
2237 5391 2419 5460 justus
2447 5399 2584 5462 erat,
2636 5393 2743 5450 hoc
2784 5400 2868 5449 est
2912 5394 3283 5454 testimonium
3312 5399 3579 5456 castitatis

1980 5478 2188 5546 Mariae,
2220 5486 2278 5535 ut
2308 5480 2401 5553 qui
2432 5488 2619 5539 servat
2664 5482 3032 5556 innocentem,
3080 5486 3263 5557 justus
3310 5488 3529 5546 dicatur
3561 5506 3575 5541 :

1985 5568 2085 5625 sed
2114 5575 2168 5625 et
2212 5568 2336 5641 pius
2382 5568 2513 5626 dum
2559 5567 2730 5627 nollet
2778 5573 3092 5646 pr0palare,
3127 5593 3195 5632 ex
3243 5575 3578 5632 conscientia

1985 5656 2252 5715 castitatis
2274 5658 2474 5729 justus,
2508 5675 2575 5716 ex
2604 5659 2800 5717 timore
2829 5661 2971 5732 pius.
3007 5662 3228 5720 Sciebat
3254 5663 3405 5718 illam
3453 5678 3577 5719 esse
