4000 6182
497 277 562 331 ’71
959 277 1365 334 WALAFRIDI
1390 277 1635 335 STRABI
1664 278 1864 335 FULD.
1898 277 2077 337 MON.
2115 278 2269 337 OPP.
2315 279 2492 337 PARS
2518 281 2541 334 Ι
2596 278 3161 338 —THEOLOGICA.
3743 284 3813 339 ’72

492 415 878 488 inculpabilem
901 436 914 472 :
939 418 1037 473 sed
1067 418 1211 473 unde
1242 418 1329 473 vel
1360 419 1489 490 quid
1520 427 1665 474 esset
1694 419 1987 493 ignorabat
2012 439 2023 474 :
2044 431 2094 477 et

2209 404 2500 475 impleatur
2528 404 2755 459 arbitrio
2788 422 2801 458 :
2835 412 2893 459 ut
2923 405 3040 460 haec
3069 405 3139 459 de
3169 419 3278 475 qua
3305 403 3394 459 hic
3426 403 3629 476 agitur.
3674 404 3805 459 Alia

497 505 623 561 ideo
651 506 890 561 mediam
919 507 1085 579 elegit
1114 508 1257 563 viam
1289 506 1603 580 effugiendi,
1628 515 1686 562 ut
1725 525 1903 580 neque
1933 509 2095 564 inno-

500 602 715 650 centem
743 595 1023 666 proderet,
1059 612 1236 667 neque
1266 596 1345 650 rei
1384 596 1675 669 incognitae
1704 598 2096 653 consentiendo

501 698 562 738 se
594 700 747 739 reum
777 682 985 740 faceret
1016 699 1205 740 coram
1232 687 1368 739 Deo.
1406 685 1551 739 Vera
1598 686 1768 741 virtus
1818 694 1920 755 est,
1972 703 2096 743 cum

498 786 603 827 nec
631 770 807 842 pietas
837 772 954 827 sine
978 772 1204 841 justitia,
1241 788 1343 828 nec
1375 772 1495 828 sine
1522 772 1724 844 pietate
1739 774 1949 843 justitia
1970 790 2090 846 quae

501 866 770 930 separatae
799 860 871 914 ab
899 859 1135 915 invicem
1190 859 1525 915 dilabuntur.

568 966 639 1020 Et
669 966 850 1021 nollet
878 982 1023 1021 eam.
1050 964 1227 1035 Quam
1247 966 1680 1038 desponsaverat
1701 967 1756 1022 in
1778 967 2095 1041 conjugium

498 1054 723 1124 ducere,
758 1071 828 1110 ne
875 1055 1154 1110 videretur
1201 1057 1347 1127 quod
1396 1057 1687 1129 ignorabat
1735 1056 1938 1113 celare.
1994 1058 2095 1113 Vel

495 1143 788 1198 traducere
817 1144 889 1198 ad
916 1160 1142 1215 poenam
1170 1144 1226 1198 in
1256 1160 1365 1216 qua
1395 1153 1624 1202 noverat
1653 1162 1764 1201 non
1794 1162 1918 1201 esse
1947 1145 2093 1201 infa-

493 1231 680 1301 miam,
715 1232 842 1303 quia
873 1233 1082 1288 sciebat
1113 1250 1173 1288 se
1203 1248 1326 1288 eam
1356 1234 1625 1307 virginem
1668 1235 1969 1306 accepisse,
2004 1235 2093 1289 in-

495 1326 700 1376 tactam
748 1336 1022 1377 servasse.

566 1427 736 1482 Vans.
757 1430 847 1485 20.
867 1457 936 1467 —-
956 1429 1082 1483 Haec
1094 1431 1287 1484 autem
1303 1445 1363 1485 eo
1380 1430 1684 1501 cogitante.
1710 1429 1809 1485 Hic
1830 1429 2095 1486 docemur

499 1514 593 1569 diu
622 1515 1041 1571 deliberandum
1071 1533 1193 1572 esse
1222 1516 1278 1571 in
1307 1517 1550 1587 incertis,
1584 1535 1652 1572 ne
1699 1525 1960 1589 peccetur
2005 1526 2092 1573 te-

498 1601 753 1659 meritate
782 1602 1038 1659 levitatis.
1073 1606 1211 1661 Ecce
1240 1608 1479 1677 angelus
1525 1609 1770 1663 Domini.
1823 1606 1964 1675 Quia
2013 1606 2094 1662 sic

495 1690 585 1762 pie
615 1693 839 1766 cogitat,
882 1693 1158 1749 consolari
1204 1702 1465 1762 meretur,
1501 1701 1554 1748 et
1600 1695 1887 1751 consilium
1935 1712 2091 1750 suum

498 1780 715 1836 meliori
744 1781 973 1837 consilio
1020 1789 1279 1837 mutatur.
1335 1785 1443 1839 Fili
1489 1785 1683 1840 David.
1740 1785 2097 1857 Recognosce

502 1869 649 1940 quod
676 1871 1009 1940 promissum
1039 1879 1122 1927 est
1150 1871 1336 1927 domui
1365 1871 1559 1940 David,
1610 1872 1679 1927 de
1711 1888 1820 1943 qua
1850 1880 1904 1927 tu
1936 1889 1996 1927 es
2046 1880 2099 1929 et

499 1957 694 2026 Maria,
731 1966 785 2013 et
815 1958 938 2014 vide
973 1959 1257 2030 impletum
1287 1960 1344 2013 in
1374 1975 1457 2014 ea.
1492 1961 1618 2016 Noli
1650 1963 1870 2017 timere.
1903 1959 2101 2030 Quam-

503 2044 587 2101 vis
619 2054 828 2102 tantum
860 2048 929 2102 sit
978 2055 1240 2119 quantum
1286 2048 1487 2114 credis,
1541 2056 1594 2104 et
1639 2064 1709 2103 ne
1756 2049 1950 2104 timeas
1994 2064 2097 2120 pro

496 2142 672 2203 reatu,
736 2136 836 2191 sed
865 2135 1197 2206 amplectere
1226 2137 1509 2192 charitatis
1530 2137 1742 2195 intuitu.
1772 2140 2092 2209 Conjugem.

501 2221 713 2292 Conjux
742 2233 860 2279 erat
888 2239 998 2280 non
1027 2224 1337 2293 concubitu,
1375 2226 1473 2280 sed
1502 2224 1719 2294 affectu,
1744 2241 1854 2281 non
1872 2225 2098 2294 conjun-

501 2310 683 2368 ctione
712 2312 980 2383 corporis,
1015 2312 1113 2367 sed
1142 2312 1487 2383 cOpulatione
1517 2313 1843 2369 animorum.

567 2401 713 2456 Nota
745 2400 1040 2474 conjugem
1068 2401 1175 2458 dici
1205 2416 1239 2456 a
1266 2401 1446 2473 prima
1475 2400 1584 2458 ﬁde
1631 2401 2092 2474 desponsationis.

498 2488 673 2562 Igitur
700 2488 1128 2561 disponsationis
1157 2497 1259 2559 est,
1294 2489 1340 2545 si
1383 2490 1505 2562 quis
1552 2491 1882 2562 permittitur
1929 2491 2095 2547 aliam

495 2578 702 2634 ducere
729 2585 855 2650 post
883 2587 1289 2635 sacramentum
1320 2580 1650 2651 sponsionis,
1675 2588 1728 2636 et
1749 2582 1796 2636 si
1815 2596 2095 2653 nunquam

497 2665 745 2724 debitum
775 2667 989 2723 solvere
1009 2668 1201 2739 possit.

565 2755 713 2811 Bene
739 2756 945 2826 Joseph
973 2756 1077 2824 vir,
1116 2764 1169 2811 et
1199 2756 1373 2812 Maria
1403 2757 1602 2826 conqu
1629 2756 1849 2825 dicitur,
1882 2772 2008 2814 cum
2037 2757 2095 2813 in

500 2859 569 2901 eo
598 2851 852 2901 servatur
872 2843 1103 2900 affectus
1123 2844 1347 2913 amoris,
1374 2845 1520 2916 quod
1542 2862 1733 2902 verum
1754 2846 2088 2921 conjugium,

497 2939 553 2988 et
580 2932 639 2988 in
665 2946 732 2988 ea
762 2931 880 2988 sine
908 2932 1050 2988 coitu
1115 2940 1197 2988 est
1224 2931 1437 2989 fructus
1476 2932 1806 3006 nuptiarum.

566 3021 632 3076 In
661 3037 729 3077 ea
756 3026 963 3077 uatum
990 3025 1094 3077 est.
1128 3022 1210 3077 De
1239 3036 1307 3077 ea
1336 3021 1507 3092 nasci,
1543 3029 1625 3078 est
1654 3023 1712 3078 in
1739 3023 1921 3080 lucem
1969 3038 2093 3095 pro-

2199 501 2282 547 est
2311 509 2376 547 ex
2405 493 2752 564 praescientia
2780 493 2881 547 Dei
2909 493 2998 549 cui
3026 500 3273 548 nostrum
3311 492 3651 548 admiscetur
3695 509 3790 548 ar-

2198 582 2593 636 bitriumxAlia
2621 590 2721 651 est,
2755 598 2876 653 qua:
2905 580 3256 637 comminatio
3284 580 3502 649 dicitur,
3545 598 3671 652 quae
3716 580 3778 635 fit

2197 670 2269 724 ob
2327 669 2544 742 signum
2600 669 3093 725 animadversionis
3129 668 3346 735 divinae,
3387 676 3445 724 ut
3482 668 3697 741 fugiant
3755 685 3791 725 a

2197 756 2338 813 facie
2369 773 2533 821 arcus
2563 757 2741 827 electi,
2775 765 2828 812 et
2851 758 2998 827 juste
3027 765 3257 827 pereant
3276 756 3498 825 incauti,
3523 765 3579 812 et
3596 773 3709 812 non
3729 773 3798 813 ex

2196 846 2579 916 prazscientia:
2613 846 2740 919 quia
2769 845 2935 920 longe
2964 845 3126 901 aliter
3154 845 3340 915 scitur,
3368 860 3533 917 quam
3554 844 3801 901 futurum

2197 935 2578 991 comminetur.
3122 936 3127 943 ’

2269 1024 2438 1078 Vnus.
2454 1026 2543 1081 23.
2567 1054 2636 1064 —
2654 1026 2791 1080 Ecce
2804 1025 2974 1095 virgo.
2990 1021 3306 1078 Admiratur
3321 1022 3591 1093 pr0pheta
3603 1021 3799 1091 Isaias,

2196 1119 2249 1168 et
2281 1113 2439 1184 quasi
2471 1129 2663 1168 omnes
2692 1113 2761 1168 de
2793 1128 2986 1167 somno
3037 1112 3327 1180 suscitans,
3354 1110 3464 1165 ait:
3488 1113 3627 1168 Ecce
3648 1113 3804 1183 virgo

2196 1203 2261 1257 in
2291 1206 2452 1257 utero
2484 1202 2706 1257 habebit
2734 1202 2863 1273 (Isa.
2898 1201 3018 1269 vn).
3055 1200 3278 1271 Spiritui
3309 1207 3496 1256 sancto
3541 1215 3806 1271 praesens

2198 1298 2316 1345 erat
2348 1290 2494 1361 quod
2525 1290 2581 1344 in
2612 1297 2857 1360 tempore
2885 1288 3129 1343 nondum
3159 1295 3297 1343 erat.
3330 1291 3469 1344 Ecce
3488 1290 3664 1361 virgo,
3688 1296 3796 1345 etc.

2199 1377 2401 1434 Dicunt
2426 1377 2605 1433 Judaei
2636 1377 2783 1448 quod
2817 1393 2927 1431 non
2956 1384 3039 1431 est
3066 1377 3173 1433 hoc
3202 1392 3405 1432 nomen
3441 1375 3796 1450 integritatis,

2200 1466 2297 1522 sed
2328 1484 2373 1523 aa
2392 1467 2517 1521 tatis
2544 1467 2747 1538 puella.
2783 1466 2891 1523 Sed
2924 1466 3199 1538 quomodo
3228 1473 3359 1522 tunc
3389 1473 3471 1520 est
3502 1465 3723 1539 signum
3771 1466 3799 1520 Τ

2199 1556 2432 1611 Sensum
2462 1555 2617 1610 Isaiae
2650 1556 2914 1627 sequitur,
2947 1571 3059 1610 non
3106 1555 3296 1610 verba.
3347 1554 3454 1608 Pro
3499 1554 3795 1625 concipiet,

2193 1645 2346 1716 ponit
2378 1663 2391 1698 :
2425 1646 2489 1699 In
2521 1649 2681 1703 utero
2713 1644 2969 1700 habebit:
2996 1651 3050 1700 et
3079 1644 3370 1712 vocabunt,
3395 1660 3498 1715 pro
3546 1642 3795 1713 vocabis,

2126 1766 2180 1826 Β
2202 1733 2289 1788 vel
2310 1732 2612 1788 vocabitur.

2273 1841 2632 1896 Emmanuel.
2665 1838 2952 1910 Proprium
2983 1845 3067 1893 est
3095 1837 3316 1908 Christi,
3350 1845 3409 1893 ut
3435 1838 3616 1907 Jesus,
3671 1838 3803 1910 quia

2203 1942 2328 1983 cum
2357 1927 2443 1982 his
2473 1942 2613 1999 quos
2644 1927 2839 1993 salvat,
2872 1943 3093 1998 semper
3121 1926 3430 1996 adjuvando
3451 1934 3795 1997 perseverat.

2272 2016 2470 2070 Tribus
2499 2016 2569 2071 de
2599 2015 2782 2071 causis
2810 2015 2881 2071 de
2911 2015 3096 2070 Veteri
3125 2016 3474 2070 Testamento
3504 2015 3705 2070 astruit
3735 2030 3804 2070 ea

2198 2121 2322 2176 qum
2346 2105 2499 2176 ponit
2521 2104 2576 2158 in
2595 2104 2897 2177 Evangelio
2923 2122 2935 2157 :
2955 2121 3056 2175 pro
3076 2103 3474 2173 testiﬁcatione,
3500 2111 3559 2158 ut
3599 2103 3806 2159 habeat

2201 2193 2569 2249 testimonium
2598 2208 2632 2248 a
2658 2192 2783 2265 lege
2805 2200 2858 2247 et
2886 2192 3168 2264 prOphetis
3202 2210 3214 2246 :
3247 2208 3350 2264 pro
3379 2190 3803 2248 conﬁrmatione

2200 2280 2329 2337 fidei
2351 2323 2366 2350 ,
2401 2281 2529 2354 quia
2556 2280 2769 2338 facilius
2798 2281 3076 2337 credimus
3104 2297 3230 2337 cum
3268 2280 3518 2336 videmus
3568 2279 3798 2352 impleta

2193 2388 2315 2443 quae
2337 2378 2461 2426 sunt
2482 2370 2750 2443 praedicta
2773 2389 2786 2425 :
2810 2385 2919 2443 pro
2943 2369 3327 2440 conjunctione
3346 2369 3489 2426 Novi
3509 2376 3563 2426 et
3585 2368 3804 2427 Veteris

2194 2459 2546 2516 Testamenti.

2268 2567 2436 2623 Vens.
2469 2568 2560 2623 24.
2580 2567 2947 2638 —Esurgens
2976 2569 3171 2622 autem
3198 2564 3419 2638 Joseph,
3439 2572 3546 2623 etc.
3569 2565 3797 2637 (BEDA.)

2194 2654 2494 2710 Moraliter.
2529 2653 2790 2726 Quisquis
2819 2669 2853 2709 a
2880 2654 2996 2708 Deo
3040 2660 3309 2722 movetur,
3346 2653 3528 2710 solvat
3580 2669 3791 2723 moras,

2194 2750 2388 2816 surgat
2417 2757 2451 2798 a
2480 2758 2673 2798 somno
2706 2760 2720 2797 :
2751 2741 2915 2799 faciat
2959 2742 3106 2812 quod
3144 2742 3388 2811 jubetur.
3443 2743 3596 2798 Fecit
3644 2744 3795 2799 sicut

2189 2833 2484 2904 praecepit.
2504 2830 2757 2887 Perfecta
2772 2831 3104 2889 obedientia.
3119 2829 3268 2887 Fecit
3286 2844 3399 2886 non
3415 2834 3626 2885 tantum
3646 2829 3794 2901 quod

2191 2919 2457 2991 praecepit
2486 2920 2739 2993 angelus,
2775 2920 2874 2975 sed
2902 2920 3067 2979 etiam
3098 2918 3237 2976 sicut
3256 2918 3544 2990 praecepit.
3568 2918 3793 2974 Exhibi-

2192 3007 2340 3065 tione
2370 3007 2665 3078 servitutis,
2689 3015 2742 3064 et
2761 3007 2959 3066 effectu
2979 3007 3183 3064 amoris
3203 3007 3469 3063 obediens
3488 3012 3635 3063 recte
3654 3005 3789 3063 dici-

498 3107 646 3165 duci.
680 3110 740 3163 In
770 3123 837 3165 ea
865 3124 999 3165 vero
1027 3109 1199 3180 nasci,
1243 3117 1328 3166 est
1374 3111 1606 3183 concipi,
1658 3111 1745 3167 vel
1792 3111 2094 3169 secundum
2113 3123 2163 3189 α
2190 3096 2507 3189 ῒιιξῖθοίξεθ
2536 3096 2675 3153 Sicut
2705 3097 2971 3189 Ρτεεξριῗρίι
3000 3096 3071 3152 θί-
3116 3096 3377 3189 εᾼηθίίίξδ
3398 3096 3645 3189 Domi"?
3666 3095 3791 3151 Non

497 3196 854 3270 praesentiam
883 3198 1068 3273 angeli
1099 3215 1265 3272 quam
1296 3200 1462 3256 habet
1482 3217 1547 3255 ex
1568 3200 1686 3257 Deo
1710 3218 1723 3254 :
1748 3200 1835 3256 cui
1855 3200 2097 3257 futurum

495 3287 654 3359 quasi
683 3287 1051 3359 prmteritum,
1086 3295 1275 3343 natum
1304 3288 1520 3345 dicitur.
1552 3291 1630 3345 De
1661 3291 1880 3362 Spiritu
1900 3294 2097 3349 sancto

496 3381 601 3432 est.
636 3376 871 3448 Spiritus
902 3384 1124 3433 sanctus
1158 3377 1357 3434 dicitur
1404 3379 1570 3447 Deus,
1623 3386 1677 3433 et
1722 3379 1926 3435 donum
1972 3379 2093 3449 Dei,

497 3471 550 3519 et
582 3464 841 3536 charitas,
876 3472 930 3520 et
960 3465 1078 3520 sola
1107 3466 1347 3522 charitas
1377 3482 1501 3523 eum
1531 3466 1810 3524 incarnari
1839 3466 1985 3524 fecit.

567 3553 736 3609 V8113.
759 3556 848 3611 2t.
875 3584 944 3596 -—-
964 3556 1178 3612 Pariet.
1211 3555 1295 3612 Ne
1317 3556 1598 3612 videretur
1616 3556 1820 3627 Joseph
1841 3572 1952 3611 non
1973 3572 2097 3613 esse

491 3641 844 3698 necessarius
867 3642 936 3711 ei,
963 3642 1147 3699 subdit
1168 3661 1181 3699 :
1207 3646 1419 3699 Pariet.
1446 3645 1513 3699 Et
1535 3643 1609 3698 ita
1621 3644 1733 3700 eris
1747 3644 2097 3701 necessarius

494 3730 891 3800 procurationi.
925 3732 997 3787 Et
1024 3732 1241 3789 vocabis
1271 3748 1480 3790 nomen
1511 3735 1633 3804 ejus
1680 3735 1892 3790 Iesum.
1947 3733 2098 3790 Idem

492 3818 622 3876 dicit
668 3819 758 3875 isti
804 3820 952 3892 quod
997 3821 1327 3892 praedixerat
1385 3821 1572 3877 Mariae
1637 3829 1695 3876 ut
1767 3822 2099 3893 promissum

496 3907 845 3965 Salvatorem
868 3910 986 3979 jam
1016 3910 1233 3966 venisse
1264 3917 1375 3964 tam
1406 3909 1540 3964 viris
1571 3925 1734 3980 quam
1765 3909 1980 3965 feminis
2018 3927 2101 3967 re-

500 4004 797 4077 prmsentet
827 4015 894 4052 ex
924 4012 1078 4054 voce.
1114 4000 1234 4070 Ipse
1255 3999 1430 4053 enim.
1452 3998 1667 4053 Nomen
1684 3998 2096 4070 interpretatur.

570 4102 741 4157 Vnus.
772 4106 863 4160 22.
883 4132 953 4144 —-
971 4104 1081 4160 Hoc
1109 4108 1323 4173 autem,
1358 4111 1463 4160 etc.
1498 4102 1658 4172 Quod
1685 4104 1995 4177 propinquo
2018 4113 2102 4162 est

496 4189 832 4261 desponsata
866 4208 878 4245 :
913 4191 1061 4263 quod
1087 4191 1310 4248 inventa
1339 4199 1423 4247 est
1452 4191 1508 4246 in
1524 4199 1682 4249 utero
1693 4193 1933 4250 habens:
1954 4195 2100 4266 quod

496 4277 712 4350 peperit
740 4279 897 4352 virgo
931 4297 945 4333 :
980 4281 1126 4351 quod
1156 4282 1318 4336 Jesus
1348 4289 1574 4338 vocatus
1606 4283 1878 4355 estzquod
1899 4283 2096 4340 salvat.

495 4365 613 4422 Hoc
643 4366 788 4422 cnim
817 4367 891 4423 ait
918 4368 1293 4443 Evangelista,
1358 4370 1578 4442 quando
1619 4370 1734 4441 jam
1763 4372 1948 4428 omnia
1991 4372 2099 4427 im-

494 4454 643 4525 pleta
664 4464 839 4512 erant.

565 4562 630 4621 Ut
644 4563 1073 4636 adimpleretur.
1118 4563 1274 4620 Isaiae
1289 4565 1596 4637 prophetia,
1614 4565 1830 4640 signum
1851 4575 1936 4624 est
1950 4583 2092 4639 prae-

491 4650 734 4707 scientiae
783 4652 901 4721 Dei,
953 4653 1082 4724 quia
1128 4654 1276 4725 quod
1321 4654 1451 4711 dicit
1499 4662 1710 4711 certum
1758 4664 1841 4712 est
1887 4672 1921 4712 a
1967 4657 2083 4712 Deo

492 4739 741 4812 praesciri
774 4758 788 4795 :
821 4748 875 4796 et
903 4740 1029 4797 ideo
1057 4742 1128 4797 ab
1154 4743 1376 4800 homine
1405 4744 1570 4800 debet
1610 4744 1809 4800 timeri.
1858 4745 2081 4802 Nullum

493 4836 679 4884 autem
710 4829 929 4903 signum
958 4830 1106 4902 quod
1134 4831 1408 4905 designat,
1451 4831 1616 4889 efficit
1668 4851 1682 4887 :
1735 4833 1834 4888 sed
1881 4841 2091 4889 tantum

493 4916 678 4991 signat
708 4919 855 4989 quod
887 4918 1142 4988 ostendit,
1187 4919 1267 4975 sic
1293 4921 1583 4992 prophetia
1627 4936 1739 4977 non
1786 4922 2090 4980 necessita-

491 5011 604 5059 tem
632 5021 827 5062 eorum
855 5005 987 5064 facit
1017 5024 1139 5080 quae
1168 5008 1442 5081 praedicit,
1478 5010 1577 5066 sed
1606 5010 1825 5084 signum
1845 5019 1927 5068 est
1947 5027 2087 5084 prae-

503 5091 744 5149 scientiae
792 5094 913 5152 Dei.

560 5198 773 5272 (Hum)
801 5202 926 5257 Non
956 5209 1039 5258 est
1068 5202 1371 5260 necessitas
1404 5221 1593 5261 rerum
1623 5220 1690 5263 ex
1721 5207 1943 5280 eloquio
1962 5223 2091 5279 pro-

489 5287 801 5359 phetarum,
854 5291 952 5346 sed
999 5291 1118 5347 sola
1165 5293 1423 5350 exhibitio
1471 5295 1735 5352 veritatis.
1799 5296 2094 5369 Prophetia

489 5393 602 5433 non
630 5376 758 5434 fecit
787 5380 1173 5438 necessitatem
1202 5398 1395 5439 eorum
1425 5400 1546 5456 qua:
1578 5385 1731 5456 dixit,
1746 5386 1846 5442 sed
1874 5386 2092 5459 signum

490 5474 577 5524 est
603 5467 963 5538 prtescientiae
987 5470 1107 5526 Dei.

561 5556 857 5628 Prophetia
884 5558 993 5613 alia
1021 5566 1105 5614 est
1138 5576 1204 5615 ex
1234 5560 1722 5632 praedestinatione
1760 5563 1881 5633 Dei,
1926 5579 2092 5636 quam

492 5660 723 5704 necesse
753 5654 837 5703 est
867 5646 1122 5704 omnibus
1151 5648 1330 5706 modis
1361 5651 1602 5719 evenire,
1634 5661 1694 5709 ut
1731 5653 1850 5710 sine
1900 5660 2092 5710 nostro

2196 3184 2523 3258 relinquitur
2550 3185 2848 3242 mentiendi
2876 3185 3050 3255 locus,
3082 3184 3177 3239 ubi
3206 3183 3445 3241 ofﬁcium
3466 3183 3791 3257 angelorum

2199 3274 2532 3332 celebratur.
2565 3276 2636 3331 Et
2664 3277 2881 3348 accepit
2910 3277 3224 3347 conjugem,
3260 3280 3364 3329 etc.
3397 3273 3482 3327 Ad
3513 3272 3795 3329 vitandam

2198 3362 2433 3437 virginis
2462 3361 2764 3429 infamiam,
2802 3362 2873 3419 ad
2902 3362 3193 3419 celandum
3223 3360 3520 3418 Salvatoris
3577 3360 3796 3417 adven-

2198 3458 2332 3520 tum,
2366 3450 2435 3506 ad
2465 3451 2841 3507 necessarium
2869 3451 3028 3522 pueri
3072 3449 3349 3507 nascentis
3403 3447 3761 3520 obsequium.

2270 3540 2439 3595 Vnus.
2472 3542 2563 3597 25.
2583 3541 2846 3597 —Donec
2871 3540 3114 3613 peperit.
3147 3540 3271 3595 Non
3301 3537 3447 3610 quod
3474 3544 3619 3610 post,
3646 3536 3797 3608 quod

2198 3628 2378 3702 magis
2408 3635 2623 3685 constat
2655 3646 2669 3683 :
2703 3643 2827 3685 cum
2874 3626 3059 3684 multis
3097 3627 3274 3684 modis
3312 3624 3571 3700 cognovit
3614 3624 3796 3682 Deum

2199 3735 2322 3774 esse
2353 3717 2446 3791 qui
2473 3725 2633 3773 natus
2654 3725 2755 3775 est.

2268 3824 2394 3880 Non
2424 3824 2570 3896 quod
2598 3831 2787 3897 postea
2817 3822 3138 3898 cognoverit
3173 3841 3186 3878 ι
3218 3822 3316 3879 sed
3344 3822 3566 3894 ponitur
3594 3821 3794 3890 donec,

2197 3928 2300 3984 pro
2321 3917 2415 3983 et,
2449 3913 2536 3968 vel
2563 3929 2665 3984 pro
2696 3917 2927 3983 aeterno,
2952 3919 3011 3969 ut
3045 3930 3057 3966 :
3090 3913 3273 3969 Donec
3301 3927 3510 3984 ponam
3531 3910 3802 3967 inimicos

2202 4005 2326 4057 tuos
2358 4002 2665 4058 scabellum
2688 4002 2899 4074 pedum
2930 4006 3157 4057 tuorum
3188 3999 3362 4071 (Psal.
3393 3998 3532 4071 cxx).
3580 3997 3800 4055 Dicitur

2201 4089 2347 4161 quod
2376 4090 2580 4161 Joseph
2608 4089 2837 4145 Mariam
2867 4088 3004 4146 facie
3056 4089 3125 4143 ad
3182 4087 3380 4144 faciem
3436 4088 3625 4143 videre
3683 4100 3799 4142 non

2198 4184 2434 4250 poterat,
2468 4194 2633 4250 quam
2665 4178 2899 4250 Spiritus
2927 4184 3149 4233 sanctus
3178 4191 3212 4233 a
3267 4176 3625 4248 conceptione
3683 4175 3797 4230 im-

2197 4266 2446 4339 pleverat
2472 4267 2708 4338 penitus.
2741 4268 2809 4322 Et
2838 4266 2963 4322 ideo
2992 4281 3104 4322 non
3130 4266 3504 4340 cognoscebat
3532 4264 3676 4321 facie
3723 4265 3800 4321 ad

2199 4355 2397 4411 faciem
2427 4371 2590 4427 quam
2620 4355 3071 4426 desponsaverat,
3104 4355 3283 4411 donec
3311 4361 3502 4410 uterus
3547 4366 3798 4410 evacua-

2198 4450 2353 4498 retur
2383 4443 2618 4514 :dejquo
2646 4443 2737 4499 hic
2764 4458 2874 4499 non
2913 4443 3117 4517 agitur.
3150 4444 3624 4515 Primogenitum,
3678 4448 3791 4498 etc.

2191 4531 2623 4605 Primogenitum
2668 4531 2867 4588 dicitur
2893 4547 3056 4588 omne
3105 4532 3254 4604 quod
3299 4530 3473 4603 aperit
3535 4529 3782 4599 vulvam,

2191 4620 2307 4676 sive
2337 4620 2486 4675 aliud
2515 4628 2777 4692 sequatur
2805 4621 2921 4676 sive
2950 4636 3080 4677 non.
3111 4619 3212 4676 Vel
3230 4617 3629 4692 primogenitus
3649 4617 3806 4674 inter

2190 4725 2383 4765 omnes
2413 4708 2619 4765 electos
2646 4725 2748 4781 per
2776 4708 3031 4782 gratiam.
3064 4709 3293 4781 PrOprie
3323 4716 3507 4765 autem
3544 4707 3802 4781 unigeni-

2189 4805 2278 4853 tus
2306 4798 2406 4855 Dei
2433 4797 2611 4853 Patris
2639 4798 2727 4856 vel
2756 4798 2942 4855 Maria:
2991 4797 3209 4856 dicitur.

2824 4966 3050 5025 CAPUT
3078 4969 3146 5024 ΙΙ.
3176 5050 3193 5067 ⁸

2262 5123 2434 5178 Vens.
2471 5125 2522 5175 1.
2545 5150 2615 5162 —-
2639 5122 2779 5179 Cum
2806 5138 2936 5195 ergo
2975 5128 3167 5191 natus,
3201 5129 3306 5180 etc.
3337 5122 3602 5192 Quamvis
3644 5123 3798 5179 Mat-

2190 5209 2365 5264 thaeus
2395 5209 2737 5266 nativitatem
2795 5212 3196 5284 praetermittat,
3245 5219 3432 5267 tamen
3494 5211 3801 5269 adventum

2191 5313 2484 5372 magorum
2511 5298 2785 5369 referens,
2818 5300 3063 5358 breviter
3090 5316 3213 5357 eam
3242 5307 3660 5367 commemorat,
3712 5299 3805 5358 sic

2188 5387 2385 5444 dicens
2417 5406 2430 5443 :
2460 5390 2601 5446 Cum
2627 5406 2775 5463 ergo.
2810 5390 2996 5462 (ΗΑΒ.)
3026 5389 3275 5460 Quatuor
3302 5390 3394 5447 hic
3423 5397 3706 5462 ponuntur
3766 5406 3805 5447 a

2191 5477 2475 5550 prophetis
2506 5478 2785 5547 roborata,
2816 5480 3093 5547 nativitas,
3126 5495 3348 5547 nomen,
3380 5479 3536 5535 locus
3567 5485 3623 5534 et
3658 5485 3806 5534 tem-

2191 5581 2316 5637 pus,
2347 5574 2478 5633 etc.,
2510 5584 2684 5640 usque
2713 5567 2786 5624 ad
2813 5567 2882 5622 de
2912 5568 3151 5626 adventu
3178 5583 3473 5642 magorum
3497 5568 3676 5624 Lucas
3717 5572 3807 5622 ta-

2192 5662 2302 5725 cet,
2335 5662 2391 5712 et
2418 5656 2709 5712 Matthmus
2728 5654 2966 5728 exponit.
