  <div class='ocr_page' id='page_1' title='image "/cluster/home/n/w/nwhite01/storage/ocr_20150623/114/hvd.32044052819893/042.png"; bbox 0 0 4028 6178; ppageno 0'>
   <div class='ocr_carea' id='block_1_1' title="bbox 230 354 3533 431">
    <p class='ocr_par' dir='ltr' id='par_1_1' title="bbox 230 354 3533 431">
     <span class='ocr_line' id='line_1_1' title="bbox 230 354 3533 431; baseline -0.001 -18"><span class='ocrx_word' id='word_1_1' title='bbox 230 362 301 413; x_wconf 85' lang='lat'><strong>73</strong></span> <span class='ocrx_word' id='word_1_2' title='bbox 1232 355 1503 431; x_wconf 68' lang='lat' dir='ltr'><strong>GLOSSA</strong></span> <span class='ocrx_word' id='word_1_3' title='bbox 1540 354 1949 412; x_wconf 83' lang='lat' dir='ltr'><strong>ORDINABIA.</strong></span> <span class='ocrx_word' id='word_1_4' title='bbox 1990 385 2058 395; x_wconf 90' lang='lat'><strong><em>—</em></strong></span> <span class='ocrx_word' id='word_1_5' title='bbox 2093 354 2358 411; x_wconf 83' lang='lat' dir='ltr'><strong>EVANG.</strong></span> <span class='ocrx_word' id='word_1_6' title='bbox 2397 355 2654 412; x_wconf 81' lang='lat' dir='ltr'><strong>MATTH.</strong></span> <span class='ocrx_word' id='word_1_7' title='bbox 3222 374 3229 381; x_wconf 67' lang='lat'><strong>‘</strong></span> <span class='ocrx_word' id='word_1_8' title='bbox 3462 356 3533 409; x_wconf 76' lang='grc' dir='ltr'><strong>’τι</strong></span> 
     </span>
    </p>
   </div>
   <div class='ocr_carea' id='block_1_2' title="bbox 240 478 3528 551">
    <p class='ocr_par' dir='ltr' id='par_1_2' title="bbox 240 478 3528 551">
     <span class='ocr_line' id='line_1_2' title="bbox 240 478 3528 551; baseline -0 -14"><span class='ocrx_word' id='word_1_9' title='bbox 240 480 571 537; x_wconf 84' lang='lat' dir='ltr'><strong>Bethlehem</strong></span> <span class='ocrx_word' id='word_1_10' title='bbox 598 480 774 537; x_wconf 66' lang='lat' dir='ltr'><strong>Iudae.</strong></span> <span class='ocrx_word' id='word_1_11' title='bbox 799 480 883 535; x_wconf 83' lang='lat' dir='ltr'><strong>Ad</strong></span> <span class='ocrx_word' id='word_1_12' title='bbox 911 478 1274 535; x_wconf 82' lang='lat' dir='ltr'><strong>differentiam</strong></span> <span class='ocrx_word' id='word_1_13' title='bbox 1303 479 1448 535; x_wconf 89' lang='lat' dir='ltr'><strong>illius</strong></span> <span class='ocrx_word' id='word_1_14' title='bbox 1478 496 1600 551; x_wconf 83' lang='lat' dir='ltr'><strong>quae</strong></span> <span class='ocrx_word' id='word_1_15' title='bbox 1648 487 1731 535; x_wconf 91' lang='lat' dir='ltr'><strong>est</strong></span> <span class='ocrx_word' id='word_1_16' title='bbox 1778 479 1835 534; x_wconf 93' lang='lat' dir='ltr'><strong>in</strong></span> <span class='ocrx_word' id='word_1_17' title='bbox 1862 478 1919 540; x_wconf 84' lang='grc' dir='ltr'><strong>Α</strong></span> <span class='ocrx_word' id='word_1_18' title='bbox 1939 478 2084 534; x_wconf 91' lang='lat' dir='ltr'><strong>tione</strong></span> <span class='ocrx_word' id='word_1_19' title='bbox 2143 479 2481 547; x_wconf 73' lang='lat' dir='ltr'><strong>comitantes,</strong></span> <span class='ocrx_word' id='word_1_20' title='bbox 2539 480 2609 534; x_wconf 90' lang='lat' dir='ltr'><strong>ad</strong></span> <span class='ocrx_word' id='word_1_21' title='bbox 2666 478 2996 550; x_wconf 79' lang='lat' dir='ltr'><strong>agnitionem</strong></span> <span class='ocrx_word' id='word_1_22' title='bbox 3052 479 3317 547; x_wconf 74' lang='lat' dir='ltr'><strong>veritatis,</strong></span> <span class='ocrx_word' id='word_1_23' title='bbox 3396 488 3528 548; x_wconf 89' lang='lat' dir='ltr'><strong>etc.,</strong></span> 
     </span>
    </p>
   </div>
   <div class='ocr_carea' id='block_1_3' title="bbox 238 568 1835 635">
    <p class='ocr_par' dir='ltr' id='par_1_3' title="bbox 238 568 1835 635">
     <span class='ocr_line' id='line_1_3' title="bbox 238 568 1835 635; baseline -0.001 -12"><span class='ocrx_word' id='word_1_24' title='bbox 238 568 483 635; x_wconf 74' lang='lat' dir='ltr'><strong>Galilaea,</strong></span> <span class='ocrx_word' id='word_1_25' title='bbox 504 568 563 623; x_wconf 92' lang='lat' dir='ltr'><strong>in</strong></span> <span class='ocrx_word' id='word_1_26' title='bbox 577 569 723 623; x_wconf 90' lang='lat' dir='ltr'><strong>tribu</strong></span> <span class='ocrx_word' id='word_1_27' title='bbox 739 568 1142 623; x_wconf 75' lang='lat' dir='ltr'><strong>Zabulon.Duze</strong></span> <span class='ocrx_word' id='word_1_28' title='bbox 1160 568 1307 623; x_wconf 87' lang='lat' dir='ltr'><strong>enim</strong></span> <span class='ocrx_word' id='word_1_29' title='bbox 1328 576 1454 623; x_wconf 92' lang='lat' dir='ltr'><strong>sunt</strong></span> <span class='ocrx_word' id='word_1_30' title='bbox 1482 568 1798 622; x_wconf 86' lang='lat' dir='ltr'><strong>Bethlehem</strong></span> <span class='ocrx_word' id='word_1_31' title='bbox 1821 586 1835 622; x_wconf 90' lang='lat'><strong>:</strong></span> 
     </span>
    </p>
   </div>
   <div class='ocr_carea' id='block_1_4' title="bbox 239 655 1839 728">
    <p class='ocr_par' dir='ltr' id='par_1_4' title="bbox 239 655 1839 728">
     <span class='ocr_line' id='line_1_4' title="bbox 239 655 1839 728; baseline -0.001 -16"><span class='ocrx_word' id='word_1_32' title='bbox 239 656 561 712; x_wconf 89' lang='lat' dir='ltr'><strong>Bethlehem</strong></span> <span class='ocrx_word' id='word_1_33' title='bbox 590 657 745 728; x_wconf 92' lang='lat' dir='ltr'><strong>prius</strong></span> <span class='ocrx_word' id='word_1_34' title='bbox 773 657 916 713; x_wconf 91' lang='lat' dir='ltr'><strong>dicta</strong></span> <span class='ocrx_word' id='word_1_35' title='bbox 945 664 1030 712; x_wconf 92' lang='lat' dir='ltr'><strong>est</strong></span> <span class='ocrx_word' id='word_1_36' title='bbox 1070 657 1365 727; x_wconf 89' lang='lat' dir='ltr'><strong>Ephratha,</strong></span> <span class='ocrx_word' id='word_1_37' title='bbox 1390 655 1705 711; x_wconf 88' lang='lat' dir='ltr'><strong>Bethlehem</strong></span> <span class='ocrx_word' id='word_1_38' title='bbox 1734 656 1839 711; x_wconf 91' lang='lat' dir='ltr'><strong>do-</strong></span> 
     </span>
    </p>
   </div>
   <div class='ocr_carea' id='block_1_5' title="bbox 238 744 1841 816">
    <p class='ocr_par' dir='ltr' id='par_1_5' title="bbox 238 744 1841 816">
     <span class='ocr_line' id='line_1_5' title="bbox 238 744 1841 816; baseline -0.001 -16"><span class='ocrx_word' id='word_1_39' title='bbox 238 762 364 800; x_wconf 87' lang='lat' dir='ltr'><strong>mus</strong></span> <span class='ocrx_word' id='word_1_40' title='bbox 391 745 569 815; x_wconf 88' lang='lat' dir='ltr'><strong>panis,</strong></span> <span class='ocrx_word' id='word_1_41' title='bbox 595 744 721 816; x_wconf 84' lang='lat' dir='ltr'><strong>quia</strong></span> <span class='ocrx_word' id='word_1_42' title='bbox 750 745 827 800; x_wconf 90' lang='lat' dir='ltr'><strong>ibi</strong></span> <span class='ocrx_word' id='word_1_43' title='bbox 854 745 1163 801; x_wconf 86' lang='lat' dir='ltr'><strong>nasciturus</strong></span> <span class='ocrx_word' id='word_1_44' title='bbox 1192 752 1308 800; x_wconf 90' lang='lat' dir='ltr'><strong>erat</strong></span> <span class='ocrx_word' id='word_1_45' title='bbox 1338 744 1497 798; x_wconf 92' lang='lat' dir='ltr'><strong>Panis</strong></span> <span class='ocrx_word' id='word_1_46' title='bbox 1543 744 1701 799; x_wconf 90' lang='lat' dir='ltr'><strong>vivus</strong></span> <span class='ocrx_word' id='word_1_47' title='bbox 1749 744 1841 814; x_wconf 89' lang='lat' dir='ltr'><strong>qui</strong></span> 
     </span>
    </p>
   </div>
   <div class='ocr_carea' id='block_1_6' title="bbox 240 832 1839 905">
    <p class='ocr_par' dir='ltr' id='par_1_6' title="bbox 240 832 1839 905">
     <span class='ocr_line' id='line_1_6' title="bbox 240 832 1839 905; baseline -0.002 -17"><span class='ocrx_word' id='word_1_48' title='bbox 240 833 311 888; x_wconf 90' lang='lat' dir='ltr'><strong>de</strong></span> <span class='ocrx_word' id='word_1_49' title='bbox 339 833 484 889; x_wconf 68' lang='lat' dir='ltr'><strong>caelo</strong></span> <span class='ocrx_word' id='word_1_50' title='bbox 499 833 804 903; x_wconf 86' lang='lat' dir='ltr'><strong>descendit,</strong></span> <span class='ocrx_word' id='word_1_51' title='bbox 827 834 921 904; x_wconf 87' lang='lat' dir='ltr'><strong>qui</strong></span> <span class='ocrx_word' id='word_1_52' title='bbox 948 834 1170 905; x_wconf 92' lang='lat' dir='ltr'><strong>ponitur</strong></span> <span class='ocrx_word' id='word_1_53' title='bbox 1198 832 1255 887; x_wconf 91' lang='lat' dir='ltr'><strong>in</strong></span> <span class='ocrx_word' id='word_1_54' title='bbox 1274 832 1546 903; x_wconf 73' lang='lat' dir='ltr'><strong>praesepio</strong></span> <span class='ocrx_word' id='word_1_55' title='bbox 1572 850 1585 886; x_wconf 91' lang='lat'>:</span> <span class='ocrx_word' id='word_1_56' title='bbox 1607 840 1667 886; x_wconf 91' lang='lat' dir='ltr'><strong>ut</strong></span> <span class='ocrx_word' id='word_1_57' title='bbox 1695 832 1839 886; x_wconf 87' lang='lat' dir='ltr'><strong>irra-</strong></span> 
     </span>
    </p>
   </div>
   <div class='ocr_carea' id='block_1_7' title="bbox 238 918 1841 994">
    <p class='ocr_par' dir='ltr' id='par_1_7' title="bbox 238 918 1841 994">
     <span class='ocr_line' id='line_1_7' title="bbox 238 918 1841 994; baseline 0 -19"><span class='ocrx_word' id='word_1_58' title='bbox 238 922 529 977; x_wconf 90' lang='lat' dir='ltr'><strong>tionabiles</strong></span> <span class='ocrx_word' id='word_1_59' title='bbox 557 929 765 992; x_wconf 90' lang='lat' dir='ltr'><strong>pastos,</strong></span> <span class='ocrx_word' id='word_1_60' title='bbox 790 920 949 978; x_wconf 85' lang='lat' dir='ltr'><strong>faciat</strong></span> <span class='ocrx_word' id='word_1_61' title='bbox 977 922 1159 978; x_wconf 91' lang='lat' dir='ltr'><strong>socios</strong></span> <span class='ocrx_word' id='word_1_62' title='bbox 1187 922 1531 994; x_wconf 83' lang='lat' dir='ltr'><strong>angelorum.</strong></span> <span class='ocrx_word' id='word_1_63' title='bbox 1560 918 1841 992; x_wconf 84' lang='lat' dir='ltr'><strong>Signiﬁcat</strong></span> 
     </span>
    </p>
   </div>
   <div class='ocr_carea' id='block_1_8' title="bbox 243 1000 1840 1083">
    <p class='ocr_par' dir='ltr' id='par_1_8' title="bbox 243 1000 1840 1083">
     <span class='ocr_line' id='line_1_8' title="bbox 243 1000 1840 1083; baseline -0.001 -18"><span class='ocrx_word' id='word_1_64' title='bbox 243 1018 427 1065; x_wconf 91' lang='lat' dir='ltr'><strong>autem</strong></span> <span class='ocrx_word' id='word_1_65' title='bbox 456 1000 782 1079; x_wconf 79' lang='lat' dir='ltr'><strong>Ecclesiam,</strong></span> <span class='ocrx_word' id='word_1_66' title='bbox 805 1027 927 1083; x_wconf 70' lang='lat' dir='ltr'><strong>quae</strong></span> <span class='ocrx_word' id='word_1_67' title='bbox 955 1018 1040 1066; x_wconf 91' lang='lat' dir='ltr'><strong>est</strong></span> <span class='ocrx_word' id='word_1_68' title='bbox 1069 1010 1264 1066; x_wconf 90' lang='lat' dir='ltr'><strong>domus</strong></span> <span class='ocrx_word' id='word_1_69' title='bbox 1296 1009 1353 1063; x_wconf 93' lang='lat' dir='ltr'><strong>in</strong></span> <span class='ocrx_word' id='word_1_70' title='bbox 1386 1025 1493 1080; x_wconf 90' lang='lat' dir='ltr'><strong>qua</strong></span> <span class='ocrx_word' id='word_1_71' title='bbox 1545 1008 1700 1079; x_wconf 89' lang='lat' dir='ltr'><strong>panis</strong></span> <span class='ocrx_word' id='word_1_72' title='bbox 1753 1008 1840 1064; x_wconf 87' lang='lat' dir='ltr'><strong>vi-</strong></span> 
     </span>
    </p>
   </div>
   <div class='ocr_carea' id='block_1_9' title="bbox 244 1099 698 1156">
    <p class='ocr_par' dir='ltr' id='par_1_9' title="bbox 244 1099 698 1156">
     <span class='ocr_line' id='line_1_9' title="bbox 244 1099 698 1156; baseline -0.004 -1"><span class='ocrx_word' id='word_1_73' title='bbox 244 1115 347 1155; x_wconf 89' lang='lat' dir='ltr'><strong>vus</strong></span> <span class='ocrx_word' id='word_1_74' title='bbox 371 1099 698 1156; x_wconf 87' lang='lat' dir='ltr'><strong>comeditur.</strong></span> 
     </span>
    </p>
   </div>
   <div class='ocr_carea' id='block_1_10' title="bbox 312 1203 1845 1276">
    <p class='ocr_par' dir='ltr' id='par_1_10' title="bbox 312 1203 1845 1276">
     <span class='ocr_line' id='line_1_10' title="bbox 312 1203 1845 1276; baseline -0.003 -16"><span class='ocrx_word' id='word_1_75' title='bbox 312 1206 381 1260; x_wconf 83' lang='lat' dir='ltr'><strong>In</strong></span> <span class='ocrx_word' id='word_1_76' title='bbox 411 1205 855 1275; x_wconf 74' lang='lat' dir='ltr'><strong>diebus.(Hn:n.)</strong></span> <span class='ocrx_word' id='word_1_77' title='bbox 885 1206 1002 1261; x_wconf 90' lang='lat' dir='ltr'><strong>Hoc</strong></span> <span class='ocrx_word' id='word_1_78' title='bbox 1028 1220 1140 1260; x_wconf 92' lang='lat' dir='ltr'><strong>non</strong></span> <span class='ocrx_word' id='word_1_79' title='bbox 1168 1203 1321 1276; x_wconf 92' lang='lat' dir='ltr'><strong>ponit</strong></span> <span class='ocrx_word' id='word_1_80' title='bbox 1364 1210 1570 1258; x_wconf 89' lang='lat' dir='ltr'><strong>tantum</strong></span> <span class='ocrx_word' id='word_1_81' title='bbox 1589 1218 1692 1274; x_wconf 90' lang='lat' dir='ltr'><strong>pro</strong></span> <span class='ocrx_word' id='word_1_82' title='bbox 1713 1209 1845 1257; x_wconf 89' lang='lat' dir='ltr'><strong>tem-</strong></span> 
     </span>
    </p>
   </div>
   <div class='ocr_carea' id='block_1_11' title="bbox 239 1290 1843 1365">
    <p class='ocr_par' dir='ltr' id='par_1_11' title="bbox 239 1290 1843 1365">
     <span class='ocr_line' id='line_1_11' title="bbox 239 1290 1843 1365; baseline -0.001 -16"><span class='ocrx_word' id='word_1_83' title='bbox 239 1309 403 1365; x_wconf 89' lang='lat' dir='ltr'><strong>pore,</strong></span> <span class='ocrx_word' id='word_1_84' title='bbox 454 1295 552 1349; x_wconf 90' lang='lat' dir='ltr'><strong>sed</strong></span> <span class='ocrx_word' id='word_1_85' title='bbox 609 1302 668 1349; x_wconf 92' lang='lat' dir='ltr'><strong>ut</strong></span> <span class='ocrx_word' id='word_1_86' title='bbox 738 1294 987 1350; x_wconf 89' lang='lat' dir='ltr'><strong>videatur</strong></span> <span class='ocrx_word' id='word_1_87' title='bbox 1041 1293 1342 1364; x_wconf 88' lang='lat' dir='ltr'><strong>impletum,</strong></span> <span class='ocrx_word' id='word_1_88' title='bbox 1376 1300 1506 1359; x_wconf 90' lang='lat' dir='ltr'><strong>etc.,</strong></span> <span class='ocrx_word' id='word_1_89' title='bbox 1541 1307 1714 1365; x_wconf 84' lang='lat' dir='ltr'><strong>usque</strong></span> <span class='ocrx_word' id='word_1_90' title='bbox 1771 1290 1843 1347; x_wconf 90' lang='lat' dir='ltr'><strong>ad</strong></span> 
     </span>
    </p>
   </div>
   <div class='ocr_carea' id='block_1_12' title="bbox 245 1381 1841 1468">
    <p class='ocr_par' dir='ltr' id='par_1_12' title="bbox 245 1381 1841 1454">
     <span class='ocr_line' id='line_1_12' title="bbox 245 1381 1841 1454; baseline 0 -19"><span class='ocrx_word' id='word_1_91' title='bbox 245 1381 428 1437; x_wconf 71' lang='lat' dir='ltr'><strong>Judaei</strong></span> <span class='ocrx_word' id='word_1_92' title='bbox 457 1382 640 1438; x_wconf 90' lang='lat' dir='ltr'><strong>locum</strong></span> <span class='ocrx_word' id='word_1_93' title='bbox 668 1381 943 1437; x_wconf 90' lang='lat' dir='ltr'><strong>insinuant</strong></span> <span class='ocrx_word' id='word_1_94' title='bbox 969 1401 984 1437; x_wconf 90' lang='lat'><strong>:</strong></span> <span class='ocrx_word' id='word_1_95' title='bbox 1008 1390 1223 1454; x_wconf 88' lang='lat' dir='ltr'><strong>tempus</strong></span> <span class='ocrx_word' id='word_1_96' title='bbox 1252 1381 1519 1437; x_wconf 87' lang='lat' dir='ltr'><strong>adventus</strong></span> <span class='ocrx_word' id='word_1_97' title='bbox 1574 1395 1687 1436; x_wconf 92' lang='lat' dir='ltr'><strong>non</strong></span> <span class='ocrx_word' id='word_1_98' title='bbox 1741 1394 1841 1436; x_wconf 91' lang='lat' dir='ltr'><strong>co-</strong></span> 
     </span>
    </p>
   </div>
   <div class='ocr_carea' id='block_1_13' title="bbox 240 1478 540 1543">
    <p class='ocr_par' dir='ltr' id='par_1_13' title="bbox 240 1478 540 1543">
     <span class='ocr_line' id='line_1_13' title="bbox 240 1478 540 1543; baseline 0 -18"><span class='ocrx_word' id='word_1_99' title='bbox 240 1478 540 1543; x_wconf 88' lang='lat' dir='ltr'><strong>gnoscunt.</strong></span> 
     </span>
    </p>
   </div>
   <div class='ocr_carea' id='block_1_14' title="bbox 315 1574 1840 1647">
    <p class='ocr_par' dir='ltr' id='par_1_14' title="bbox 315 1574 1840 1647">
     <span class='ocr_line' id='line_1_14' title="bbox 315 1574 1840 1647; baseline -0.002 -15"><span class='ocrx_word' id='word_1_100' title='bbox 315 1577 511 1647; x_wconf 72' lang='grc' dir='ltr'><strong>(Αυα.)</strong></span> <span class='ocrx_word' id='word_1_101' title='bbox 530 1575 898 1632; x_wconf 85' lang='lat' dir='ltr'><strong>Manifestatus</strong></span> <span class='ocrx_word' id='word_1_102' title='bbox 928 1584 1011 1632; x_wconf 92' lang='lat' dir='ltr'><strong>est</strong></span> <span class='ocrx_word' id='word_1_103' title='bbox 1036 1576 1196 1631; x_wconf 88' lang='lat' dir='ltr'><strong>Jesus</strong></span> <span class='ocrx_word' id='word_1_104' title='bbox 1243 1590 1354 1631; x_wconf 91' lang='lat' dir='ltr'><strong>non</strong></span> <span class='ocrx_word' id='word_1_105' title='bbox 1381 1574 1556 1631; x_wconf 89' lang='lat' dir='ltr'><strong>doctis</strong></span> <span class='ocrx_word' id='word_1_106' title='bbox 1602 1589 1707 1631; x_wconf 92' lang='lat' dir='ltr'><strong>nec</strong></span> <span class='ocrx_word' id='word_1_107' title='bbox 1746 1575 1840 1643; x_wconf 86' lang='lat' dir='ltr'><strong>ju-</strong></span> 
     </span>
    </p>
   </div>
   <div class='ocr_carea' id='block_1_15' title="bbox 239 1663 1834 1737">
    <p class='ocr_par' dir='ltr' id='par_1_15' title="bbox 239 1663 1834 1737">
     <span class='ocr_line' id='line_1_15' title="bbox 239 1663 1834 1737; baseline -0.001 -18"><span class='ocrx_word' id='word_1_108' title='bbox 239 1665 347 1719; x_wconf 85' lang='lat' dir='ltr'><strong>stis</strong></span> <span class='ocrx_word' id='word_1_109' title='bbox 370 1683 385 1719; x_wconf 92' lang='lat'><strong>:</strong></span> <span class='ocrx_word' id='word_1_110' title='bbox 411 1666 669 1736; x_wconf 68' lang='lat' dir='ltr'><strong>praavalet</strong></span> <span class='ocrx_word' id='word_1_111' title='bbox 684 1682 938 1736; x_wconf 89' lang='lat' dir='ltr'><strong>namque,</strong></span> <span class='ocrx_word' id='word_1_112' title='bbox 966 1672 1094 1733; x_wconf 90' lang='lat' dir='ltr'><strong>etc.,</strong></span> <span class='ocrx_word' id='word_1_113' title='bbox 1114 1682 1288 1737; x_wconf 87' lang='lat' dir='ltr'><strong>usque</strong></span> <span class='ocrx_word' id='word_1_114' title='bbox 1316 1666 1388 1719; x_wconf 86' lang='lat' dir='ltr'><strong>ad</strong></span> <span class='ocrx_word' id='word_1_115' title='bbox 1414 1672 1474 1718; x_wconf 91' lang='lat' dir='ltr'><strong>ut</strong></span> <span class='ocrx_word' id='word_1_116' title='bbox 1503 1663 1685 1718; x_wconf 90' lang='lat' dir='ltr'><strong>nullus</strong></span> <span class='ocrx_word' id='word_1_117' title='bbox 1713 1679 1834 1718; x_wconf 89' lang='lat' dir='ltr'><strong>ma-</strong></span> 
     </span>
    </p>
   </div>
   <div class='ocr_carea' id='block_1_16' title="bbox 237 1752 1602 1826">
    <p class='ocr_par' dir='ltr' id='par_1_16' title="bbox 237 1752 1602 1826">
     <span class='ocr_line' id='line_1_16' title="bbox 237 1752 1602 1826; baseline -0.001 -18"><span class='ocrx_word' id='word_1_118' title='bbox 237 1769 392 1826; x_wconf 83' lang='lat' dir='ltr'><strong>gnus</strong></span> <span class='ocrx_word' id='word_1_119' title='bbox 423 1753 750 1825; x_wconf 91' lang='lat' dir='ltr'><strong>superbiret,</strong></span> <span class='ocrx_word' id='word_1_120' title='bbox 775 1753 957 1808; x_wconf 92' lang='lat' dir='ltr'><strong>nullus</strong></span> <span class='ocrx_word' id='word_1_121' title='bbox 985 1752 1235 1807; x_wconf 85' lang='lat' dir='ltr'><strong>inﬁrmus</strong></span> <span class='ocrx_word' id='word_1_122' title='bbox 1264 1753 1602 1823; x_wconf 87' lang='lat' dir='ltr'><strong>desperaret.</strong></span> 
     </span>
    </p>
   </div>
   <div class='ocr_carea' id='block_1_17' title="bbox 322 1859 810 1932">
    <p class='ocr_par' dir='ltr' id='par_1_17' title="bbox 322 1859 810 1932">
     <span class='ocr_line' id='line_1_17' title="bbox 322 1859 810 1932; baseline -0.004 -17"><span class='ocrx_word' id='word_1_123' title='bbox 322 1861 623 1915; x_wconf 80' lang='lat' dir='ltr'><strong>Venerunt.</strong></span> <span class='ocrx_word' id='word_1_124' title='bbox 647 1859 810 1932; x_wconf 88' lang='lat' dir='ltr'><strong>Magi,</strong></span> 
     </span>
    </p>
   </div>
   <div class='ocr_carea' id='block_1_18' title="bbox 237 1945 1841 2019">
    <p class='ocr_par' dir='ltr' id='par_1_18' title="bbox 237 1945 1841 2019">
     <span class='ocr_line' id='line_1_18' title="bbox 237 1945 1841 2019; baseline -0.001 -18"><span class='ocrx_word' id='word_1_125' title='bbox 237 1946 588 2002; x_wconf 82' lang='lat' dir='ltr'><strong>inveniretur</strong></span> <span class='ocrx_word' id='word_1_126' title='bbox 613 1948 669 2002; x_wconf 91' lang='lat' dir='ltr'><strong>in</strong></span> <span class='ocrx_word' id='word_1_127' title='bbox 698 1948 990 2018; x_wconf 78' lang='lat' dir='ltr'><strong>praesepio,</strong></span> <span class='ocrx_word' id='word_1_128' title='bbox 1016 1948 1114 2001; x_wconf 91' lang='lat' dir='ltr'><strong>sed</strong></span> <span class='ocrx_word' id='word_1_129' title='bbox 1145 1947 1202 2001; x_wconf 92' lang='lat' dir='ltr'><strong>in</strong></span> <span class='ocrx_word' id='word_1_130' title='bbox 1221 1948 1476 2019; x_wconf 69' lang='lat' dir='ltr'><strong>Egypto,</strong></span> <span class='ocrx_word' id='word_1_131' title='bbox 1492 1946 1591 2001; x_wconf 91' lang='lat' dir='ltr'><strong>sed</strong></span> <span class='ocrx_word' id='word_1_132' title='bbox 1631 1945 1841 2001; x_wconf 91' lang='lat' dir='ltr'><strong>decima</strong></span> 
     </span>
    </p>
   </div>
   <div class='ocr_carea' id='block_1_19' title="bbox 236 2034 1844 2091">
    <p class='ocr_par' dir='ltr' id='par_1_19' title="bbox 236 2034 1844 2091">
     <span class='ocr_line' id='line_1_19' title="bbox 236 2034 1844 2091; baseline -0.001 -2"><span class='ocrx_word' id='word_1_133' title='bbox 236 2035 407 2090; x_wconf 85' lang='lat' dir='ltr'><strong>tertia</strong></span> <span class='ocrx_word' id='word_1_134' title='bbox 436 2036 543 2090; x_wconf 89' lang='lat' dir='ltr'><strong>die.</strong></span> <span class='ocrx_word' id='word_1_135' title='bbox 577 2036 817 2091; x_wconf 88' lang='lat' dir='ltr'><strong>Fuerunt</strong></span> <span class='ocrx_word' id='word_1_136' title='bbox 845 2044 1027 2090; x_wconf 90' lang='lat' dir='ltr'><strong>autem</strong></span> <span class='ocrx_word' id='word_1_137' title='bbox 1054 2035 1123 2089; x_wconf 91' lang='lat' dir='ltr'><strong>de</strong></span> <span class='ocrx_word' id='word_1_138' title='bbox 1154 2043 1299 2089; x_wconf 88' lang='lat' dir='ltr'><strong>terra</strong></span> <span class='ocrx_word' id='word_1_139' title='bbox 1348 2036 1639 2089; x_wconf 83' lang='lat' dir='ltr'><strong>Persarum</strong></span> <span class='ocrx_word' id='word_1_140' title='bbox 1669 2034 1761 2088; x_wconf 92' lang='lat' dir='ltr'><strong>ubi</strong></span> <span class='ocrx_word' id='word_1_141' title='bbox 1789 2043 1844 2089; x_wconf 91' lang='lat' dir='ltr'><strong>et</strong></span> 
     </span>
    </p>
   </div>
   <div class='ocr_carea' id='block_1_20' title="bbox 236 2122 1844 2197">
    <p class='ocr_par' dir='ltr' id='par_1_20' title="bbox 236 2122 1844 2197">
     <span class='ocr_line' id='line_1_20' title="bbox 236 2122 1844 2197; baseline -0.002 -18"><span class='ocrx_word' id='word_1_142' title='bbox 236 2122 387 2179; x_wconf 83' lang='lat' dir='ltr'><strong>Saba</strong></span> <span class='ocrx_word' id='word_1_143' title='bbox 420 2124 614 2179; x_wconf 85' lang='lat' dir='ltr'><strong>ﬂuvius</strong></span> <span class='ocrx_word' id='word_1_144' title='bbox 643 2140 675 2178; x_wconf 91' lang='lat' dir='ltr'><strong>a</strong></span> <span class='ocrx_word' id='word_1_145' title='bbox 704 2140 813 2195; x_wconf 93' lang='lat' dir='ltr'><strong>quo</strong></span> <span class='ocrx_word' id='word_1_146' title='bbox 861 2124 1017 2197; x_wconf 87' lang='lat' dir='ltr'><strong>regio</strong></span> <span class='ocrx_word' id='word_1_147' title='bbox 1066 2123 1395 2189; x_wconf 88' lang='lat' dir='ltr'><strong>nominatur,</strong></span> <span class='ocrx_word' id='word_1_148' title='bbox 1413 2124 1566 2191; x_wconf 85' lang='lat' dir='ltr'><strong>juxta</strong></span> <span class='ocrx_word' id='word_1_149' title='bbox 1597 2139 1758 2193; x_wconf 88' lang='lat' dir='ltr'><strong>quam</strong></span> <span class='ocrx_word' id='word_1_150' title='bbox 1790 2131 1844 2177; x_wconf 92' lang='lat' dir='ltr'><strong>et</strong></span> 
     </span>
    </p>
   </div>
   <div class='ocr_carea' id='block_1_21' title="bbox 235 2210 1843 2285">
    <p class='ocr_par' dir='ltr' id='par_1_21' title="bbox 235 2210 1843 2285">
     <span class='ocr_line' id='line_1_21' title="bbox 235 2210 1843 2285; baseline -0.002 -18"><span class='ocrx_word' id='word_1_151' title='bbox 235 2211 449 2267; x_wconf 77' lang='lat' dir='ltr'><strong>Arabia</strong></span> <span class='ocrx_word' id='word_1_152' title='bbox 474 2221 574 2277; x_wconf 82' lang='lat' dir='ltr'><strong>est,</strong></span> <span class='ocrx_word' id='word_1_153' title='bbox 615 2212 710 2267; x_wconf 90' lang='lat' dir='ltr'><strong>ubi</strong></span> <span class='ocrx_word' id='word_1_154' title='bbox 754 2212 899 2285; x_wconf 87' lang='lat' dir='ltr'><strong>Magi</strong></span> <span class='ocrx_word' id='word_1_155' title='bbox 944 2211 1164 2267; x_wconf 89' lang='lat' dir='ltr'><strong>fuerunt</strong></span> <span class='ocrx_word' id='word_1_156' title='bbox 1210 2228 1394 2285; x_wconf 89' lang='lat' dir='ltr'><strong>reges.</strong></span> <span class='ocrx_word' id='word_1_157' title='bbox 1438 2210 1543 2279; x_wconf 86' lang='lat' dir='ltr'><strong>Qui</strong></span> <span class='ocrx_word' id='word_1_158' title='bbox 1592 2211 1693 2266; x_wconf 90' lang='lat' dir='ltr'><strong>etsi</strong></span> <span class='ocrx_word' id='word_1_159' title='bbox 1741 2210 1843 2265; x_wconf 87' lang='lat' dir='ltr'><strong>tria</strong></span> 
     </span>
    </p>
   </div>
   <div class='ocr_carea' id='block_1_22' title="bbox 233 2298 1843 2369">
    <p class='ocr_par' dir='ltr' id='par_1_22' title="bbox 233 2298 1843 2369">
     <span class='ocr_line' id='line_1_22' title="bbox 233 2298 1843 2369; baseline -0.002 -14"><span class='ocrx_word' id='word_1_160' title='bbox 233 2316 475 2355; x_wconf 89' lang='lat' dir='ltr'><strong>munera</strong></span> <span class='ocrx_word' id='word_1_161' title='bbox 502 2300 768 2355; x_wconf 89' lang='lat' dir='ltr'><strong>obtulisse</strong></span> <span class='ocrx_word' id='word_1_162' title='bbox 815 2301 1088 2367; x_wconf 89' lang='lat' dir='ltr'><strong>dicuntur,</strong></span> <span class='ocrx_word' id='word_1_163' title='bbox 1138 2316 1250 2355; x_wconf 92' lang='lat' dir='ltr'><strong>non</strong></span> <span class='ocrx_word' id='word_1_164' title='bbox 1306 2300 1430 2355; x_wconf 93' lang='lat' dir='ltr'><strong>ideo</strong></span> <span class='ocrx_word' id='word_1_165' title='bbox 1488 2315 1598 2354; x_wconf 93' lang='lat' dir='ltr'><strong>non</strong></span> <span class='ocrx_word' id='word_1_166' title='bbox 1655 2298 1843 2369; x_wconf 88' lang='lat' dir='ltr'><strong>plures</strong></span> 
     </span>
    </p>
   </div>
   <div class='ocr_carea' id='block_1_23' title="bbox 239 2387 1843 2460">
    <p class='ocr_par' dir='ltr' id='par_1_23' title="bbox 239 2387 1843 2460">
     <span class='ocr_line' id='line_1_23' title="bbox 239 2387 1843 2460; baseline -0.001 -17"><span class='ocrx_word' id='word_1_167' title='bbox 239 2404 414 2459; x_wconf 86' lang='lat' dir='ltr'><strong>quam</strong></span> <span class='ocrx_word' id='word_1_168' title='bbox 444 2397 556 2443; x_wconf 90' lang='lat' dir='ltr'><strong>tres</strong></span> <span class='ocrx_word' id='word_1_169' title='bbox 584 2387 754 2443; x_wconf 84' lang='lat' dir='ltr'><strong>fuisse</strong></span> <span class='ocrx_word' id='word_1_170' title='bbox 804 2389 1123 2459; x_wconf 89' lang='lat' dir='ltr'><strong>probantur,</strong></span> <span class='ocrx_word' id='word_1_171' title='bbox 1151 2389 1249 2443; x_wconf 91' lang='lat' dir='ltr'><strong>sed</strong></span> <span class='ocrx_word' id='word_1_172' title='bbox 1279 2396 1337 2442; x_wconf 91' lang='lat' dir='ltr'><strong>ut</strong></span> <span class='ocrx_word' id='word_1_173' title='bbox 1383 2403 1484 2458; x_wconf 90' lang='lat' dir='ltr'><strong>per</strong></span> <span class='ocrx_word' id='word_1_174' title='bbox 1532 2403 1628 2442; x_wconf 92' lang='lat' dir='ltr'><strong>eos</strong></span> <span class='ocrx_word' id='word_1_175' title='bbox 1649 2394 1843 2460; x_wconf 82' lang='lat' dir='ltr'><strong>gentes</strong></span> 
     </span>
    </p>
   </div>
   <div class='ocr_carea' id='block_1_24' title="bbox 241 2474 1843 2547">
    <p class='ocr_par' dir='ltr' id='par_1_24' title="bbox 241 2474 1843 2547">
     <span class='ocr_line' id='line_1_24' title="bbox 241 2474 1843 2547; baseline -0.002 -16"><span class='ocrx_word' id='word_1_176' title='bbox 241 2493 376 2547; x_wconf 70' lang='lat' dir='ltr'><strong>quae</strong></span> <span class='ocrx_word' id='word_1_177' title='bbox 403 2492 471 2531; x_wconf 91' lang='lat' dir='ltr'><strong>ex</strong></span> <span class='ocrx_word' id='word_1_178' title='bbox 500 2477 675 2531; x_wconf 87' lang='lat' dir='ltr'><strong>tribus</strong></span> <span class='ocrx_word' id='word_1_179' title='bbox 706 2476 833 2530; x_wconf 88' lang='lat' dir='ltr'><strong>ﬁliis</strong></span> <span class='ocrx_word' id='word_1_180' title='bbox 861 2478 978 2532; x_wconf 91' lang='lat' dir='ltr'><strong>Noe</strong></span> <span class='ocrx_word' id='word_1_181' title='bbox 1008 2485 1149 2533; x_wconf 62' lang='lat' dir='ltr'><strong>natae</strong></span> <span class='ocrx_word' id='word_1_182' title='bbox 1191 2484 1341 2544; x_wconf 93' lang='lat' dir='ltr'><strong>sunt,</strong></span> <span class='ocrx_word' id='word_1_183' title='bbox 1379 2483 1627 2531; x_wconf 68' lang='lat' dir='ltr'><strong>ventura:</strong></span> <span class='ocrx_word' id='word_1_184' title='bbox 1675 2476 1747 2529; x_wconf 86' lang='lat' dir='ltr'><strong>ad</strong></span> <span class='ocrx_word' id='word_1_185' title='bbox 1774 2474 1843 2528; x_wconf 84' lang='lat' dir='ltr'><strong>ﬁ-</strong></span> 
     </span>
    </p>
   </div>
   <div class='ocr_carea' id='block_1_25' title="bbox 241 2563 1845 2637">
    <p class='ocr_par' dir='ltr' id='par_1_25' title="bbox 241 2563 1845 2637">
     <span class='ocr_line' id='line_1_25' title="bbox 241 2563 1845 2637; baseline -0.001 -19"><span class='ocrx_word' id='word_1_186' title='bbox 241 2564 376 2619; x_wconf 87' lang='lat' dir='ltr'><strong>dem</strong></span> <span class='ocrx_word' id='word_1_187' title='bbox 408 2564 832 2637; x_wconf 70' lang='lat' dir='ltr'><strong>praaﬁgurentur</strong></span> <span class='ocrx_word' id='word_1_188' title='bbox 856 2583 870 2619; x_wconf 89' lang='lat'>:</span> <span class='ocrx_word' id='word_1_189' title='bbox 895 2564 983 2619; x_wconf 91' lang='lat' dir='ltr'><strong>vel</strong></span> <span class='ocrx_word' id='word_1_190' title='bbox 1030 2572 1109 2619; x_wconf 92' lang='lat' dir='ltr'><strong>tot</strong></span> <span class='ocrx_word' id='word_1_191' title='bbox 1156 2564 1379 2619; x_wconf 89' lang='lat' dir='ltr'><strong>fuerunt</strong></span> <span class='ocrx_word' id='word_1_192' title='bbox 1427 2563 1723 2634; x_wconf 90' lang='lat' dir='ltr'><strong>principes,</strong></span> <span class='ocrx_word' id='word_1_193' title='bbox 1752 2563 1845 2633; x_wconf 89' lang='lat' dir='ltr'><strong>qui</strong></span> 
     </span>
    </p>
   </div>
   <div class='ocr_carea' id='block_1_26' title="bbox 239 2650 1846 2724">
    <p class='ocr_par' dir='ltr' id='par_1_26' title="bbox 239 2650 1846 2724">
     <span class='ocr_line' id='line_1_26' title="bbox 239 2650 1846 2724; baseline -0.001 -18"><span class='ocrx_word' id='word_1_194' title='bbox 239 2652 453 2707; x_wconf 88' lang='lat' dir='ltr'><strong>multos</strong></span> <span class='ocrx_word' id='word_1_195' title='bbox 480 2654 751 2708; x_wconf 89' lang='lat' dir='ltr'><strong>duxerunt</strong></span> <span class='ocrx_word' id='word_1_196' title='bbox 777 2653 836 2707; x_wconf 90' lang='lat' dir='ltr'><strong>in</strong></span> <span class='ocrx_word' id='word_1_197' title='bbox 865 2668 965 2707; x_wconf 93' lang='lat' dir='ltr'><strong>suo</strong></span> <span class='ocrx_word' id='word_1_198' title='bbox 1014 2652 1291 2708; x_wconf 90' lang='lat' dir='ltr'><strong>comitatu.</strong></span> <span class='ocrx_word' id='word_1_199' title='bbox 1334 2651 1464 2707; x_wconf 94' lang='lat' dir='ltr'><strong>Ideo</strong></span> <span class='ocrx_word' id='word_1_200' title='bbox 1512 2652 1656 2724; x_wconf 88' lang='lat' dir='ltr'><strong>Magi</strong></span> <span class='ocrx_word' id='word_1_201' title='bbox 1702 2650 1846 2721; x_wconf 89' lang='lat' dir='ltr'><strong>apud</strong></span> 
     </span>
    </p>
   </div>
   <div class='ocr_carea' id='block_1_27' title="bbox 245 2739 1845 2814">
    <p class='ocr_par' dir='ltr' id='par_1_27' title="bbox 245 2739 1845 2814">
     <span class='ocr_line' id='line_1_27' title="bbox 245 2739 1845 2814; baseline -0.001 -20"><span class='ocrx_word' id='word_1_202' title='bbox 245 2741 649 2811; x_wconf 83' lang='lat' dir='ltr'><strong>Jerosolymam</strong></span> <span class='ocrx_word' id='word_1_203' title='bbox 677 2740 954 2812; x_wconf 71' lang='lat' dir='ltr'><strong>praecipue</strong></span> <span class='ocrx_word' id='word_1_204' title='bbox 982 2749 1216 2814; x_wconf 90' lang='lat' dir='ltr'><strong>rogant:</strong></span> <span class='ocrx_word' id='word_1_205' title='bbox 1244 2740 1368 2811; x_wconf 88' lang='lat' dir='ltr'><strong>quia</strong></span> <span class='ocrx_word' id='word_1_206' title='bbox 1395 2756 1495 2811; x_wconf 90' lang='lat' dir='ltr'><strong>per</strong></span> <span class='ocrx_word' id='word_1_207' title='bbox 1538 2739 1755 2794; x_wconf 87' lang='lat' dir='ltr'><strong>Balaam</strong></span> <span class='ocrx_word' id='word_1_208' title='bbox 1775 2739 1845 2793; x_wconf 91' lang='lat' dir='ltr'><strong>de</strong></span> 
     </span>
    </p>
   </div>
   <div class='ocr_carea' id='block_1_28' title="bbox 246 2828 1846 2885">
    <p class='ocr_par' dir='ltr' id='par_1_28' title="bbox 246 2828 1846 2885">
     <span class='ocr_line' id='line_1_28' title="bbox 246 2828 1846 2885; baseline -0.001 -3"><span class='ocrx_word' id='word_1_209' title='bbox 246 2828 424 2883; x_wconf 87' lang='lat' dir='ltr'><strong>Israel</strong></span> <span class='ocrx_word' id='word_1_210' title='bbox 445 2830 777 2885; x_wconf 88' lang='lat' dir='ltr'><strong>nasciturum</strong></span> <span class='ocrx_word' id='word_1_211' title='bbox 796 2829 1103 2884; x_wconf 90' lang='lat' dir='ltr'><strong>audierunt.</strong></span> <span class='ocrx_word' id='word_1_212' title='bbox 1118 2830 1273 2885; x_wconf 91' lang='lat' dir='ltr'><strong>Nova</strong></span> <span class='ocrx_word' id='word_1_213' title='bbox 1294 2828 1440 2883; x_wconf 90' lang='lat' dir='ltr'><strong>enim</strong></span> <span class='ocrx_word' id='word_1_214' title='bbox 1469 2828 1624 2883; x_wconf 88' lang='lat' dir='ltr'><strong>stella</strong></span> <span class='ocrx_word' id='word_1_215' title='bbox 1643 2843 1846 2883; x_wconf 92' lang='lat' dir='ltr'><strong>novum</strong></span> 
     </span>
    </p>
   </div>
   <div class='ocr_carea' id='block_1_29' title="bbox 252 2916 1845 2988">
    <p class='ocr_par' dir='ltr' id='par_1_29' title="bbox 252 2916 1845 2988">
     <span class='ocr_line' id='line_1_29' title="bbox 252 2916 1845 2988; baseline 0 -17"><span class='ocrx_word' id='word_1_216' title='bbox 252 2917 533 2972; x_wconf 87' lang='lat' dir='ltr'><strong>hominem</strong></span> <span class='ocrx_word' id='word_1_217' title='bbox 563 2917 852 2973; x_wconf 86' lang='lat' dir='ltr'><strong>indicabat.</strong></span> <span class='ocrx_word' id='word_1_218' title='bbox 880 2917 1066 2983; x_wconf 87' lang='lat' dir='ltr'><strong>Stella,</strong></span> <span class='ocrx_word' id='word_1_219' title='bbox 1091 2917 1338 2972; x_wconf 87' lang='lat' dir='ltr'><strong>Christus</strong></span> <span class='ocrx_word' id='word_1_220' title='bbox 1367 2933 1530 2988; x_wconf 89' lang='lat' dir='ltr'><strong>quem</strong></span> <span class='ocrx_word' id='word_1_221' title='bbox 1560 2916 1716 2987; x_wconf 86' lang='lat' dir='ltr'><strong>sequi</strong></span> <span class='ocrx_word' id='word_1_222' title='bbox 1742 2916 1845 2971; x_wconf 92' lang='lat' dir='ltr'><strong>de-</strong></span> 
     </span>
    </p>
   </div>
   <div class='ocr_carea' id='block_1_30' title="bbox 250 3004 1847 3077">
    <p class='ocr_par' dir='ltr' id='par_1_30' title="bbox 250 3004 1847 3077">
     <span class='ocr_line' id='line_1_30' title="bbox 250 3004 1847 3077; baseline 0 -18"><span class='ocrx_word' id='word_1_223' title='bbox 250 3005 466 3073; x_wconf 87' lang='lat' dir='ltr'><strong>bemus,</strong></span> <span class='ocrx_word' id='word_1_224' title='bbox 492 3006 585 3077; x_wconf 86' lang='lat' dir='ltr'><strong>qui</strong></span> <span class='ocrx_word' id='word_1_225' title='bbox 614 3006 719 3060; x_wconf 89' lang='lat' dir='ltr'><strong>nisi</strong></span> <span class='ocrx_word' id='word_1_226' title='bbox 749 3006 805 3060; x_wconf 90' lang='lat' dir='ltr'><strong>in</strong></span> <span class='ocrx_word' id='word_1_227' title='bbox 860 3006 1117 3061; x_wconf 88' lang='lat' dir='ltr'><strong>cordibus</strong></span> <span class='ocrx_word' id='word_1_228' title='bbox 1144 3005 1368 3074; x_wconf 89' lang='lat' dir='ltr'><strong>oriatur,</strong></span> <span class='ocrx_word' id='word_1_229' title='bbox 1410 3021 1509 3061; x_wconf 87' lang='lat' dir='ltr'><strong>rex</strong></span> <span class='ocrx_word' id='word_1_230' title='bbox 1534 3004 1847 3060; x_wconf 63' lang='lat' dir='ltr'><strong>Iudaeorum</strong></span> 
     </span>
    </p>
   </div>
   <div class='ocr_carea' id='block_1_31' title="bbox 257 3092 1023 3166">
    <p class='ocr_par' dir='ltr' id='par_1_31' title="bbox 257 3092 1023 3166">
     <span class='ocr_line' id='line_1_31' title="bbox 257 3092 1023 3166; baseline 0.001 -18"><span class='ocrx_word' id='word_1_231' title='bbox 257 3092 317 3148; x_wconf 92' lang='lat' dir='ltr'><strong>in</strong></span> <span class='ocrx_word' id='word_1_232' title='bbox 348 3094 573 3150; x_wconf 88' lang='lat' dir='ltr'><strong>Oriente</strong></span> <span class='ocrx_word' id='word_1_233' title='bbox 600 3110 712 3149; x_wconf 92' lang='lat' dir='ltr'><strong>non</strong></span> <span class='ocrx_word' id='word_1_234' title='bbox 742 3094 1023 3166; x_wconf 67' lang='lat' dir='ltr'><strong>quaeritur.</strong></span> 
     </span>
    </p>
   </div>
   <div class='ocr_carea' id='block_1_32' title="bbox 1937 567 3535 639">
    <p class='ocr_par' dir='ltr' id='par_1_32' title="bbox 1937 567 3535 639">
     <span class='ocr_line' id='line_1_32' title="bbox 1937 567 3535 639; baseline 0 -16"><span class='ocrx_word' id='word_1_235' title='bbox 1937 583 2109 639; x_wconf 86' lang='lat' dir='ltr'><strong>usque</strong></span> <span class='ocrx_word' id='word_1_236' title='bbox 2135 568 2208 623; x_wconf 87' lang='lat' dir='ltr'><strong>ad</strong></span> <span class='ocrx_word' id='word_1_237' title='bbox 2235 575 2294 622; x_wconf 90' lang='lat' dir='ltr'><strong>ut</strong></span> <span class='ocrx_word' id='word_1_238' title='bbox 2325 583 2421 623; x_wconf 92' lang='lat' dir='ltr'><strong>eos</strong></span> <span class='ocrx_word' id='word_1_239' title='bbox 2450 575 2617 622; x_wconf 62' lang='lat' dir='ltr'><strong>tanta;</strong></span> <span class='ocrx_word' id='word_1_240' title='bbox 2645 567 2870 623; x_wconf 89' lang='lat' dir='ltr'><strong>visionis</strong></span> <span class='ocrx_word' id='word_1_241' title='bbox 2909 569 3231 639; x_wconf 87' lang='lat' dir='ltr'><strong>mysterium</strong></span> <span class='ocrx_word' id='word_1_242' title='bbox 3280 584 3392 624; x_wconf 93' lang='lat' dir='ltr'><strong>non</strong></span> <span class='ocrx_word' id='word_1_243' title='bbox 3449 569 3535 623; x_wconf 86' lang='lat' dir='ltr'><strong>la-</strong></span> 
     </span>
    </p>
   </div>
   <div class='ocr_carea' id='block_1_33' title="bbox 1938 656 3532 726">
    <p class='ocr_par' dir='ltr' id='par_1_33' title="bbox 1938 656 3532 726">
     <span class='ocr_line' id='line_1_33' title="bbox 1938 656 3532 726; baseline 0.003 -17"><span class='ocrx_word' id='word_1_244' title='bbox 1938 662 2097 722; x_wconf 88' lang='lat' dir='ltr'><strong>teret,</strong></span> <span class='ocrx_word' id='word_1_245' title='bbox 2122 662 2175 710; x_wconf 91' lang='lat' dir='ltr'><strong>et</strong></span> <span class='ocrx_word' id='word_1_246' title='bbox 2205 656 2351 726; x_wconf 93' lang='lat' dir='ltr'><strong>quod</strong></span> <span class='ocrx_word' id='word_1_247' title='bbox 2381 656 2554 711; x_wconf 90' lang='lat' dir='ltr'><strong>oculis</strong></span> <span class='ocrx_word' id='word_1_248' title='bbox 2609 656 3000 714; x_wconf 87' lang='lat' dir='ltr'><strong>ostendebatur</strong></span> <span class='ocrx_word' id='word_1_249' title='bbox 3054 656 3352 725; x_wconf 86' lang='lat' dir='ltr'><strong>insolitum,</strong></span> <span class='ocrx_word' id='word_1_250' title='bbox 3408 656 3532 712; x_wconf 90' lang='lat' dir='ltr'><strong>ani-</strong></span> 
     </span>
    </p>
   </div>
   <div class='ocr_carea' id='block_1_34' title="bbox 1936 744 2701 800">
    <p class='ocr_par' dir='ltr' id='par_1_34' title="bbox 1936 744 2701 800">
     <span class='ocr_line' id='line_1_34' title="bbox 1936 744 2701 800; baseline 0.001 -3"><span class='ocrx_word' id='word_1_251' title='bbox 1936 744 2041 798; x_wconf 89' lang='lat' dir='ltr'><strong>mis</strong></span> <span class='ocrx_word' id='word_1_252' title='bbox 2070 759 2181 798; x_wconf 92' lang='lat' dir='ltr'><strong>non</strong></span> <span class='ocrx_word' id='word_1_253' title='bbox 2213 750 2360 799; x_wconf 88' lang='lat' dir='ltr'><strong>esset</strong></span> <span class='ocrx_word' id='word_1_254' title='bbox 2386 744 2701 800; x_wconf 91' lang='lat' dir='ltr'><strong>obscurum.</strong></span> 
     </span>
    </p>
   </div>
   <div class='ocr_carea' id='block_1_35' title="bbox 2011 832 3534 901">
    <p class='ocr_par' dir='ltr' id='par_1_35' title="bbox 2011 832 3534 901">
     <span class='ocr_line' id='line_1_35' title="bbox 2011 832 3534 901; baseline 0.003 -15"><span class='ocrx_word' id='word_1_255' title='bbox 2011 832 2181 887; x_wconf 78' lang='lat' dir='ltr'><strong>Vnus.</strong></span> <span class='ocrx_word' id='word_1_256' title='bbox 2216 836 2267 886; x_wconf 91' lang='lat'><strong>3.</strong></span> <span class='ocrx_word' id='word_1_257' title='bbox 2304 833 2624 889; x_wconf 85' lang='lat' dir='ltr'><strong>—Audiens</strong></span> <span class='ocrx_word' id='word_1_258' title='bbox 2654 837 2847 890; x_wconf 87' lang='lat' dir='ltr'><strong>autem</strong></span> <span class='ocrx_word' id='word_1_259' title='bbox 2876 835 3134 901; x_wconf 84' lang='lat' dir='ltr'><strong>Herodes,</strong></span> <span class='ocrx_word' id='word_1_260' title='bbox 3170 841 3276 891; x_wconf 87' lang='lat' dir='ltr'><strong>etc.</strong></span> <span class='ocrx_word' id='word_1_261' title='bbox 3302 835 3418 891; x_wconf 85' lang='lat' dir='ltr'><strong>Rex</strong></span> <span class='ocrx_word' id='word_1_262' title='bbox 3444 834 3534 890; x_wconf 90' lang='lat' dir='ltr'><strong>di-</strong></span> 
     </span>
    </p>
   </div>
   <div class='ocr_carea' id='block_1_36' title="bbox 1940 919 3534 996">
    <p class='ocr_par' dir='ltr' id='par_1_36' title="bbox 1940 919 3534 996">
     <span class='ocr_line' id='line_1_36' title="bbox 1940 919 3534 996; baseline 0.003 -22"><span class='ocrx_word' id='word_1_263' title='bbox 1940 919 2100 987; x_wconf 88' lang='lat' dir='ltr'><strong>citur,</strong></span> <span class='ocrx_word' id='word_1_264' title='bbox 2124 927 2184 974; x_wconf 90' lang='lat' dir='ltr'><strong>ut</strong></span> <span class='ocrx_word' id='word_1_265' title='bbox 2212 920 2501 975; x_wconf 89' lang='lat' dir='ltr'><strong>collatione</strong></span> <span class='ocrx_word' id='word_1_266' title='bbox 2536 922 2653 989; x_wconf 87' lang='lat' dir='ltr'><strong>ejus</strong></span> <span class='ocrx_word' id='word_1_267' title='bbox 2683 921 2774 992; x_wconf 91' lang='lat' dir='ltr'><strong>qui</strong></span> <span class='ocrx_word' id='word_1_268' title='bbox 2824 922 3106 992; x_wconf 65' lang='lat' dir='ltr'><strong>quaeritur,</strong></span> <span class='ocrx_word' id='word_1_269' title='bbox 3130 922 3220 978; x_wconf 89' lang='lat' dir='ltr'><strong>hic</strong></span> <span class='ocrx_word' id='word_1_270' title='bbox 3251 922 3534 996; x_wconf 86' lang='lat' dir='ltr'><strong>intelliga-</strong></span> 
     </span>
    </p>
   </div>
   <div class='ocr_carea' id='block_1_37' title="bbox 1939 1009 3246 1082">
    <p class='ocr_par' dir='ltr' id='par_1_37' title="bbox 1939 1009 3246 1082">
     <span class='ocr_line' id='line_1_37' title="bbox 1939 1009 3246 1082; baseline 0.002 -19"><span class='ocrx_word' id='word_1_271' title='bbox 1939 1015 2028 1063; x_wconf 85' lang='lat' dir='ltr'><strong>tur</strong></span> <span class='ocrx_word' id='word_1_272' title='bbox 2057 1015 2365 1077; x_wconf 89' lang='lat' dir='ltr'><strong>extraneus,</strong></span> <span class='ocrx_word' id='word_1_273' title='bbox 2391 1009 2514 1080; x_wconf 89' lang='lat' dir='ltr'><strong>quia</strong></span> <span class='ocrx_word' id='word_1_274' title='bbox 2538 1010 2649 1078; x_wconf 91' lang='lat' dir='ltr'><strong>jam</strong></span> <span class='ocrx_word' id='word_1_275' title='bbox 2678 1009 2953 1066; x_wconf 73' lang='lat' dir='ltr'><strong>defecerat</strong></span> <span class='ocrx_word' id='word_1_276' title='bbox 2972 1011 3246 1082; x_wconf 90' lang='lat' dir='ltr'><strong>proprius.</strong></span> 
     </span>
    </p>
   </div>
   <div class='ocr_carea' id='block_1_38' title="bbox 2009 1097 3531 1171">
    <p class='ocr_par' dir='ltr' id='par_1_38' title="bbox 2009 1097 3531 1171">
     <span class='ocr_line' id='line_1_38' title="bbox 2009 1097 3531 1171; baseline 0.003 -19"><span class='ocrx_word' id='word_1_277' title='bbox 2009 1097 2259 1153; x_wconf 83' lang='lat' dir='ltr'><strong>Audiens</strong></span> <span class='ocrx_word' id='word_1_278' title='bbox 2280 1102 2474 1153; x_wconf 89' lang='lat' dir='ltr'><strong>autem</strong></span> <span class='ocrx_word' id='word_1_279' title='bbox 2503 1098 2757 1153; x_wconf 84' lang='lat' dir='ltr'><strong>Herodes.</strong></span> <span class='ocrx_word' id='word_1_280' title='bbox 2783 1099 2963 1153; x_wconf 81' lang='lat' dir='ltr'><strong>Alium</strong></span> <span class='ocrx_word' id='word_1_281' title='bbox 3001 1115 3193 1171; x_wconf 87' lang='lat' dir='ltr'><strong>regem</strong></span> <span class='ocrx_word' id='word_1_282' title='bbox 3212 1099 3531 1158; x_wconf 70' lang='lat' dir='ltr'><strong>Judteorum</strong></span> 
     </span>
    </p>
   </div>
   <div class='ocr_carea' id='block_1_39' title="bbox 1941 1185 3536 1261">
    <p class='ocr_par' dir='ltr' id='par_1_39' title="bbox 1941 1185 3536 1261">
     <span class='ocr_line' id='line_1_39' title="bbox 1941 1185 3536 1261; baseline 0.004 -22"><span class='ocrx_word' id='word_1_283' title='bbox 1941 1202 2102 1257; x_wconf 89' lang='lat' dir='ltr'><strong>quam</strong></span> <span class='ocrx_word' id='word_1_284' title='bbox 2133 1202 2193 1240; x_wconf 90' lang='lat' dir='ltr'><strong>se</strong></span> <span class='ocrx_word' id='word_1_285' title='bbox 2223 1185 2412 1257; x_wconf 73' lang='lat' dir='ltr'><strong>quaeri,</strong></span> <span class='ocrx_word' id='word_1_286' title='bbox 2445 1186 2664 1241; x_wconf 90' lang='lat' dir='ltr'><strong>volebat</strong></span> <span class='ocrx_word' id='word_1_287' title='bbox 2693 1186 2837 1241; x_wconf 90' lang='lat' dir='ltr'><strong>enim</strong></span> <span class='ocrx_word' id='word_1_288' title='bbox 2866 1202 2989 1242; x_wconf 90' lang='lat' dir='ltr'><strong>cum</strong></span> <span class='ocrx_word' id='word_1_289' title='bbox 3032 1195 3178 1243; x_wconf 90' lang='lat' dir='ltr'><strong>esset</strong></span> <span class='ocrx_word' id='word_1_290' title='bbox 3226 1187 3536 1261; x_wconf 83' lang='lat' dir='ltr'><strong>alienigena</strong></span> 
     </span>
    </p>
   </div>
   <div class='ocr_carea' id='block_1_40' title="bbox 1940 1273 3540 1349">
    <p class='ocr_par' dir='ltr' id='par_1_40' title="bbox 1940 1273 3540 1349">
     <span class='ocr_line' id='line_1_40' title="bbox 1940 1273 3540 1349; baseline 0.004 -21"><span class='ocrx_word' id='word_1_291' title='bbox 1940 1273 2216 1347; x_wconf 89' lang='lat' dir='ltr'><strong>legitimus</strong></span> <span class='ocrx_word' id='word_1_292' title='bbox 2248 1290 2345 1328; x_wconf 86' lang='lat' dir='ltr'><strong>rex</strong></span> <span class='ocrx_word' id='word_1_293' title='bbox 2376 1273 2552 1329; x_wconf 91' lang='lat' dir='ltr'><strong>videri</strong></span> <span class='ocrx_word' id='word_1_294' title='bbox 2577 1293 2590 1328; x_wconf 94' lang='lat'><strong>:</strong></span> <span class='ocrx_word' id='word_1_295' title='bbox 2614 1282 2666 1329; x_wconf 89' lang='lat' dir='ltr'><strong>et</strong></span> <span class='ocrx_word' id='word_1_296' title='bbox 2693 1273 2820 1332; x_wconf 86' lang='lat' dir='ltr'><strong>ideo</strong></span> <span class='ocrx_word' id='word_1_297' title='bbox 2847 1274 3066 1332; x_wconf 89' lang='lat' dir='ltr'><strong>codices</strong></span> <span class='ocrx_word' id='word_1_298' title='bbox 3097 1275 3295 1347; x_wconf 91' lang='lat' dir='ltr'><strong>quibus</strong></span> <span class='ocrx_word' id='word_1_299' title='bbox 3332 1292 3540 1349; x_wconf 85' lang='lat' dir='ltr'><strong>genea-</strong></span> 
     </span>
    </p>
   </div>
   <div class='ocr_carea' id='block_1_41' title="bbox 1940 1362 2630 1436">
    <p class='ocr_par' dir='ltr' id='par_1_41' title="bbox 1940 1362 2630 1436">
     <span class='ocr_line' id='line_1_41' title="bbox 1940 1362 2630 1436; baseline -0.003 -18"><span class='ocrx_word' id='word_1_300' title='bbox 1940 1362 2087 1436; x_wconf 89' lang='lat' dir='ltr'><strong>logia</strong></span> <span class='ocrx_word' id='word_1_301' title='bbox 2118 1362 2319 1417; x_wconf 81' lang='lat' dir='ltr'><strong>texitur</strong></span> <span class='ocrx_word' id='word_1_302' title='bbox 2351 1362 2630 1418; x_wconf 89' lang='lat' dir='ltr'><strong>cremavit.</strong></span> 
     </span>
    </p>
   </div>
   <div class='ocr_carea' id='block_1_42' title="bbox 2016 1467 3535 1543">
    <p class='ocr_par' dir='ltr' id='par_1_42' title="bbox 2016 1467 3535 1543">
     <span class='ocr_line' id='line_1_42' title="bbox 2016 1467 3535 1543; baseline 0.001 -19"><span class='ocrx_word' id='word_1_303' title='bbox 2016 1469 2291 1525; x_wconf 81' lang='lat' dir='ltr'><strong>Turbatus</strong></span> <span class='ocrx_word' id='word_1_304' title='bbox 2321 1474 2424 1535; x_wconf 85' lang='lat' dir='ltr'><strong>est,</strong></span> <span class='ocrx_word' id='word_1_305' title='bbox 2452 1476 2556 1525; x_wconf 90' lang='lat' dir='ltr'><strong>etc.</strong></span> <span class='ocrx_word' id='word_1_306' title='bbox 2582 1468 2683 1523; x_wconf 85' lang='lat' dir='ltr'><strong>Vel</strong></span> <span class='ocrx_word' id='word_1_307' title='bbox 2713 1467 2841 1539; x_wconf 83' lang='lat' dir='ltr'><strong>quia</strong></span> <span class='ocrx_word' id='word_1_308' title='bbox 2891 1468 3091 1524; x_wconf 88' lang='lat' dir='ltr'><strong>exitum</strong></span> <span class='ocrx_word' id='word_1_309' title='bbox 3141 1470 3302 1543; x_wconf 89' lang='lat' dir='ltr'><strong>regni</strong></span> <span class='ocrx_word' id='word_1_310' title='bbox 3332 1470 3415 1525; x_wconf 90' lang='lat' dir='ltr'><strong>sui</strong></span> <span class='ocrx_word' id='word_1_311' title='bbox 3460 1469 3535 1525; x_wconf 91' lang='lat' dir='ltr'><strong>ti-</strong></span> 
     </span>
    </p>
   </div>
   <div class='ocr_carea' id='block_1_43' title="bbox 1939 1557 3539 1629">
    <p class='ocr_par' dir='ltr' id='par_1_43' title="bbox 1939 1557 3539 1629">
     <span class='ocr_line' id='line_1_43' title="bbox 1939 1557 3539 1629; baseline 0.002 -18"><span class='ocrx_word' id='word_1_312' title='bbox 1939 1564 2071 1625; x_wconf 90' lang='lat' dir='ltr'><strong>met,</strong></span> <span class='ocrx_word' id='word_1_313' title='bbox 2097 1557 2186 1612; x_wconf 88' lang='lat' dir='ltr'><strong>vel</strong></span> <span class='ocrx_word' id='word_1_314' title='bbox 2224 1564 2449 1628; x_wconf 89' lang='lat' dir='ltr'><strong>pr0pter</strong></span> <span class='ocrx_word' id='word_1_315' title='bbox 2498 1557 2635 1612; x_wconf 87' lang='lat' dir='ltr'><strong>iram</strong></span> <span class='ocrx_word' id='word_1_316' title='bbox 2685 1558 3052 1613; x_wconf 86' lang='lat' dir='ltr'><strong>Romanorum</strong></span> <span class='ocrx_word' id='word_1_317' title='bbox 3086 1558 3132 1612; x_wconf 92' lang='lat' dir='ltr'><strong>si</strong></span> <span class='ocrx_word' id='word_1_318' title='bbox 3181 1559 3287 1614; x_wconf 92' lang='lat' dir='ltr'><strong>hoc</strong></span> <span class='ocrx_word' id='word_1_319' title='bbox 3314 1566 3539 1629; x_wconf 90' lang='lat' dir='ltr'><strong>patere-</strong></span> 
     </span>
    </p>
   </div>
   <div class='ocr_carea' id='block_1_44' title="bbox 1940 1645 3538 1717">
    <p class='ocr_par' dir='ltr' id='par_1_44' title="bbox 1940 1645 3538 1717">
     <span class='ocr_line' id='line_1_44' title="bbox 1940 1645 3538 1717; baseline 0.002 -17"><span class='ocrx_word' id='word_1_320' title='bbox 1940 1653 2048 1714; x_wconf 92' lang='lat' dir='ltr'><strong>tur,</strong></span> <span class='ocrx_word' id='word_1_321' title='bbox 2075 1645 2165 1717; x_wconf 92' lang='lat' dir='ltr'><strong>qui</strong></span> <span class='ocrx_word' id='word_1_322' title='bbox 2196 1645 2555 1701; x_wconf 87' lang='lat' dir='ltr'><strong>decreverant</strong></span> <span class='ocrx_word' id='word_1_323' title='bbox 2601 1662 2670 1700; x_wconf 92' lang='lat' dir='ltr'><strong>ne</strong></span> <span class='ocrx_word' id='word_1_324' title='bbox 2703 1646 2823 1716; x_wconf 91' lang='lat' dir='ltr'><strong>quis</strong></span> <span class='ocrx_word' id='word_1_325' title='bbox 2852 1663 2951 1701; x_wconf 91' lang='lat' dir='ltr'><strong>rex</strong></span> <span class='ocrx_word' id='word_1_326' title='bbox 2980 1646 3068 1701; x_wconf 91' lang='lat' dir='ltr'><strong>vel</strong></span> <span class='ocrx_word' id='word_1_327' title='bbox 3116 1646 3369 1701; x_wconf 91' lang='lat' dir='ltr'><strong>dominus</strong></span> <span class='ocrx_word' id='word_1_328' title='bbox 3419 1646 3538 1703; x_wconf 88' lang='lat' dir='ltr'><strong>sine</strong></span> 
     </span>
    </p>
   </div>
   <div class='ocr_carea' id='block_1_45' title="bbox 1941 1734 3536 1807">
    <p class='ocr_par' dir='ltr' id='par_1_45' title="bbox 1941 1734 3536 1807">
     <span class='ocr_line' id='line_1_45' title="bbox 1941 1734 3536 1807; baseline 0.001 -18"><span class='ocrx_word' id='word_1_329' title='bbox 1941 1750 2130 1789; x_wconf 89' lang='lat' dir='ltr'><strong>eorum</strong></span> <span class='ocrx_word' id='word_1_330' title='bbox 2162 1734 2391 1789; x_wconf 91' lang='lat' dir='ltr'><strong>consilio</strong></span> <span class='ocrx_word' id='word_1_331' title='bbox 2420 1734 2713 1789; x_wconf 85' lang='lat' dir='ltr'><strong>diceretur.</strong></span> <span class='ocrx_word' id='word_1_332' title='bbox 2737 1735 2878 1789; x_wconf 92' lang='lat' dir='ltr'><strong>Nato</strong></span> <span class='ocrx_word' id='word_1_333' title='bbox 2907 1750 3042 1807; x_wconf 90' lang='lat' dir='ltr'><strong>rege</strong></span> <span class='ocrx_word' id='word_1_334' title='bbox 3072 1734 3215 1802; x_wconf 64' lang='lat' dir='ltr'><strong>coeli,</strong></span> <span class='ocrx_word' id='word_1_335' title='bbox 3240 1751 3337 1789; x_wconf 86' lang='lat' dir='ltr'><strong>rex</strong></span> <span class='ocrx_word' id='word_1_336' title='bbox 3368 1742 3536 1791; x_wconf 71' lang='lat' dir='ltr'><strong>terras</strong></span> 
     </span>
    </p>
   </div>
   <div class='ocr_carea' id='block_1_46' title="bbox 834 1821 3537 1930">
    <p class='ocr_par' dir='ltr' id='par_1_46' title="bbox 834 1821 3537 1930">
     <span class='ocr_line' id='line_1_46' title="bbox 834 1821 3537 1930; baseline -0.013 -18"><span class='ocrx_word' id='word_1_337' title='bbox 834 1875 944 1914; x_wconf 91' lang='lat' dir='ltr'><strong>non</strong></span> <span class='ocrx_word' id='word_1_338' title='bbox 963 1866 1088 1930; x_wconf 80' lang='lat' dir='ltr'><strong>post</strong></span> <span class='ocrx_word' id='word_1_339' title='bbox 1115 1875 1317 1913; x_wconf 80' lang='lat' dir='ltr'><strong>annum</strong></span> <span class='ocrx_word' id='word_1_340' title='bbox 1341 1821 1503 1929; x_wconf 36' lang='lat' dir='ltr'><strong>{quia</strong></span> <span class='ocrx_word' id='word_1_341' title='bbox 1554 1864 1682 1913; x_wconf 75' lang='grc' dir='ltr'><strong>ιιωο</strong></span> <span class='ocrx_word' id='word_1_342' title='bbox 1729 1835 1912 1911; x_wconf 74' lang='grc' dir='ltr'><strong>ηοηΒ</strong></span> <span class='ocrx_word' id='word_1_343' title='bbox 1945 1822 2191 1930; x_wconf 56' lang='grc' dir='ltr'><strong>ξιξτῦδιιιδ</strong></span> <span class='ocrx_word' id='word_1_344' title='bbox 2222 1830 2323 1887; x_wconf 88' lang='lat' dir='ltr'><strong>est,</strong></span> <span class='ocrx_word' id='word_1_345' title='bbox 2349 1821 2478 1930; x_wconf 78' lang='lat' dir='ltr'><strong>quia</strong></span> <span class='ocrx_word' id='word_1_346' title='bbox 2501 1822 2770 1930; x_wconf 41' lang='lat' dir='ltr'><strong>nimirum]</strong></span> <span class='ocrx_word' id='word_1_347' title='bbox 2788 1830 3014 1930; x_wconf 41' lang='lat' dir='ltr'><strong>terrena.</strong></span> <span class='ocrx_word' id='word_1_348' title='bbox 3051 1823 3279 1878; x_wconf 84' lang='lat' dir='ltr'><strong>altitudo</strong></span> <span class='ocrx_word' id='word_1_349' title='bbox 3308 1823 3537 1880; x_wconf 87' lang='lat' dir='ltr'><strong>confun-</strong></span> 
     </span>
    </p>
   </div>
   <div class='ocr_carea' id='block_1_47' title="bbox 1940 1909 3193 1981">
    <p class='ocr_par' dir='ltr' id='par_1_47' title="bbox 1940 1909 3193 1981">
     <span class='ocr_line' id='line_1_47' title="bbox 1940 1909 3193 1981; baseline -0.001 -15"><span class='ocrx_word' id='word_1_350' title='bbox 1940 1911 2087 1966; x_wconf 90' lang='lat' dir='ltr'><strong>ditur</strong></span> <span class='ocrx_word' id='word_1_351' title='bbox 2117 1925 2242 1966; x_wconf 93' lang='lat' dir='ltr'><strong>cum</strong></span> <span class='ocrx_word' id='word_1_352' title='bbox 2272 1909 2512 1965; x_wconf 82' lang='lat' dir='ltr'><strong>caelestis</strong></span> <span class='ocrx_word' id='word_1_353' title='bbox 2544 1910 2810 1966; x_wconf 83' lang='lat' dir='ltr'><strong>celsitudo</strong></span> <span class='ocrx_word' id='word_1_354' title='bbox 2841 1911 3193 1981; x_wconf 83' lang='lat' dir='ltr'><strong>praedicatur.</strong></span> 
     </span>
    </p>
   </div>
   <div class='ocr_carea' id='block_1_48' title="bbox 2016 2015 3537 2090">
    <p class='ocr_par' dir='ltr' id='par_1_48' title="bbox 2016 2015 3537 2090">
     <span class='ocr_line' id='line_1_48' title="bbox 2016 2015 3537 2090; baseline -0.001 -17"><span class='ocrx_word' id='word_1_355' title='bbox 2016 2018 2155 2073; x_wconf 85' lang='lat' dir='ltr'><strong>Cum</strong></span> <span class='ocrx_word' id='word_1_356' title='bbox 2184 2018 2304 2072; x_wconf 91' lang='lat' dir='ltr'><strong>illo.</strong></span> <span class='ocrx_word' id='word_1_357' title='bbox 2348 2018 2579 2086; x_wconf 89' lang='lat' dir='ltr'><strong>Propter</strong></span> <span class='ocrx_word' id='word_1_358' title='bbox 2624 2016 2867 2073; x_wconf 89' lang='lat' dir='ltr'><strong>favorem</strong></span> <span class='ocrx_word' id='word_1_359' title='bbox 2893 2035 2906 2071; x_wconf 93' lang='lat'><strong>:</strong></span> <span class='ocrx_word' id='word_1_360' title='bbox 2933 2017 3057 2089; x_wconf 88' lang='lat' dir='ltr'><strong>quia</strong></span> <span class='ocrx_word' id='word_1_361' title='bbox 3104 2034 3251 2089; x_wconf 81' lang='lat' dir='ltr'><strong>saepe</strong></span> <span class='ocrx_word' id='word_1_362' title='bbox 3299 2015 3537 2090; x_wconf 89' lang='lat' dir='ltr'><strong>populus</strong></span> 
     </span>
    </p>
   </div>
   <div class='ocr_carea' id='block_1_49' title="bbox 1940 2104 3532 2182">
    <p class='ocr_par' dir='ltr' id='par_1_49' title="bbox 1940 2104 3532 2182">
     <span class='ocr_line' id='line_1_49' title="bbox 1940 2104 3532 2182; baseline 0.001 -23"><span class='ocrx_word' id='word_1_363' title='bbox 1940 2105 2064 2176; x_wconf 91' lang='lat' dir='ltr'><strong>plus</strong></span> <span class='ocrx_word' id='word_1_364' title='bbox 2096 2104 2176 2159; x_wconf 91' lang='lat' dir='ltr'><strong>eis</strong></span> <span class='ocrx_word' id='word_1_365' title='bbox 2205 2105 2402 2175; x_wconf 87' lang='lat' dir='ltr'><strong>injuste</strong></span> <span class='ocrx_word' id='word_1_366' title='bbox 2430 2104 2595 2172; x_wconf 88' lang='lat' dir='ltr'><strong>favet,</strong></span> <span class='ocrx_word' id='word_1_367' title='bbox 2622 2121 2759 2176; x_wconf 92' lang='lat' dir='ltr'><strong>quos</strong></span> <span class='ocrx_word' id='word_1_368' title='bbox 2789 2106 3042 2162; x_wconf 89' lang='lat' dir='ltr'><strong>crudeles</strong></span> <span class='ocrx_word' id='word_1_369' title='bbox 3064 2106 3350 2182; x_wconf 71' lang='lat' dir='ltr'><strong>sustinent.</strong></span> <span class='ocrx_word' id='word_1_370' title='bbox 3377 2106 3532 2163; x_wconf 89' lang='lat' dir='ltr'><strong>Unde</strong></span> 
     </span>
    </p>
   </div>
   <div class='ocr_carea' id='block_1_50' title="bbox 1943 2193 3539 2269">
    <p class='ocr_par' dir='ltr' id='par_1_50' title="bbox 1943 2193 3539 2269">
     <span class='ocr_line' id='line_1_50' title="bbox 1943 2193 3539 2269; baseline 0.001 -21"><span class='ocrx_word' id='word_1_371' title='bbox 1943 2194 2198 2248; x_wconf 90' lang='lat' dir='ltr'><strong>Salomon</strong></span> <span class='ocrx_word' id='word_1_372' title='bbox 2218 2212 2231 2247; x_wconf 92' lang='lat'>:</span> <span class='ocrx_word' id='word_1_373' title='bbox 2253 2196 2373 2249; x_wconf 72' lang='lat' dir='ltr'><strong>Rea:</strong></span> <span class='ocrx_word' id='word_1_374' title='bbox 2391 2193 2622 2263; x_wconf 90' lang='lat' dir='ltr'><strong>injustus</strong></span> <span class='ocrx_word' id='word_1_375' title='bbox 2641 2210 2834 2252; x_wconf 86' lang='lat' dir='ltr'><strong>omnes</strong></span> <span class='ocrx_word' id='word_1_376' title='bbox 2844 2196 3140 2251; x_wconf 86' lang='lat' dir='ltr'><strong>ministros</strong></span> <span class='ocrx_word' id='word_1_377' title='bbox 3158 2196 3359 2269; x_wconf 85' lang='lat' dir='ltr'><strong>impios</strong></span> <span class='ocrx_word' id='word_1_378' title='bbox 3371 2194 3539 2252; x_wconf 85' lang='lat' dir='ltr'><strong>habet</strong></span> 
     </span>
    </p>
   </div>
   <div class='ocr_carea' id='block_1_51' title="bbox 1944 2281 2337 2353">
    <p class='ocr_par' dir='ltr' id='par_1_51' title="bbox 1944 2281 2337 2353">
     <span class='ocr_line' id='line_1_51' title="bbox 1944 2281 2337 2353; baseline -0.003 -17"><span class='ocrx_word' id='word_1_379' title='bbox 1944 2281 2126 2352; x_wconf 88' lang='lat' dir='ltr'><strong>(Prov.</strong></span> <span class='ocrx_word' id='word_1_380' title='bbox 2148 2282 2337 2353; x_wconf 76' lang='lat' dir='ltr'><strong>xxix).</strong></span> 
     </span>
    </p>
   </div>
   <div class='ocr_carea' id='block_1_52' title="bbox 2014 2370 3539 2443">
    <p class='ocr_par' dir='ltr' id='par_1_52' title="bbox 2014 2370 3539 2443">
     <span class='ocr_line' id='line_1_52' title="bbox 2014 2370 3539 2443; baseline 0.003 -20"><span class='ocrx_word' id='word_1_381' title='bbox 2014 2370 2183 2424; x_wconf 74' lang='lat' dir='ltr'><strong>Vens.</strong></span> <span class='ocrx_word' id='word_1_382' title='bbox 2204 2372 2255 2424; x_wconf 77' lang='grc'><strong>4.</strong></span> <span class='ocrx_word' id='word_1_383' title='bbox 2279 2400 2349 2409; x_wconf 87' lang='lat'><strong>—-</strong></span> <span class='ocrx_word' id='word_1_384' title='bbox 2382 2372 2454 2424; x_wconf 89' lang='lat' dir='ltr'><strong>Et</strong></span> <span class='ocrx_word' id='word_1_385' title='bbox 2467 2386 2814 2442; x_wconf 81' lang='lat' dir='ltr'><strong>congregans</strong></span> <span class='ocrx_word' id='word_1_386' title='bbox 2833 2387 3026 2427; x_wconf 85' lang='lat' dir='ltr'><strong>omnes</strong></span> <span class='ocrx_word' id='word_1_387' title='bbox 3040 2372 3330 2443; x_wconf 76' lang='lat' dir='ltr'><strong>principes</strong></span> <span class='ocrx_word' id='word_1_388' title='bbox 3358 2387 3539 2429; x_wconf 84' lang='lat' dir='ltr'><strong>sacer-</strong></span> 
     </span>
    </p>
   </div>
   <div class='ocr_carea' id='block_1_53' title="bbox 1943 2457 3541 2530">
    <p class='ocr_par' dir='ltr' id='par_1_53' title="bbox 1943 2457 3541 2530">
     <span class='ocr_line' id='line_1_53' title="bbox 1943 2457 3541 2530; baseline 0.002 -18"><span class='ocrx_word' id='word_1_389' title='bbox 1943 2457 2154 2513; x_wconf 88' lang='lat' dir='ltr'><strong>dotum.</strong></span> <span class='ocrx_word' id='word_1_390' title='bbox 2176 2458 2316 2517; x_wconf 86' lang='lat' dir='ltr'><strong>Nota</strong></span> <span class='ocrx_word' id='word_1_391' title='bbox 2332 2457 2665 2530; x_wconf 87' lang='lat' dir='ltr'><strong>diligentiam</strong></span> <span class='ocrx_word' id='word_1_392' title='bbox 2682 2458 3024 2529; x_wconf 88' lang='lat' dir='ltr'><strong>inquirentis,</strong></span> <span class='ocrx_word' id='word_1_393' title='bbox 3049 2460 3165 2513; x_wconf 91' lang='lat' dir='ltr'><strong>utsi</strong></span> <span class='ocrx_word' id='word_1_394' title='bbox 3178 2460 3447 2515; x_wconf 89' lang='lat' dir='ltr'><strong>invenerit</strong></span> <span class='ocrx_word' id='word_1_395' title='bbox 3467 2459 3541 2515; x_wconf 84' lang='lat' dir='ltr'><strong>fa-</strong></span> 
     </span>
    </p>
   </div>
   <div class='ocr_carea' id='block_1_54' title="bbox 1944 2545 3535 2616">
    <p class='ocr_par' dir='ltr' id='par_1_54' title="bbox 1944 2545 3535 2616">
     <span class='ocr_line' id='line_1_54' title="bbox 1944 2545 3535 2616; baseline 0.001 -16"><span class='ocrx_word' id='word_1_396' title='bbox 1944 2545 2049 2601; x_wconf 89' lang='lat' dir='ltr'><strong>ciat</strong></span> <span class='ocrx_word' id='word_1_397' title='bbox 2078 2545 2224 2616; x_wconf 92' lang='lat' dir='ltr'><strong>quod</strong></span> <span class='ocrx_word' id='word_1_398' title='bbox 2254 2552 2376 2615; x_wconf 91' lang='lat' dir='ltr'><strong>post</strong></span> <span class='ocrx_word' id='word_1_399' title='bbox 2404 2562 2463 2601; x_wconf 91' lang='lat' dir='ltr'><strong>se</strong></span> <span class='ocrx_word' id='word_1_400' title='bbox 2494 2546 2634 2601; x_wconf 90' lang='lat' dir='ltr'><strong>velle</strong></span> <span class='ocrx_word' id='word_1_401' title='bbox 2665 2546 2903 2600; x_wconf 88' lang='lat' dir='ltr'><strong>ostendit</strong></span> <span class='ocrx_word' id='word_1_402' title='bbox 2926 2565 2939 2601; x_wconf 90' lang='lat'><strong>:</strong></span> <span class='ocrx_word' id='word_1_403' title='bbox 2965 2546 3048 2601; x_wconf 91' lang='lat' dir='ltr'><strong>sin</strong></span> <span class='ocrx_word' id='word_1_404' title='bbox 3076 2555 3277 2613; x_wconf 89' lang='lat' dir='ltr'><strong>autem,</strong></span> <span class='ocrx_word' id='word_1_405' title='bbox 3302 2562 3535 2603; x_wconf 88' lang='lat' dir='ltr'><strong>excusa-</strong></span> 
     </span>
    </p>
   </div>
   <div class='ocr_carea' id='block_1_55' title="bbox 1943 2633 3538 2703">
    <p class='ocr_par' dir='ltr' id='par_1_55' title="bbox 1943 2633 3538 2703">
     <span class='ocr_line' id='line_1_55' title="bbox 1943 2633 3538 2703; baseline 0.001 -15"><span class='ocrx_word' id='word_1_406' title='bbox 1943 2641 2030 2688; x_wconf 92' lang='lat' dir='ltr'><strong>tus</strong></span> <span class='ocrx_word' id='word_1_407' title='bbox 2060 2633 2130 2687; x_wconf 91' lang='lat' dir='ltr'><strong>sit</strong></span> <span class='ocrx_word' id='word_1_408' title='bbox 2157 2633 2432 2689; x_wconf 86' lang='lat' dir='ltr'><strong>Romanis.</strong></span> <span class='ocrx_word' id='word_1_409' title='bbox 2457 2633 2787 2703; x_wconf 88' lang='lat' dir='ltr'><strong>Explorabat</strong></span> <span class='ocrx_word' id='word_1_410' title='bbox 2816 2634 2998 2703; x_wconf 88' lang='lat' dir='ltr'><strong>etiam,</strong></span> <span class='ocrx_word' id='word_1_411' title='bbox 3024 2635 3071 2689; x_wconf 92' lang='lat' dir='ltr'><strong>si</strong></span> <span class='ocrx_word' id='word_1_412' title='bbox 3106 2651 3205 2690; x_wconf 88' lang='lat' dir='ltr'><strong>rex</strong></span> <span class='ocrx_word' id='word_1_413' title='bbox 3226 2651 3416 2691; x_wconf 91' lang='lat' dir='ltr'><strong>eorum</strong></span> <span class='ocrx_word' id='word_1_414' title='bbox 3445 2635 3538 2690; x_wconf 87' lang='lat' dir='ltr'><strong>tri-</strong></span> 
     </span>
    </p>
   </div>
   <div class='ocr_carea' id='block_1_56' title="bbox 1948 2721 3529 2781">
    <p class='ocr_par' dir='ltr' id='par_1_56' title="bbox 1948 2721 3529 2781">
     <span class='ocr_line' id='line_1_56' title="bbox 1948 2721 3529 2781; baseline 0.003 -5"><span class='ocrx_word' id='word_1_415' title='bbox 1948 2730 2061 2777; x_wconf 91' lang='lat' dir='ltr'><strong>stes</strong></span> <span class='ocrx_word' id='word_1_416' title='bbox 2091 2722 2179 2777; x_wconf 91' lang='lat' dir='ltr'><strong>vel</strong></span> <span class='ocrx_word' id='word_1_417' title='bbox 2199 2721 2353 2777; x_wconf 73' lang='lat' dir='ltr'><strong>ltetos</strong></span> <span class='ocrx_word' id='word_1_418' title='bbox 2382 2721 2540 2777; x_wconf 88' lang='lat' dir='ltr'><strong>faciat</strong></span> <span class='ocrx_word' id='word_1_419' title='bbox 2576 2722 2813 2778; x_wconf 63' lang='lat' dir='ltr'><strong>Judasos.</strong></span> <span class='ocrx_word' id='word_1_420' title='bbox 2845 2724 2941 2781; x_wconf 89' lang='lat' dir='ltr'><strong>Ubi</strong></span> <span class='ocrx_word' id='word_1_421' title='bbox 2962 2723 3219 2781; x_wconf 78' lang='lat' dir='ltr'><strong>Christus</strong></span> <span class='ocrx_word' id='word_1_422' title='bbox 3268 2740 3529 2781; x_wconf 87' lang='lat' dir='ltr'><strong>nascere-</strong></span> 
     </span>
    </p>
   </div>
   <div class='ocr_carea' id='block_1_57' title="bbox 1948 2809 3529 2884">
    <p class='ocr_par' dir='ltr' id='par_1_57' title="bbox 1948 2809 3529 2884">
     <span class='ocr_line' id='line_1_57' title="bbox 1948 2809 3529 2884; baseline 0.003 -19"><span class='ocrx_word' id='word_1_423' title='bbox 1948 2814 2061 2865; x_wconf 82' lang='lat' dir='ltr'><strong>tur.</strong></span> <span class='ocrx_word' id='word_1_424' title='bbox 2085 2812 2133 2864; x_wconf 82' lang='grc' dir='ltr'>Α</span> <span class='ocrx_word' id='word_1_425' title='bbox 2150 2809 2353 2865; x_wconf 71' lang='lat' dir='ltr'><strong>Judaeis</strong></span> <span class='ocrx_word' id='word_1_426' title='bbox 2382 2809 2577 2880; x_wconf 72' lang='lat' dir='ltr'><strong>quaerit</strong></span> <span class='ocrx_word' id='word_1_427' title='bbox 2623 2810 2823 2879; x_wconf 91' lang='lat' dir='ltr'><strong>locum,</strong></span> <span class='ocrx_word' id='word_1_428' title='bbox 2848 2827 2881 2865; x_wconf 91' lang='lat' dir='ltr'><strong>a</strong></span> <span class='ocrx_word' id='word_1_429' title='bbox 2898 2811 3076 2884; x_wconf 85' lang='lat' dir='ltr'><strong>Magis</strong></span> <span class='ocrx_word' id='word_1_430' title='bbox 3123 2820 3355 2884; x_wconf 86' lang='lat' dir='ltr'><strong>tempus,</strong></span> <span class='ocrx_word' id='word_1_431' title='bbox 3380 2820 3440 2868; x_wconf 92' lang='lat' dir='ltr'><strong>ut</strong></span> <span class='ocrx_word' id='word_1_432' title='bbox 3459 2812 3529 2870; x_wconf 93' lang='lat' dir='ltr'><strong>de</strong></span> 
     </span>
    </p>
   </div>
   <div class='ocr_carea' id='block_1_58' title="bbox 1945 2898 2530 2969">
    <p class='ocr_par' dir='ltr' id='par_1_58' title="bbox 1945 2898 2530 2969">
     <span class='ocr_line' id='line_1_58' title="bbox 1945 2898 2530 2969; baseline -0.003 -16"><span class='ocrx_word' id='word_1_433' title='bbox 1945 2905 2179 2969; x_wconf 90' lang='lat' dir='ltr'><strong>utroque</strong></span> <span class='ocrx_word' id='word_1_434' title='bbox 2210 2898 2301 2952; x_wconf 86' lang='lat' dir='ltr'><strong>tiat</strong></span> <span class='ocrx_word' id='word_1_435' title='bbox 2329 2905 2530 2953; x_wconf 89' lang='lat' dir='ltr'><strong>certus.</strong></span> 
     </span>
    </p>
   </div>
   <div class='ocr_carea' id='block_1_59' title="bbox 2015 3004 3536 3063">
    <p class='ocr_par' dir='ltr' id='par_1_59' title="bbox 2015 3004 3536 3063">
     <span class='ocr_line' id='line_1_59' title="bbox 2015 3004 3536 3063; baseline 0.002 -5"><span class='ocrx_word' id='word_1_436' title='bbox 2015 3004 2186 3058; x_wconf 75' lang='lat' dir='ltr'><strong>Vnus.</strong></span> <span class='ocrx_word' id='word_1_437' title='bbox 2220 3007 2272 3059; x_wconf 77' lang='grc'><strong>5.</strong></span> <span class='ocrx_word' id='word_1_438' title='bbox 2313 3034 2383 3044; x_wconf 93' lang='grc'><strong><em>-</em></strong></span> <span class='ocrx_word' id='word_1_439' title='bbox 2429 3005 2497 3059; x_wconf 88' lang='lat' dir='ltr'><strong>In</strong></span> <span class='ocrx_word' id='word_1_440' title='bbox 2534 3004 2859 3061; x_wconf 86' lang='lat' dir='ltr'><strong>Bethlehem</strong></span> <span class='ocrx_word' id='word_1_441' title='bbox 2922 3005 3097 3062; x_wconf 68' lang='lat' dir='ltr'><strong>Iudae.</strong></span> <span class='ocrx_word' id='word_1_442' title='bbox 3165 3005 3368 3063; x_wconf 90' lang='lat' dir='ltr'><strong>Locum</strong></span> <span class='ocrx_word' id='word_1_443' title='bbox 3432 3021 3536 3061; x_wconf 86' lang='lat' dir='ltr'><strong>na-</strong></span> 
     </span>
    </p>
   </div>
   <div class='ocr_carea' id='block_1_60' title="bbox 1943 3091 3540 3166">
    <p class='ocr_par' dir='ltr' id='par_1_60' title="bbox 1943 3091 3540 3166">
     <span class='ocr_line' id='line_1_60' title="bbox 1943 3091 3540 3166; baseline 0.003 -19"><span class='ocrx_word' id='word_1_444' title='bbox 1943 3091 2166 3147; x_wconf 90' lang='lat' dir='ltr'><strong>tivitatis</strong></span> <span class='ocrx_word' id='word_1_445' title='bbox 2224 3093 2564 3163; x_wconf 89' lang='lat' dir='ltr'><strong>exprimunt,</strong></span> <span class='ocrx_word' id='word_1_446' title='bbox 2617 3110 2779 3165; x_wconf 89' lang='lat' dir='ltr'><strong>quem</strong></span> <span class='ocrx_word' id='word_1_447' title='bbox 2857 3094 3165 3150; x_wconf 91' lang='lat' dir='ltr'><strong>testimonio</strong></span> <span class='ocrx_word' id='word_1_448' title='bbox 3241 3093 3540 3166; x_wconf 69' lang='lat' dir='ltr'><strong>Scriptum</strong></span> 
     </span>
    </p>
   </div>
   <div class='ocr_carea' id='block_1_61' title="bbox 328 3180 3539 3273">
    <p class='ocr_par' dir='ltr' id='par_1_61' title="bbox 328 3180 3539 3273">
     <span class='ocr_line' id='line_1_61' title="bbox 328 3180 3539 3273; baseline -0.002 -18"><span class='ocrx_word' id='word_1_449' title='bbox 328 3200 496 3255; x_wconf 68' lang='lat' dir='ltr'><strong>Vens.</strong></span> <span class='ocrx_word' id='word_1_450' title='bbox 520 3204 573 3257; x_wconf 81' lang='lat'><strong>2.</strong></span> <span class='ocrx_word' id='word_1_451' title='bbox 597 3230 668 3241; x_wconf 90' lang='lat'>—</span> <span class='ocrx_word' id='word_1_452' title='bbox 694 3201 790 3259; x_wconf 90' lang='lat' dir='ltr'><strong>Ubi</strong></span> <span class='ocrx_word' id='word_1_453' title='bbox 817 3205 922 3266; x_wconf 89' lang='lat' dir='ltr'><strong>est,</strong></span> <span class='ocrx_word' id='word_1_454' title='bbox 951 3202 1049 3273; x_wconf 91' lang='lat' dir='ltr'><strong>qui</strong></span> <span class='ocrx_word' id='word_1_455' title='bbox 1073 3205 1246 3257; x_wconf 86' lang='lat' dir='ltr'><strong>natus</strong></span> <span class='ocrx_word' id='word_1_456' title='bbox 1268 3200 1369 3256; x_wconf 73' lang='lat' dir='ltr'><strong>&#39;est</strong></span> <span class='ocrx_word' id='word_1_457' title='bbox 1394 3215 1520 3268; x_wconf 73' lang='lat' dir='ltr'><strong>rex,</strong></span> <span class='ocrx_word' id='word_1_458' title='bbox 1556 3206 1661 3255; x_wconf 92' lang='lat' dir='ltr'><strong>etc.</strong></span> <span class='ocrx_word' id='word_1_459' title='bbox 1696 3200 1844 3254; x_wconf 92' lang='lat' dir='ltr'><strong>Con-</strong></span> <span class='ocrx_word' id='word_1_460' title='bbox 1867 3186 1917 3250; x_wconf 81' lang='grc' dir='ltr'>Ο</span> <span class='ocrx_word' id='word_1_461' title='bbox 1948 3180 2274 3273; x_wconf 59' lang='lat' dir='ltr'><strong>didi_cel‘u{1ly</strong></span> <span class='ocrx_word' id='word_1_462' title='bbox 2316 3189 2401 3273; x_wconf 59' lang='lat' dir='ltr'><strong>ut_</strong></span> <span class='ocrx_word' id='word_1_463' title='bbox 2421 3181 2537 3251; x_wconf 68' lang='lat' dir='ltr'><strong>ipsa</strong></span> <span class='ocrx_word' id='word_1_464' title='bbox 2584 3197 2775 3273; x_wconf 52' lang='lat' dir='ltr'><strong>{30mm</strong></span> <span class='ocrx_word' id='word_1_465' title='bbox 2821 3182 3051 3273; x_wconf 58' lang='grc' dir='ltr'><strong>δοίξὲξὶιίθι</strong></span> <span class='ocrx_word' id='word_1_466' title='bbox 3097 3182 3204 3273; x_wconf 53' lang='lat' dir='ltr'><strong>illis</strong></span> <span class='ocrx_word' id='word_1_467' title='bbox 3257 3181 3439 3273; x_wconf 28' lang='grc' dir='ltr'><strong>Αβθτθε</strong></span> <span class='ocrx_word' id='word_1_468' title='bbox 3469 3182 3539 3238; x_wconf 75' lang='lat' dir='ltr'><strong>8d</strong></span> 
     </span>
    </p>
   </div>
   <div class='ocr_carea' id='block_1_62' title="bbox 250 3287 1847 3360">
    <p class='ocr_par' dir='ltr' id='par_1_62' title="bbox 250 3287 1847 3360">
     <span class='ocr_line' id='line_1_62' title="bbox 250 3287 1847 3360; baseline -0.002 -16"><span class='ocrx_word' id='word_1_469' title='bbox 250 3287 399 3344; x_wconf 84' lang='lat' dir='ltr'><strong>fusio</strong></span> <span class='ocrx_word' id='word_1_470' title='bbox 427 3289 742 3345; x_wconf 68' lang='lat' dir='ltr'><strong>Iudaeorum</strong></span> <span class='ocrx_word' id='word_1_471' title='bbox 772 3297 875 3357; x_wconf 91' lang='lat' dir='ltr'><strong>est,</strong></span> <span class='ocrx_word' id='word_1_472' title='bbox 909 3290 1003 3344; x_wconf 89' lang='lat' dir='ltr'><strong>ubi</strong></span> <span class='ocrx_word' id='word_1_473' title='bbox 1034 3288 1232 3345; x_wconf 87' lang='lat' dir='ltr'><strong>Christi</strong></span> <span class='ocrx_word' id='word_1_474' title='bbox 1260 3288 1640 3343; x_wconf 89' lang='lat' dir='ltr'><strong>nativitatema</strong></span> <span class='ocrx_word' id='word_1_475' title='bbox 1661 3288 1847 3360; x_wconf 89' lang='lat' dir='ltr'><strong>genti-</strong></span> 
     </span>
    </p>
   </div>
   <div class='ocr_carea' id='block_1_63' title="bbox 252 3376 1843 3445">
    <p class='ocr_par' dir='ltr' id='par_1_63' title="bbox 252 3376 1843 3445">
     <span class='ocr_line' id='line_1_63' title="bbox 252 3376 1843 3445; baseline -0.001 -13"><span class='ocrx_word' id='word_1_476' title='bbox 252 3377 360 3432; x_wconf 90' lang='lat' dir='ltr'><strong>bus</strong></span> <span class='ocrx_word' id='word_1_477' title='bbox 388 3376 622 3444; x_wconf 85' lang='lat' dir='ltr'><strong>discunt,</strong></span> <span class='ocrx_word' id='word_1_478' title='bbox 645 3386 699 3433; x_wconf 91' lang='lat' dir='ltr'><strong>et</strong></span> <span class='ocrx_word' id='word_1_479' title='bbox 729 3378 775 3432; x_wconf 92' lang='lat' dir='ltr'><strong>si</strong></span> <span class='ocrx_word' id='word_1_480' title='bbox 802 3393 915 3432; x_wconf 91' lang='lat' dir='ltr'><strong>non</strong></span> <span class='ocrx_word' id='word_1_481' title='bbox 962 3378 1209 3445; x_wconf 86' lang='lat' dir='ltr'><strong>credunt,</strong></span> <span class='ocrx_word' id='word_1_482' title='bbox 1253 3376 1652 3432; x_wconf 89' lang='lat' dir='ltr'><strong>inexcusabiles</strong></span> <span class='ocrx_word' id='word_1_483' title='bbox 1699 3382 1843 3430; x_wconf 89' lang='lat' dir='ltr'><strong>sunt.</strong></span> 
     </span>
    </p>
   </div>
   <div class='ocr_carea' id='block_1_64' title="bbox 260 3463 1850 3522">
    <p class='ocr_par' dir='ltr' id='par_1_64' title="bbox 260 3463 1850 3522">
     <span class='ocr_line' id='line_1_64' title="bbox 260 3463 1850 3522; baseline -0.003 0"><span class='ocrx_word' id='word_1_484' title='bbox 260 3466 513 3522; x_wconf 75' lang='lat' dir='ltr'><strong>Vidimus</strong></span> <span class='ocrx_word' id='word_1_485' title='bbox 544 3468 702 3522; x_wconf 86' lang='lat' dir='ltr'><strong>enim</strong></span> <span class='ocrx_word' id='word_1_486' title='bbox 732 3467 981 3521; x_wconf 81' lang='lat' dir='ltr'><strong>stellam.</strong></span> <span class='ocrx_word' id='word_1_487' title='bbox 1006 3466 1135 3521; x_wconf 72' lang='lat' dir='ltr'><strong>Haec</strong></span> <span class='ocrx_word' id='word_1_488' title='bbox 1148 3464 1304 3520; x_wconf 79' lang='lat' dir='ltr'><strong>stella</strong></span> <span class='ocrx_word' id='word_1_489' title='bbox 1333 3464 1633 3520; x_wconf 68' lang='lat' dir='ltr'><strong>Dominicaa</strong></span> <span class='ocrx_word' id='word_1_490' title='bbox 1662 3463 1850 3520; x_wconf 86' lang='lat' dir='ltr'><strong>nativi-</strong></span> 
     </span>
    </p>
   </div>
   <div class='ocr_carea' id='block_1_65' title="bbox 246 3553 1849 3625">
    <p class='ocr_par' dir='ltr' id='par_1_65' title="bbox 246 3553 1849 3625">
     <span class='ocr_line' id='line_1_65' title="bbox 246 3553 1849 3625; baseline 0.001 -18"><span class='ocrx_word' id='word_1_491' title='bbox 246 3554 374 3608; x_wconf 84' lang='lat' dir='ltr'><strong>tatis</strong></span> <span class='ocrx_word' id='word_1_492' title='bbox 404 3555 594 3608; x_wconf 89' lang='lat' dir='ltr'><strong>nuntia</strong></span> <span class='ocrx_word' id='word_1_493' title='bbox 623 3570 901 3625; x_wconf 88' lang='lat' dir='ltr'><strong>nunquam</strong></span> <span class='ocrx_word' id='word_1_494' title='bbox 931 3554 1082 3624; x_wconf 91' lang='lat' dir='ltr'><strong>prius</strong></span> <span class='ocrx_word' id='word_1_495' title='bbox 1110 3553 1381 3625; x_wconf 88' lang='lat' dir='ltr'><strong>apparuit,</strong></span> <span class='ocrx_word' id='word_1_496' title='bbox 1424 3553 1523 3608; x_wconf 85' lang='lat' dir='ltr'><strong>sed</strong></span> <span class='ocrx_word' id='word_1_497' title='bbox 1552 3568 1671 3607; x_wconf 90' lang='lat' dir='ltr'><strong>eam</strong></span> <span class='ocrx_word' id='word_1_498' title='bbox 1718 3559 1849 3608; x_wconf 89' lang='lat' dir='ltr'><strong>tunc</strong></span> 
     </span>
    </p>
   </div>
   <div class='ocr_carea' id='block_1_66' title="bbox 241 3641 1847 3715">
    <p class='ocr_par' dir='ltr' id='par_1_66' title="bbox 241 3641 1847 3715">
     <span class='ocr_line' id='line_1_66' title="bbox 241 3641 1847 3715; baseline -0.001 -18"><span class='ocrx_word' id='word_1_499' title='bbox 241 3658 390 3713; x_wconf 90' lang='lat' dir='ltr'><strong>puer</strong></span> <span class='ocrx_word' id='word_1_500' title='bbox 418 3642 645 3711; x_wconf 88' lang='lat' dir='ltr'><strong>creavit,</strong></span> <span class='ocrx_word' id='word_1_501' title='bbox 672 3650 726 3697; x_wconf 93' lang='lat' dir='ltr'><strong>et</strong></span> <span class='ocrx_word' id='word_1_502' title='bbox 754 3643 927 3715; x_wconf 85' lang='lat' dir='ltr'><strong>Magis</strong></span> <span class='ocrx_word' id='word_1_503' title='bbox 958 3641 1277 3713; x_wconf 91' lang='lat' dir='ltr'><strong>deputavit:</strong></span> <span class='ocrx_word' id='word_1_504' title='bbox 1302 3658 1423 3713; x_wconf 66' lang='lat' dir='ltr'><strong>quae</strong></span> <span class='ocrx_word' id='word_1_505' title='bbox 1452 3656 1579 3696; x_wconf 91' lang='lat' dir='ltr'><strong>mox</strong></span> <span class='ocrx_word' id='word_1_506' title='bbox 1624 3648 1847 3712; x_wconf 91' lang='lat' dir='ltr'><strong>peracto</strong></span> 
     </span>
    </p>
   </div>
   <div class='ocr_carea' id='block_1_67' title="bbox 244 3729 1848 3800">
    <p class='ocr_par' dir='ltr' id='par_1_67' title="bbox 244 3729 1848 3800">
     <span class='ocr_line' id='line_1_67' title="bbox 244 3729 1848 3800; baseline -0.002 -14"><span class='ocrx_word' id='word_1_507' title='bbox 244 3729 434 3786; x_wconf 87' lang='lat' dir='ltr'><strong>ofﬁcio</strong></span> <span class='ocrx_word' id='word_1_508' title='bbox 486 3745 612 3785; x_wconf 88' lang='lat' dir='ltr'><strong>esse</strong></span> <span class='ocrx_word' id='word_1_509' title='bbox 668 3730 846 3785; x_wconf 91' lang='lat' dir='ltr'><strong>desiit.</strong></span> <span class='ocrx_word' id='word_1_510' title='bbox 910 3730 1183 3786; x_wconf 86' lang='lat' dir='ltr'><strong>Christum</strong></span> <span class='ocrx_word' id='word_1_511' title='bbox 1238 3731 1481 3785; x_wconf 91' lang='lat' dir='ltr'><strong>nondum</strong></span> <span class='ocrx_word' id='word_1_512' title='bbox 1536 3729 1848 3800; x_wconf 86' lang='lat' dir='ltr'><strong>loquentem</strong></span> 
     </span>
    </p>
   </div>
   <div class='ocr_carea' id='block_1_68' title="bbox 238 3817 1851 3889">
    <p class='ocr_par' dir='ltr' id='par_1_68' title="bbox 238 3817 1851 3889">
     <span class='ocr_line' id='line_1_68' title="bbox 238 3817 1851 3889; baseline -0.001 -16"><span class='ocrx_word' id='word_1_513' title='bbox 238 3827 396 3874; x_wconf 85' lang='lat' dir='ltr'><strong>muta</strong></span> <span class='ocrx_word' id='word_1_514' title='bbox 426 3818 589 3874; x_wconf 88' lang='lat' dir='ltr'><strong>stella</strong></span> <span class='ocrx_word' id='word_1_515' title='bbox 606 3819 885 3889; x_wconf 68' lang='lat' dir='ltr'><strong>praedicat,</strong></span> <span class='ocrx_word' id='word_1_516' title='bbox 907 3827 1098 3889; x_wconf 89' lang='lat' dir='ltr'><strong>postea</strong></span> <span class='ocrx_word' id='word_1_517' title='bbox 1120 3819 1434 3889; x_wconf 87' lang='lat' dir='ltr'><strong>loquentem</strong></span> <span class='ocrx_word' id='word_1_518' title='bbox 1463 3817 1697 3888; x_wconf 89' lang='lat' dir='ltr'><strong>apostoli</strong></span> <span class='ocrx_word' id='word_1_519' title='bbox 1716 3833 1851 3871; x_wconf 92' lang='lat' dir='ltr'><strong>nun-</strong></span> 
     </span>
    </p>
   </div>
   <div class='ocr_carea' id='block_1_69' title="bbox 245 3892 1848 3978">
    <p class='ocr_par' dir='ltr' id='par_1_69' title="bbox 245 3892 1848 3978">
     <span class='ocr_line' id='line_1_69' title="bbox 245 3892 1848 3978; baseline -0.001 -17"><span class='ocrx_word' id='word_1_520' title='bbox 245 3907 524 3962; x_wconf 86' lang='lat' dir='ltr'><strong>tiaverunt</strong></span> <span class='ocrx_word' id='word_1_521' title='bbox 564 3907 786 3974; x_wconf 71' lang='lat' dir='ltr'><strong>Iudaeis,</strong></span> <span class='ocrx_word' id='word_1_522' title='bbox 812 3914 1067 3978; x_wconf 88' lang='lat' dir='ltr'><strong>tanquam</strong></span> <span class='ocrx_word' id='word_1_523' title='bbox 1116 3907 1323 3962; x_wconf 90' lang='lat' dir='ltr'><strong>ratione</strong></span> <span class='ocrx_word' id='word_1_524' title='bbox 1369 3892 1685 3972; x_wconf 83' lang='lat' dir='ltr'><strong>utentibus;</strong></span> <span class='ocrx_word' id='word_1_525' title='bbox 1712 3905 1848 3960; x_wconf 92' lang='lat' dir='ltr'><strong>sub-</strong></span> 
     </span>
    </p>
   </div>
   <div class='ocr_carea' id='block_1_70' title="bbox 245 3993 1848 4068">
    <p class='ocr_par' dir='ltr' id='par_1_70' title="bbox 245 3993 1848 4068">
     <span class='ocr_line' id='line_1_70' title="bbox 245 3993 1848 4068; baseline -0.002 -18"><span class='ocrx_word' id='word_1_526' title='bbox 245 3996 450 4050; x_wconf 84' lang='lat' dir='ltr'><strong>stantia</strong></span> <span class='ocrx_word' id='word_1_527' title='bbox 482 3995 778 4064; x_wconf 88' lang='lat' dir='ltr'><strong>rationalis,</strong></span> <span class='ocrx_word' id='word_1_528' title='bbox 803 3996 859 4050; x_wconf 92' lang='lat' dir='ltr'><strong>id</strong></span> <span class='ocrx_word' id='word_1_529' title='bbox 888 4003 989 4063; x_wconf 88' lang='lat' dir='ltr'><strong>est,</strong></span> <span class='ocrx_word' id='word_1_530' title='bbox 1004 3995 1235 4068; x_wconf 88' lang='lat' dir='ltr'><strong>angelus</strong></span> <span class='ocrx_word' id='word_1_531' title='bbox 1263 4003 1442 4050; x_wconf 90' lang='lat' dir='ltr'><strong>ortum</strong></span> <span class='ocrx_word' id='word_1_532' title='bbox 1474 3993 1673 4049; x_wconf 91' lang='lat' dir='ltr'><strong>Christi</strong></span> <span class='ocrx_word' id='word_1_533' title='bbox 1703 4010 1848 4048; x_wconf 92' lang='lat' dir='ltr'><strong>nun-</strong></span> 
     </span>
    </p>
   </div>
   <div class='ocr_carea' id='block_1_71' title="bbox 242 4083 1849 4156">
    <p class='ocr_par' dir='ltr' id='par_1_71' title="bbox 242 4083 1849 4156">
     <span class='ocr_line' id='line_1_71' title="bbox 242 4083 1849 4156; baseline -0.001 -18"><span class='ocrx_word' id='word_1_534' title='bbox 242 4083 418 4139; x_wconf 86' lang='lat' dir='ltr'><strong>tiavit.</strong></span> <span class='ocrx_word' id='word_1_535' title='bbox 443 4085 639 4156; x_wconf 80' lang='lat' dir='ltr'><strong>Magos</strong></span> <span class='ocrx_word' id='word_1_536' title='bbox 671 4100 803 4139; x_wconf 91' lang='lat' dir='ltr'><strong>vero</strong></span> <span class='ocrx_word' id='word_1_537' title='bbox 833 4084 1098 4154; x_wconf 89' lang='lat' dir='ltr'><strong>primitias</strong></span> <span class='ocrx_word' id='word_1_538' title='bbox 1154 4083 1399 4156; x_wconf 87' lang='lat' dir='ltr'><strong>gentium</strong></span> <span class='ocrx_word' id='word_1_539' title='bbox 1456 4083 1697 4137; x_wconf 92' lang='lat' dir='ltr'><strong>nondum</strong></span> <span class='ocrx_word' id='word_1_540' title='bbox 1754 4098 1849 4136; x_wconf 91' lang='lat' dir='ltr'><strong>ra-</strong></span> 
     </span>
    </p>
   </div>
   <div class='ocr_carea' id='block_1_72' title="bbox 243 4170 1844 4241">
    <p class='ocr_par' dir='ltr' id='par_1_72' title="bbox 243 4170 1844 4241">
     <span class='ocr_line' id='line_1_72' title="bbox 243 4170 1844 4241; baseline 0 -16"><span class='ocrx_word' id='word_1_541' title='bbox 243 4172 398 4227; x_wconf 90' lang='lat' dir='ltr'><strong>tione</strong></span> <span class='ocrx_word' id='word_1_542' title='bbox 452 4172 721 4226; x_wconf 89' lang='lat' dir='ltr'><strong>utentium</strong></span> <span class='ocrx_word' id='word_1_543' title='bbox 776 4171 1125 4236; x_wconf 89' lang='lat' dir='ltr'><strong>irrationalis,</strong></span> <span class='ocrx_word' id='word_1_544' title='bbox 1150 4172 1205 4226; x_wconf 93' lang='lat' dir='ltr'><strong>id</strong></span> <span class='ocrx_word' id='word_1_545' title='bbox 1254 4179 1338 4227; x_wconf 92' lang='lat' dir='ltr'><strong>est</strong></span> <span class='ocrx_word' id='word_1_546' title='bbox 1365 4170 1539 4240; x_wconf 90' lang='lat' dir='ltr'><strong>stella,</strong></span> <span class='ocrx_word' id='word_1_547' title='bbox 1572 4170 1844 4241; x_wconf 89' lang='lat' dir='ltr'><strong>perduxit.</strong></span> 
     </span>
    </p>
   </div>
   <div class='ocr_carea' id='block_1_73' title="bbox 244 4258 1848 4333">
    <p class='ocr_par' dir='ltr' id='par_1_73' title="bbox 244 4258 1848 4333">
     <span class='ocr_line' id='line_1_73' title="bbox 244 4258 1848 4333; baseline -0.001 -19"><span class='ocrx_word' id='word_1_548' title='bbox 244 4259 571 4315; x_wconf 86' lang='lat' dir='ltr'><strong>Pastoribus</strong></span> <span class='ocrx_word' id='word_1_549' title='bbox 598 4260 800 4333; x_wconf 88' lang='lat' dir='ltr'><strong>angeli,</strong></span> <span class='ocrx_word' id='word_1_550' title='bbox 823 4260 997 4333; x_wconf 82' lang='lat' dir='ltr'><strong>Magis</strong></span> <span class='ocrx_word' id='word_1_551' title='bbox 1026 4259 1202 4328; x_wconf 90' lang='lat' dir='ltr'><strong>stella,</strong></span> <span class='ocrx_word' id='word_1_552' title='bbox 1227 4260 1475 4330; x_wconf 92' lang='lat' dir='ltr'><strong>utrisque</strong></span> <span class='ocrx_word' id='word_1_553' title='bbox 1527 4266 1705 4314; x_wconf 91' lang='lat' dir='ltr'><strong>tamen</strong></span> <span class='ocrx_word' id='word_1_554' title='bbox 1760 4258 1848 4313; x_wconf 95' lang='lat' dir='ltr'><strong>lo-</strong></span> 
     </span>
    </p>
   </div>
   <div class='ocr_carea' id='block_1_74' title="bbox 249 4347 1850 4422">
    <p class='ocr_par' dir='ltr' id='par_1_74' title="bbox 249 4347 1850 4422">
     <span class='ocr_line' id='line_1_74' title="bbox 249 4347 1850 4422; baseline -0.001 -19"><span class='ocrx_word' id='word_1_555' title='bbox 249 4349 436 4420; x_wconf 88' lang='lat' dir='ltr'><strong>quitur</strong></span> <span class='ocrx_word' id='word_1_556' title='bbox 468 4349 657 4422; x_wconf 87' lang='lat' dir='ltr'><strong>lingua</strong></span> <span class='ocrx_word' id='word_1_557' title='bbox 705 4349 989 4415; x_wconf 79' lang='lat' dir='ltr'><strong>ccelorum,</strong></span> <span class='ocrx_word' id='word_1_558' title='bbox 1015 4348 1141 4419; x_wconf 87' lang='lat' dir='ltr'><strong>quia</strong></span> <span class='ocrx_word' id='word_1_559' title='bbox 1192 4349 1303 4417; x_wconf 89' lang='lat' dir='ltr'><strong>jam</strong></span> <span class='ocrx_word' id='word_1_560' title='bbox 1361 4347 1609 4403; x_wconf 89' lang='lat' dir='ltr'><strong>cessabat</strong></span> <span class='ocrx_word' id='word_1_561' title='bbox 1665 4347 1850 4420; x_wconf 91' lang='lat' dir='ltr'><strong>lingua</strong></span> 
     </span>
    </p>
   </div>
   <div class='ocr_carea' id='block_1_75' title="bbox 247 4434 1849 4508">
    <p class='ocr_par' dir='ltr' id='par_1_75' title="bbox 247 4434 1849 4508">
     <span class='ocr_line' id='line_1_75' title="bbox 247 4434 1849 4508; baseline -0.002 -15"><span class='ocrx_word' id='word_1_562' title='bbox 247 4438 664 4508; x_wconf 86' lang='lat' dir='ltr'><strong>prophetarum.</strong></span> <span class='ocrx_word' id='word_1_563' title='bbox 688 4438 881 4493; x_wconf 88' lang='lat' dir='ltr'><strong>Utrum</strong></span> <span class='ocrx_word' id='word_1_564' title='bbox 911 4437 1066 4491; x_wconf 89' lang='lat' dir='ltr'><strong>stella</strong></span> <span class='ocrx_word' id='word_1_565' title='bbox 1096 4445 1215 4491; x_wconf 89' lang='lat' dir='ltr'><strong>orta</strong></span> <span class='ocrx_word' id='word_1_566' title='bbox 1268 4436 1338 4490; x_wconf 92' lang='lat' dir='ltr'><strong>sit</strong></span> <span class='ocrx_word' id='word_1_567' title='bbox 1385 4437 1441 4489; x_wconf 91' lang='lat' dir='ltr'><strong>in</strong></span> <span class='ocrx_word' id='word_1_568' title='bbox 1500 4434 1728 4503; x_wconf 91' lang='lat' dir='ltr'><strong>oriente,</strong></span> <span class='ocrx_word' id='word_1_569' title='bbox 1780 4452 1849 4489; x_wconf 89' lang='lat' dir='ltr'><strong>an</strong></span> 
     </span>
    </p>
   </div>
   <div class='ocr_carea' id='block_1_76' title="bbox 248 4522 1844 4596">
    <p class='ocr_par' dir='ltr' id='par_1_76' title="bbox 248 4522 1844 4596">
     <span class='ocr_line' id='line_1_76' title="bbox 248 4522 1844 4596; baseline -0.002 -17"><span class='ocrx_word' id='word_1_570' title='bbox 248 4524 351 4595; x_wconf 86' lang='lat' dir='ltr'><strong>ipsi</strong></span> <span class='ocrx_word' id='word_1_571' title='bbox 381 4526 456 4580; x_wconf 91' lang='lat' dir='ltr'><strong>ibi</strong></span> <span class='ocrx_word' id='word_1_572' title='bbox 487 4524 653 4596; x_wconf 90' lang='lat' dir='ltr'><strong>positi</strong></span> <span class='ocrx_word' id='word_1_573' title='bbox 682 4533 858 4579; x_wconf 89' lang='lat' dir='ltr'><strong>natam</strong></span> <span class='ocrx_word' id='word_1_574' title='bbox 888 4525 957 4579; x_wconf 91' lang='lat' dir='ltr'><strong>ad</strong></span> <span class='ocrx_word' id='word_1_575' title='bbox 1004 4524 1343 4581; x_wconf 80' lang='lat' dir='ltr'><strong>occidentem</strong></span> <span class='ocrx_word' id='word_1_576' title='bbox 1392 4522 1643 4592; x_wconf 89' lang='lat' dir='ltr'><strong>viderint,</strong></span> <span class='ocrx_word' id='word_1_577' title='bbox 1667 4522 1844 4577; x_wconf 92' lang='lat' dir='ltr'><strong>ambi—</strong></span> 
     </span>
    </p>
   </div>
   <div class='ocr_carea' id='block_1_77' title="bbox 247 4611 1846 4685">
    <p class='ocr_par' dir='ltr' id='par_1_77' title="bbox 247 4611 1846 4685">
     <span class='ocr_line' id='line_1_77' title="bbox 247 4611 1846 4685; baseline -0.002 -17"><span class='ocrx_word' id='word_1_578' title='bbox 247 4628 415 4685; x_wconf 84' lang='lat' dir='ltr'><strong>guum</strong></span> <span class='ocrx_word' id='word_1_579' title='bbox 465 4622 570 4668; x_wconf 90' lang='lat' dir='ltr'><strong>est.</strong></span> <span class='ocrx_word' id='word_1_580' title='bbox 596 4613 775 4668; x_wconf 90' lang='lat' dir='ltr'><strong>Potuit</strong></span> <span class='ocrx_word' id='word_1_581' title='bbox 831 4614 974 4667; x_wconf 91' lang='lat' dir='ltr'><strong>enim</strong></span> <span class='ocrx_word' id='word_1_582' title='bbox 1002 4613 1155 4669; x_wconf 89' lang='lat' dir='ltr'><strong>nasci</strong></span> <span class='ocrx_word' id='word_1_583' title='bbox 1183 4613 1239 4667; x_wconf 90' lang='lat' dir='ltr'><strong>in</strong></span> <span class='ocrx_word' id='word_1_584' title='bbox 1267 4612 1497 4680; x_wconf 90' lang='lat' dir='ltr'><strong>oriente,</strong></span> <span class='ocrx_word' id='word_1_585' title='bbox 1550 4619 1604 4667; x_wconf 91' lang='lat' dir='ltr'><strong>et</strong></span> <span class='ocrx_word' id='word_1_586' title='bbox 1664 4627 1760 4666; x_wconf 89' lang='lat' dir='ltr'><strong>eos</strong></span> <span class='ocrx_word' id='word_1_587' title='bbox 1789 4611 1846 4665; x_wconf 92' lang='lat' dir='ltr'><strong>in</strong></span> 
     </span>
    </p>
   </div>
   <div class='ocr_carea' id='block_1_78' title="bbox 245 4699 1846 4772">
    <p class='ocr_par' dir='ltr' id='par_1_78' title="bbox 245 4699 1846 4772">
     <span class='ocr_line' id='line_1_78' title="bbox 245 4699 1846 4772; baseline 0 -19"><span class='ocrx_word' id='word_1_588' title='bbox 245 4700 553 4756; x_wconf 84' lang='lat' dir='ltr'><strong>Jerusalem</strong></span> <span class='ocrx_word' id='word_1_589' title='bbox 581 4702 907 4772; x_wconf 89' lang='lat' dir='ltr'><strong>perducere.</strong></span> <span class='ocrx_word' id='word_1_590' title='bbox 933 4701 1042 4757; x_wconf 91' lang='lat' dir='ltr'><strong>Sed</strong></span> <span class='ocrx_word' id='word_1_591' title='bbox 1073 4702 1201 4755; x_wconf 92' lang='lat' dir='ltr'><strong>dum</strong></span> <span class='ocrx_word' id='word_1_592' title='bbox 1231 4702 1524 4755; x_wconf 88' lang='lat' dir='ltr'><strong>humanum</strong></span> <span class='ocrx_word' id='word_1_593' title='bbox 1569 4699 1722 4770; x_wconf 90' lang='lat' dir='ltr'><strong>quasi</strong></span> <span class='ocrx_word' id='word_1_594' title='bbox 1778 4716 1846 4754; x_wconf 93' lang='lat' dir='ltr'><strong>ex</strong></span> 
     </span>
    </p>
   </div>
   <div class='ocr_carea' id='block_1_79' title="bbox 244 4787 1844 4862">
    <p class='ocr_par' dir='ltr' id='par_1_79' title="bbox 244 4787 1844 4862">
     <span class='ocr_line' id='line_1_79' title="bbox 244 4787 1844 4862; baseline 0.001 -21"><span class='ocrx_word' id='word_1_595' title='bbox 244 4787 371 4861; x_wconf 85' lang='lat' dir='ltr'><strong>lege</strong></span> <span class='ocrx_word' id='word_1_596' title='bbox 401 4795 659 4862; x_wconf 65' lang='lat' dir='ltr'><strong>quaerunt</strong></span> <span class='ocrx_word' id='word_1_597' title='bbox 685 4788 964 4855; x_wconf 88' lang='lat' dir='ltr'><strong>auxilium,</strong></span> <span class='ocrx_word' id='word_1_598' title='bbox 996 4789 1180 4845; x_wconf 89' lang='lat' dir='ltr'><strong>divino</strong></span> <span class='ocrx_word' id='word_1_599' title='bbox 1209 4789 1557 4844; x_wconf 90' lang='lat' dir='ltr'><strong>deseruntur.</strong></span> <span class='ocrx_word' id='word_1_600' title='bbox 1576 4789 1682 4843; x_wconf 88' lang='lat' dir='ltr'><strong>Per</strong></span> <span class='ocrx_word' id='word_1_601' title='bbox 1713 4787 1844 4842; x_wconf 88' lang='lat' dir='ltr'><strong>stel-</strong></span> 
     </span>
    </p>
   </div>
   <div class='ocr_carea' id='block_1_80' title="bbox 247 4875 1842 4944">
    <p class='ocr_par' dir='ltr' id='par_1_80' title="bbox 247 4875 1842 4944">
     <span class='ocr_line' id='line_1_80' title="bbox 247 4875 1842 4944; baseline -0.001 -12"><span class='ocrx_word' id='word_1_602' title='bbox 247 4875 353 4931; x_wconf 90' lang='lat' dir='ltr'><strong>lam</strong></span> <span class='ocrx_word' id='word_1_603' title='bbox 414 4878 808 4932; x_wconf 86' lang='lat' dir='ltr'><strong>intellexerunt</strong></span> <span class='ocrx_word' id='word_1_604' title='bbox 850 4894 973 4932; x_wconf 91' lang='lat' dir='ltr'><strong>eum</strong></span> <span class='ocrx_word' id='word_1_605' title='bbox 1001 4877 1059 4932; x_wconf 93' lang='lat' dir='ltr'><strong>in</strong></span> <span class='ocrx_word' id='word_1_606' title='bbox 1112 4877 1297 4933; x_wconf 65' lang='lat' dir='ltr'><strong>Iudaea</strong></span> <span class='ocrx_word' id='word_1_607' title='bbox 1354 4885 1556 4944; x_wconf 89' lang='lat' dir='ltr'><strong>natum,</strong></span> <span class='ocrx_word' id='word_1_608' title='bbox 1608 4883 1662 4931; x_wconf 93' lang='lat' dir='ltr'><strong>et</strong></span> <span class='ocrx_word' id='word_1_609' title='bbox 1718 4875 1842 4931; x_wconf 92' lang='lat' dir='ltr'><strong>ideo</strong></span> 
     </span>
    </p>
   </div>
   <div class='ocr_carea' id='block_1_81' title="bbox 245 4963 1845 5037">
    <p class='ocr_par' dir='ltr' id='par_1_81' title="bbox 245 4963 1845 5037">
     <span class='ocr_line' id='line_1_81' title="bbox 245 4963 1845 5037; baseline 0.001 -20"><span class='ocrx_word' id='word_1_610' title='bbox 245 4964 552 5021; x_wconf 77' lang='lat' dir='ltr'><strong>Jerusalem</strong></span> <span class='ocrx_word' id='word_1_611' title='bbox 573 4966 817 5032; x_wconf 90' lang='lat' dir='ltr'><strong>veniunt,</strong></span> <span class='ocrx_word' id='word_1_612' title='bbox 837 4966 931 5020; x_wconf 91' lang='lat' dir='ltr'><strong>ubi</strong></span> <span class='ocrx_word' id='word_1_613' title='bbox 946 4965 1127 5021; x_wconf 92' lang='lat' dir='ltr'><strong>locum</strong></span> <span class='ocrx_word' id='word_1_614' title='bbox 1142 4965 1417 5021; x_wconf 89' lang='lat' dir='ltr'><strong>discentes</strong></span> <span class='ocrx_word' id='word_1_615' title='bbox 1449 4972 1577 5021; x_wconf 92' lang='lat' dir='ltr'><strong>tunc</strong></span> <span class='ocrx_word' id='word_1_616' title='bbox 1591 4963 1845 5037; x_wconf 86' lang='lat' dir='ltr'><strong>aggressi</strong></span> 
     </span>
    </p>
   </div>
   <div class='ocr_carea' id='block_1_82' title="bbox 246 5052 1845 5126">
    <p class='ocr_par' dir='ltr' id='par_1_82' title="bbox 246 5052 1845 5126">
     <span class='ocr_line' id='line_1_82' title="bbox 246 5052 1845 5126; baseline 0.001 -18"><span class='ocrx_word' id='word_1_617' title='bbox 246 5052 347 5109; x_wconf 89' lang='lat' dir='ltr'><strong>iter</strong></span> <span class='ocrx_word' id='word_1_618' title='bbox 396 5054 640 5125; x_wconf 88' lang='lat' dir='ltr'><strong>primum</strong></span> <span class='ocrx_word' id='word_1_619' title='bbox 666 5054 870 5110; x_wconf 91' lang='lat' dir='ltr'><strong>habent</strong></span> <span class='ocrx_word' id='word_1_620' title='bbox 925 5053 1137 5110; x_wconf 88' lang='lat' dir='ltr'><strong>stellam</strong></span> <span class='ocrx_word' id='word_1_621' title='bbox 1183 5054 1443 5126; x_wconf 65' lang='lat' dir='ltr'><strong>praevium</strong></span> <span class='ocrx_word' id='word_1_622' title='bbox 1473 5069 1634 5125; x_wconf 90' lang='lat' dir='ltr'><strong>quam</strong></span> <span class='ocrx_word' id='word_1_623' title='bbox 1694 5067 1845 5109; x_wconf 85' lang='lat' dir='ltr'><strong>reco-</strong></span> 
     </span>
    </p>
   </div>
   <div class='ocr_carea' id='block_1_83' title="bbox 249 5151 545 5213">
    <p class='ocr_par' dir='ltr' id='par_1_83' title="bbox 249 5151 545 5213">
     <span class='ocr_line' id='line_1_83' title="bbox 249 5151 545 5213; baseline -0.007 -14"><span class='ocrx_word' id='word_1_624' title='bbox 249 5151 545 5213; x_wconf 80' lang='lat' dir='ltr'><strong>gnoscunt.</strong></span> 
     </span>
    </p>
   </div>
   <div class='ocr_carea' id='block_1_84' title="bbox 314 5246 1844 5322">
    <p class='ocr_par' dir='ltr' id='par_1_84' title="bbox 314 5246 1844 5322">
     <span class='ocr_line' id='line_1_84' title="bbox 314 5246 1844 5322; baseline -0.002 -17"><span class='ocrx_word' id='word_1_625' title='bbox 314 5247 661 5322; x_wconf 80' lang='lat' dir='ltr'><strong>Allegorice.</strong></span> <span class='ocrx_word' id='word_1_626' title='bbox 715 5248 882 5304; x_wconf 90' lang='lat' dir='ltr'><strong>Stella</strong></span> <span class='ocrx_word' id='word_1_627' title='bbox 921 5256 1006 5304; x_wconf 91' lang='lat' dir='ltr'><strong>est</strong></span> <span class='ocrx_word' id='word_1_628' title='bbox 1033 5247 1351 5304; x_wconf 88' lang='lat' dir='ltr'><strong>illuminatio</strong></span> <span class='ocrx_word' id='word_1_629' title='bbox 1406 5246 1534 5303; x_wconf 87' lang='lat' dir='ltr'><strong>fidei</strong></span> <span class='ocrx_word' id='word_1_630' title='bbox 1593 5263 1716 5319; x_wconf 59' lang='lat' dir='ltr'><strong>quas</strong></span> <span class='ocrx_word' id='word_1_631' title='bbox 1773 5246 1844 5302; x_wconf 88' lang='lat' dir='ltr'><strong>ad</strong></span> 
     </span>
    </p>
   </div>
   <div class='ocr_carea' id='block_1_85' title="bbox 254 5335 1847 5404">
    <p class='ocr_par' dir='ltr' id='par_1_85' title="bbox 254 5335 1847 5404">
     <span class='ocr_line' id='line_1_85' title="bbox 254 5335 1847 5404; baseline -0.002 -12"><span class='ocrx_word' id='word_1_632' title='bbox 254 5335 537 5392; x_wconf 82' lang='lat' dir='ltr'><strong>Christum</strong></span> <span class='ocrx_word' id='word_1_633' title='bbox 562 5336 748 5393; x_wconf 63' lang='lat' dir='ltr'><strong>vducit.</strong></span> <span class='ocrx_word' id='word_1_634' title='bbox 773 5338 915 5392; x_wconf 91' lang='lat' dir='ltr'><strong>Dum</strong></span> <span class='ocrx_word' id='word_1_635' title='bbox 973 5337 1248 5393; x_wconf 90' lang='lat' dir='ltr'><strong>divertunt</strong></span> <span class='ocrx_word' id='word_1_636' title='bbox 1304 5337 1373 5394; x_wconf 90' lang='lat' dir='ltr'><strong>ad</strong></span> <span class='ocrx_word' id='word_1_637' title='bbox 1427 5336 1665 5404; x_wconf 69' lang='lat' dir='ltr'><strong>Iudaeos,</strong></span> <span class='ocrx_word' id='word_1_638' title='bbox 1726 5350 1847 5390; x_wconf 87' lang='lat' dir='ltr'><strong>eam</strong></span> 
     </span>
    </p>
   </div>
   <div class='ocr_carea' id='block_1_86' title="bbox 247 5424 1844 5496">
    <p class='ocr_par' dir='ltr' id='par_1_86' title="bbox 247 5424 1844 5496">
     <span class='ocr_line' id='line_1_86' title="bbox 247 5424 1844 5496; baseline -0.001 -15"><span class='ocrx_word' id='word_1_639' title='bbox 247 5426 500 5481; x_wconf 84' lang='lat' dir='ltr'><strong>amittunt</strong></span> <span class='ocrx_word' id='word_1_640' title='bbox 525 5443 541 5479; x_wconf 88' lang='lat'><strong>:</strong></span> <span class='ocrx_word' id='word_1_641' title='bbox 566 5425 691 5496; x_wconf 91' lang='lat' dir='ltr'><strong>quia</strong></span> <span class='ocrx_word' id='word_1_642' title='bbox 720 5425 849 5480; x_wconf 90' lang='lat' dir='ltr'><strong>dum</strong></span> <span class='ocrx_word' id='word_1_643' title='bbox 878 5442 909 5479; x_wconf 92' lang='lat' dir='ltr'><strong>a</strong></span> <span class='ocrx_word' id='word_1_644' title='bbox 937 5425 1094 5479; x_wconf 88' lang='lat' dir='ltr'><strong>malis</strong></span> <span class='ocrx_word' id='word_1_645' title='bbox 1125 5424 1411 5482; x_wconf 89' lang='lat' dir='ltr'><strong>consilium</strong></span> <span class='ocrx_word' id='word_1_646' title='bbox 1456 5431 1724 5496; x_wconf 69' lang='lat' dir='ltr'><strong>quaerunt,</strong></span> <span class='ocrx_word' id='word_1_647' title='bbox 1750 5439 1844 5480; x_wconf 90' lang='lat' dir='ltr'><strong>ve-</strong></span> 
     </span>
    </p>
   </div>
   <div class='ocr_carea' id='block_1_87' title="bbox 251 5513 1133 5586">
    <p class='ocr_par' dir='ltr' id='par_1_87' title="bbox 251 5513 1133 5586">
     <span class='ocr_line' id='line_1_87' title="bbox 251 5513 1133 5586; baseline 0.001 -18"><span class='ocrx_word' id='word_1_648' title='bbox 251 5529 363 5568; x_wconf 80' lang='lat' dir='ltr'><strong>ram</strong></span> <span class='ocrx_word' id='word_1_649' title='bbox 391 5513 845 5569; x_wconf 88' lang='lat' dir='ltr'><strong>illuminationem</strong></span> <span class='ocrx_word' id='word_1_650' title='bbox 876 5514 1133 5586; x_wconf 89' lang='lat' dir='ltr'><strong>perdunt.</strong></span> 
     </span>
    </p>
   </div>
   <div class='ocr_carea' id='block_1_88' title="bbox 313 5617 1842 5691">
    <p class='ocr_par' dir='ltr' id='par_1_88' title="bbox 313 5617 1842 5691">
     <span class='ocr_line' id='line_1_88' title="bbox 313 5617 1842 5691; baseline -0.001 -17"><span class='ocrx_word' id='word_1_651' title='bbox 313 5620 505 5691; x_wconf 69' lang='lat'><strong>(1.30.)</strong></span> <span class='ocrx_word' id='word_1_652' title='bbox 524 5620 840 5691; x_wconf 86' lang='lat' dir='ltr'><strong>Sequuntur</strong></span> <span class='ocrx_word' id='word_1_653' title='bbox 893 5627 1006 5675; x_wconf 92' lang='lat' dir='ltr'><strong>tres</strong></span> <span class='ocrx_word' id='word_1_654' title='bbox 1047 5619 1153 5675; x_wconf 90' lang='lat' dir='ltr'><strong>viri</strong></span> <span class='ocrx_word' id='word_1_655' title='bbox 1182 5619 1405 5691; x_wconf 87' lang='lat' dir='ltr'><strong>superni</strong></span> <span class='ocrx_word' id='word_1_656' title='bbox 1460 5617 1686 5673; x_wconf 86' lang='lat' dir='ltr'><strong>luminis</strong></span> <span class='ocrx_word' id='word_1_657' title='bbox 1736 5618 1842 5673; x_wconf 91' lang='lat' dir='ltr'><strong>du-</strong></span> 
     </span>
    </p>
   </div>
   <div class='ocr_carea' id='block_1_89' title="bbox 253 5706 1844 5781">
    <p class='ocr_par' dir='ltr' id='par_1_89' title="bbox 253 5706 1844 5781">
     <span class='ocr_line' id='line_1_89' title="bbox 253 5706 1844 5781; baseline 0 -18"><span class='ocrx_word' id='word_1_658' title='bbox 253 5714 399 5765; x_wconf 87' lang='lat' dir='ltr'><strong>ctum</strong></span> <span class='ocrx_word' id='word_1_659' title='bbox 433 5715 488 5765; x_wconf 90' lang='lat' dir='ltr'><strong>et</strong></span> <span class='ocrx_word' id='word_1_660' title='bbox 515 5708 707 5780; x_wconf 76' lang='lat' dir='ltr'><strong>praevii</strong></span> <span class='ocrx_word' id='word_1_661' title='bbox 733 5708 966 5781; x_wconf 88' lang='lat' dir='ltr'><strong>fulgoris</strong></span> <span class='ocrx_word' id='word_1_662' title='bbox 992 5707 1254 5767; x_wconf 88' lang='lat' dir='ltr'><strong>indicium</strong></span> <span class='ocrx_word' id='word_1_663' title='bbox 1280 5708 1487 5768; x_wconf 85' lang='lat' dir='ltr'><strong>intenta</strong></span> <span class='ocrx_word' id='word_1_664' title='bbox 1514 5706 1844 5780; x_wconf 86' lang='lat' dir='ltr'><strong>contempla-</strong></span> 
     </span>
    </p>
   </div>
   <div class='ocr_carea' id='block_1_90' title="bbox 463 5832 939 5892">
    <p class='ocr_par' dir='ltr' id='par_1_90' title="bbox 463 5832 939 5892">
     <span class='ocr_line' id='line_1_90' title="bbox 463 5832 939 5892; baseline 0.002 -3"><span class='ocrx_word' id='word_1_665' title='bbox 463 5833 709 5892; x_wconf 74' lang='grc' dir='ltr'><strong>ΡΑτιιοι.</strong></span> <span class='ocrx_word' id='word_1_666' title='bbox 749 5832 939 5892; x_wconf 84' lang='lat' dir='ltr'><strong>CXIV.</strong></span> 
     </span>
    </p>
   </div>
   <div class='ocr_carea' id='block_1_91' title="bbox 1946 3268 2749 3340">
    <p class='ocr_par' dir='ltr' id='par_1_91' title="bbox 1946 3268 2749 3340">
     <span class='ocr_line' id='line_1_91' title="bbox 1946 3268 2749 3340; baseline 0 -15"><span class='ocrx_word' id='word_1_667' title='bbox 1946 3268 2313 3325; x_wconf 91' lang='lat' dir='ltr'><strong>testimonium</strong></span> <span class='ocrx_word' id='word_1_668' title='bbox 2369 3270 2749 3340; x_wconf 91' lang='lat' dir='ltr'><strong>damnationis,</strong></span> 
     </span>
    </p>
   </div>
   <div class='ocr_carea' id='block_1_92' title="bbox 1944 3357 2091 3413">
    <p class='ocr_par' dir='ltr' id='par_1_92' title="bbox 1944 3357 2091 3413">
     <span class='ocr_line' id='line_1_92' title="bbox 1944 3357 2091 3413; baseline 0 -1"><span class='ocrx_word' id='word_1_669' title='bbox 1944 3357 2091 3413; x_wconf 83' lang='lat' dir='ltr'><strong>fidei.</strong></span> 
     </span>
    </p>
   </div>
   <div class='ocr_carea' id='block_1_93' title="bbox 2014 3445 3536 3520">
    <p class='ocr_par' dir='ltr' id='par_1_93' title="bbox 2014 3445 3536 3520">
     <span class='ocr_line' id='line_1_93' title="bbox 2014 3445 3536 3520; baseline 0.002 -19"><span class='ocrx_word' id='word_1_670' title='bbox 2014 3447 2096 3501; x_wconf 89' lang='lat' dir='ltr'><strong>Ex</strong></span> <span class='ocrx_word' id='word_1_671' title='bbox 2122 3447 2229 3502; x_wconf 91' lang='lat' dir='ltr'><strong>hoc</strong></span> <span class='ocrx_word' id='word_1_672' title='bbox 2255 3452 2420 3517; x_wconf 90' lang='lat' dir='ltr'><strong>patet,</strong></span> <span class='ocrx_word' id='word_1_673' title='bbox 2445 3445 2574 3517; x_wconf 86' lang='lat' dir='ltr'><strong>quia</strong></span> <span class='ocrx_word' id='word_1_674' title='bbox 2602 3462 2714 3502; x_wconf 92' lang='lat' dir='ltr'><strong>non</strong></span> <span class='ocrx_word' id='word_1_675' title='bbox 2742 3462 2809 3502; x_wconf 90' lang='lat' dir='ltr'><strong>ex</strong></span> <span class='ocrx_word' id='word_1_676' title='bbox 2837 3446 3168 3520; x_wconf 88' lang='lat' dir='ltr'><strong>ignorantia,</strong></span> <span class='ocrx_word' id='word_1_677' title='bbox 3192 3447 3292 3505; x_wconf 90' lang='lat' dir='ltr'><strong>sed</strong></span> <span class='ocrx_word' id='word_1_678' title='bbox 3309 3464 3375 3505; x_wconf 88' lang='lat' dir='ltr'><strong>ex</strong></span> <span class='ocrx_word' id='word_1_679' title='bbox 3406 3462 3536 3506; x_wconf 91' lang='lat' dir='ltr'><strong>cor-</strong></span> 
     </span>
    </p>
   </div>
   <div class='ocr_carea' id='block_1_94' title="bbox 1945 3533 2961 3595">
    <p class='ocr_par' dir='ltr' id='par_1_94' title="bbox 1945 3533 2961 3595">
     <span class='ocr_line' id='line_1_94' title="bbox 1945 3533 2961 3595; baseline 0.006 -6"><span class='ocrx_word' id='word_1_680' title='bbox 1945 3533 2030 3589; x_wconf 92' lang='lat' dir='ltr'><strong>dis</strong></span> <span class='ocrx_word' id='word_1_681' title='bbox 2059 3534 2260 3589; x_wconf 87' lang='lat' dir='ltr'><strong>duritia</strong></span> <span class='ocrx_word' id='word_1_682' title='bbox 2287 3534 2517 3590; x_wconf 91' lang='lat' dir='ltr'><strong>credere</strong></span> <span class='ocrx_word' id='word_1_683' title='bbox 2546 3534 2858 3591; x_wconf 90' lang='lat' dir='ltr'><strong>noluerunt.</strong></span> <span class='ocrx_word' id='word_1_684' title='bbox 2954 3582 2961 3595; x_wconf 86' lang='lat'><strong>.</strong></span> 
     </span>
    </p>
   </div>
   <div class='ocr_carea' id='block_1_95' title="bbox 2017 3639 3539 3713">
    <p class='ocr_par' dir='ltr' id='par_1_95' title="bbox 2017 3639 3539 3713">
     <span class='ocr_line' id='line_1_95' title="bbox 2017 3639 3539 3713; baseline 0.004 -20"><span class='ocrx_word' id='word_1_685' title='bbox 2017 3639 2186 3694; x_wconf 72' lang='lat' dir='ltr'><strong>Vens.</strong></span> <span class='ocrx_word' id='word_1_686' title='bbox 2208 3643 2259 3695; x_wconf 89' lang='lat'><strong>6.</strong></span> <span class='ocrx_word' id='word_1_687' title='bbox 2283 3670 2352 3680; x_wconf 97' lang='lat'>—</span> <span class='ocrx_word' id='word_1_688' title='bbox 2373 3642 2445 3696; x_wconf 86' lang='lat' dir='ltr'><strong>Et</strong></span> <span class='ocrx_word' id='word_1_689' title='bbox 2462 3644 2540 3706; x_wconf 89' lang='lat' dir='ltr'><strong>tu,</strong></span> <span class='ocrx_word' id='word_1_690' title='bbox 2566 3641 2910 3697; x_wconf 87' lang='lat' dir='ltr'><strong>Bethlehem.</strong></span> <span class='ocrx_word' id='word_1_691' title='bbox 2932 3642 3051 3698; x_wconf 90' lang='lat' dir='ltr'><strong>Hoc</strong></span> <span class='ocrx_word' id='word_1_692' title='bbox 3079 3641 3159 3698; x_wconf 92' lang='lat' dir='ltr'><strong>sic</strong></span> <span class='ocrx_word' id='word_1_693' title='bbox 3186 3642 3358 3713; x_wconf 89' lang='lat' dir='ltr'><strong>ponit,</strong></span> <span class='ocrx_word' id='word_1_694' title='bbox 3381 3649 3442 3699; x_wconf 91' lang='lat' dir='ltr'><strong>ut</strong></span> <span class='ocrx_word' id='word_1_695' title='bbox 3468 3642 3539 3698; x_wconf 91' lang='lat' dir='ltr'><strong>ab</strong></span> 
     </span>
    </p>
   </div>
   <div class='ocr_carea' id='block_1_96' title="bbox 1947 3726 3537 3799">
    <p class='ocr_par' dir='ltr' id='par_1_96' title="bbox 1947 3726 3537 3799">
     <span class='ocr_line' id='line_1_96' title="bbox 1947 3726 3537 3799; baseline 0.004 -17"><span class='ocrx_word' id='word_1_696' title='bbox 1947 3726 2028 3782; x_wconf 92' lang='lat' dir='ltr'><strong>eis</strong></span> <span class='ocrx_word' id='word_1_697' title='bbox 2056 3727 2258 3782; x_wconf 91' lang='lat' dir='ltr'><strong>dictum</strong></span> <span class='ocrx_word' id='word_1_698' title='bbox 2289 3735 2391 3793; x_wconf 90' lang='lat' dir='ltr'><strong>est,</strong></span> <span class='ocrx_word' id='word_1_699' title='bbox 2415 3728 2540 3799; x_wconf 91' lang='lat' dir='ltr'><strong>quia</strong></span> <span class='ocrx_word' id='word_1_700' title='bbox 2569 3729 2670 3783; x_wconf 86' lang='lat' dir='ltr'><strong>etsi</strong></span> <span class='ocrx_word' id='word_1_701' title='bbox 2699 3744 2810 3783; x_wconf 93' lang='lat' dir='ltr'><strong>non</strong></span> <span class='ocrx_word' id='word_1_702' title='bbox 2838 3729 3027 3799; x_wconf 91' lang='lat' dir='ltr'><strong>verba,</strong></span> <span class='ocrx_word' id='word_1_703' title='bbox 3066 3729 3350 3787; x_wconf 90' lang='lat' dir='ltr'><strong>veritatem</strong></span> <span class='ocrx_word' id='word_1_704' title='bbox 3406 3748 3537 3788; x_wconf 90' lang='lat' dir='ltr'><strong>sen-</strong></span> 
     </span>
    </p>
   </div>
   <div class='ocr_carea' id='block_1_97' title="bbox 1948 3816 2733 3886">
    <p class='ocr_par' dir='ltr' id='par_1_97' title="bbox 1948 3816 2733 3886">
     <span class='ocr_line' id='line_1_97' title="bbox 1948 3816 2733 3886; baseline 0.001 -17"><span class='ocrx_word' id='word_1_705' title='bbox 1948 3831 2042 3869; x_wconf 87' lang='lat' dir='ltr'><strong>sus</strong></span> <span class='ocrx_word' id='word_1_706' title='bbox 2073 3816 2477 3886; x_wconf 87' lang='lat' dir='ltr'><strong>quodammodo</strong></span> <span class='ocrx_word' id='word_1_707' title='bbox 2506 3824 2733 3886; x_wconf 90' lang='lat' dir='ltr'><strong>ponunt.</strong></span> 
     </span>
    </p>
   </div>
   <div class='ocr_carea' id='block_1_98' title="bbox 2826 3270 3538 3341">
    <p class='ocr_par' dir='ltr' id='par_1_98' title="bbox 2826 3270 3538 3341">
     <span class='ocr_line' id='line_1_98' title="bbox 2826 3270 3538 3341; baseline 0.004 -16"><span class='ocrx_word' id='word_1_708' title='bbox 2826 3270 2986 3326; x_wconf 90' lang='lat' dir='ltr'><strong>nobis</strong></span> <span class='ocrx_word' id='word_1_709' title='bbox 3060 3270 3132 3326; x_wconf 88' lang='lat' dir='ltr'><strong>ad</strong></span> <span class='ocrx_word' id='word_1_710' title='bbox 3205 3270 3538 3341; x_wconf 88' lang='lat' dir='ltr'><strong>adjutorium</strong></span> 
     </span>
    </p>
   </div>
   <div class='ocr_carea' id='block_1_99' title="bbox 2013 3921 3537 3994">
    <p class='ocr_par' dir='ltr' id='par_1_99' title="bbox 2013 3921 3537 3994">
     <span class='ocr_line' id='line_1_99' title="bbox 2013 3921 3537 3994; baseline 0.003 -19"><span class='ocrx_word' id='word_1_711' title='bbox 2013 3921 2184 3976; x_wconf 73' lang='lat' dir='ltr'><strong>Vens.</strong></span> <span class='ocrx_word' id='word_1_712' title='bbox 2210 3922 2263 3974; x_wconf 84' lang='lat' dir='ltr'><strong>&quot;l.</strong></span> <span class='ocrx_word' id='word_1_713' title='bbox 2285 3951 2355 3961; x_wconf 92' lang='lat'><strong><em>—</em></strong></span> <span class='ocrx_word' id='word_1_714' title='bbox 2378 3922 2538 3978; x_wconf 82' lang='lat' dir='ltr'><strong>Clam</strong></span> <span class='ocrx_word' id='word_1_715' title='bbox 2553 3923 2763 3978; x_wconf 84' lang='lat' dir='ltr'><strong>vocatis</strong></span> <span class='ocrx_word' id='word_1_716' title='bbox 2787 3922 2976 3994; x_wconf 83' lang='lat' dir='ltr'><strong>Magis.</strong></span> <span class='ocrx_word' id='word_1_717' title='bbox 2999 3922 3243 3979; x_wconf 81' lang='lat' dir='ltr'><strong>Remotis</strong></span> <span class='ocrx_word' id='word_1_718' title='bbox 3273 3923 3537 3980; x_wconf 89' lang='lat' dir='ltr'><strong>sacerdo-</strong></span> 
     </span>
    </p>
   </div>
   <div class='ocr_carea' id='block_1_100' title="bbox 1948 4008 3542 4084">
    <p class='ocr_par' dir='ltr' id='par_1_100' title="bbox 1948 4008 3542 4084">
     <span class='ocr_line' id='line_1_100' title="bbox 1948 4008 3542 4084; baseline 0.004 -21"><span class='ocrx_word' id='word_1_719' title='bbox 1948 4008 2092 4063; x_wconf 90' lang='lat' dir='ltr'><strong>tibus</strong></span> <span class='ocrx_word' id='word_1_720' title='bbox 2124 4016 2177 4065; x_wconf 91' lang='lat' dir='ltr'><strong>et</strong></span> <span class='ocrx_word' id='word_1_721' title='bbox 2226 4009 2459 4075; x_wconf 87' lang='lat' dir='ltr'><strong>scribis;</strong></span> <span class='ocrx_word' id='word_1_722' title='bbox 2486 4009 2710 4065; x_wconf 89' lang='lat' dir='ltr'><strong>timebat</strong></span> <span class='ocrx_word' id='word_1_723' title='bbox 2758 4010 2900 4066; x_wconf 92' lang='lat' dir='ltr'><strong>enim</strong></span> <span class='ocrx_word' id='word_1_724' title='bbox 2930 4027 3001 4066; x_wconf 92' lang='lat' dir='ltr'><strong>ne</strong></span> <span class='ocrx_word' id='word_1_725' title='bbox 3047 4011 3222 4067; x_wconf 71' lang='lat' dir='ltr'><strong>Judaei</strong></span> <span class='ocrx_word' id='word_1_726' title='bbox 3269 4012 3426 4084; x_wconf 90' lang='lat' dir='ltr'><strong>quasi</strong></span> <span class='ocrx_word' id='word_1_727' title='bbox 3474 4029 3542 4069; x_wconf 87' lang='lat' dir='ltr'><strong>ex</strong></span> 
     </span>
    </p>
   </div>
   <div class='ocr_carea' id='block_1_101' title="bbox 1947 4097 3540 4169">
    <p class='ocr_par' dir='ltr' id='par_1_101' title="bbox 1947 4097 3540 4169">
     <span class='ocr_line' id='line_1_101' title="bbox 1947 4097 3540 4169; baseline 0.004 -18"><span class='ocrx_word' id='word_1_728' title='bbox 1947 4097 2047 4152; x_wconf 91' lang='lat' dir='ltr'><strong>Dei</strong></span> <span class='ocrx_word' id='word_1_729' title='bbox 2075 4098 2300 4153; x_wconf 91' lang='lat' dir='ltr'><strong>oraculo</strong></span> <span class='ocrx_word' id='word_1_730' title='bbox 2329 4097 2660 4168; x_wconf 90' lang='lat' dir='ltr'><strong>promissum</strong></span> <span class='ocrx_word' id='word_1_731' title='bbox 2696 4099 3053 4169; x_wconf 90' lang='lat' dir='ltr'><strong>occultarent,</strong></span> <span class='ocrx_word' id='word_1_732' title='bbox 3077 4100 3124 4155; x_wconf 93' lang='lat' dir='ltr'><strong>si</strong></span> <span class='ocrx_word' id='word_1_733' title='bbox 3154 4116 3212 4156; x_wconf 89' lang='lat' dir='ltr'><strong>se</strong></span> <span class='ocrx_word' id='word_1_734' title='bbox 3242 4101 3385 4157; x_wconf 91' lang='lat' dir='ltr'><strong>velle</strong></span> <span class='ocrx_word' id='word_1_735' title='bbox 3413 4116 3540 4158; x_wconf 85' lang='lat' dir='ltr'><strong>eum</strong></span> 
     </span>
    </p>
   </div>
   <div class='ocr_carea' id='block_1_102' title="bbox 1946 4186 3533 4260">
    <p class='ocr_par' dir='ltr' id='par_1_102' title="bbox 1946 4186 3533 4260">
     <span class='ocr_line' id='line_1_102' title="bbox 1946 4186 3533 4260; baseline 0.003 -19"><span class='ocrx_word' id='word_1_736' title='bbox 1946 4186 2218 4257; x_wconf 87' lang='lat' dir='ltr'><strong>perimere</strong></span> <span class='ocrx_word' id='word_1_737' title='bbox 2249 4187 2531 4242; x_wconf 89' lang='lat' dir='ltr'><strong>sentirent.</strong></span> <span class='ocrx_word' id='word_1_738' title='bbox 2557 4187 2688 4243; x_wconf 90' lang='lat' dir='ltr'><strong>Ideo</strong></span> <span class='ocrx_word' id='word_1_739' title='bbox 2718 4188 2879 4243; x_wconf 90' lang='lat' dir='ltr'><strong>etiam</strong></span> <span class='ocrx_word' id='word_1_740' title='bbox 2909 4189 3161 4260; x_wconf 90' lang='lat' dir='ltr'><strong>promisit</strong></span> <span class='ocrx_word' id='word_1_741' title='bbox 3190 4207 3250 4246; x_wconf 92' lang='lat' dir='ltr'><strong>se</strong></span> <span class='ocrx_word' id='word_1_742' title='bbox 3280 4190 3533 4260; x_wconf 86' lang='lat' dir='ltr'><strong>adorare,</strong></span> 
     </span>
    </p>
   </div>
   <div class='ocr_carea' id='block_1_103' title="bbox 1947 4275 3532 4351">
    <p class='ocr_par' dir='ltr' id='par_1_103' title="bbox 1947 4275 3532 4351">
     <span class='ocr_line' id='line_1_103' title="bbox 1947 4275 3532 4351; baseline 0.003 -23"><span class='ocrx_word' id='word_1_743' title='bbox 1947 4290 2017 4329; x_wconf 92' lang='lat' dir='ltr'><strong>ne</strong></span> <span class='ocrx_word' id='word_1_744' title='bbox 2047 4275 2168 4345; x_wconf 89' lang='lat' dir='ltr'><strong>quis</strong></span> <span class='ocrx_word' id='word_1_745' title='bbox 2197 4275 2423 4330; x_wconf 87' lang='lat' dir='ltr'><strong>sentiret</strong></span> <span class='ocrx_word' id='word_1_746' title='bbox 2451 4275 2636 4330; x_wconf 91' lang='lat' dir='ltr'><strong>dolum</strong></span> <span class='ocrx_word' id='word_1_747' title='bbox 2667 4277 2784 4345; x_wconf 88' lang='lat' dir='ltr'><strong>ejus</strong></span> <span class='ocrx_word' id='word_1_748' title='bbox 2809 4294 2822 4331; x_wconf 91' lang='lat'>:</span> <span class='ocrx_word' id='word_1_749' title='bbox 2848 4277 2947 4333; x_wconf 91' lang='lat' dir='ltr'><strong>sed</strong></span> <span class='ocrx_word' id='word_1_750' title='bbox 2975 4278 3093 4334; x_wconf 91' lang='lat' dir='ltr'><strong>sine</strong></span> <span class='ocrx_word' id='word_1_751' title='bbox 3123 4277 3433 4351; x_wconf 88' lang='lat' dir='ltr'><strong>suspicione</strong></span> <span class='ocrx_word' id='word_1_752' title='bbox 3460 4279 3532 4334; x_wconf 86' lang='lat' dir='ltr'><strong>ob</strong></span> 
     </span>
    </p>
   </div>
   <div class='ocr_carea' id='block_1_104' title="bbox 1946 4363 2922 4436">
    <p class='ocr_par' dir='ltr' id='par_1_104' title="bbox 1946 4363 2922 4436">
     <span class='ocr_line' id='line_1_104' title="bbox 1946 4363 2922 4436; baseline 0.003 -19"><span class='ocrx_word' id='word_1_753' title='bbox 1946 4363 2183 4436; x_wconf 88' lang='lat' dir='ltr'><strong>gratiam</strong></span> <span class='ocrx_word' id='word_1_754' title='bbox 2212 4363 2416 4419; x_wconf 91' lang='lat' dir='ltr'><strong>favoris</strong></span> <span class='ocrx_word' id='word_1_755' title='bbox 2447 4364 2497 4419; x_wconf 93' lang='lat' dir='ltr'><strong>ei</strong></span> <span class='ocrx_word' id='word_1_756' title='bbox 2526 4364 2922 4421; x_wconf 90' lang='lat' dir='ltr'><strong>renuntiarent.</strong></span> 
     </span>
    </p>
   </div>
   <div class='ocr_carea' id='block_1_105' title="bbox 2018 4468 3537 4543">
    <p class='ocr_par' dir='ltr' id='par_1_105' title="bbox 2018 4468 3537 4543">
     <span class='ocr_line' id='line_1_105' title="bbox 2018 4468 3537 4543; baseline 0.003 -20"><span class='ocrx_word' id='word_1_757' title='bbox 2018 4468 2187 4524; x_wconf 75' lang='lat' dir='ltr'><strong>Vsus.</strong></span> <span class='ocrx_word' id='word_1_758' title='bbox 2209 4469 2573 4526; x_wconf 88' lang='lat' dir='ltr'><strong>8.—Adorem</strong></span> <span class='ocrx_word' id='word_1_759' title='bbox 2602 4487 2751 4527; x_wconf 90' lang='lat' dir='ltr'><strong>eum.</strong></span> <span class='ocrx_word' id='word_1_760' title='bbox 2777 4470 3023 4526; x_wconf 90' lang='lat' dir='ltr'><strong>Herodes</strong></span> <span class='ocrx_word' id='word_1_761' title='bbox 3038 4471 3383 4528; x_wconf 90' lang='lat' dir='ltr'><strong>devotionem</strong></span> <span class='ocrx_word' id='word_1_762' title='bbox 3412 4486 3537 4543; x_wconf 84' lang='lat' dir='ltr'><strong>pro-</strong></span> 
     </span>
    </p>
   </div>
   <div class='ocr_carea' id='block_1_106' title="bbox 1865 4545 3536 4631">
    <p class='ocr_par' dir='ltr' id='par_1_106' title="bbox 1865 4545 3536 4631">
     <span class='ocr_line' id='line_1_106' title="bbox 1865 4545 3536 4631; baseline 0.006 -26"><span class='ocrx_word' id='word_1_763' title='bbox 1865 4545 1919 4605; x_wconf 93' lang='lat' dir='ltr'><strong>D</strong></span> <span class='ocrx_word' id='word_1_764' title='bbox 1950 4556 2130 4623; x_wconf 90' lang='lat' dir='ltr'><strong>mittit,</strong></span> <span class='ocrx_word' id='word_1_765' title='bbox 2156 4558 2253 4613; x_wconf 90' lang='lat' dir='ltr'><strong>sed</strong></span> <span class='ocrx_word' id='word_1_766' title='bbox 2300 4558 2541 4631; x_wconf 87' lang='lat' dir='ltr'><strong>gladium</strong></span> <span class='ocrx_word' id='word_1_767' title='bbox 2591 4560 2735 4616; x_wconf 91' lang='lat' dir='ltr'><strong>acuit</strong></span> <span class='ocrx_word' id='word_1_768' title='bbox 2759 4577 2772 4613; x_wconf 92' lang='lat'>:</span> <span class='ocrx_word' id='word_1_769' title='bbox 2796 4559 3060 4615; x_wconf 89' lang='lat' dir='ltr'><strong>malitiam</strong></span> <span class='ocrx_word' id='word_1_770' title='bbox 3107 4560 3290 4616; x_wconf 89' lang='lat' dir='ltr'><strong>cordis</strong></span> <span class='ocrx_word' id='word_1_771' title='bbox 3336 4560 3536 4631; x_wconf 91' lang='lat' dir='ltr'><strong>depin-</strong></span> 
     </span>
    </p>
   </div>
   <div class='ocr_carea' id='block_1_107' title="bbox 1947 4646 3537 4719">
    <p class='ocr_par' dir='ltr' id='par_1_107' title="bbox 1947 4646 3537 4719">
     <span class='ocr_line' id='line_1_107' title="bbox 1947 4646 3537 4719; baseline 0.003 -19"><span class='ocrx_word' id='word_1_772' title='bbox 1947 4662 2086 4719; x_wconf 89' lang='lat' dir='ltr'><strong>gens</strong></span> <span class='ocrx_word' id='word_1_773' title='bbox 2116 4646 2300 4701; x_wconf 91' lang='lat' dir='ltr'><strong>colore</strong></span> <span class='ocrx_word' id='word_1_774' title='bbox 2332 4647 2668 4703; x_wconf 89' lang='lat' dir='ltr'><strong>humilitatis.</strong></span> <span class='ocrx_word' id='word_1_775' title='bbox 2716 4648 2892 4702; x_wconf 87' lang='lat' dir='ltr'><strong>Finxit</strong></span> <span class='ocrx_word' id='word_1_776' title='bbox 2941 4665 3001 4703; x_wconf 92' lang='lat' dir='ltr'><strong>se</strong></span> <span class='ocrx_word' id='word_1_777' title='bbox 3048 4649 3200 4705; x_wconf 91' lang='lat' dir='ltr'><strong>vultu</strong></span> <span class='ocrx_word' id='word_1_778' title='bbox 3247 4656 3303 4705; x_wconf 91' lang='lat' dir='ltr'><strong>et</strong></span> <span class='ocrx_word' id='word_1_779' title='bbox 3350 4648 3537 4705; x_wconf 90' lang='lat' dir='ltr'><strong>verbis</strong></span> 
     </span>
    </p>
   </div>
   <div class='ocr_carea' id='block_1_108' title="bbox 1946 4734 3532 4810">
    <p class='ocr_par' dir='ltr' id='par_1_108' title="bbox 1946 4734 3532 4810">
     <span class='ocr_line' id='line_1_108' title="bbox 1946 4734 3532 4810; baseline 0.003 -22"><span class='ocrx_word' id='word_1_780' title='bbox 1946 4734 2180 4789; x_wconf 89' lang='lat' dir='ltr'><strong>adorare</strong></span> <span class='ocrx_word' id='word_1_781' title='bbox 2210 4751 2353 4803; x_wconf 93' lang='lat' dir='ltr'><strong>eum,</strong></span> <span class='ocrx_word' id='word_1_782' title='bbox 2378 4735 2735 4807; x_wconf 82' lang='lat' dir='ltr'><strong>queminvida</strong></span> <span class='ocrx_word' id='word_1_783' title='bbox 2762 4743 2944 4790; x_wconf 92' lang='lat' dir='ltr'><strong>mente</strong></span> <span class='ocrx_word' id='word_1_784' title='bbox 2961 4736 3238 4810; x_wconf 88' lang='lat' dir='ltr'><strong>cogitabat</strong></span> <span class='ocrx_word' id='word_1_785' title='bbox 3258 4737 3532 4795; x_wconf 90' lang='lat' dir='ltr'><strong>occidere.</strong></span> 
     </span>
    </p>
   </div>
   <div class='ocr_carea' id='block_1_109' title="bbox 1947 4822 3534 4898">
    <p class='ocr_par' dir='ltr' id='par_1_109' title="bbox 1947 4822 3534 4898">
     <span class='ocr_line' id='line_1_109' title="bbox 1947 4822 3534 4898; baseline 0.003 -21"><span class='ocrx_word' id='word_1_786' title='bbox 1947 4822 2112 4892; x_wconf 91' lang='lat' dir='ltr'><strong>Cujus</strong></span> <span class='ocrx_word' id='word_1_787' title='bbox 2142 4838 2436 4893; x_wconf 88' lang='lat' dir='ltr'><strong>personam</strong></span> <span class='ocrx_word' id='word_1_788' title='bbox 2480 4831 2875 4893; x_wconf 74' lang='lat' dir='ltr'><strong>repraesentant</strong></span> <span class='ocrx_word' id='word_1_789' title='bbox 2922 4825 3239 4896; x_wconf 64' lang='lat' dir='ltr'><strong>hypocriten,</strong></span> <span class='ocrx_word' id='word_1_790' title='bbox 3268 4826 3362 4898; x_wconf 92' lang='lat' dir='ltr'><strong>qui</strong></span> <span class='ocrx_word' id='word_1_791' title='bbox 3407 4824 3534 4883; x_wconf 87' lang='lat' dir='ltr'><strong>ﬁcte</strong></span> 
     </span>
    </p>
   </div>
   <div class='ocr_carea' id='block_1_110' title="bbox 1945 4911 3316 4982">
    <p class='ocr_par' dir='ltr' id='par_1_110' title="bbox 1945 4911 3316 4982">
     <span class='ocr_line' id='line_1_110' title="bbox 1945 4911 3316 4982; baseline 0.002 -16"><span class='ocrx_word' id='word_1_792' title='bbox 1945 4911 2119 4966; x_wconf 91' lang='lat' dir='ltr'><strong>Deum</strong></span> <span class='ocrx_word' id='word_1_793' title='bbox 2151 4918 2419 4982; x_wconf 68' lang='lat' dir='ltr'><strong>quaerunt,</strong></span> <span class='ocrx_word' id='word_1_794' title='bbox 2444 4925 2721 4982; x_wconf 87' lang='lat' dir='ltr'><strong>nunquam</strong></span> <span class='ocrx_word' id='word_1_795' title='bbox 2749 4920 3031 4967; x_wconf 90' lang='lat' dir='ltr'><strong>merentur</strong></span> <span class='ocrx_word' id='word_1_796' title='bbox 3049 4912 3316 4969; x_wconf 91' lang='lat' dir='ltr'><strong>invenire.</strong></span> 
     </span>
    </p>
   </div>
   <div class='ocr_carea' id='block_1_111' title="bbox 2014 5018 3533 5094">
    <p class='ocr_par' dir='ltr' id='par_1_111' title="bbox 2014 5018 3533 5094">
     <span class='ocr_line' id='line_1_111' title="bbox 2014 5018 3533 5094; baseline 0.002 -21"><span class='ocrx_word' id='word_1_797' title='bbox 2014 5018 2186 5073; x_wconf 76' lang='lat' dir='ltr'><strong>Vsus.</strong></span> <span class='ocrx_word' id='word_1_798' title='bbox 2201 5021 2253 5072; x_wconf 88' lang='lat'><strong>9.</strong></span> <span class='ocrx_word' id='word_1_799' title='bbox 2273 5047 2343 5057; x_wconf 92' lang='lat'>—</span> <span class='ocrx_word' id='word_1_800' title='bbox 2362 5018 2434 5071; x_wconf 87' lang='lat' dir='ltr'><strong>Et</strong></span> <span class='ocrx_word' id='word_1_801' title='bbox 2460 5032 2584 5073; x_wconf 85' lang='lat' dir='ltr'><strong>ecce</strong></span> <span class='ocrx_word' id='word_1_802' title='bbox 2603 5018 2772 5073; x_wconf 84' lang='lat' dir='ltr'><strong>stella</strong></span> <span class='ocrx_word' id='word_1_803' title='bbox 2802 5035 2971 5090; x_wconf 88' lang='lat' dir='ltr'><strong>quam</strong></span> <span class='ocrx_word' id='word_1_804' title='bbox 2988 5019 3268 5076; x_wconf 86' lang='lat' dir='ltr'><strong>viderant.</strong></span> <span class='ocrx_word' id='word_1_805' title='bbox 3288 5019 3533 5094; x_wconf 88' lang='lat' dir='ltr'><strong>Ingressi</strong></span> 
     </span>
    </p>
   </div>
   <div class='ocr_carea' id='block_1_112' title="bbox 1942 5104 3532 5181">
    <p class='ocr_par' dir='ltr' id='par_1_112' title="bbox 1942 5104 3532 5181">
     <span class='ocr_line' id='line_1_112' title="bbox 1942 5104 3532 5181; baseline 0.004 -22"><span class='ocrx_word' id='word_1_806' title='bbox 1942 5105 2189 5160; x_wconf 75' lang='lat' dir='ltr'><strong>Iudaeam</strong></span> <span class='ocrx_word' id='word_1_807' title='bbox 2221 5105 2549 5161; x_wconf 91' lang='lat' dir='ltr'><strong>deseruntur</strong></span> <span class='ocrx_word' id='word_1_808' title='bbox 2594 5104 2795 5162; x_wconf 90' lang='lat' dir='ltr'><strong>indicio</strong></span> <span class='ocrx_word' id='word_1_809' title='bbox 2824 5107 3015 5176; x_wconf 51' lang='lat' dir='ltr'><strong>stellas,</strong></span> <span class='ocrx_word' id='word_1_810' title='bbox 3040 5116 3098 5163; x_wconf 91' lang='lat' dir='ltr'><strong>ut</strong></span> <span class='ocrx_word' id='word_1_811' title='bbox 3145 5117 3417 5181; x_wconf 89' lang='lat' dir='ltr'><strong>cogantur</strong></span> <span class='ocrx_word' id='word_1_812' title='bbox 3463 5124 3532 5165; x_wconf 84' lang='lat' dir='ltr'><strong>ex</strong></span> 
     </span>
    </p>
   </div>
   <div class='ocr_carea' id='block_1_113' title="bbox 1942 5192 3536 5270">
    <p class='ocr_par' dir='ltr' id='par_1_113' title="bbox 1942 5192 3536 5270">
     <span class='ocr_line' id='line_1_113' title="bbox 1942 5192 3536 5270; baseline 0.004 -23"><span class='ocrx_word' id='word_1_813' title='bbox 1942 5192 2068 5266; x_wconf 87' lang='lat' dir='ltr'><strong>lege</strong></span> <span class='ocrx_word' id='word_1_814' title='bbox 2097 5192 2393 5265; x_wconf 90' lang='lat' dir='ltr'><strong>inquirere.</strong></span> <span class='ocrx_word' id='word_1_815' title='bbox 2437 5194 2538 5249; x_wconf 91' lang='lat' dir='ltr'><strong>Vel</strong></span> <span class='ocrx_word' id='word_1_816' title='bbox 2582 5193 2767 5250; x_wconf 89' lang='lat' dir='ltr'><strong>divino</strong></span> <span class='ocrx_word' id='word_1_817' title='bbox 2815 5196 3145 5251; x_wconf 91' lang='lat' dir='ltr'><strong>deseruntur</strong></span> <span class='ocrx_word' id='word_1_818' title='bbox 3188 5197 3392 5253; x_wconf 88' lang='lat' dir='ltr'><strong>auxilio</strong></span> <span class='ocrx_word' id='word_1_819' title='bbox 3438 5197 3536 5270; x_wconf 88' lang='lat' dir='ltr'><strong>qui</strong></span> 
     </span>
    </p>
   </div>
   <div class='ocr_carea' id='block_1_114' title="bbox 1945 5282 3533 5358">
    <p class='ocr_par' dir='ltr' id='par_1_114' title="bbox 1945 5282 3533 5358">
     <span class='ocr_line' id='line_1_114' title="bbox 1945 5282 3533 5358; baseline 0.005 -23"><span class='ocrx_word' id='word_1_820' title='bbox 1945 5288 2194 5353; x_wconf 81' lang='lat' dir='ltr'><strong>quaerunt</strong></span> <span class='ocrx_word' id='word_1_821' title='bbox 2220 5282 2538 5337; x_wconf 86' lang='lat' dir='ltr'><strong>humanum.</strong></span> <span class='ocrx_word' id='word_1_822' title='bbox 2560 5282 2677 5339; x_wconf 88' lang='lat' dir='ltr'><strong>Nec</strong></span> <span class='ocrx_word' id='word_1_823' title='bbox 2704 5284 2937 5340; x_wconf 90' lang='lat' dir='ltr'><strong>decebat</strong></span> <span class='ocrx_word' id='word_1_824' title='bbox 2965 5284 3182 5358; x_wconf 89' lang='lat' dir='ltr'><strong>signum</strong></span> <span class='ocrx_word' id='word_1_825' title='bbox 3220 5284 3533 5343; x_wconf 81' lang='lat' dir='ltr'><strong>inﬁdelibus</strong></span> 
     </span>
    </p>
   </div>
   <div class='ocr_carea' id='block_1_115' title="bbox 1942 5370 3528 5445">
    <p class='ocr_par' dir='ltr' id='par_1_115' title="bbox 1942 5370 3528 5445">
     <span class='ocr_line' id='line_1_115' title="bbox 1942 5370 3528 5445; baseline 0.004 -21"><span class='ocrx_word' id='word_1_826' title='bbox 1942 5370 2130 5425; x_wconf 89' lang='lat' dir='ltr'><strong>datum</strong></span> <span class='ocrx_word' id='word_1_827' title='bbox 2159 5385 2428 5441; x_wconf 88' lang='lat' dir='ltr'><strong>apparere</strong></span> <span class='ocrx_word' id='word_1_828' title='bbox 2477 5370 2790 5427; x_wconf 89' lang='lat' dir='ltr'><strong>domesticis</strong></span> <span class='ocrx_word' id='word_1_829' title='bbox 2829 5372 2969 5445; x_wconf 91' lang='lat' dir='ltr'><strong>legis</strong></span> <span class='ocrx_word' id='word_1_830' title='bbox 2999 5381 3051 5428; x_wconf 93' lang='lat' dir='ltr'><strong>et</strong></span> <span class='ocrx_word' id='word_1_831' title='bbox 3096 5374 3528 5445; x_wconf 87' lang='lat' dir='ltr'><strong>prophetarum;</strong></span> 
     </span>
    </p>
   </div>
   <div class='ocr_carea' id='block_1_116' title="bbox 1944 5457 3531 5537">
    <p class='ocr_par' dir='ltr' id='par_1_116' title="bbox 1944 5457 3531 5537">
     <span class='ocr_line' id='line_1_116' title="bbox 1944 5457 3531 5537; baseline 0.004 -26"><span class='ocrx_word' id='word_1_832' title='bbox 1944 5457 2092 5529; x_wconf 91' lang='lat' dir='ltr'><strong>quia,</strong></span> <span class='ocrx_word' id='word_1_833' title='bbox 2116 5460 2167 5513; x_wconf 87' lang='lat' dir='ltr'><strong>si</strong></span> <span class='ocrx_word' id='word_1_834' title='bbox 2199 5458 2413 5529; x_wconf 82' lang='lat' dir='ltr'><strong>Moysen</strong></span> <span class='ocrx_word' id='word_1_835' title='bbox 2433 5463 2490 5515; x_wconf 85' lang='lat' dir='ltr'><strong>et</strong></span> <span class='ocrx_word' id='word_1_836' title='bbox 2502 5459 2805 5532; x_wconf 82' lang='lat' dir='ltr'><strong>prophetas</strong></span> <span class='ocrx_word' id='word_1_837' title='bbox 2834 5477 2949 5517; x_wconf 87' lang='lat' dir='ltr'><strong>non</strong></span> <span class='ocrx_word' id='word_1_838' title='bbox 2970 5461 3217 5519; x_wconf 84' lang='lat' dir='ltr'><strong>audiunt</strong></span> <span class='ocrx_word' id='word_1_839' title='bbox 3239 5482 3259 5519; x_wconf 91' lang='lat'><strong><em>:</em></strong></span> <span class='ocrx_word' id='word_1_840' title='bbox 3278 5480 3459 5537; x_wconf 86' lang='lat' dir='ltr'><strong>neque</strong></span> <span class='ocrx_word' id='word_1_841' title='bbox 3478 5465 3531 5519; x_wconf 88' lang='lat' dir='ltr'><strong>si</strong></span> 
     </span>
    </p>
   </div>
   <div class='ocr_carea' id='block_1_117' title="bbox 1942 5547 3530 5618">
    <p class='ocr_par' dir='ltr' id='par_1_117' title="bbox 1942 5547 3530 5618">
     <span class='ocr_line' id='line_1_117' title="bbox 1942 5547 3530 5618; baseline 0 -16"><span class='ocrx_word' id='word_1_842' title='bbox 1942 5548 2067 5618; x_wconf 86' lang='lat' dir='ltr'><strong>quis</strong></span> <span class='ocrx_word' id='word_1_843' title='bbox 2087 5562 2162 5601; x_wconf 78' lang='lat' dir='ltr'><strong>ea:</strong></span> <span class='ocrx_word' id='word_1_844' title='bbox 2182 5548 2440 5613; x_wconf 86' lang='lat' dir='ltr'><strong>mortuis,</strong></span> <span class='ocrx_word' id='word_1_845' title='bbox 2467 5555 2569 5603; x_wconf 90' lang='lat' dir='ltr'><strong>etc.</strong></span> <span class='ocrx_word' id='word_1_846' title='bbox 2594 5548 2719 5603; x_wconf 93' lang='lat' dir='ltr'><strong>Non</strong></span> <span class='ocrx_word' id='word_1_847' title='bbox 2748 5548 2919 5603; x_wconf 91' lang='lat' dir='ltr'><strong>tenuit</strong></span> <span class='ocrx_word' id='word_1_848' title='bbox 2946 5550 3211 5606; x_wconf 71' lang='lat' dir='ltr'><strong>aethereas</strong></span> <span class='ocrx_word' id='word_1_849' title='bbox 3250 5550 3369 5608; x_wconf 89' lang='lat' dir='ltr'><strong>vias</strong></span> <span class='ocrx_word' id='word_1_850' title='bbox 3392 5547 3530 5605; x_wconf 77' lang='lat' dir='ltr'><strong>:sed</strong></span> 
     </span>
    </p>
   </div>
   <div class='ocr_carea' id='block_1_118' title="bbox 1940 5633 3529 5702">
    <p class='ocr_par' dir='ltr' id='par_1_118' title="bbox 1940 5633 3529 5702">
     <span class='ocr_line' id='line_1_118' title="bbox 1940 5633 3529 5702; baseline 0.003 -15"><span class='ocrx_word' id='word_1_851' title='bbox 1940 5634 2171 5689; x_wconf 90' lang='lat' dir='ltr'><strong>multum</strong></span> <span class='ocrx_word' id='word_1_852' title='bbox 2196 5634 2383 5691; x_wconf 89' lang='lat' dir='ltr'><strong>domui</strong></span> <span class='ocrx_word' id='word_1_853' title='bbox 2410 5633 2609 5702; x_wconf 85' lang='lat' dir='ltr'><strong>vicina,</strong></span> <span class='ocrx_word' id='word_1_854' title='bbox 2652 5635 2813 5693; x_wconf 87' lang='lat' dir='ltr'><strong>aliter</strong></span> <span class='ocrx_word' id='word_1_855' title='bbox 2840 5652 2951 5693; x_wconf 92' lang='lat' dir='ltr'><strong>non</strong></span> <span class='ocrx_word' id='word_1_856' title='bbox 2997 5638 3378 5696; x_wconf 89' lang='lat' dir='ltr'><strong>discernerent</strong></span> <span class='ocrx_word' id='word_1_857' title='bbox 3421 5636 3529 5692; x_wconf 88' lang='lat' dir='ltr'><strong>do-</strong></span> 
     </span>
    </p>
   </div>
   <div class='ocr_carea' id='block_1_119' title="bbox 1940 5738 2110 5779">
    <p class='ocr_par' dir='ltr' id='par_1_119' title="bbox 1940 5738 2110 5779">
     <span class='ocr_line' id='line_1_119' title="bbox 1940 5738 2110 5779; baseline 0.006 -1"><span class='ocrx_word' id='word_1_858' title='bbox 1940 5738 2110 5779; x_wconf 90' lang='lat' dir='ltr'><strong>mum.</strong></span> 
     </span>
    </p>
   </div>
   <div class='ocr_carea' id='block_1_120' title="bbox 3213 5837 3247 5889">
    <p class='ocr_par' dir='ltr' id='par_1_120' title="bbox 3213 5837 3247 5889">
     <span class='ocr_line' id='line_1_120' title="bbox 3213 5837 3247 5889; baseline 0 0"><span class='ocrx_word' id='word_1_859' title='bbox 3213 5837 3247 5889; x_wconf 83' lang='lat'><strong>3</strong></span> 
     </span>
    </p>
   </div>
  </div>
