4000 6182
492 336 561 390 ’75
1073 339 1476 395 WALAFRIDI
1515 339 1758 395 STRABI
1795 339 1992 395 FULD.
2034 336 2208 393 MON.
2249 338 2400 395 OPP.
2443 339 2617 395 PARS
2654 340 2695 395 Ι.
2737 370 2807 380 -
2843 338 3313 395 THEOLOGICA.
3714 340 3784 396 '76

554 458 851 514 Moraliter.
873 460 1042 516 Stella
1073 470 1155 516 est
1199 462 1343 517 bona
1391 462 1694 517 exhortatio
1741 462 1948 516 ducens
1994 460 2065 516 ad
2094 459 2150 520 A
2169 462 2382 517 occulte
2403 479 2502 532 per
2533 462 2715 535 fugam
2743 464 2811 517 ad
2834 463 3209 518 illustrandam
3226 463 3521 534 Egyptum
3540 461 3780 517 descen-

487 547 784 601 Christum.
807 549 905 603 Vel
926 549 1105 619 potius
1127 549 1265 605 ﬁdes
1296 566 1419 621 qua;
1449 558 1532 604 est
1562 550 1759 603 mentis
1804 549 2084 607 illumina-
2185 549 2285 615 dit,
2312 549 2501 605 relicta
2534 559 2692 606 nocte
2720 551 2940 605 Judmis.

489 633 691 727 ιίονρθῗ
710 650 874 706 quam
901 637 1216 727 ίηςνέάίθηε
1233 638 1674 727 011155”inth
1691 637 1783 727 (113i
1812 645 1895 692 εει
1926 640 2085 696 Stella
2253 656 2425 711 Nocte
2457 656 2575 709 tulit
2605 655 2660 709 in
2678 657 2988 727 Egyptum,
3014 654 3139 726 quia
3169 662 3331 710 nocte
3357 654 3682 726 ignorantiae
3699 654 3786 709 his

488 723 793 779 matutina:
827 732 881 780 et
901 741 967 780 eo
1001 726 1118 781 viso
1148 726 1354 800 gaudet
1373 726 1576 799 gaudio
1607 734 1661 780 et
1690 726 1925 781 adorare
1972 742 2052 782 n01

2181 757 2213 796 a
2255 744 2451 813 quibus
2500 744 2616 814 ipse
2665 723 2893 799 recessit
2941 723 3161 813 reliquit
3206 723 3523 798 incredulis.
3549 741 3780 811 Quando

489 808 709 865 desinit.

557 916 727 973 Vens.
755 919 841 972 lo.
865 948 934 957 —
953 918 1137 974 Gavisi
1158 922 1297 973 sunt
1323 918 1527 990 gaudio
1556 935 1779 989 magno,
1805 925 1910 973 etc.
1932 917 2079 974 Gau-

484 1003 574 1059 dio
605 1006 827 1076 gaudet,
848 1006 939 1075 qui
970 1014 1198 1076 propter
1227 1008 1400 1061 Deum
1424 1006 1540 1077 (qui
1572 1022 1763 1061 verum
1815 1008 2078 1079 gaudium

482 1092 1008 1164 est)gaudet.Addit
1055 1101 1109 1148 et
1155 1110 1358 1166 magno
1407 1110 1514 1166 quo
1564 1094 1700 1148 nihil
1747 1101 1829 1148 est
1877 1096 2073 1164 majus.

481 1181 550 1235 Et
580 1180 738 1235 valde
769 1181 962 1253 gavisi,
999 1181 1125 1252 quia
1154 1182 1223 1237 de
1267 1198 1469 1254 magno
1500 1190 1680 1253 potest
1736 1182 1875 1237 alius
1929 1183 2072 1255 plus,

484 1268 623 1323 alius
652 1269 830 1322 minus
860 1269 1123 1341 gaudere.

553 1374 722 1428 Vnus.
751 1377 835 1427 ll.
856 1404 926 1413 —
945 1376 1014 1428 Et
1031 1376 1319 1429 intrantes
1350 1374 1595 1441 domum,
1641 1382 1746 1431 etc.
1772 1376 1907 1430 Tres
1928 1376 2074 1449 Magi

481 1477 591 1515 uno
650 1461 862 1515 itinere.
900 1463 1073 1515 Deum
1104 1461 1327 1516 veniunt
1384 1463 1807 1533 adorarezquia
1852 1463 1909 1517 in
1964 1480 2073 1519 uno

481 1549 697 1604 Christo
729 1548 844 1619 (qui
874 1556 957 1603 est
986 1549 1098 1617 via)
1129 1549 1512 1620 inseparabilis
1569 1550 1804 1605 Trinitas
1864 1552 1935 1606 ab
1993 1552 2073 1607 eis

479 1644 599 1691 erat
629 1637 929 1692 adoranda.
988 1640 1238 1693 Puerum
1298 1655 1427 1693 cum
1477 1639 1653 1694 Maria
1708 1644 1892 1694 matre
1926 1642 2066 1711 ejus,

487 1732 592 1780 etc.
619 1726 774 1795 Saepe
794 1742 932 1796 puer
951 1725 1281 1792 nominatur,
1298 1733 1355 1779 ut
1386 1743 1510 1780 eum
1532 1734 1856 1799 agnoscant,
1876 1727 1945 1782 de
1964 1744 2071 1799 quo

477 1813 683 1869 dictum
714 1821 796 1869 est
821 1832 833 1869 :
866 1816 1016 1869 Puer
1043 1819 1217 1870 natus
1246 1819 1330 1869 est
1360 1815 1537 1871 nobis.

547 1936 658 1990 Cur
678 1952 786 1991 non
806 1945 858 1992 et
873 1937 1076 2007 Joseph
1098 1952 1223 1993 cum
1244 1937 1414 1991 Maria
1436 1937 1686 1992 inventus
1708 1945 1791 1993 est
1810 1954 1843 1992 a
1866 1938 2070 2011 Magis?

473 2023 557 2079 Ne
578 2024 761 2096 aliqua
782 2025 907 2079 inde
930 2025 1087 2080 malm
1103 2025 1427 2095 suspicionis
1447 2025 1668 2081 occasio
1688 2026 1916 2080 daretur
1932 2043 2072 2099 gen-

471 2112 633 2180 tibus,
659 2129 780 2184 quai
801 2112 1067 2183 primitias
1120 2128 1247 2167 suas
1279 2113 1463 2168 statim
1512 2121 1641 2168 nato
1672 2113 1961 2170 Salvatore
1996 2115 2067 2170 ad

476 2216 602 2256 eum
622 2201 964 2255 adorandum
991 2201 1278 2256 miserunt.

544 2307 932 2363 Adoraverunt
962 2323 1110 2362 eum.
1138 2307 1227 2362 Sic
1275 2304 1599 2361 conﬁtentes
1659 2308 1854 2377 Deum,
1901 2324 2064 2380 quem

473 2403 657 2451 actum
686 2410 807 2449 esse
836 2394 1113 2449 hominem
1143 2394 1470 2467 intelligunt,
1494 2395 1888 2450 etmoriturum
1919 2398 2067 2468 quod

470 2499 573 2555 per
600 2484 883 2553 myrrham
913 2483 1225 2537 ostendunt.

543 2590 614 2645 Et
660 2590 892 2662 apertis,
920 2597 1024 2645 etc.
1052 2588 1239 2643 Fidem
1268 2603 1425 2643 suam
1473 2588 1717 2659 mysticis
1747 2596 2064 2659 protestan-

470 2684 559 2732 tur
613 2676 1223 2732 muneribuszMunera
1280 2676 1485 2744 clausa,
1521 2674 1657 2730 ﬁdes
1688 2684 1772 2730 est
1841 2678 2060 2745 cordis;

472 2780 703 2820 munera
733 2771 947 2835 aperta,
981 2772 1109 2832 etc.,
1138 2780 1309 2835 usque
1337 2764 1409 2819 ad
1438 2763 1524 2818 vel
1570 2780 1671 2833 per
1718 2765 1836 2820 haec
1874 2765 1979 2819 tria
2008 2766 2062 2820 in

469 2853 665 2908 eodem
682 2852 896 2907 Christo
916 2851 1251 2919 intimantur,
1274 2851 1428 2923 regia
1448 2859 1711 2922 potestas,
1732 2852 1915 2909 divina
1937 2868 2061 2909 ma-

456 2941 655 3009 jestas,
678 2941 920 2995 humana
949 2939 1274 2994 mortalitas.

537 3063 706 3119 Vens.
730 3066 815 3119 12.
839 3093 908 3103 -
923 3064 994 3117 Et
1022 3078 1284 3135 responso
1301 3066 1547 3134 accepto.
1570 3061 1943 3133 SicutMoyses
1970 3070 2059 3119 ta-

2180 830 2342 899 redit,
2384 832 2559 887 noctis
2607 847 2717 887 non
2764 829 2824 885 ﬁt
2869 831 3091 899 mentio,
3137 830 3260 901 quia
3305 830 3361 884 in
3410 830 3517 885 ﬁne
3565 830 3776 898 mundi,

2177 918 2349 974 Judaei
2379 917 2541 975 ﬁdem
2563 926 2816 990 tanquam
2838 919 3113 974 Christum
3132 919 3200 973 ab
3222 918 3455 992 Egypto
3485 924 3777 975 reverten-

2180 1014 2289 1061 tem
2319 1007 2679 1078 suscipientes
2711 1006 3176 1062 illuminabuntur.

2246 1114 2313 1168 In
2360 1114 2677 1185 Egi/ptum,
2703 1117 2760 1168 et
2790 1117 2915 1169 erat
2944 1113 3038 1182 ibi,
3064 1119 3169 1168 etc.
3196 1110 3564 1185 Omnigenum
3595 1112 3776 1167 Deum

2176 1208 2442 1255 monstrat
2490 1200 3021 1271 venerantem:quia
3071 1200 3320 1255 Christus
3349 1199 3603 1255 aJudaais
3655 1215 3771 1255 non

2175 1297 2450 1359 receptus,
2470 1305 2571 1360 per
2599 1288 3039 1359 prmdicationem
3070 1287 3259 1343 transit
3287 1288 3354 1342 ad
3375 1295 3588 1361 gentes.
3611 1287 3774 1361 Fugit

2173 1376 2230 1430 in
2268 1378 2558 1448 ngyptum
2608 1377 2746 1432 sicut
2776 1385 2933 1431 natus
2964 1383 3047 1430 est
3075 1383 3135 1431 ut
3181 1383 3497 1446 corruptam
3547 1383 3766 1446 reparet

2173 1473 2439 1519 naturam.
2466 1465 2555 1520 Sic
2568 1464 2723 1538 fugit,
2750 1473 2808 1519 ut
2834 1464 3057 1537 fugaces
3088 1472 3390 1520 revocaret.
3418 1463 3579 1533 Quod
3608 1463 3767 1535 fugit,

2174 1552 2497 1609 sacramenti
2544 1552 2641 1607 fuit
2670 1569 2781 1607 non
2811 1553 3040 1620 timoris,
3064 1559 3124 1606 ut
3153 1552 3464 1622 exemplum
3521 1551 3768 1624 fugiendi

2172 1640 2328 1695 daret
2370 1642 2501 1695 suis.
2524 1642 2648 1695 Non
2694 1640 2833 1714 fugit
2878 1648 3113 1695 mortem
3161 1640 3254 1711 qui
3307 1640 3449 1695 mori
3497 1646 3763 1696 venerat:

2172 1744 2274 1783 nec
2303 1729 2526 1783 insidias
2557 1729 2773 1799 expavit
2819 1729 2912 1799 qui
2958 1736 3183 1784 venerat
3229 1727 3447 1799 aperire
3495 1727 3768 1784 versutias

2092 1810 2146 1868 B
2174 1817 2393 1872 diaboli.
2417 1819 2497 1873 De
2526 1818 2629 1874 hac
2658 1817 2785 1890 fuga
2814 1816 3065 1887 praedixit
3094 1815 3261 1871 Isaias
3286 1834 3299 1871 :
3331 1818 3469 1872 Ecce
3490 1817 3767 1874 Dominus

2168 1906 2432 1961 ascendet
2448 1923 2615 1977 super
2630 1906 2832 1961 nubem
2848 1906 3040 1971 levem,
3064 1905 3120 1961 id
3132 1912 3233 1972 est,
3258 1920 3482 1960 carnem
3503 1903 3621 1959 sine
3639 1919 3768 1974 pec-

2168 1994 2805 2065 cato:ingredieturque
2862 1995 3163 2065 Egyptum
3211 1992 3505 2063 (Isaaux).
3541 1992 3767 2063 Septem

2166 2089 2347 2137 autem
2375 2081 2529 2135 annis
2559 2081 2615 2135 in
2644 2082 2876 2153 zEgypto
2907 2080 3080 2135 latuit.

2236 2172 2325 2224 Ea:
2373 2171 2622 2242 AEgypto,
2674 2171 2882 2226 vocavi.
2931 2170 2993 2223 In
3032 2168 3190 2225 Osaaa
3232 2168 3384 2238 juxta
3431 2168 3763 2227 Hebraicam
3856 2160 3861 2165 ’

2166 2257 2449 2313 veritatem
2494 2259 2600 2314 hoc
2642 2256 2949 2313 invenitur:
2973 2257 3059 2313 vel
3088 2256 3146 2311 in
3176 2256 3316 2313 libro
3364 2258 3757 2326 Numerorum,

2165 2353 2225 2400 ut
2272 2345 2490 2416 quidam
2544 2345 2975 2417 asseruntzquia
3030 2352 3203 2401 totum
3257 2344 3624 2416 dispositione
3655 2346 3760 2402 Dei

2164 2433 2364 2495 factum
2394 2442 2495 2489 est.

2235 2540 2405 2595 Vsus.
2432 2542 2517 2593 16.
2540 2568 2611 2579 —
2635 2541 2784 2595 Tunc
2804 2538 3042 2595 Herodes
3071 2538 3284 2595 videns.
3304 2537 3614 2594 Verisimile
3644 2547 3749 2608 est,

2164 2627 2310 2698 quod
2341 2642 2465 2682 cum
2494 2627 2696 2681 Herodi
2725 2625 2860 2680 nihil
2907 2626 3273 2681 renuntiatum
3321 2634 3469 2682 esset
3496 2643 3527 2681 a
3555 2627 3751 2700 Magis,

2162 2714 2396 2770 credidit
2424 2714 2545 2769 illos
2574 2714 2751 2770 fallaci
2780 2713 2935 2769 stella
2965 2715 3226 2784 deceptos
3255 2730 3400 2779 esse,
3424 2722 3479 2769 et
3524 2714 3650 2770 ideo
3678 2716 3750 2770 ad

2162 2818 2223 2857 se
2252 2818 2361 2857 non
2389 2818 2512 2858 esse
2542 2817 2797 2858 reversos
2821 2819 2835 2856 :
2859 2802 3003 2857 unde
3024 2809 3077 2856 et
3099 2802 3282 2857 tandiu
3304 2801 3510 2873 quievit
3534 2818 3566 2856 a
3586 2802 3746 2873 pueri

2159 2890 2526 2962 inquisitione.
2552 2891 2762 2946 Deinde
2791 2890 3026 2963 vulgatis
3046 2889 3130 2944 his
3152 2906 3275 2961 quae
3301 2890 3358 2944 in
3378 2889 3582 2962 templo
3601 2890 3743 2947 facta

2159 2979 2371 3035 dictave
2425 2978 2657 3047 fuerant,
2678 2995 2738 3033 se
2767 2977 2989 3051 aMagis
3047 2978 3217 3033 sensit
3271 2977 3524 3045 illusum,
3577 2985 3634 3034 et
3688 2978 3749 3034 in

2159 3075 2393 3123 mortem
2425 3067 2624 3123 Christi
2652 3082 2956 3139 properans
2984 3081 3185 3136 pueros
3214 3065 3433 3122 occidit.

465 3165 597 3243 cens
618 3150 911 3243 clamabat,
937 3150 1015 3243 sic
1036 3149 1124 3204 isti
1146 3149 1240 3243 pio
1256 3150 1456 3203 affectu
1486 3150 1904 3243 interrogabant
1925 3151 2055 3222 quid
2076 3160 2126 3224 C
2226 3173 2534 3229 Verisimile
2565 3180 2648 3228 est
2674 3189 2776 3243 per
2803 3188 3005 3227 annum
3034 3179 3088 3226 et
3127 3179 3357 3243 quatuor
3412 3170 3532 3227 dies
3559 3188 3591 3227 a
3608 3171 3746 3228 nati-

464 3237 649 3294 divina
662 3239 882 3309 juberet
901 3238 1173 3294 voluntas.
1193 3238 1321 3293 Haec
1341 3238 1628 3308 responsio
1640 3254 1749 3293 non
1770 3237 1828 3292 ﬁt
1847 3255 1947 3309 per
1966 3256 2060 3295 an-

464 3327 667 3399 gelum,
694 3327 790 3382 sed
810 3344 911 3397 per
930 3327 1108 3398 ipsum
1136 3327 1329 3393 Deum,
1358 3326 1485 3396 quia
1512 3325 1693 3380 nullus
1732 3326 1870 3381 alius
1910 3327 2056 3382 viam

464 3415 797 3471 reversionis
819 3415 1064 3481 instituit,
1092 3414 1196 3469 nisi
1226 3414 1317 3469 ille
1347 3414 1438 3485 qui
1459 3414 1590 3470 dicit
1613 3432 1626 3468 :
1651 3416 1762 3487 Ego
1782 3432 1909 3471 sum
1940 3418 2049 3483 via,

462 3506 690 3569 veritas,
706 3507 761 3558 et
777 3505 913 3559 vita.
932 3504 1055 3558 Non
1076 3502 1315 3574 loquitur
1325 3519 1463 3573 puer
1484 3503 1554 3557 ad
1571 3518 1686 3569 eos,
1706 3518 1776 3557 ne
1797 3502 2052 3559 divinitas

456 3600 584 3648 ante
606 3600 819 3662 tempus
832 3590 1190 3659 revelaretur,
1212 3598 1266 3646 et
1282 3606 1414 3645 vera
1431 3590 1741 3645 humanitas
1758 3591 2045 3647 habeatur.

455 3679 611 3736 Unde
634 3687 689 3735 et
731 3696 859 3735 mox
888 3679 945 3733 in
991 3679 1284 3751 Egyptum
1330 3678 1559 3733 mittitur
1597 3678 1762 3749 :quia
1810 3686 1865 3734 et
1912 3678 2050 3735 ﬁdes

448 3767 739 3823 nutrienda
760 3766 962 3823 eratad
984 3767 1287 3838 praemium,
1336 3774 1391 3822 et
1435 3766 1543 3823 vita
1584 3765 1850 3823 doctrinm
1890 3784 2039 3838 prae-

451 3856 692 3929 paranda
714 3863 797 3911 est
815 3856 883 3910 ad
917 3855 1174 3911 eundum.
1190 3857 1299 3911 Per
1323 3856 1500 3910 aliam
1536 3856 1705 3923 viam,
1732 3862 1835 3910 etc.
1862 3856 1923 3909 In
1942 3856 2047 3913 hoc

448 3943 621 4001 forma
638 3944 797 3999 datur
818 3943 1189 4009 credentibus,
1211 3950 1268 3997 ut
1288 3942 1470 3996 devoti
1500 3942 1569 3995 ad
1590 3943 1766 3997 Deum
1787 3942 2040 3997 veniant:

451 4040 507 4088 et
535 4032 681 4103 quod
704 4031 893 4099 jubeat
938 4029 1237 4099 intendant,
1281 4029 1508 4095 scilicet,
1533 4045 1602 4083 ne
1649 4029 1720 4083 ad
1766 4028 2044 4084 diabolum

450 4110 679 4174 redeant
703 4135 715 4172 :
742 4117 840 4173 sed
869 4134 969 4188 per
999 4117 1219 4172 semitas
1248 4117 1509 4172 virtutum
1539 4115 1609 4170 ad
1660 4115 1891 4187 patriam
1940 4134 2041 4174 ve-

446 4205 630 4274 niant,
682 4212 737 4261 et
793 4204 886 4277 qui
932 4204 1251 4262 ceciderunt
1298 4202 1698 4261 contemnendo
1748 4213 2043 4278 resurgant

448 4293 778 4351 obediendo.

510 4413 695 4486 (Lao.)
716 4412 958 4469 Adorant
986 4411 1041 4465 in
1089 4425 1253 4467 carne
1302 4409 1564 4478 Verbum,
1590 4410 1646 4465 in
1669 4409 1892 4465 infantia
1944 4428 2036 4466 sa-

445 4502 723 4575 pientiam,
743 4501 799 4555 in
828 4497 1139 4554 inﬁrmitate
1186 4497 1459 4565 virtutem,
1480 4504 1534 4552 et
1562 4497 1619 4552 in
1647 4498 1883 4554 hominis
1931 4516 2031 4555 ve-

442 4591 603 4646 ritate
620 4588 912 4645 Dominum
940 4585 1255 4656 majestatis,
1283 4593 1411 4652 etc.,
1432 4601 1603 4657 usque
1633 4586 1704 4642 ad
1734 4586 1858 4658 quia
1888 4588 2035 4658 quod

445 4686 563 4735 erat
590 4677 646 4732 in
675 4674 989 4732 substantiis
1034 4673 1337 4746 pr0prium,
1381 4688 1491 4729 non
1540 4681 1657 4729 erat
1701 4674 1758 4729 in
1802 4690 2037 4745 persona

445 4766 744 4824 diversum.

517 4872 687 4927 Vnus.
715 4873 800 4925 l3.
835 4898 906 4908 —
937 4868 1137 4939 Accipe
1174 4884 1437 4940 puerum,
1488 4874 1593 4923 etc.
1627 4868 1871 4939 (HILAB.)
1902 4868 2039 4924 Cum

442 4960 826 5031 desponsatam
856 4972 975 5011 eam
998 4956 1144 5025 justo
1174 4954 1529 5027 signiﬁcabat,
1563 4956 1853 5027 conjugem
1897 4972 2036 5010 nun-

443 5047 677 5119 cupavit,
704 5046 801 5101 sed
830 5052 955 5116 post
984 5051 1198 5114 partum
1228 5052 1401 5099 mater
1432 5052 1637 5098 tantum
1666 5044 1796 5099 Jesu
1843 5051 2035 5100 osten-

444 5136 609 5204 ditur,
632 5142 692 5190 ut
723 5132 1181 5206 quemadmodum
1218 5131 1366 5200 justo
1422 5132 1626 5202 Joseph
1681 5132 2035 5204 deputaretur

445 5223 628 5279 Maria:
657 5223 714 5276 in
742 5222 1053 5295 virginitate
1084 5219 1418 5292 conjugium,
1443 5218 1515 5273 ita
1545 5220 1873 5276 venerabilis
1916 5222 2034 5291 ejus

446 5311 829 5368 ostenderetur
858 5310 914 5365 in
941 5310 1071 5365 Jesu
1100 5309 1289 5364 matris
1320 5307 1620 5381 virginitas.

518 5418 688 5473 Vsus.
711 5419 890 5483 14,15.
908 5446 977 5457 -
995 5416 1098 5483 Qui
1118 5414 1694 5486 consurgensJoseph
1710 5412 1885 5488 ﬁgura
1899 5429 2036 5485 pra:-

444 5506 766 5573 dicatorum,
801 5504 894 5576 qui
924 5504 1217 5572 Christum,
1252 5520 1377 5559 cum
1406 5510 1597 5570 matre,
1630 5502 1686 5558 id
1715 5511 1816 5570 est,
1867 5500 2034 5558 ﬁdem

441 5594 659 5664 Christi,
694 5600 749 5650 et
774 5593 1040 5650 Ecclesiae
1071 5592 1311 5647 tulerunt
1340 5591 1409 5647 ad
1440 5599 1653 5665 gentes,
1678 5590 1874 5648 relicto
1923 5591 2033 5648 He-

443 5684 601 5754 rode,
659 5681 717 5740 id
771 5689 856 5741 est
904 5682 1218 5739 Judaeorum
1272 5679 1611 5737 inﬁdelitate.
1643 5679 1834 5739 Nocte.
1893 5678 2033 5751 Quia

2163 3260 2327 3317 vitate
2357 3260 2557 3316 Christi
2585 3261 2859 3316 Herodem
2887 3260 2944 3315 in
2991 3276 3194 3330 pueros
3242 3259 3538 3316 desaevisse
3560 3276 3575 3315 :
3600 3259 3749 3331 quod

2156 3348 2381 3404 forsitan
2412 3348 2536 3403 ideo
2566 3348 2793 3415 distulit,
2827 3348 2953 3419 quia
2972 3349 3200 3404 Romam
3220 3346 3500 3418 profectus
3528 3355 3629 3417 est,
3653 3346 3746 3403 vel

2153 3437 2228 3491 ibi
2256 3444 2561 3504 accusatus,
2583 3436 2671 3492 vel
2702 3443 2760 3491 ut
2787 3437 3059 3492 Romanos
3088 3434 3403 3492 consuleret
3448 3451 3615 3506 super
3659 3434 3746 3491 his

2154 3541 2276 3596 quae
2304 3525 2374 3580 de
2404 3524 2619 3579 Christo
2648 3524 2988 3579 dicebantur.
3009 3524 3139 3579 ldeo
3167 3522 3395 3579 forsitan
3442 3523 3630 3579 tandiu
3674 3523 3747 3580 ad

2151 3612 2499 3683 inquisitione
2526 3611 2685 3683 pueri
2716 3628 2776 3667 se
2806 3611 3090 3679 continuit,
3110 3619 3169 3667 ut
3198 3611 3483 3667 sollicitius
3511 3628 3639 3668 eum
3653 3610 3748 3668 de-

2150 3701 2537 3772 prehenderet,
2561 3716 2741 3772 neque
2771 3699 2912 3755 elabi
2939 3699 3121 3771 aliquo
3150 3700 3315 3755 modo
3344 3708 3553 3771 posset.

2222 3806 2438 3863 Occidit
2466 3823 2659 3863 omnes
2682 3822 2906 3879 pueros.
2970 3804 3143 3874 Quam
3172 3805 3279 3862 cito
3300 3805 3549 3862 Christus
3578 3820 3746 3878 appa-

2144 3893 2253 3948 ruit
2282 3895 2505 3963 mundo,
2540 3894 2742 3965 incepit
2772 3895 2827 3948 in
2857 3908 2982 3949 eum
3011 3894 3322 3965 persecutio
3354 3911 3367 3948 :
3404 3910 3529 3965 qua;
3584 3893 3737 3967 ﬁgu-

2146 3981 2284 4036 ravit
2314 3982 2755 4052 persecutionem
2785 3990 3097 4038 sanctorum
3122 4000 3135 4036 :
3169 3989 3223 4038 et
3242 3983 3373 4037 dum
3391 3981 3571 4037 infans
3592 3999 3739 4054 quaa-

2143 4070 2299 4139 ritur,
2333 4069 2566 4126 infantes
2595 4071 2953 4137 occiduntur;
2988 4069 3044 4124 in
3074 4070 3271 4142 quibus
3294 4069 3470 4125 forma
3488 4070 3743 4144 martyrii

2141 4158 2401 4228 nascitur,
2433 4160 2526 4214 ubi
2554 4159 2776 4215 infantia
2804 4159 3068 4216 Ecclesiae
3097 4159 3397 4215 dedicatur.

2211 4264 2432 4338 Figurat
2486 4281 2637 4321 mors
2693 4266 3045 4337 parvulorum
3128 4264 3439 4337 passionem
3495 4263 3742 4321 omnium

2137 4359 2458 4423 martyrum,
2494 4353 2588 4424 qui
2619 4352 2847 4424 parvuli,
2882 4352 3116 4409 humiles
3138 4362 3192 4409 et
3219 4354 3540 4410 innocentes
3569 4353 3744 4410 occisi

2140 4448 2264 4495 sunt
2298 4458 2311 4495 :
2348 4441 2442 4513 qui
2470 4456 2581 4497 non
2612 4441 2667 4495 in
2696 4441 2882 4496 Iudaea
2911 4449 3137 4510 tantum,
3175 4443 3272 4497 sed
3329 4441 3531 4513 ubique
3589 4441 3743 4513 passi

2053 4517 2106 4577 D
2137 4535 2262 4583 sunt
2290 4528 2359 4583 ab
2387 4528 2587 4600 impiis,
2622 4544 2759 4601 quos
2788 4527 3059 4602 signiﬁcat
3079 4530 3345 4585 Herodes.
3378 4528 3541 4599 Quod
3569 4528 3741 4585 bimi:

2136 4616 2261 4688 quia
2289 4616 2537 4673 doctrina
2573 4621 2649 4671 ‘et
2702 4617 3019 4687 operatione
3048 4615 3299 4688 perfecti.
3365 4616 3478 4671 Illis
3534 4615 3742 4673 occisis

2136 4704 2382 4759 Christus
2413 4704 2583 4759 evasit
2616 4722 2630 4759 :
2664 4703 2789 4775 quia
2820 4719 3052 4777 corpora
3083 4711 3313 4776 possunt
3338 4702 3553 4776 perimi,
3588 4703 3737 4762 divi-

2134 4791 2273 4847 nitas
2303 4808 2414 4848 non
2444 4792 2706 4866 contingi.

2204 4881 2274 4936 Et
2305 4882 2369 4936 in
2386 4881 2644 4938 omnibus
2664 4880 2871 4949 ﬁnibus
2900 4881 3040 4952 ejus.
3062 4880 3187 4935 Non
3206 4886 3289 4935 est
3317 4886 3604 4936 contentus
3636 4895 3734 4936 va-

2133 4968 2363 5023 statione
2409 4968 2743 5036 Bethlehem,
2786 4968 2884 5022 sed
2930 4968 3229 5037 adjacentia
3273 4966 3411 5024 loca'
3451 4967 3730 5039 vastavit;

2133 5071 2237 5112 nec
2268 5057 2433 5111 ullam
2461 5056 2897 5112 misericordiam
2926 5055 3097 5111 aetatis
3125 5056 3312 5112 habuit
3339 5071 3375 5111 a
3402 5054 3514 5111 ﬁlio
3561 5056 3729 5113 unius

2132 5145 2308 5202 noctis
2337 5162 2513 5217 usque
2541 5145 2608 5199 ad
2640 5143 2811 5199 ﬁlium
2830 5144 3066 5201 duorum
3083 5161 3350 5201 annorum
3372 5144 3505 5217 quin
3530 5158 3733 5202 omnes

2133 5234 2428 5290 occideret.

2203 5323 2243 5376 A
2276 5323 2509 5378 bimatu.
2526 5321 2655 5377 Ideo
2683 5338 2714 5376 a
2740 5320 2964 5390 bimatu,
2988 5329 3047 5377 ut
3076 5321 3219 5379 sicut
3244 5328 3736 5394 praeoccupaverat

2132 5410 2380 5465 Herodes
2411 5409 2548 5465 ﬁnes
2579 5409 2831 5476 civitatis,
2854 5410 2927 5464 ita
2946 5418 3001 5467 et
3020 5418 3434 5481 praeoccuparet
3451 5410 3618 5465 alium
3635 5425 3737 5465 an-

2131 5514 2281 5552 num.
2309 5498 2439 5553 Ideo
2486 5498 2648 5580 etiam
2694 5514 2725 5552 a
2764 5497 2968 5552 bimatu
2992 5515 3006 5552 :
3030 5497 3155 5568 quia
3201 5497 3444 5566 timebat,
3467 5512 3538 5553 ne
3584 5512 3735 5568 puer

2132 5586 2219 5643 cui
2247 5584 2647 5641 famulabantur
2674 5586 2874 5655 sidera,
2899 5585 3064 5657 paulo
3093 5602 3261 5660 supra
3287 5593 3507 5645 aetatem
3534 5585 3626 5646 vel
3642 5585 3729 5643 in-

2129 5675 2213 5733 fra
2240 5674 2484 5749 speciem
2511 5674 2618 5733 sibi
2644 5673 3030 5734 contemneret.
