4000 6182
189 388 260 440 ’Π

1146 391 1426 449 GLOSSA
1465 392 1875 449 ORDINARIA.
1915 421 1986 433 —
2024 392 2267 448 EVANG
2327 395 2585 450 ΜΑἸἼῊ.

3441 399 3511 453 78

270 510 445 564 Vens.
480 512 567 565 17.
592 541 664 552 -
701 514 854 569 Tunc
883 514 1258 586 adimpletum
1300 521 1403 572 est.
1439 516 1807 587 Adimpletum
1834 515 1891 576 A
1909 518 2119 587 functi.
2177 517 2420 572 Tradunt
2459 518 2680 589 quidam
2719 517 2849 589 quia
2884 517 3009 574 fecit
3032 518 3278 575 Herodes
3334 535 3502 590 super

200 597 405 653 dicitur
436 616 451 652 :
485 599 611 669 quia
638 608 932 672 antequam
979 602 1133 657 ﬁeret
1162 603 1470 675 legentibus
1500 612 1615 659 erat
1645 604 1808 660 semi-

199 686 450 757 plenam,
482 688 606 758 quia
663 689 815 759 quod
843 689 900 744 in
929 690 1111 746 littera
1144 693 1386 763 sonabat,
1418 693 1623 764 aliquid
1671 692 1810 748 futu-

200 791 327 829 rum
357 775 573 830 occulte
603 778 973 846 promittebat.

271 863 645 935 (Cnnrsosr.)
676 865 822 922 Dicit
841 866 986 937 quod
1008 867 1162 922 stella
1190 884 1291 939 per
1309 884 1511 923 annum
1539 868 1805 939 apparuit,

205 950 348 1007 sicut
376 952 435 1005 in
468 952 846 1010 destructione
866 956 1234 1012 Romanorum
1262 958 1419 1029 signa
1438 964 1811 1028 apparuerunt

200 1040 256 1095 in
285 1040 452 1110 coelo,
488 1042 708 1112 quando
737 1059 845 1098 vox
874 1044 1197 1117 angelorum
1223 1046 1404 1101 audita
1432 1054 1516 1102 est
1549 1062 1563 1099 :
1613 1046 1811 1100 Trans-

208 1143 401 1184 eamus
423 1129 497 1183 ab
516 1131 603 1185 his
623 1131 867 1188 sedibus.

276 1235 458 1290 Vens.
485 1239 572 1290 18.
596 1266 666 1276 -
697 1238 807 1294 Vox
827 1238 890 1294 in
909 1240 1103 1295 Rama.
1126 1238 1187 1295 Id
1206 1246 1308 1308 est,
1331 1238 1388 1294 in
1407 1238 1626 1297 excelso
1645 1238 1811 1311 longe

202 1322 426 1395 lateque
448 1322 652 1380 diffusa
672 1333 775 1381 est.

266 1430 615 1503 Allegorice.
640 1430 761 1499 Vel,
795 1447 901 1487 vox
938 1431 1204 1488 Ecclesia
1247 1433 1315 1487 de
1354 1448 1489 1488 nece
1527 1433 1810 1488 membro-

200 1534 321 1571 rum
376 1519 660 1591 gementis
696 1536 872 1590 usque
929 1520 999 1575 ad
1038 1520 1235 1575 solium
1289 1521 1511 1592 superni
1565 1522 1813 1578 ascendit

186 1605 423 1674 judicis.
496 1608 610 1662 Vox
668 1609 728 1662 in
769 1610 962 1664 Rama.
1024 1609 1253 1679 Propter
1308 1626 1536 1664 uxorem
1611 1610 1811 1666 Levita

200 1693 576 1749 fornicatione
612 1703 972 1767 peremptam,
1018 1697 1317 1752 secundum
1372 1714 1660 1753 numerum
1715 1698 1810 1752 tri-

201 1781 369 1836 buum
410 1782 472 1835 in
509 1782 803 1839 duodecim
843 1792 1030 1854 partes
1078 1784 1327 1853 divisam,
1388 1785 1565 1840 omnis
1641 1786 1812 1841 Israel

201 1870 405 1924 tribum
425 1871 718 1939 Benjamin
735 1880 938 1942 prater
956 1880 1230 1928 trecentos
1268 1873 1417 1929 viros
1436 1874 1638 1929 delevit
1660 1891 1675 1929 :
1715 1890 1808 1929 eo-

202 1974 326 2013 rum
365 1958 468 2030 qui
506 1958 895 2030 superfuerunt
929 1961 1178 2030 ploratus
1234 1969 1288 2016 et
1325 1962 1562 2017 ululatus
1600 1963 1817 2018 auditus

205 2055 487 2119 estusque
525 2048 722 2115 Rama,
748 2049 839 2119 qui
879 2056 963 2103 est
996 2050 1149 2106 locus
1179 2050 1333 2119 juxta
1369 2051 1560 2106 Gabaa
1597 2052 1812 2107 duode-

204 2136 344 2192 cimo
381 2134 651 2192 milliario
689 2137 1079 2193 aBethlehem.
1121 2140 1346 2195 Audita.
1380 2142 1714 2213 Exaggerat,
1758 2148 1818 2195 ut

205 2224 570 2296 hyperbolice
592 2225 800 2281 Rachel
834 2226 949 2295 jam
968 2233 1201 2295 mortua,
1249 2227 1482 2283 dolentis
1519 2227 1717 2284 affectu
1754 2228 1824 2282 ﬁ-

206 2312 308 2368 lios
320 2314 441 2382 jam
463 2313 604 2369 ﬂere
624 2314 877 2369 dicatur.
904 2316 1058 2371 Unde
1077 2331 1177 2386 per
1195 2316 1301 2372 hoc
1329 2317 1399 2371 de
1417 2316 1689 2372 Chaldais
1709 2316 1823 2371 his-

214 2402 351 2455 toria
389 2401 604 2457 texitur
642 2402 790 2473 quod
830 2402 1021 2457 similis
1060 2411 1205 2458 esset
1242 2404 1313 2459 ab
1351 2404 1431 2459 eis
1468 2404 1611 2460 cladi
1649 2404 1821 2475 priori

214 2490 419 2560 populo
438 2490 766 2545 Iudaorum
808 2488 989 2546 futura
1026 2492 1277 2548 vastatio.
1321 2493 1430 2547 Sed
1468 2493 1653 2548 verius
1673 2509 1828 2549 reve-

212 2576 351 2632 lante
372 2594 485 2649 per
525 2577 927 2650 evangelistam
970 2578 1181 2649 spiritu,
1222 2580 1513 2650 prophetia
1568 2581 1636 2635 de
1689 2596 1827 2637 nece

208 2682 515 2737 puerorum
536 2666 825 2736 accipitur.
871 2666 1013 2723 Dicit
1046 2684 1201 2738 ergo,
1246 2669 1393 2739 quod
1430 2676 1558 2724 tunc
1578 2669 1825 2740 comple-

209 2761 320 2809 tum
341 2754 413 2809 sit
456 2753 613 2825 quod
651 2753 857 2811 dictum
897 2763 997 2822 est,
1041 2756 1170 2825 quia
1207 2756 1308 2810 etsi
1346 2756 1416 2811 ad
1454 2756 1828 2813 imminentem

218 2843 601 2913 captivitatem
637 2859 822 2899 sermo
851 2844 1153 2915 prophetia
1173 2844 1413 2915 respicit,
1454 2852 1640 2901 tamen
1675 2846 1733 2900 in
1752 2861 1821 2902 eo

219 2931 354 2987 sicut
373 2932 436 2985 in
458 2931 684 3000 umbra,
710 2930 894 2987 futura
931 2931 1134 2989 veritas
1172 2932 1340 2989 cadis
1375 2932 1663 2990 infantium
1689 2950 1820 3005 pro-

222 3020 528 3074 nuntiatur.

282 3108 517 3165 Rachel.
563 3105 707 3176 Quia
762 3107 976 3178 sepulta
1011 3115 1094 3163 est
1125 3108 1280 3178 juxta
1316 3108 1650 3179 Bethlehem,
1692 3117 1746 3166 et
1766 3126 1834 3165 ex

1909 604 2071 660 funus
2113 621 2271 660 suum
2308 605 2607 662 nobiliores
2644 606 2958 662 Iudaorum
2995 607 3267 677 occidere,
3309 614 3368 662 ut
3422 607 3504 665 sic

1908 702 2132 765 cogeret
2149 694 2368 749 Iudaos
2389 702 2624 749 mortem
2644 710 2799 749 suam
2820 695 2974 750 flere.

1980 782 2148 835 Vens.
2188 785 2277 838 21.
2317 812 2387 822 —
2419 783 2525 850 Qui
2561 799 2921 855 consurgens.
2946 782 3277 856 Allegorice.
3299 782 3505 854 Ioseph

1909 869 2051 940 gerit
2080 868 2314 941 ﬁguram
2349 870 2742 940 apostolorum,
2769 887 3002 941 quorum
3038 869 3216 928 ofﬁcio
3255 871 3507 927 Christus

1909 956 2306 1012 circumfertur.
2331 958 2577 1028 Apostoli
2618 959 2854 1029 primum
2900 967 3167 1015 venerunt
3204 959 3261 1014 in
3299 968 3506 1015 terram

1909 1045 2081 1100 Israel
2106 1063 2119 1100 :
2144 1045 2271 1118 quia
2298 1046 2536 1117 primum
2555 1047 2993 1117 pradicaverunt
3021 1047 3243 1105 Iudais.
3268 1048 3377 1104 Sed
3397 1063 3501 1119 pro

1908 1134 2146 1201 Herode,
2171 1134 2225 1188 id
2246 1142 2348 1203 est,
2371 1144 2627 1191 manente
2649 1137 2997 1192 hareditaria
3017 1136 3355 1205 inﬁdelitate,
3380 1152 3505 1192 me-

1910 1228 2064 1276 tuunt
2092 1231 2146 1277 et
2175 1223 2436 1278 recedunt
2456 1223 2719 1278 admoniti
2764 1224 3000 1296 gratiam
3021 1225 3277 1297 gentibus
3296 1224 3504 1297 pradi-

1910 1325 2057 1377 care,
2092 1319 2146 1366 et
2175 1312 2245 1366 ad
2268 1327 2363 1367 eas
2385 1312 2660 1366 Christum
2680 1312 3002 1368 transferre.

1978 1400 2272 1455 Nominata
2311 1408 2458 1455 terra
2479 1401 2652 1455 Israel
2690 1401 2867 1457 visum
2905 1409 2989 1456 est
3026 1401 3230 1472 Ioseph
3267 1416 3378 1456 non
3414 1399 3511 1457 ali-

1910 1487 2033 1543 cubi
2056 1488 2219 1543 talem
2238 1503 2469 1558 puerum
2505 1490 2711 1544 debere
2740 1489 3008 1555 habitare,
3034 1488 3139 1544 nisi
3177 1488 3233 1542 in
3277 1489 3509 1544 Ierusa-

1909 1575 2017 1631 lem
2038 1577 2131 1630 ubi
2151 1585 2270 1632 erat
2298 1578 2559 1647 templum
2580 1586 2632 1632 et
2652 1578 2952 1633 celebratio
2970 1579 3382 1649 prophetarum.
3406 1578 3513 1633 Ta-

1908 1681 2035 1720 men
2057 1666 2287 1737 angelus
2308 1665 2538 1737 intelligi
2574 1666 2743 1722 voluit
2764 1666 3068 1736 Galilaam,
3111 1681 3275 1738 quam
3312 1673 3365 1721 et
3401 1666 3503 1722 Iu-

1909 1753 2012 1808 dai
2031 1753 2359 1819 incolebant,
2386 1754 2533 1824 quod
2553 1755 2790 1809 ostendit
2828 1754 2908 1811 sic
2944 1754 3113 1811 fuisse
3129 1754 3494 1826 pradestina-

1841 1870 1896 1931 B
1915 1847 2047 1909 tum,
2075 1841 2202 1912 quia
2220 1843 2505 1897 Nazareus
2543 1842 2847 1898 vocabitur.

1990 1930 2157 1984 Vens.
2184 1934 2272 1986 22.
2307 1961 2376 1970 —-
2410 1932 2622 1986 Timuit
2636 1932 2734 1986 illo
2752 1932 2854 1986 ire.
2874 1929 2931 1986 Si
2952 1930 3126 1986 timuit
3144 1931 3390 1988 Iudaam
3409 1945 3513 2003 pro

1922 2018 2194 2073 Archelao
2214 2018 2433 2074 harede
2472 2028 2715 2089 paterna
2750 2019 3107 2088 crudelitatis,
3160 2035 3260 2076 cur
3295 2036 3407 2075 non
3444 2026 3499 2075 et

1923 2104 2225 2173 Galilaam,
2252 2106 2344 2160 ubi
2375 2108 2623 2163 Herodes
2662 2106 2802 2162 alius
2832 2106 3004 2162 frater
3040 2108 3158 2177 ejus
3192 2106 3515 2181 regnabat?

1926 2193 2066 2263 Quia
2086 2194 2389 2250 Archelaus
2407 2202 2533 2265 post
2568 2202 2783 2266 patrem
2828 2196 3206 2252 monarchiam
3234 2195 3401 2252 totius
3429 2212 3519 2253 re-

1924 2281 2021 2354 gni
2069 2282 2298 2337 obtinuit
2323 2301 2336 2337 :
2359 2284 2457 2338 sed
2502 2283 2842 2341 insolescens
2862 2300 2896 2340 a
2915 2284 3132 2341 Tiberio
3155 2285 3375 2341 Casare
3413 2284 3522 2341 de-

1826 2384 1837 2395 '
1920 2369 2098 2438 jectus
2118 2378 2201 2424 est
2219 2370 2506 2443 Lugdnum
2542 2371 2599 2426 in
2636 2372 2904 2441 exsilium,
2957 2380 3010 2427 et
3038 2381 3167 2430 tunc
3186 2373 3420 2430 divisum
3440 2380 3527 2429 est

1926 2472 2158 2530 regnum
2203 2457 2260 2511 in
2297 2465 2531 2530 quatuor
2567 2459 2912 2529 tetrarchias,
2957 2476 3191 2532 quarum
3238 2476 3424 2531 unam,
3465 2459 3524 2517 id

1927 2553 2011 2601 est
2039 2544 2338 2614 Galilaam,
2364 2543 2610 2602 Herodes
2640 2545 2811 2602 frater
2831 2547 2948 2616 ejus
2968 2548 3219 2603 obtinuit.

2000 2632 2312 2702 Quaritur:
2345 2650 2516 2705 quare
2554 2650 2665 2690 non
2702 2634 2880 2689 timuit
2913 2635 3117 2707 Ioseph
3154 2636 3235 2692 ire
3272 2634 3329 2690 in
3367 2633 3520 2691 Gali-

1928 2720 2089 2776 laam
2119 2721 2258 2777 sicut
2274 2722 2330 2775 in
2348 2722 2613 2791 Iudaam,
2657 2738 2783 2779 cum
2820 2731 2873 2779 et
2892 2722 2969 2779 ibi
3007 2731 3267 2797 regnaret
3313 2724 3522 2779 Arche-

1930 2808 2052 2864 laus
2080 2811 2109 2864 ?
2143 2810 2252 2864 Sed
2288 2809 2485 2865 melius
2513 2810 2688 2881 potuit
2724 2811 2781 2865 in
2818 2812 3094 2867 Nazareth
3131 2811 3279 2884 (qua
3315 2818 3529 2867 remota

1932 2898 2068 2969 erat)
2091 2897 2262 2953 latere
2284 2914 2447 2969 quam
2465 2897 2860 2970 inIerusalem,
2884 2899 2977 2954 ubi
3033 2900 3335 2972 eratcaput
3370 2897 3531 2974 regni

1934 2993 1987 3041 et
2017 2986 2273 3041 assiduus
2292 2985 2616 3043 Archelaus.

2005 3093 2243 3151 Secessit
2272 3094 2335 3147 in
2364 3097 2573 3164 partes.
2600 3091 2761 3162 Quod
2788 3092 3037 3149 Christus
3057 3091 3189 3151 illuc
3207 3108 3319 3150 non
3336 3101 3528 3151 trans-

215 3204 442 3252 terreno
464 3195 723 3267 corporis
743 3196 979 3266 hospitio
998 3197 1191 3252 matris
1228 3213 1429 3253 nomen
1467 3197 1699 3269 accepit.
1724 3198 1827 3254 Vel

1939 3179 2108 3236 fertur
2129 3179 2220 3235 ubi
2232 3181 2499 3252 regnabat
2516 3182 2821 3237 Archelaus
2842 3181 3130 3254 signiﬁcat,
3140 3182 3268 3254 quia
3282 3182 3391 3238 illis
3410 3183 3537 3239 abs-

220 3286 342 3356 quia
361 3285 527 3340 mum
569 3284 639 3339 de
678 3284 963 3353 Benjamin
1016 3292 1068 3339 ει
1104 3285 1309 3356 Joseph
1346 3286 1515 3342 occisi
1557 3267 1699 3341 sam.
1752 3267 1902 3342 De”
1929 3268 2198 3324 condetur
2217 3267 2487 3338 Christus,
2512 3268 2570 3324 in
2590 3270 2787 3341 quibus
2817 3271 3071 3342 regnabit
3108 3271 3493 3328 Antichristus.

222 3372 423 3429 Rachel
448 3381 616 3427 natus
637 3380 721 3427 est
744 3371 1045 3441 Benjamin,
1070 3373 1140 3428 ad
1160 3373 1315 3442 cujus
1337 3382 1543 3429 sortem
1566 3390 1679 3430 non
1697 3390 1831 3446 per-

223 3460 345 3516 tinet
364 3461 717 3528 Bethlehem,
744 3461 842 3515 sed
863 3462 932 3516 ad
954 3460 1155 3515 tribum
1176 3469 1385 3517 tantum
1405 3462 1683 3518 Iuda.Sed
1704 3463 1833 3534 quia

226 3550 499 3622 contigua
522 3548 705 3603 tribus
718 3556 841 3603 sunt
861 3549 1001 3603 Iuda
1018 3557 1069 3603 et
1086 3549 1369 3618 Benjamin
1388 3550 1443 3605 in
1465 3549 1665 3605 ﬁnibus
1681 3552 1836 3607 Beth-

225 3634 416 3707 lehem,
440 3637 606 3692 multi
629 3652 849 3709 quoque
870 3637 939 3693 de
960 3637 1104 3692 tribu
1123 3638 1406 3708 Benjamin
1427 3638 1595 3695 occisi
1615 3646 1759 3693 sunt.

288 3744 431 3799 Nota
450 3743 608 3815 quod
628 3737 826 3798 melius
863 3759 966 3814 per
1004 3743 1210 3801 Rachel
1247 3745 1436 3816 (quam
1475 3744 1523 3799 si
1560 3760 1660 3815 per
1679 3745 1837 3800 Beth-

228 3828 401 3888 lehem
434 3832 701 3903 plorasse
737 3831 1035 3901 diceretur)
1077 3831 1257 3905 ﬁgura
1296 3832 1626 3889 sacramenti
1665 3832 1837 3887 innui-

230 3926 332 3987 tur,
354 3920 485 3991 quia
504 3936 613 3991 per
632 3935 757 3976 eam
778 3919 835 3974 in
864 3920 1115 3975 omnibus
1140 3922 1364 3976 schema
1384 3920 1647 3977 Ecclesia
1686 3936 1834 3976 com-

230 4009 537 4075 mendatur,
586 4025 712 4079 qua
749 4007 933 4079 plorat
984 4025 1095 4064 non
1133 4016 1244 4064 tam
1282 4016 1459 4065 morte
1514 4008 1830 4078 translatos,

235 4111 394 4167 quam
417 4086 698 4167 supplicio
732 4104 1068 4168 peremptos.
1112 4097 1338 4153 Rachel.
1381 4098 1442 4152 Id
1462 4105 1544 4152 est
1563 4097 1832 4164 Ecclesia,

232 4199 356 4240 suos
388 4195 621 4240 teneros
660 4200 838 4257 agnos
874 4185 1056 4255 plorat
1081 4193 1399 4257 peremptos
1445 4203 1458 4240 :
1502 4202 1681 4257 neque
1720 4185 1838 4243 vult

235 4273 509 4329 consolari
558 4273 618 4327 in
655 4272 934 4343 prasenti,
981 4273 1109 4345 quia
1144 4290 1253 4330 non
1293 4280 1419 4329 sunt
1444 4292 1458 4329 :
1480 4274 1579 4329 sed
1617 4289 1836 4329 omnem

236 4375 383 4431 spem
403 4370 459 4417 et
479 4361 920 4417 consolationem
941 4361 1012 4417 ad
1032 4370 1295 4418 aternam
1332 4361 1625 4417 transmitit
1646 4362 1832 4419 vitam.

301 4449 484 4504 Plorat
521 4448 799 4518 Ecclesia,
826 4457 880 4505 et
920 4465 1032 4504 non
1070 4450 1185 4506 vult
1224 4450 1501 4507 consolari
1539 4451 1665 4506 hic:
1709 4450 1837 4522 quia

232 4534 327 4591 ﬁlii
369 4538 453 4593 sui
492 4554 608 4593 non
647 4546 773 4591 sunt
809 4538 877 4593 de
916 4538 1024 4593 hoc
1062 4538 1283 4594 mundo.
1329 4539 1427 4594 Vel
1446 4537 1665 4609 plorat:
1709 4538 1837 4609 quia

234 4624 360 4680 dum
396 4626 566 4697 parit,
602 4626 872 4694 justitiam
912 4626 1079 4681 habet
1113 4626 1258 4682 unde
1296 4626 1531 4683 dicitur:
1586 4627 1680 4685 Vos
1707 4627 1836 4699 plo-

231 4715 454 4780 rabitis,
480 4722 612 4783 etc.,
647 4714 747 4769 sed
767 4714 986 4769 additur
1016 4713 1318 4771 consolatio
1342 4733 1355 4769 :
1380 4716 1625 4772 tristitia
1659 4718 1845 4771 vestra

235 4806 492 4858 vertetur
513 4805 581 4858 in
598 4803 875 4875 gaudium
904 4804 1086 4874 (Joan.
1110 4805 1253 4874 xvx).

300 4908 480 4964 Vens.
509 4912 596 4963 19.
621 4911 993 4980 —Defuncto
1030 4913 1224 4965 autem
1268 4907 1496 4975 Herode,
1537 4923 1680 4975 ecce,
1734 4914 1840 4964 etc.

239 4994 381 5066 Quia
405 4997 588 5069 sopita
617 4998 939 5053 Iuadorum
959 4997 1211 5069 perﬁdia,
1253 5005 1306 5053 et
1344 4996 1502 5052 Helia
1520 5004 1575 5053 et
1609 4997 1844 5054 Henoch

226 5086 684 5155 praedicantibus,
708 5086 902 5142 Iudaa
921 5087 1151 5143 verbum
1171 5086 1271 5142 Dei
1299 5084 1558 5157 recipiet.

309 5192 591 5249 Defuncto
610 5208 747 5266 rege
782 5193 934 5249 illico
972 5193 1269 5265 complices
1318 5193 1436 5261 ejus
1472 5198 1724 5263 pereunt,
1769 5190 1850 5248 sic

241 5290 501 5338 cessante
519 5281 908 5353 persecutione
930 5282 1193 5339 Ecclesia
1217 5281 1287 5338 ad
1303 5280 1550 5339 coelestia
1566 5280 1845 5338 invitatur.

306 5388 490 5445 Vitas.
530 5392 619 5447 20.
644 5420 715 5430 -
734 5390 801 5444 In
824 5393 1057 5445 terram.
1098 5389 1221 5445 Non
1241 5387 1570 5444 determinat
1607 5387 1664 5441 in
1686 5402 1852 5458 quam

242 5487 484 5547 partem,
507 5486 566 5531 ut
594 5478 881 5533 dubitante
918 5478 1121 5548 Ioseph
1160 5476 1391 5550 angelus
1428 5484 1738 5532 revertatur
1762 5494 1776 5530 :
1799 5482 1854 5531 et

244 5563 521 5639 frequenti
556 5566 676 5635 ejus
714 5566 1049 5623 allocutione
1084 5566 1288 5637 Ioseph
1325 5564 1528 5622 certior
1566 5564 1849 5620 reddatur.

250 5652 392 5723 Quia
414 5669 529 5710 non
565 5655 815 5711 distinxit
846 5655 905 5709 in
945 5670 1110 5726 quam
1144 5662 1377 5726 partem,
1413 5654 1537 5710 ideo
1583 5653 1857 5723 Iosephus

244 5739 520 5804 intellexit
536 5745 787 5805 Iudaeam
816 5759 943 5817 qua
959 5743 1180 5818 dignior
1213 5759 1345 5817 pars
1395 5741 1562 5817 regni
1590 5749 1728 5801 erat.
1750 5744 1855 5802 De-

2009 3356 2179 3413 Vans.
2198 3360 2287 3413 23.
2308 3389 2377 3398 —
2400 3358 2699 3416 Nazareth.
2715 3359 2989 3414 Nazareth
2998 3375 3230 3431 germen
3242 3362 3531 3418 novellum

1930 3444 2019 3501 vel
2038 3446 2140 3514 ﬂos
2160 3447 2346 3518 campi
2373 3446 2779 3517 interpretatur,
2816 3447 2885 3503 de
2921 3447 3077 3516 cujus
3114 3447 3301 3505 radice
3320 3447 3535 3521 germi-

1927 3532 2013 3587 nis
2033 3541 2254 3589 sanctus
2276 3542 2593 3589 sanctorum
2631 3535 2703 3590 ad
2741 3533 3166 3608 signiﬁcandum
3201 3536 3523 3592 aternitatis

1931 3637 2044 3677 sua
2074 3621 2433 3677 substantiam
2452 3623 2768 3678 ascendisse
2813 3622 3033 3696 legitur.
3059 3623 3208 3680 Sicut
3230 3640 3366 3697 ergo
3387 3624 3544 3698 eligit

1932 3717 2147 3780 tempus
2167 3726 2275 3781 quo
2295 3718 2618 3766 nasceretur
2665 3718 2721 3767 et
2760 3710 2963 3777 locum,
2987 3711 3060 3766 ita
3097 3719 3150 3767 et
3188 3712 3542 3769 civitatemin

1928 3813 2038 3870 qua
2061 3798 2404 3854 coalesceret
2430 3816 2443 3852 :
2468 3798 2625 3867 cujus
2645 3814 2846 3853 nomen
2882 3798 3084 3855 indicio
3116 3806 3218 3869 est,
3253 3801 3400 3870 quod
3418 3801 3541 3871 ipsa

1929 3886 2208 3953 sanctitas,
2234 3885 2291 3940 in
2322 3886 2609 3942 sanctitate
2647 3887 2900 3956 nutritus,
2922 3894 3165 3943 ‘sanctus
3216 3894 3537 3943 sanctorum

1928 3981 2079 4029 recte
2100 3973 2300 4030 dicitur
2325 3991 2338 4028 :
2363 3974 2507 4030 unde
2550 3982 2605 4029 et
2639 3974 2894 4044 discipuli
2931 3974 3050 4044 ejus
3089 3974 3245 4047 prius
3281 3974 3535 4033 Nazarai

1928 4062 2065 4118 dicti
2086 4071 2228 4130 sunt,
2256 4063 2353 4117 sed
2373 4070 2567 4133 postea
2587 4078 2621 4118 a
2642 4062 2861 4119 Christo
2878 4062 3172 4119 Christiani
3190 4064 3371 4121 vocati
3391 4071 3535 4120 sunt.

1996 4151 2272 4206 Nazareth
2308 4149 2549 4207 Galilaa
2588 4167 2696 4224 quo
2745 4149 3094 4221 transfertur,
3134 4160 3350 4224 partem
3396 4153 3543 4222 ejus-

1925 4237 2052 4293 dem
2092 4239 2273 4311 gentis
2306 4256 2427 4310 qua
2474 4238 2639 4295 ﬁdem
2678 4248 3003 4311 susceptura
3039 4247 3177 4310 erat,
3239 4240 3536 4314 signiﬁcat,

1926 4327 2072 4382 unde
2092 4328 2193 4395 ﬂes
2225 4327 2616 4397 interpretatur
2639 4346 2653 4383 :
2679 4328 2809 4400 quia
2830 4327 3080 4386 Ecclesia
3129 4344 3237 4401 quo
3257 4329 3539 4385 ardentius

1933 4430 1967 4469 a
1986 4414 2219 4470 terrenis
2238 4414 2309 4470 ad
2329 4414 2576 4470 calestia
2612 4416 2989 4489 trausmigrat,
3040 4431 3108 4472 eo
3143 4416 3324 4490 magis
3353 4416 3532 4474 virtu-

1936 4510 2051 4558 tum
2080 4502 2217 4559 ﬂore
2239 4512 2291 4559 et
2309 4504 2559 4576 germine
2579 4504 2840 4560 abundat.

1855 4578 1908 4639 D
2008 4593 2115 4648 Per
2128 4592 2448 4664 praphetas.
2473 4593 2776 4663 Prophetas
2795 4590 3083 4664 pluraliter
3100 4590 3249 4663 dicit,
3274 4591 3404 4665 quia
3421 4608 3534 4649 non

1939 4680 2206 4735 habemus
2237 4680 2404 4736 ﬁxum
2440 4681 2511 4736 de
2558 4681 2841 4752 Scriptura
2886 4679 3195 4751 exemplum
3236 4699 3250 4736 :
3300 4681 3540 4737 ostendit

1941 4784 2163 4824 sensum
2190 4784 2303 4825 non
2330 4769 2497 4824 verba
2526 4784 2585 4824 se
2615 4768 2934 4840 sumpsisse.
2977 4769 3076 4826 Vel
3114 4769 3323 4826 eisdem
3353 4770 3538 4827 verbis

1940 4856 1998 4911 in
2031 4856 2174 4912 Isaia
2196 4857 2351 4926 juxta
2380 4856 2709 4913 Hebraicam
2755 4858 3041 4915 veritatem
3083 4876 3097 4914 :
3132 4859 3432 4918 Nazaer
3468 4860 3538 4917 de

1941 4946 2131 5002 radice
2152 4947 2274 5017 eius
2290 4944 2560 5003 ascendet
2578 4944 2709 5018 (Isa.
2734 4946 2839 5019 χι).

2546 5087 2771 5144 CAPUT
2807 5088 2901 5143 III.

2014 5210 2185 5267 Vens.
2212 5213 2265 5265 1.
2289 5211 2444 5267 -Ιη
2486 5211 2679 5269 diebus
2717 5216 2930 5269 autem.
2972 5211 3219 5268 Praterit
3260 5211 3451 5283 multa,
3486 5220 3542 5271 et

1945 5299 2143 5355 transit
2182 5299 2253 5354 ad
2290 5299 2734 5370 pradicationem
2770 5299 3014 5356 Joannis.
3058 5303 3125 5357 In
3170 5302 3384 5360 diebus.
3416 5302 3542 5358 Non

1950 5388 2128 5444 solum
2156 5388 2405 5460 pueritia
2426 5404 2620 5459 annos,
2657 5389 2755 5445 sed
2778 5405 2970 5446 omnes
2991 5406 3165 5462 usque
3185 5391 3255 5446 ad
3275 5390 3547 5463 pradica-

1948 5475 2152 5531 tionem
2172 5477 2399 5532 Ioannis
2419 5478 2850 5549 comprehendit,
2892 5478 2948 5534 id
2978 5486 3078 5544 est,
3104 5493 3228 5535 cum
3265 5479 3381 5535 fere
3403 5482 3551 5533 esset

1950 5564 2178 5637 triginta
2197 5580 2487 5621 annorum.
2532 5566 2703 5622 Lucas
2743 5564 3138 5639 signiﬁcantius
3157 5572 3428 5636 temporat
3448 5579 3548 5619 ex-

1952 5652 2137 5724 primit
2162 5670 2175 5708 :
2209 5656 2368 5709 Anno
2390 5654 2796 5725 quintodecimo
2826 5654 3043 5724 imperii
3071 5652 3272 5708 Tiberii
3292 5650 3548 5707 Casaris.

1950 5742 2294 5802 Prwdicans.
2325 5742 2689 5802 Manifestavit
2708 5758 2769 5799 se
2802 5741 2896 5814 qui
2911 5740 3066 5813 prius
3096 5739 3341 5810 siluerat,
3364 5739 3554 5822 bapti-g
