  <div class='ocr_page' id='page_1' title='image "/cluster/home/n/w/nwhite01/storage/ocr_20150623/114/hvd.32044052819893/045.png"; bbox 0 0 4000 6182; ppageno 0'>
   <div class='ocr_carea' id='block_1_1' title="bbox 487 393 3786 453">
    <p class='ocr_par' dir='ltr' id='par_1_1' title="bbox 487 393 3786 453">
     <span class='ocr_line' id='line_1_1' title="bbox 487 393 3786 453; baseline 0.001 -3"><span class='ocrx_word' id='word_1_1' title='bbox 487 397 557 450; x_wconf 84' lang='lat'><strong>79</strong></span> <span class='ocrx_word' id='word_1_2' title='bbox 1025 396 1429 451; x_wconf 81' lang='lat' dir='ltr'>WALAFRIDI</span> <span class='ocrx_word' id='word_1_3' title='bbox 1466 395 1709 452; x_wconf 80' lang='lat' dir='ltr'>STRABI</span> <span class='ocrx_word' id='word_1_4' title='bbox 1736 395 1943 451; x_wconf 88' lang='lat' dir='ltr'>FULD.</span> <span class='ocrx_word' id='word_1_5' title='bbox 1990 393 2163 451; x_wconf 81' lang='lat' dir='ltr'>MON.</span> <span class='ocrx_word' id='word_1_6' title='bbox 2195 393 2348 452; x_wconf 88' lang='lat' dir='ltr'>OPP.</span> <span class='ocrx_word' id='word_1_7' title='bbox 2391 396 2566 452; x_wconf 84' lang='lat' dir='ltr'>PARS</span> <span class='ocrx_word' id='word_1_8' title='bbox 2594 398 2636 452; x_wconf 91' lang='grc' dir='ltr'>Ι.</span> <span class='ocrx_word' id='word_1_9' title='bbox 2679 426 2749 438; x_wconf 89' lang='lat'>-—</span> <span class='ocrx_word' id='word_1_10' title='bbox 2776 396 3258 453; x_wconf 84' lang='lat' dir='ltr'>THEOLOGICA.</span> <span class='ocrx_word' id='word_1_11' title='bbox 3718 401 3786 452; x_wconf 87' lang='lat'>80</span> 
     </span>
    </p>
   </div>
   <div class='ocr_carea' id='block_1_2' title="bbox 480 518 3782 592">
    <p class='ocr_par' dir='ltr' id='par_1_2' title="bbox 480 518 3782 592">
     <span class='ocr_line' id='line_1_2' title="bbox 480 518 3782 592; baseline 0.001 -20"><span class='ocrx_word' id='word_1_12' title='bbox 480 535 544 573; x_wconf 86' lang='lat' dir='ltr'>za</span> <span class='ocrx_word' id='word_1_13' title='bbox 558 519 686 586; x_wconf 90' lang='lat' dir='ltr'>ndo,</span> <span class='ocrx_word' id='word_1_14' title='bbox 725 518 879 573; x_wconf 89' lang='lat' dir='ltr'>viam</span> <span class='ocrx_word' id='word_1_15' title='bbox 910 534 1231 590; x_wconf 63' lang='lat' dir='ltr'>praeparans</span> <span class='ocrx_word' id='word_1_16' title='bbox 1250 519 1502 575; x_wconf 88' lang='lat' dir='ltr'>Domino.</span> <span class='ocrx_word' id='word_1_17' title='bbox 1543 521 1610 573; x_wconf 89' lang='lat' dir='ltr'>In</span> <span class='ocrx_word' id='word_1_18' title='bbox 1628 519 1848 574; x_wconf 86' lang='lat' dir='ltr'>deserto</span> <span class='ocrx_word' id='word_1_19' title='bbox 1869 519 2093 575; x_wconf 71' lang='lat' dir='ltr'>Judazaz.</span> <span class='ocrx_word' id='word_1_20' title='bbox 2126 520 2450 591; x_wconf 78' lang='lat' dir='ltr'>Apretatur,</span> <span class='ocrx_word' id='word_1_21' title='bbox 2485 520 2609 591; x_wconf 87' lang='lat' dir='ltr'>quia</span> <span class='ocrx_word' id='word_1_22' title='bbox 2638 521 2707 575; x_wconf 89' lang='lat' dir='ltr'>de</span> <span class='ocrx_word' id='word_1_23' title='bbox 2736 521 2994 592; x_wconf 84' lang='lat' dir='ltr'>superbia</span> <span class='ocrx_word' id='word_1_24' title='bbox 3026 521 3227 576; x_wconf 84' lang='lat' dir='ltr'>veteris</span> <span class='ocrx_word' id='word_1_25' title='bbox 3257 518 3494 575; x_wconf 86' lang='lat' dir='ltr'>hominis</span> <span class='ocrx_word' id='word_1_26' title='bbox 3512 520 3579 575; x_wconf 92' lang='lat' dir='ltr'>ad</span> <span class='ocrx_word' id='word_1_27' title='bbox 3603 520 3782 575; x_wconf 89' lang='lat' dir='ltr'>humi-</span> 
     </span>
    </p>
   </div>
   <div class='ocr_carea' id='block_1_3' title="bbox 491 605 2086 679">
    <p class='ocr_par' dir='ltr' id='par_1_3' title="bbox 491 605 2086 679">
     <span class='ocr_line' id='line_1_3' title="bbox 491 605 2086 679; baseline 0 -18"><span class='ocrx_word' id='word_1_28' title='bbox 491 605 633 675; x_wconf 92' lang='lat' dir='ltr'>Quia</span> <span class='ocrx_word' id='word_1_29' title='bbox 653 606 826 662; x_wconf 84' lang='lat' dir='ltr'>Judaei</span> <span class='ocrx_word' id='word_1_30' title='bbox 856 624 887 661; x_wconf 91' lang='lat' dir='ltr'>a</span> <span class='ocrx_word' id='word_1_31' title='bbox 918 609 1033 662; x_wconf 91' lang='lat' dir='ltr'>Deo</span> <span class='ocrx_word' id='word_1_32' title='bbox 1068 608 1271 662; x_wconf 76' lang='lat' dir='ltr'>deserti</span> <span class='ocrx_word' id='word_1_33' title='bbox 1317 615 1491 677; x_wconf 90' lang='lat' dir='ltr'>erant,</span> <span class='ocrx_word' id='word_1_34' title='bbox 1546 607 1742 679; x_wconf 87' lang='lat' dir='ltr'>quibus</span> <span class='ocrx_word' id='word_1_35' title='bbox 1771 606 2086 662; x_wconf 88' lang='lat' dir='ltr'>necessaria</span> 
     </span>
    </p>
   </div>
   <div class='ocr_carea' id='block_1_4' title="bbox 494 695 1308 766">
    <p class='ocr_par' dir='ltr' id='par_1_4' title="bbox 494 695 1308 766">
     <span class='ocr_line' id='line_1_4' title="bbox 494 695 1308 766; baseline -0.002 -15"><span class='ocrx_word' id='word_1_36' title='bbox 494 703 577 751; x_wconf 90' lang='lat' dir='ltr'>est</span> <span class='ocrx_word' id='word_1_37' title='bbox 604 695 944 766; x_wconf 61' lang='lat' dir='ltr'>paenitentia,</span> <span class='ocrx_word' id='word_1_38' title='bbox 978 703 1037 750; x_wconf 91' lang='lat' dir='ltr'>ut</span> <span class='ocrx_word' id='word_1_39' title='bbox 1066 696 1308 751; x_wconf 81' lang='lat' dir='ltr'>redeant.</span> 
     </span>
    </p>
   </div>
   <div class='ocr_carea' id='block_1_5' title="bbox 576 800 2082 872">
    <p class='ocr_par' dir='ltr' id='par_1_5' title="bbox 576 800 2082 872">
     <span class='ocr_line' id='line_1_5' title="bbox 576 800 2082 872; baseline -0.001 -16"><span class='ocrx_word' id='word_1_40' title='bbox 576 802 749 857; x_wconf 73' lang='lat' dir='ltr'>Vens.</span> <span class='ocrx_word' id='word_1_41' title='bbox 793 805 853 860; x_wconf 80' lang='lat'>2.</span> <span class='ocrx_word' id='word_1_42' title='bbox 919 834 988 843; x_wconf 92' lang='lat'>—</span> <span class='ocrx_word' id='word_1_43' title='bbox 1030 804 1456 857; x_wconf 65' lang='lat' dir='ltr'>Paenitentiam.</span> <span class='ocrx_word' id='word_1_44' title='bbox 1515 802 1628 857; x_wconf 86' lang='lat' dir='ltr'>Hoc</span> <span class='ocrx_word' id='word_1_45' title='bbox 1657 816 1836 872; x_wconf 86' lang='lat' dir='ltr'>praeco</span> <span class='ocrx_word' id='word_1_46' title='bbox 1856 800 2082 868; x_wconf 86' lang='lat' dir='ltr'>nuntiat,</span> 
     </span>
    </p>
   </div>
   <div class='ocr_carea' id='block_1_6' title="bbox 502 889 2083 962">
    <p class='ocr_par' dir='ltr' id='par_1_6' title="bbox 502 889 2083 962">
     <span class='ocr_line' id='line_1_6' title="bbox 502 889 2083 962; baseline -0.001 -17"><span class='ocrx_word' id='word_1_47' title='bbox 502 890 648 962; x_wconf 88' lang='lat' dir='ltr'>quod</span> <span class='ocrx_word' id='word_1_48' title='bbox 676 898 799 961; x_wconf 92' lang='lat' dir='ltr'>post</span> <span class='ocrx_word' id='word_1_49' title='bbox 818 907 917 961; x_wconf 91' lang='lat' dir='ltr'>per</span> <span class='ocrx_word' id='word_1_50' title='bbox 945 890 1179 961; x_wconf 89' lang='lat' dir='ltr'>seipsam</span> <span class='ocrx_word' id='word_1_51' title='bbox 1201 890 1413 946; x_wconf 89' lang='lat' dir='ltr'>Veritas</span> <span class='ocrx_word' id='word_1_52' title='bbox 1436 908 1450 957; x_wconf 89' lang='lat'><strong>;</strong></span> <span class='ocrx_word' id='word_1_53' title='bbox 1473 889 1787 961; x_wconf 87' lang='lat' dir='ltr'>poenitentia</span> <span class='ocrx_word' id='word_1_54' title='bbox 1821 889 2083 959; x_wconf 63' lang='lat' dir='ltr'>praecedit</span> 
     </span>
    </p>
   </div>
   <div class='ocr_carea' id='block_1_7' title="bbox 489 976 2081 1050">
    <p class='ocr_par' dir='ltr' id='par_1_7' title="bbox 489 976 2081 1050">
     <span class='ocr_line' id='line_1_7' title="bbox 489 976 2081 1050; baseline -0.001 -17"><span class='ocrx_word' id='word_1_55' title='bbox 489 977 732 1049; x_wconf 87' lang='lat' dir='ltr'>sequitur</span> <span class='ocrx_word' id='word_1_56' title='bbox 758 977 1048 1049; x_wconf 88' lang='lat' dir='ltr'>promissio</span> <span class='ocrx_word' id='word_1_57' title='bbox 1098 977 1253 1050; x_wconf 85' lang='lat' dir='ltr'>regni</span> <span class='ocrx_word' id='word_1_58' title='bbox 1286 996 1299 1031; x_wconf 91' lang='lat'>:</span> <span class='ocrx_word' id='word_1_59' title='bbox 1351 978 1440 1049; x_wconf 90' lang='lat' dir='ltr'>qui</span> <span class='ocrx_word' id='word_1_60' title='bbox 1486 994 1614 1032; x_wconf 89' lang='lat' dir='ltr'>vere</span> <span class='ocrx_word' id='word_1_61' title='bbox 1651 976 1896 1047; x_wconf 80' lang='lat' dir='ltr'>poenitet,</span> <span class='ocrx_word' id='word_1_62' title='bbox 1937 976 1991 1030; x_wconf 91' lang='lat' dir='ltr'>in</span> <span class='ocrx_word' id='word_1_63' title='bbox 2023 993 2081 1032; x_wconf 90' lang='lat' dir='ltr'>se</span> 
     </span>
    </p>
   </div>
   <div class='ocr_carea' id='block_1_8' title="bbox 495 1064 2081 1138">
    <p class='ocr_par' dir='ltr' id='par_1_8' title="bbox 495 1064 2081 1138">
     <span class='ocr_line' id='line_1_8' title="bbox 495 1064 2081 1138; baseline -0.001 -16"><span class='ocrx_word' id='word_1_64' title='bbox 495 1066 800 1138; x_wconf 66' lang='lat' dir='ltr'>praeteritos</span> <span class='ocrx_word' id='word_1_65' title='bbox 830 1081 1065 1133; x_wconf 90' lang='lat' dir='ltr'>errores,</span> <span class='ocrx_word' id='word_1_66' title='bbox 1098 1065 1297 1120; x_wconf 91' lang='lat' dir='ltr'>deinde</span> <span class='ocrx_word' id='word_1_67' title='bbox 1309 1065 1469 1137; x_wconf 84' lang='lat' dir='ltr'>erigit</span> <span class='ocrx_word' id='word_1_68' title='bbox 1497 1065 1733 1120; x_wconf 90' lang='lat' dir='ltr'>animum</span> <span class='ocrx_word' id='word_1_69' title='bbox 1763 1065 1831 1119; x_wconf 91' lang='lat' dir='ltr'>ad</span> <span class='ocrx_word' id='word_1_70' title='bbox 1859 1064 2081 1121; x_wconf 66' lang='lat' dir='ltr'>caeleste</span> 
     </span>
    </p>
   </div>
   <div class='ocr_carea' id='block_1_9' title="bbox 499 1152 2085 1226">
    <p class='ocr_par' dir='ltr' id='par_1_9' title="bbox 499 1152 2085 1226">
     <span class='ocr_line' id='line_1_9' title="bbox 499 1152 2085 1226; baseline 0 -18"><span class='ocrx_word' id='word_1_71' title='bbox 499 1170 754 1226; x_wconf 79' lang='lat' dir='ltr'>regnum.</span> <span class='ocrx_word' id='word_1_72' title='bbox 782 1154 836 1209; x_wconf 92' lang='lat' dir='ltr'>Si</span> <span class='ocrx_word' id='word_1_73' title='bbox 864 1154 1035 1226; x_wconf 82' lang='lat' dir='ltr'>gratis</span> <span class='ocrx_word' id='word_1_74' title='bbox 1062 1153 1116 1207; x_wconf 91' lang='lat' dir='ltr'>in</span> <span class='ocrx_word' id='word_1_75' title='bbox 1146 1152 1413 1224; x_wconf 89' lang='lat' dir='ltr'>baptismo</span> <span class='ocrx_word' id='word_1_76' title='bbox 1426 1154 1484 1207; x_wconf 85' lang='lat' dir='ltr'>ﬁt</span> <span class='ocrx_word' id='word_1_77' title='bbox 1512 1153 1777 1221; x_wconf 88' lang='lat' dir='ltr'>remissio,</span> <span class='ocrx_word' id='word_1_78' title='bbox 1811 1169 1909 1207; x_wconf 90' lang='lat' dir='ltr'>cur</span> <span class='ocrx_word' id='word_1_79' title='bbox 1938 1169 2085 1223; x_wconf 64' lang='lat' dir='ltr'>prae-</span> 
     </span>
    </p>
   </div>
   <div class='ocr_carea' id='block_1_10' title="bbox 494 1240 2078 1313">
    <p class='ocr_par' dir='ltr' id='par_1_10' title="bbox 494 1240 2078 1313">
     <span class='ocr_line' id='line_1_10' title="bbox 494 1240 2078 1313; baseline -0.001 -17"><span class='ocrx_word' id='word_1_80' title='bbox 494 1242 701 1297; x_wconf 87' lang='lat' dir='ltr'>dicatur</span> <span class='ocrx_word' id='word_1_81' title='bbox 726 1241 1042 1313; x_wconf 74' lang='lat' dir='ltr'>pmnitentia</span> <span class='ocrx_word' id='word_1_82' title='bbox 1066 1241 1095 1295; x_wconf 79' lang='lat'><strong>?</strong></span> <span class='ocrx_word' id='word_1_83' title='bbox 1123 1242 1232 1296; x_wconf 86' lang='lat' dir='ltr'>Sed</span> <span class='ocrx_word' id='word_1_84' title='bbox 1262 1241 1453 1311; x_wconf 89' lang='lat' dir='ltr'>triplex</span> <span class='ocrx_word' id='word_1_85' title='bbox 1483 1249 1567 1295; x_wconf 90' lang='lat' dir='ltr'>est</span> <span class='ocrx_word' id='word_1_86' title='bbox 1592 1241 1785 1296; x_wconf 91' lang='lat' dir='ltr'>modus</span> <span class='ocrx_word' id='word_1_87' title='bbox 1808 1240 2078 1311; x_wconf 66' lang='lat' dir='ltr'>pozniten-</span> 
     </span>
    </p>
   </div>
   <div class='ocr_carea' id='block_1_11' title="bbox 492 1329 2077 1400">
    <p class='ocr_par' dir='ltr' id='par_1_11' title="bbox 492 1329 2077 1400">
     <span class='ocr_line' id='line_1_11' title="bbox 492 1329 2077 1400; baseline -0.001 -16"><span class='ocrx_word' id='word_1_88' title='bbox 492 1330 597 1386; x_wconf 70' lang='lat' dir='ltr'>tiae.</span> <span class='ocrx_word' id='word_1_89' title='bbox 628 1330 856 1396; x_wconf 89' lang='lat' dir='ltr'>Primus,</span> <span class='ocrx_word' id='word_1_90' title='bbox 892 1344 1106 1385; x_wconf 91' lang='lat' dir='ltr'>errores</span> <span class='ocrx_word' id='word_1_91' title='bbox 1135 1337 1188 1383; x_wconf 90' lang='lat' dir='ltr'>et</span> <span class='ocrx_word' id='word_1_92' title='bbox 1214 1329 1397 1383; x_wconf 88' lang='lat' dir='ltr'>omnia</span> <span class='ocrx_word' id='word_1_93' title='bbox 1424 1329 1571 1384; x_wconf 92' lang='lat' dir='ltr'>mala</span> <span class='ocrx_word' id='word_1_94' title='bbox 1600 1338 1723 1385; x_wconf 88' lang='lat' dir='ltr'>ante</span> <span class='ocrx_word' id='word_1_95' title='bbox 1752 1329 2077 1400; x_wconf 86' lang='lat' dir='ltr'>baptismum</span> 
     </span>
    </p>
   </div>
   <div class='ocr_carea' id='block_1_12' title="bbox 485 1417 2077 1489">
    <p class='ocr_par' dir='ltr' id='par_1_12' title="bbox 485 1417 2077 1489">
     <span class='ocr_line' id='line_1_12' title="bbox 485 1417 2077 1489; baseline -0.001 -17"><span class='ocrx_word' id='word_1_96' title='bbox 485 1418 868 1473; x_wconf 83' lang='lat' dir='ltr'>abrenuntiare</span> <span class='ocrx_word' id='word_1_97' title='bbox 916 1424 969 1472; x_wconf 92' lang='lat' dir='ltr'>et</span> <span class='ocrx_word' id='word_1_98' title='bbox 998 1417 1366 1472; x_wconf 85' lang='lat' dir='ltr'>condemnare</span> <span class='ocrx_word' id='word_1_99' title='bbox 1400 1435 1413 1471; x_wconf 93' lang='lat'>:</span> <span class='ocrx_word' id='word_1_100' title='bbox 1455 1418 1597 1489; x_wconf 91' lang='lat' dir='ltr'>quod</span> <span class='ocrx_word' id='word_1_101' title='bbox 1643 1433 1868 1472; x_wconf 92' lang='lat' dir='ltr'>necesse</span> <span class='ocrx_word' id='word_1_102' title='bbox 1897 1424 1979 1472; x_wconf 91' lang='lat' dir='ltr'>est</span> <span class='ocrx_word' id='word_1_103' title='bbox 2007 1417 2077 1471; x_wconf 89' lang='lat' dir='ltr'>ad</span> 
     </span>
    </p>
   </div>
   <div class='ocr_carea' id='block_1_13' title="bbox 485 1504 2076 1576">
    <p class='ocr_par' dir='ltr' id='par_1_13' title="bbox 485 1504 2076 1576">
     <span class='ocr_line' id='line_1_13' title="bbox 485 1504 2076 1576; baseline -0.001 -16"><span class='ocrx_word' id='word_1_104' title='bbox 485 1506 762 1561; x_wconf 87' lang='lat' dir='ltr'>Christum</span> <span class='ocrx_word' id='word_1_105' title='bbox 790 1504 1048 1561; x_wconf 90' lang='lat' dir='ltr'>venturis.</span> <span class='ocrx_word' id='word_1_106' title='bbox 1083 1505 1384 1571; x_wconf 88' lang='lat' dir='ltr'>Secundus,</span> <span class='ocrx_word' id='word_1_107' title='bbox 1408 1513 1531 1576; x_wconf 90' lang='lat' dir='ltr'>post</span> <span class='ocrx_word' id='word_1_108' title='bbox 1550 1504 1879 1576; x_wconf 90' lang='lat' dir='ltr'>baptismum</span> <span class='ocrx_word' id='word_1_109' title='bbox 1895 1506 2076 1575; x_wconf 91' lang='lat' dir='ltr'>lapsos</span> 
     </span>
    </p>
   </div>
   <div class='ocr_carea' id='block_1_14' title="bbox 482 1593 2076 1665">
    <p class='ocr_par' dir='ltr' id='par_1_14' title="bbox 482 1593 2076 1665">
     <span class='ocr_line' id='line_1_14' title="bbox 482 1593 2076 1665; baseline 0.001 -16"><span class='ocrx_word' id='word_1_110' title='bbox 482 1609 582 1665; x_wconf 90' lang='lat' dir='ltr'>per</span> <span class='ocrx_word' id='word_1_111' title='bbox 599 1594 973 1665; x_wconf 64' lang='lat' dir='ltr'>paenitentiam</span> <span class='ocrx_word' id='word_1_112' title='bbox 1001 1594 1265 1649; x_wconf 89' lang='lat' dir='ltr'>revocari.</span> <span class='ocrx_word' id='word_1_113' title='bbox 1303 1594 1534 1661; x_wconf 91' lang='lat' dir='ltr'>Tertius,</span> <span class='ocrx_word' id='word_1_114' title='bbox 1588 1610 1695 1665; x_wconf 88' lang='lat' dir='ltr'>quo</span> <span class='ocrx_word' id='word_1_115' title='bbox 1734 1593 1903 1649; x_wconf 88' lang='lat' dir='ltr'>sancti</span> <span class='ocrx_word' id='word_1_116' title='bbox 1940 1608 2076 1665; x_wconf 92' lang='lat' dir='ltr'>quo-</span> 
     </span>
    </p>
   </div>
   <div class='ocr_carea' id='block_1_15' title="bbox 483 1680 2073 1756">
    <p class='ocr_par' dir='ltr' id='par_1_15' title="bbox 483 1680 2073 1756">
     <span class='ocr_line' id='line_1_15' title="bbox 483 1680 2073 1756; baseline -0.002 -18"><span class='ocrx_word' id='word_1_117' title='bbox 483 1683 617 1739; x_wconf 91' lang='lat' dir='ltr'>tidie</span> <span class='ocrx_word' id='word_1_118' title='bbox 647 1700 678 1737; x_wconf 91' lang='lat' dir='ltr'>a</span> <span class='ocrx_word' id='word_1_119' title='bbox 706 1683 902 1738; x_wconf 87' lang='lat' dir='ltr'>talibus</span> <span class='ocrx_word' id='word_1_120' title='bbox 932 1691 1237 1756; x_wconf 87' lang='lat' dir='ltr'>purgantur</span> <span class='ocrx_word' id='word_1_121' title='bbox 1280 1682 1523 1755; x_wconf 78' lang='lat' dir='ltr'>peccatis</span> <span class='ocrx_word' id='word_1_122' title='bbox 1570 1682 1687 1738; x_wconf 90' lang='lat' dir='ltr'>sine</span> <span class='ocrx_word' id='word_1_123' title='bbox 1729 1682 1928 1755; x_wconf 88' lang='lat' dir='ltr'>quibus</span> <span class='ocrx_word' id='word_1_124' title='bbox 1966 1680 2073 1737; x_wconf 91' lang='lat' dir='ltr'>vita</span> 
     </span>
    </p>
   </div>
   <div class='ocr_carea' id='block_1_16' title="bbox 481 1772 816 1845">
    <p class='ocr_par' dir='ltr' id='par_1_16' title="bbox 481 1772 816 1845">
     <span class='ocr_line' id='line_1_16' title="bbox 481 1772 816 1845; baseline -0.006 -18"><span class='ocrx_word' id='word_1_125' title='bbox 481 1788 593 1829; x_wconf 91' lang='lat' dir='ltr'>non</span> <span class='ocrx_word' id='word_1_126' title='bbox 618 1772 816 1845; x_wconf 88' lang='lat' dir='ltr'>agitur.</span> 
     </span>
    </p>
   </div>
   <div class='ocr_carea' id='block_1_17' title="bbox 548 1876 2141 1947">
    <p class='ocr_par' dir='ltr' id='par_1_17' title="bbox 548 1876 2141 1947">
     <span class='ocr_line' id='line_1_17' title="bbox 548 1876 2141 1947; baseline -0.002 -14"><span class='ocrx_word' id='word_1_127' title='bbox 548 1878 820 1934; x_wconf 78' lang='lat' dir='ltr'>Poenitere</span> <span class='ocrx_word' id='word_1_128' title='bbox 866 1886 950 1933; x_wconf 89' lang='lat' dir='ltr'>est</span> <span class='ocrx_word' id='word_1_129' title='bbox 991 1885 1116 1933; x_wconf 90' lang='lat' dir='ltr'>ante</span> <span class='ocrx_word' id='word_1_130' title='bbox 1157 1885 1274 1933; x_wconf 91' lang='lat' dir='ltr'>acta</span> <span class='ocrx_word' id='word_1_131' title='bbox 1306 1877 1527 1946; x_wconf 84' lang='lat' dir='ltr'>deﬂere,</span> <span class='ocrx_word' id='word_1_132' title='bbox 1585 1885 1635 1932; x_wconf 90' lang='lat' dir='ltr'>et</span> <span class='ocrx_word' id='word_1_133' title='bbox 1680 1876 1929 1932; x_wconf 85' lang='lat' dir='ltr'>deﬂenda</span> <span class='ocrx_word' id='word_1_134' title='bbox 1958 1887 2141 1947; x_wconf 87' lang='lat' dir='ltr'>nonB</span> 
     </span>
    </p>
   </div>
   <div class='ocr_carea' id='block_1_18' title="bbox 480 1964 2068 2039">
    <p class='ocr_par' dir='ltr' id='par_1_18' title="bbox 480 1964 2068 2039">
     <span class='ocr_line' id='line_1_18' title="bbox 480 1964 2068 2039; baseline -0.003 -16"><span class='ocrx_word' id='word_1_135' title='bbox 480 1966 836 2023; x_wconf 88' lang='lat' dir='ltr'>committere.</span> <span class='ocrx_word' id='word_1_136' title='bbox 868 1966 1257 2022; x_wconf 87' lang='lat' dir='ltr'>Poenitentibus</span> <span class='ocrx_word' id='word_1_137' title='bbox 1309 1983 1539 2039; x_wconf 86' lang='lat' dir='ltr'>regnum</span> <span class='ocrx_word' id='word_1_138' title='bbox 1569 1964 1828 2021; x_wconf 74' lang='lat' dir='ltr'>cmlorum</span> <span class='ocrx_word' id='word_1_139' title='bbox 1855 1965 2068 2033; x_wconf 88' lang='lat' dir='ltr'>adesse,</span> 
     </span>
    </p>
   </div>
   <div class='ocr_carea' id='block_1_19' title="bbox 478 2053 2071 2126">
    <p class='ocr_par' dir='ltr' id='par_1_19' title="bbox 478 2053 2071 2126">
     <span class='ocr_line' id='line_1_19' title="bbox 478 2053 2071 2126; baseline -0.004 -14"><span class='ocrx_word' id='word_1_140' title='bbox 478 2056 690 2112; x_wconf 90' lang='lat' dir='ltr'>dicitur.</span> <span class='ocrx_word' id='word_1_141' title='bbox 739 2053 862 2110; x_wconf 91' lang='lat' dir='ltr'>Non</span> <span class='ocrx_word' id='word_1_142' title='bbox 892 2063 1125 2123; x_wconf 90' lang='lat' dir='ltr'>terrena,</span> <span class='ocrx_word' id='word_1_143' title='bbox 1178 2063 1235 2109; x_wconf 92' lang='lat' dir='ltr'>ut</span> <span class='ocrx_word' id='word_1_144' title='bbox 1264 2054 1317 2108; x_wconf 92' lang='lat' dir='ltr'>in</span> <span class='ocrx_word' id='word_1_145' title='bbox 1361 2053 1531 2110; x_wconf 84' lang='lat' dir='ltr'>veteri</span> <span class='ocrx_word' id='word_1_146' title='bbox 1559 2055 1714 2126; x_wconf 89' lang='lat' dir='ltr'>lege:</span> <span class='ocrx_word' id='word_1_147' title='bbox 1749 2062 1802 2109; x_wconf 91' lang='lat' dir='ltr'>et</span> <span class='ocrx_word' id='word_1_148' title='bbox 1846 2055 1949 2109; x_wconf 89' lang='lat' dir='ltr'>hoc</span> <span class='ocrx_word' id='word_1_149' title='bbox 1974 2069 2071 2124; x_wconf 90' lang='lat' dir='ltr'>per</span> 
     </span>
    </p>
   </div>
   <div class='ocr_carea' id='block_1_20' title="bbox 474 2141 2068 2215">
    <p class='ocr_par' dir='ltr' id='par_1_20' title="bbox 474 2141 2068 2215">
     <span class='ocr_line' id='line_1_20' title="bbox 474 2141 2068 2215; baseline -0.004 -15"><span class='ocrx_word' id='word_1_150' title='bbox 474 2142 842 2201; x_wconf 87' lang='lat' dir='ltr'>obedientiam</span> <span class='ocrx_word' id='word_1_151' title='bbox 870 2142 1083 2197; x_wconf 87' lang='lat' dir='ltr'>Christi.</span> <span class='ocrx_word' id='word_1_152' title='bbox 1125 2143 1194 2197; x_wconf 91' lang='lat' dir='ltr'>Et</span> <span class='ocrx_word' id='word_1_153' title='bbox 1238 2143 1341 2198; x_wconf 89' lang='lat' dir='ltr'>hoc</span> <span class='ocrx_word' id='word_1_154' title='bbox 1388 2159 1615 2215; x_wconf 84' lang='lat' dir='ltr'>regnum</span> <span class='ocrx_word' id='word_1_155' title='bbox 1664 2142 1924 2197; x_wconf 75' lang='lat' dir='ltr'>caelorum</span> <span class='ocrx_word' id='word_1_156' title='bbox 1952 2141 2068 2211; x_wconf 88' lang='lat' dir='ltr'>pri-</span> 
     </span>
    </p>
   </div>
   <div class='ocr_carea' id='block_1_21' title="bbox 473 2228 2067 2302">
    <p class='ocr_par' dir='ltr' id='par_1_21' title="bbox 473 2228 2067 2302">
     <span class='ocr_line' id='line_1_21' title="bbox 473 2228 2067 2302; baseline -0.004 -15"><span class='ocrx_word' id='word_1_157' title='bbox 473 2248 597 2288; x_wconf 92' lang='lat' dir='ltr'>mus</span> <span class='ocrx_word' id='word_1_158' title='bbox 624 2232 860 2287; x_wconf 86' lang='lat' dir='ltr'>Joannes</span> <span class='ocrx_word' id='word_1_159' title='bbox 888 2230 1206 2302; x_wconf 65' lang='lat' dir='ltr'>praedicavit</span> <span class='ocrx_word' id='word_1_160' title='bbox 1238 2248 1252 2285; x_wconf 91' lang='lat'>:</span> <span class='ocrx_word' id='word_1_161' title='bbox 1292 2232 1703 2286; x_wconf 67' lang='lat' dir='ltr'>Paenitentiam</span> <span class='ocrx_word' id='word_1_162' title='bbox 1733 2231 1904 2301; x_wconf 82' lang='lat' dir='ltr'>agite.</span> <span class='ocrx_word' id='word_1_163' title='bbox 1945 2228 2067 2282; x_wconf 88' lang='lat' dir='ltr'>Pri-</span> 
     </span>
    </p>
   </div>
   <div class='ocr_carea' id='block_1_22' title="bbox 477 2318 2066 2390">
    <p class='ocr_par' dir='ltr' id='par_1_22' title="bbox 477 2318 2066 2390">
     <span class='ocr_line' id='line_1_22' title="bbox 477 2318 2066 2390; baseline -0.003 -15"><span class='ocrx_word' id='word_1_164' title='bbox 477 2337 566 2376; x_wconf 93' lang='lat' dir='ltr'>ma</span> <span class='ocrx_word' id='word_1_165' title='bbox 593 2320 763 2375; x_wconf 88' lang='lat' dir='ltr'>virtus</span> <span class='ocrx_word' id='word_1_166' title='bbox 811 2327 913 2385; x_wconf 89' lang='lat' dir='ltr'>est,</span> <span class='ocrx_word' id='word_1_167' title='bbox 963 2336 1063 2389; x_wconf 90' lang='lat' dir='ltr'>per</span> <span class='ocrx_word' id='word_1_168' title='bbox 1096 2318 1469 2390; x_wconf 67' lang='lat' dir='ltr'>paznitentiam</span> <span class='ocrx_word' id='word_1_169' title='bbox 1507 2318 1780 2389; x_wconf 90' lang='lat' dir='ltr'>perimere</span> <span class='ocrx_word' id='word_1_170' title='bbox 1827 2325 2066 2373; x_wconf 88' lang='lat' dir='ltr'>veterem</span> 
     </span>
    </p>
   </div>
   <div class='ocr_carea' id='block_1_23' title="bbox 471 2406 2066 2477">
    <p class='ocr_par' dir='ltr' id='par_1_23' title="bbox 471 2406 2066 2477">
     <span class='ocr_line' id='line_1_23' title="bbox 471 2406 2066 2477; baseline -0.003 -13"><span class='ocrx_word' id='word_1_171' title='bbox 471 2407 768 2477; x_wconf 86' lang='lat' dir='ltr'>hominem,</span> <span class='ocrx_word' id='word_1_172' title='bbox 801 2414 854 2462; x_wconf 90' lang='lat' dir='ltr'>et</span> <span class='ocrx_word' id='word_1_173' title='bbox 878 2407 1009 2462; x_wconf 89' lang='lat' dir='ltr'>vitia</span> <span class='ocrx_word' id='word_1_174' title='bbox 1036 2406 1219 2462; x_wconf 91' lang='lat' dir='ltr'>odisse</span> <span class='ocrx_word' id='word_1_175' title='bbox 1252 2425 1265 2460; x_wconf 95' lang='lat'>:</span> <span class='ocrx_word' id='word_1_176' title='bbox 1314 2407 1459 2477; x_wconf 90' lang='lat' dir='ltr'>quod</span> <span class='ocrx_word' id='word_1_177' title='bbox 1505 2407 1595 2477; x_wconf 87' lang='lat' dir='ltr'>qui</span> <span class='ocrx_word' id='word_1_178' title='bbox 1636 2423 1744 2462; x_wconf 93' lang='lat' dir='ltr'>non</span> <span class='ocrx_word' id='word_1_179' title='bbox 1786 2406 1931 2475; x_wconf 87' lang='lat' dir='ltr'>facit,</span> <span class='ocrx_word' id='word_1_180' title='bbox 1957 2421 2066 2461; x_wconf 89' lang='lat' dir='ltr'>non</span> 
     </span>
    </p>
   </div>
   <div class='ocr_carea' id='block_1_24' title="bbox 469 2493 2067 2565">
    <p class='ocr_par' dir='ltr' id='par_1_24' title="bbox 469 2493 2067 2565">
     <span class='ocr_line' id='line_1_24' title="bbox 469 2493 2067 2565; baseline -0.001 -15"><span class='ocrx_word' id='word_1_181' title='bbox 469 2496 633 2552; x_wconf 93' lang='lat' dir='ltr'>modo</span> <span class='ocrx_word' id='word_1_182' title='bbox 655 2496 881 2552; x_wconf 86' lang='lat' dir='ltr'>virtutes</span> <span class='ocrx_word' id='word_1_183' title='bbox 908 2509 1018 2550; x_wconf 90' lang='lat' dir='ltr'>non</span> <span class='ocrx_word' id='word_1_184' title='bbox 1048 2493 1479 2565; x_wconf 91' lang='lat' dir='ltr'>comprehendit,</span> <span class='ocrx_word' id='word_1_185' title='bbox 1506 2494 1602 2548; x_wconf 91' lang='lat' dir='ltr'>sed</span> <span class='ocrx_word' id='word_1_186' title='bbox 1628 2510 1731 2549; x_wconf 91' lang='lat' dir='ltr'>nec</span> <span class='ocrx_word' id='word_1_187' title='bbox 1751 2494 1911 2549; x_wconf 90' lang='lat' dir='ltr'>etiam</span> <span class='ocrx_word' id='word_1_188' title='bbox 1940 2510 2067 2564; x_wconf 87' lang='lat' dir='ltr'>sup-</span> 
     </span>
    </p>
   </div>
   <div class='ocr_carea' id='block_1_25' title="bbox 467 2581 2067 2657">
    <p class='ocr_par' dir='ltr' id='par_1_25' title="bbox 467 2581 2067 2657">
     <span class='ocr_line' id='line_1_25' title="bbox 467 2581 2067 2657; baseline -0.002 -18"><span class='ocrx_word' id='word_1_189' title='bbox 467 2584 634 2657; x_wconf 89' lang='lat' dir='ltr'>plicia</span> <span class='ocrx_word' id='word_1_190' title='bbox 660 2583 815 2657; x_wconf 81' lang='lat' dir='ltr'>fugit.</span> <span class='ocrx_word' id='word_1_191' title='bbox 849 2582 1186 2638; x_wconf 76' lang='lat' dir='ltr'>Poenitentia:</span> <span class='ocrx_word' id='word_1_192' title='bbox 1216 2582 1382 2637; x_wconf 88' lang='lat' dir='ltr'>virtus</span> <span class='ocrx_word' id='word_1_193' title='bbox 1411 2581 1603 2637; x_wconf 90' lang='lat' dir='ltr'>timore</span> <span class='ocrx_word' id='word_1_194' title='bbox 1631 2582 1949 2653; x_wconf 89' lang='lat' dir='ltr'>concipitur,</span> <span class='ocrx_word' id='word_1_195' title='bbox 1975 2582 2067 2653; x_wconf 91' lang='lat' dir='ltr'>qui</span> 
     </span>
    </p>
   </div>
   <div class='ocr_carea' id='block_1_26' title="bbox 468 2669 2066 2743">
    <p class='ocr_par' dir='ltr' id='par_1_26' title="bbox 468 2669 2066 2743">
     <span class='ocr_line' id='line_1_26' title="bbox 468 2669 2066 2743; baseline -0.003 -15"><span class='ocrx_word' id='word_1_196' title='bbox 468 2680 551 2729; x_wconf 89' lang='lat' dir='ltr'>est</span> <span class='ocrx_word' id='word_1_197' title='bbox 572 2672 784 2726; x_wconf 89' lang='lat' dir='ltr'>initium</span> <span class='ocrx_word' id='word_1_198' title='bbox 830 2670 1129 2741; x_wconf 67' lang='lat' dir='ltr'>sapientiaa.</span> <span class='ocrx_word' id='word_1_199' title='bbox 1181 2670 1500 2725; x_wconf 73' lang='lat' dir='ltr'>Pmnitentia</span> <span class='ocrx_word' id='word_1_200' title='bbox 1548 2686 1579 2723; x_wconf 89' lang='lat' dir='ltr'>a</span> <span class='ocrx_word' id='word_1_201' title='bbox 1607 2669 1902 2740; x_wconf 89' lang='lat' dir='ltr'>puniendo,</span> <span class='ocrx_word' id='word_1_202' title='bbox 1962 2686 2066 2743; x_wconf 78' lang='lat' dir='ltr'>qua</span> 
     </span>
    </p>
   </div>
   <div class='ocr_carea' id='block_1_27' title="bbox 466 2756 1581 2834">
    <p class='ocr_par' dir='ltr' id='par_1_27' title="bbox 466 2756 1581 2834">
     <span class='ocr_line' id='line_1_27' title="bbox 466 2756 1581 2834; baseline -0.004 -19"><span class='ocrx_word' id='word_1_203' title='bbox 466 2760 697 2834; x_wconf 90' lang='lat' dir='ltr'>quisque</span> <span class='ocrx_word' id='word_1_204' title='bbox 723 2758 877 2831; x_wconf 90' lang='lat' dir='ltr'>punit</span> <span class='ocrx_word' id='word_1_205' title='bbox 908 2758 1053 2830; x_wconf 90' lang='lat' dir='ltr'>quod</span> <span class='ocrx_word' id='word_1_206' title='bbox 1080 2758 1263 2825; x_wconf 64' lang='lat' dir='ltr'>illicita</span> <span class='ocrx_word' id='word_1_207' title='bbox 1292 2756 1581 2814; x_wconf 90' lang='lat' dir='ltr'>commisit.</span> 
     </span>
    </p>
   </div>
   <div class='ocr_carea' id='block_1_28' title="bbox 541 2862 2063 2937">
    <p class='ocr_par' dir='ltr' id='par_1_28' title="bbox 541 2862 2063 2937">
     <span class='ocr_line' id='line_1_28' title="bbox 541 2862 2063 2937; baseline -0.001 -16"><span class='ocrx_word' id='word_1_208' title='bbox 541 2864 922 2921; x_wconf 75' lang='lat' dir='ltr'>Pcenitentiam</span> <span class='ocrx_word' id='word_1_209' title='bbox 968 2880 1138 2937; x_wconf 90' lang='lat' dir='ltr'>agere</span> <span class='ocrx_word' id='word_1_210' title='bbox 1165 2871 1249 2919; x_wconf 92' lang='lat' dir='ltr'>est</span> <span class='ocrx_word' id='word_1_211' title='bbox 1268 2863 1466 2937; x_wconf 87' lang='lat' dir='ltr'>dignos</span> <span class='ocrx_word' id='word_1_212' title='bbox 1498 2862 1701 2918; x_wconf 85' lang='lat' dir='ltr'>fructus</span> <span class='ocrx_word' id='word_1_213' title='bbox 1731 2862 2063 2935; x_wconf 67' lang='lat' dir='ltr'>poenitentia:</span> 
     </span>
    </p>
   </div>
   <div class='ocr_carea' id='block_1_29' title="bbox 468 2950 2062 3026">
    <p class='ocr_par' dir='ltr' id='par_1_29' title="bbox 468 2950 2062 3026">
     <span class='ocr_line' id='line_1_29' title="bbox 468 2950 2062 3026; baseline -0.004 -14"><span class='ocrx_word' id='word_1_214' title='bbox 468 2953 666 3012; x_wconf 83' lang='lat' dir='ltr'>facere.</span> <span class='ocrx_word' id='word_1_215' title='bbox 697 2957 951 3026; x_wconf 84' lang='lat' dir='ltr'>Regnum</span> <span class='ocrx_word' id='word_1_216' title='bbox 970 2954 1255 3009; x_wconf 80' lang='lat' dir='ltr'>cwlorum.</span> <span class='ocrx_word' id='word_1_217' title='bbox 1292 2953 1352 3006; x_wconf 90' lang='lat' dir='ltr'>Id</span> <span class='ocrx_word' id='word_1_218' title='bbox 1372 2960 1455 3007; x_wconf 91' lang='lat' dir='ltr'>est</span> <span class='ocrx_word' id='word_1_219' title='bbox 1482 2950 1747 3021; x_wconf 88' lang='lat' dir='ltr'>Christus,</span> <span class='ocrx_word' id='word_1_220' title='bbox 1779 2969 1881 3022; x_wconf 90' lang='lat' dir='ltr'>per</span> <span class='ocrx_word' id='word_1_221' title='bbox 1901 2968 2062 3023; x_wconf 91' lang='lat' dir='ltr'>quem</span> 
     </span>
    </p>
   </div>
   <div class='ocr_carea' id='block_1_30' title="bbox 470 3039 2062 3115">
    <p class='ocr_par' dir='ltr' id='par_1_30' title="bbox 470 3039 2062 3115">
     <span class='ocr_line' id='line_1_30' title="bbox 470 3039 2062 3115; baseline -0.003 -15"><span class='ocrx_word' id='word_1_222' title='bbox 470 3043 642 3100; x_wconf 83' lang='lat' dir='ltr'>sancti</span> <span class='ocrx_word' id='word_1_223' title='bbox 673 3049 903 3115; x_wconf 89' lang='lat' dir='ltr'>regnant</span> <span class='ocrx_word' id='word_1_224' title='bbox 933 3041 987 3095; x_wconf 92' lang='lat' dir='ltr'>in</span> <span class='ocrx_word' id='word_1_225' title='bbox 1034 3040 1365 3098; x_wconf 87' lang='lat' dir='ltr'>coelestibus.</span> <span class='ocrx_word' id='word_1_226' title='bbox 1401 3039 1500 3096; x_wconf 85' lang='lat' dir='ltr'>Vel</span> <span class='ocrx_word' id='word_1_227' title='bbox 1527 3039 1909 3112; x_wconf 86' lang='lat' dir='ltr'>Evangelium,</span> <span class='ocrx_word' id='word_1_228' title='bbox 1954 3056 2062 3111; x_wconf 89' lang='lat' dir='ltr'>quo</span> 
     </span>
    </p>
   </div>
   <div class='ocr_carea' id='block_1_31' title="bbox 459 3130 1018 3203">
    <p class='ocr_par' dir='ltr' id='par_1_31' title="bbox 459 3130 1018 3203">
     <span class='ocr_line' id='line_1_31' title="bbox 459 3130 1018 3203; baseline -0.007 -16"><span class='ocrx_word' id='word_1_229' title='bbox 459 3131 653 3188; x_wconf 86' lang='lat' dir='ltr'>invitat</span> <span class='ocrx_word' id='word_1_230' title='bbox 673 3130 743 3185; x_wconf 91' lang='lat' dir='ltr'>ad</span> <span class='ocrx_word' id='word_1_231' title='bbox 764 3136 1018 3203; x_wconf 82' lang='lat' dir='ltr'>regnum.</span> 
     </span>
    </p>
   </div>
   <div class='ocr_carea' id='block_1_32' title="bbox 2180 608 3775 677">
    <p class='ocr_par' dir='ltr' id='par_1_32' title="bbox 2180 608 3775 677">
     <span class='ocr_line' id='line_1_32' title="bbox 2180 608 3775 677; baseline 0.001 -15"><span class='ocrx_word' id='word_1_232' title='bbox 2180 608 2406 677; x_wconf 87' lang='lat' dir='ltr'>litatem,</span> <span class='ocrx_word' id='word_1_233' title='bbox 2457 608 2816 671; x_wconf 74' lang='lat' dir='ltr'>confessionis</span> <span class='ocrx_word' id='word_1_234' title='bbox 2845 617 2898 664; x_wconf 92' lang='lat' dir='ltr'>et</span> <span class='ocrx_word' id='word_1_235' title='bbox 2934 608 3329 664; x_wconf 88' lang='lat' dir='ltr'>emendationis</span> <span class='ocrx_word' id='word_1_236' title='bbox 3350 609 3775 665; x_wconf 88' lang='lat' dir='ltr'>descendebant.</span> 
     </span>
    </p>
   </div>
   <div class='ocr_carea' id='block_1_33' title="bbox 2175 696 3781 767">
    <p class='ocr_par' dir='ltr' id='par_1_33' title="bbox 2175 696 3781 767">
     <span class='ocr_line' id='line_1_33' title="bbox 2175 696 3781 767; baseline 0.001 -18"><span class='ocrx_word' id='word_1_237' title='bbox 2175 696 2295 750; x_wconf 90' lang='lat' dir='ltr'>Jam</span> <span class='ocrx_word' id='word_1_238' title='bbox 2316 704 2445 752; x_wconf 91' lang='lat' dir='ltr'>tunc</span> <span class='ocrx_word' id='word_1_239' title='bbox 2465 696 2611 751; x_wconf 91' lang='lat' dir='ltr'>enim</span> <span class='ocrx_word' id='word_1_240' title='bbox 2644 697 2983 767; x_wconf 87' lang='lat' dir='ltr'>baptizandis</span> <span class='ocrx_word' id='word_1_241' title='bbox 3015 696 3327 766; x_wconf 89' lang='lat' dir='ltr'>exemplum</span> <span class='ocrx_word' id='word_1_242' title='bbox 3357 696 3591 751; x_wconf 86' lang='lat' dir='ltr'>dabatur</span> <span class='ocrx_word' id='word_1_243' title='bbox 3617 696 3781 753; x_wconf 85' lang='lat' dir='ltr'>conﬁ-</span> 
     </span>
    </p>
   </div>
   <div class='ocr_carea' id='block_1_34' title="bbox 2179 784 3327 855">
    <p class='ocr_par' dir='ltr' id='par_1_34' title="bbox 2179 784 3327 855">
     <span class='ocr_line' id='line_1_34' title="bbox 2179 784 3327 855; baseline 0 -18"><span class='ocrx_word' id='word_1_244' title='bbox 2179 784 2328 839; x_wconf 90' lang='lat' dir='ltr'>tendi</span> <span class='ocrx_word' id='word_1_245' title='bbox 2349 790 2574 854; x_wconf 87' lang='lat' dir='ltr'>peccata</span> <span class='ocrx_word' id='word_1_246' title='bbox 2607 791 2660 839; x_wconf 90' lang='lat' dir='ltr'>et</span> <span class='ocrx_word' id='word_1_247' title='bbox 2687 784 3038 855; x_wconf 91' lang='lat' dir='ltr'>promittendi</span> <span class='ocrx_word' id='word_1_248' title='bbox 3082 784 3327 839; x_wconf 87' lang='lat' dir='ltr'>meliora.</span> 
     </span>
    </p>
   </div>
   <div class='ocr_carea' id='block_1_35' title="bbox 2248 870 3773 943">
    <p class='ocr_par' dir='ltr' id='par_1_35' title="bbox 2248 870 3773 943">
     <span class='ocr_line' id='line_1_35' title="bbox 2248 870 3773 943; baseline -0.001 -16"><span class='ocrx_word' id='word_1_249' title='bbox 2248 874 2419 927; x_wconf 73' lang='lat' dir='ltr'>Vnus.</span> <span class='ocrx_word' id='word_1_250' title='bbox 2452 875 2504 927; x_wconf 87' lang='lat'>6.</span> <span class='ocrx_word' id='word_1_251' title='bbox 2526 903 2596 913; x_wconf 90' lang='lat'>-—</span> <span class='ocrx_word' id='word_1_252' title='bbox 2615 874 2681 928; x_wconf 90' lang='lat' dir='ltr'>In</span> <span class='ocrx_word' id='word_1_253' title='bbox 2704 873 2966 928; x_wconf 78' lang='lat' dir='ltr'>Iordane.</span> <span class='ocrx_word' id='word_1_254' title='bbox 2991 872 3127 941; x_wconf 85' lang='lat' dir='ltr'>Quia</span> <span class='ocrx_word' id='word_1_255' title='bbox 3150 872 3205 926; x_wconf 91' lang='lat' dir='ltr'>in</span> <span class='ocrx_word' id='word_1_256' title='bbox 3227 888 3293 927; x_wconf 92' lang='lat' dir='ltr'>eo</span> <span class='ocrx_word' id='word_1_257' title='bbox 3318 870 3493 943; x_wconf 83' lang='lat' dir='ltr'>figura</span> <span class='ocrx_word' id='word_1_258' title='bbox 3514 871 3773 943; x_wconf 87' lang='lat' dir='ltr'>baptismi</span> 
     </span>
    </p>
   </div>
   <div class='ocr_carea' id='block_1_36' title="bbox 2177 961 3761 1032">
    <p class='ocr_par' dir='ltr' id='par_1_36' title="bbox 2177 961 3761 1032">
     <span class='ocr_line' id='line_1_36' title="bbox 2177 961 3761 1032; baseline 0 -17"><span class='ocrx_word' id='word_1_259' title='bbox 2177 961 2475 1031; x_wconf 63' lang='lat' dir='ltr'>praecessit,</span> <span class='ocrx_word' id='word_1_260' title='bbox 2499 969 2553 1016; x_wconf 90' lang='lat' dir='ltr'>et</span> <span class='ocrx_word' id='word_1_261' title='bbox 2572 978 2637 1017; x_wconf 90' lang='lat' dir='ltr'>ex</span> <span class='ocrx_word' id='word_1_262' title='bbox 2658 961 2876 1017; x_wconf 91' lang='lat' dir='ltr'>nomine</span> <span class='ocrx_word' id='word_1_263' title='bbox 2896 962 3225 1017; x_wconf 89' lang='lat' dir='ltr'>descensum</span> <span class='ocrx_word' id='word_1_264' title='bbox 3244 961 3312 1015; x_wconf 90' lang='lat' dir='ltr'>de</span> <span class='ocrx_word' id='word_1_265' title='bbox 3344 961 3604 1032; x_wconf 86' lang='lat' dir='ltr'>superbia</span> <span class='ocrx_word' id='word_1_266' title='bbox 3642 961 3761 1016; x_wconf 86' lang='lat' dir='ltr'>exi-</span> 
     </span>
    </p>
   </div>
   <div class='ocr_carea' id='block_1_37' title="bbox 2174 1048 3768 1122">
    <p class='ocr_par' dir='ltr' id='par_1_37' title="bbox 2174 1048 3768 1122">
     <span class='ocr_line' id='line_1_37' title="bbox 2174 1048 3768 1122; baseline 0.001 -19"><span class='ocrx_word' id='word_1_267' title='bbox 2174 1049 2272 1121; x_wconf 88' lang='lat' dir='ltr'>git,</span> <span class='ocrx_word' id='word_1_268' title='bbox 2302 1050 2449 1121; x_wconf 93' lang='lat' dir='ltr'>quod</span> <span class='ocrx_word' id='word_1_269' title='bbox 2468 1050 2724 1122; x_wconf 89' lang='lat' dir='ltr'>congruit</span> <span class='ocrx_word' id='word_1_270' title='bbox 2744 1049 3047 1120; x_wconf 90' lang='lat' dir='ltr'>baptizatis.</span> <span class='ocrx_word' id='word_1_271' title='bbox 3083 1050 3445 1119; x_wconf 80' lang='lat' dir='ltr'>Conﬁtentes.</span> <span class='ocrx_word' id='word_1_272' title='bbox 3479 1048 3768 1105; x_wconf 82' lang='lat' dir='ltr'>Confessio</span> 
     </span>
    </p>
   </div>
   <div class='ocr_carea' id='block_1_38' title="bbox 2175 1136 3771 1207">
    <p class='ocr_par' dir='ltr' id='par_1_38' title="bbox 2175 1136 3771 1207">
     <span class='ocr_line' id='line_1_38' title="bbox 2175 1136 3771 1207; baseline -0.001 -14"><span class='ocrx_word' id='word_1_273' title='bbox 2175 1146 2546 1207; x_wconf 87' lang='lat' dir='ltr'>peccatorum,</span> <span class='ocrx_word' id='word_1_274' title='bbox 2588 1138 2935 1194; x_wconf 61' lang='lat' dir='ltr'>conscientim</span> <span class='ocrx_word' id='word_1_275' title='bbox 2973 1145 3056 1193; x_wconf 91' lang='lat' dir='ltr'>est</span> <span class='ocrx_word' id='word_1_276' title='bbox 3103 1138 3473 1193; x_wconf 84' lang='lat' dir='ltr'>testimonium</span> <span class='ocrx_word' id='word_1_277' title='bbox 3528 1136 3771 1192; x_wconf 88' lang='lat' dir='ltr'>timentis</span> 
     </span>
    </p>
   </div>
   <div class='ocr_carea' id='block_1_39' title="bbox 2175 1225 3771 1296">
    <p class='ocr_par' dir='ltr' id='par_1_39' title="bbox 2175 1225 3771 1296">
     <span class='ocr_line' id='line_1_39' title="bbox 2175 1225 3771 1296; baseline 0.001 -16"><span class='ocrx_word' id='word_1_278' title='bbox 2175 1226 2370 1280; x_wconf 90' lang='lat' dir='ltr'>Deum.</span> <span class='ocrx_word' id='word_1_279' title='bbox 2405 1225 2510 1295; x_wconf 88' lang='lat' dir='ltr'>Qui</span> <span class='ocrx_word' id='word_1_280' title='bbox 2537 1225 2683 1281; x_wconf 90' lang='lat' dir='ltr'>enim</span> <span class='ocrx_word' id='word_1_281' title='bbox 2739 1226 2891 1281; x_wconf 91' lang='lat' dir='ltr'>timet</span> <span class='ocrx_word' id='word_1_282' title='bbox 2932 1226 3198 1295; x_wconf 90' lang='lat' dir='ltr'>judicium</span> <span class='ocrx_word' id='word_1_283' title='bbox 3252 1226 3372 1295; x_wconf 91' lang='lat' dir='ltr'>Dei,</span> <span class='ocrx_word' id='word_1_284' title='bbox 3406 1233 3633 1296; x_wconf 88' lang='lat' dir='ltr'>peccata</span> <span class='ocrx_word' id='word_1_285' title='bbox 3659 1242 3771 1281; x_wconf 91' lang='lat' dir='ltr'>non</span> 
     </span>
    </p>
   </div>
   <div class='ocr_carea' id='block_1_40' title="bbox 2176 1313 3773 1370">
    <p class='ocr_par' dir='ltr' id='par_1_40' title="bbox 2176 1313 3773 1370">
     <span class='ocr_line' id='line_1_40' title="bbox 2176 1313 3773 1370; baseline 0.001 -1"><span class='ocrx_word' id='word_1_286' title='bbox 2176 1313 2451 1369; x_wconf 86' lang='lat' dir='ltr'>erubescit</span> <span class='ocrx_word' id='word_1_287' title='bbox 2479 1313 2748 1369; x_wconf 84' lang='lat' dir='ltr'>conﬁteri.</span> <span class='ocrx_word' id='word_1_288' title='bbox 2803 1314 3102 1370; x_wconf 87' lang='lat' dir='ltr'>Perfectius</span> <span class='ocrx_word' id='word_1_289' title='bbox 3150 1314 3313 1370; x_wconf 89' lang='lat' dir='ltr'>timor</span> <span class='ocrx_word' id='word_1_290' title='bbox 3358 1314 3520 1369; x_wconf 85' lang='lat' dir='ltr'>solvit</span> <span class='ocrx_word' id='word_1_291' title='bbox 3549 1331 3773 1370; x_wconf 90' lang='lat' dir='ltr'>omnem</span> 
     </span>
    </p>
   </div>
   <div class='ocr_carea' id='block_1_41' title="bbox 2175 1402 3771 1475">
    <p class='ocr_par' dir='ltr' id='par_1_41' title="bbox 2175 1402 3771 1475">
     <span class='ocr_line' id='line_1_41' title="bbox 2175 1402 3771 1475; baseline 0.001 -18"><span class='ocrx_word' id='word_1_292' title='bbox 2175 1402 2457 1473; x_wconf 89' lang='lat' dir='ltr'>pudorem.</span> <span class='ocrx_word' id='word_1_293' title='bbox 2482 1402 2767 1457; x_wconf 85' lang='lat' dir='ltr'>Confessio</span> <span class='ocrx_word' id='word_1_294' title='bbox 2813 1402 3026 1473; x_wconf 88' lang='lat' dir='ltr'>peccati</span> <span class='ocrx_word' id='word_1_295' title='bbox 3044 1402 3311 1473; x_wconf 90' lang='lat' dir='ltr'>pudorem</span> <span class='ocrx_word' id='word_1_296' title='bbox 3356 1402 3541 1472; x_wconf 89' lang='lat' dir='ltr'>habet,</span> <span class='ocrx_word' id='word_1_297' title='bbox 3565 1411 3620 1459; x_wconf 91' lang='lat' dir='ltr'>et</span> <span class='ocrx_word' id='word_1_298' title='bbox 3647 1404 3771 1475; x_wconf 88' lang='lat' dir='ltr'>ipsa</span> 
     </span>
    </p>
   </div>
   <div class='ocr_carea' id='block_1_42' title="bbox 2173 1490 3769 1563">
    <p class='ocr_par' dir='ltr' id='par_1_42' title="bbox 2173 1490 3769 1563">
     <span class='ocr_line' id='line_1_42' title="bbox 2173 1490 3769 1563; baseline 0.001 -18"><span class='ocrx_word' id='word_1_299' title='bbox 2173 1490 2551 1546; x_wconf 91' lang='lat' dir='ltr'>erubescentia</span> <span class='ocrx_word' id='word_1_300' title='bbox 2571 1498 2653 1544; x_wconf 90' lang='lat' dir='ltr'>est</span> <span class='ocrx_word' id='word_1_301' title='bbox 2672 1490 2857 1563; x_wconf 86' lang='lat' dir='ltr'>gravis</span> <span class='ocrx_word' id='word_1_302' title='bbox 2876 1506 3058 1561; x_wconf 90' lang='lat' dir='ltr'>poena.</span> <span class='ocrx_word' id='word_1_303' title='bbox 3094 1491 3331 1562; x_wconf 88' lang='lat' dir='ltr'>Ideoque</span> <span class='ocrx_word' id='word_1_304' title='bbox 3353 1490 3607 1559; x_wconf 89' lang='lat' dir='ltr'>jebemur</span> <span class='ocrx_word' id='word_1_305' title='bbox 3639 1507 3769 1548; x_wconf 89' lang='lat' dir='ltr'>con-</span> 
     </span>
    </p>
   </div>
   <div class='ocr_carea' id='block_1_43' title="bbox 2172 1576 3766 1652">
    <p class='ocr_par' dir='ltr' id='par_1_43' title="bbox 2172 1576 3766 1652">
     <span class='ocr_line' id='line_1_43' title="bbox 2172 1576 3766 1652; baseline 0.001 -20"><span class='ocrx_word' id='word_1_306' title='bbox 2172 1576 2313 1633; x_wconf 90' lang='lat' dir='ltr'>ﬁteri</span> <span class='ocrx_word' id='word_1_307' title='bbox 2342 1586 2581 1649; x_wconf 90' lang='lat' dir='ltr'>peccata,</span> <span class='ocrx_word' id='word_1_308' title='bbox 2605 1586 2663 1633; x_wconf 92' lang='lat' dir='ltr'>ut</span> <span class='ocrx_word' id='word_1_309' title='bbox 2709 1578 3140 1634; x_wconf 88' lang='lat' dir='ltr'>erubescentiam</span> <span class='ocrx_word' id='word_1_310' title='bbox 3168 1578 3437 1649; x_wconf 88' lang='lat' dir='ltr'>patiamur</span> <span class='ocrx_word' id='word_1_311' title='bbox 3462 1595 3565 1651; x_wconf 92' lang='lat' dir='ltr'>pro</span> <span class='ocrx_word' id='word_1_312' title='bbox 3584 1596 3766 1652; x_wconf 59' lang='lat' dir='ltr'>paena.</span> 
     </span>
    </p>
   </div>
   <div class='ocr_carea' id='block_1_44' title="bbox 2171 1666 3338 1738">
    <p class='ocr_par' dir='ltr' id='par_1_44' title="bbox 2171 1666 3338 1738">
     <span class='ocr_line' id='line_1_44' title="bbox 2171 1666 3338 1738; baseline -0.001 -16"><span class='ocrx_word' id='word_1_313' title='bbox 2171 1667 2313 1722; x_wconf 90' lang='lat' dir='ltr'>Nam</span> <span class='ocrx_word' id='word_1_314' title='bbox 2330 1668 2437 1722; x_wconf 90' lang='lat' dir='ltr'>hoc</span> <span class='ocrx_word' id='word_1_315' title='bbox 2455 1666 2630 1738; x_wconf 92' lang='lat' dir='ltr'>ipsum</span> <span class='ocrx_word' id='word_1_316' title='bbox 2670 1682 2798 1738; x_wconf 90' lang='lat' dir='ltr'>pars</span> <span class='ocrx_word' id='word_1_317' title='bbox 2829 1676 2913 1722; x_wconf 93' lang='lat' dir='ltr'>est</span> <span class='ocrx_word' id='word_1_318' title='bbox 2944 1667 3113 1723; x_wconf 91' lang='lat' dir='ltr'>divini</span> <span class='ocrx_word' id='word_1_319' title='bbox 3128 1667 3338 1735; x_wconf 91' lang='lat' dir='ltr'>judicii.</span> 
     </span>
    </p>
   </div>
   <div class='ocr_carea' id='block_1_45' title="bbox 2242 1773 3766 1840">
    <p class='ocr_par' dir='ltr' id='par_1_45' title="bbox 2242 1773 3766 1840">
     <span class='ocr_line' id='line_1_45' title="bbox 2242 1773 3766 1840; baseline 0.002 -12"><span class='ocrx_word' id='word_1_320' title='bbox 2242 1774 2411 1828; x_wconf 75' lang='lat' dir='ltr'>Vsus.</span> <span class='ocrx_word' id='word_1_321' title='bbox 2442 1773 2501 1827; x_wconf 85' lang='lat'>7.</span> <span class='ocrx_word' id='word_1_322' title='bbox 2539 1801 2605 1813; x_wconf 97' lang='lat'><em>—</em></span> <span class='ocrx_word' id='word_1_323' title='bbox 2628 1774 2825 1830; x_wconf 81' lang='lat' dir='ltr'>Multos</span> <span class='ocrx_word' id='word_1_324' title='bbox 2854 1773 3287 1840; x_wconf 76' lang='lat' dir='ltr'>Pharisazorum,</span> <span class='ocrx_word' id='word_1_325' title='bbox 3313 1780 3418 1829; x_wconf 87' lang='lat' dir='ltr'>etc.</span> <span class='ocrx_word' id='word_1_326' title='bbox 3452 1773 3519 1828; x_wconf 87' lang='lat' dir='ltr'>Hi</span> <span class='ocrx_word' id='word_1_327' title='bbox 3542 1782 3669 1829; x_wconf 91' lang='lat' dir='ltr'>sunt</span> <span class='ocrx_word' id='word_1_328' title='bbox 3699 1792 3766 1831; x_wconf 85' lang='lat' dir='ltr'>ex</span> 
     </span>
    </p>
   </div>
   <div class='ocr_carea' id='block_1_46' title="bbox 2171 1859 3768 1931">
    <p class='ocr_par' dir='ltr' id='par_1_46' title="bbox 2171 1859 3768 1931">
     <span class='ocr_line' id='line_1_46' title="bbox 2171 1859 3768 1931; baseline 0.003 -16"><span class='ocrx_word' id='word_1_329' title='bbox 2171 1859 2443 1916; x_wconf 67' lang='lat' dir='ltr'>haereticis</span> <span class='ocrx_word' id='word_1_330' title='bbox 2459 1860 2787 1931; x_wconf 62' lang='lat' dir='ltr'>Judmorum,</span> <span class='ocrx_word' id='word_1_331' title='bbox 2855 1870 2909 1917; x_wconf 90' lang='lat' dir='ltr'>et</span> <span class='ocrx_word' id='word_1_332' title='bbox 2946 1861 3203 1916; x_wconf 75' lang='lat' dir='ltr'>Pharisaei</span> <span class='ocrx_word' id='word_1_333' title='bbox 3235 1862 3681 1919; x_wconf 86' lang='lat' dir='ltr'>Observationum</span> <span class='ocrx_word' id='word_1_334' title='bbox 3710 1872 3768 1920; x_wconf 90' lang='lat' dir='ltr'>et</span> 
     </span>
    </p>
   </div>
   <div class='ocr_carea' id='block_1_47' title="bbox 2172 1950 3762 2023">
    <p class='ocr_par' dir='ltr' id='par_1_47' title="bbox 2172 1950 3762 2023">
     <span class='ocr_line' id='line_1_47' title="bbox 2172 1950 3762 2023; baseline 0.002 -18"><span class='ocrx_word' id='word_1_335' title='bbox 2172 1950 2525 2005; x_wconf 90' lang='lat' dir='ltr'>traditionum</span> <span class='ocrx_word' id='word_1_336' title='bbox 2553 1950 2852 2021; x_wconf 65' lang='lat' dir='ltr'>praeferunt</span> <span class='ocrx_word' id='word_1_337' title='bbox 2882 1950 3164 2020; x_wconf 88' lang='lat' dir='ltr'>justitiam.</span> <span class='ocrx_word' id='word_1_338' title='bbox 3198 1951 3353 2006; x_wconf 90' lang='lat' dir='ltr'>Unde</span> <span class='ocrx_word' id='word_1_339' title='bbox 3399 1959 3453 2005; x_wconf 91' lang='lat' dir='ltr'>et</span> <span class='ocrx_word' id='word_1_340' title='bbox 3480 1952 3762 2023; x_wconf 64' lang='lat' dir='ltr'>Pharismi,</span> 
     </span>
    </p>
   </div>
   <div class='ocr_carea' id='block_1_48' title="bbox 2172 2037 3761 2114">
    <p class='ocr_par' dir='ltr' id='par_1_48' title="bbox 2172 2037 3761 2114">
     <span class='ocr_line' id='line_1_48' title="bbox 2172 2037 3761 2114; baseline 0.001 -18"><span class='ocrx_word' id='word_1_341' title='bbox 2172 2042 2228 2099; x_wconf 91' lang='lat' dir='ltr'>id</span> <span class='ocrx_word' id='word_1_342' title='bbox 2248 2053 2349 2114; x_wconf 88' lang='lat' dir='ltr'>est,</span> <span class='ocrx_word' id='word_1_343' title='bbox 2365 2037 2527 2093; x_wconf 89' lang='lat' dir='ltr'>divisi</span> <span class='ocrx_word' id='word_1_344' title='bbox 2548 2061 2579 2099; x_wconf 88' lang='lat' dir='ltr'>a</span> <span class='ocrx_word' id='word_1_345' title='bbox 2592 2040 2796 2113; x_wconf 91' lang='lat' dir='ltr'>populo</span> <span class='ocrx_word' id='word_1_346' title='bbox 2814 2056 2913 2111; x_wconf 91' lang='lat' dir='ltr'>per</span> <span class='ocrx_word' id='word_1_347' title='bbox 2930 2039 3202 2110; x_wconf 89' lang='lat' dir='ltr'>privatam</span> <span class='ocrx_word' id='word_1_348' title='bbox 3210 2041 3474 2111; x_wconf 88' lang='lat' dir='ltr'>justitiam</span> <span class='ocrx_word' id='word_1_349' title='bbox 3485 2040 3761 2098; x_wconf 89' lang='lat' dir='ltr'>dicuntur.</span> 
     </span>
    </p>
   </div>
   <div class='ocr_carea' id='block_1_49' title="bbox 2173 2127 3768 2205">
    <p class='ocr_par' dir='ltr' id='par_1_49' title="bbox 2173 2127 3768 2205">
     <span class='ocr_line' id='line_1_49' title="bbox 2173 2127 3768 2205; baseline -0.001 -17"><span class='ocrx_word' id='word_1_350' title='bbox 2173 2133 2477 2202; x_wconf 63' lang='lat' dir='ltr'>Sadducaai,</span> <span class='ocrx_word' id='word_1_351' title='bbox 2500 2134 2554 2188; x_wconf 93' lang='lat' dir='ltr'>id</span> <span class='ocrx_word' id='word_1_352' title='bbox 2585 2142 2668 2189; x_wconf 90' lang='lat' dir='ltr'>est</span> <span class='ocrx_word' id='word_1_353' title='bbox 2682 2129 2849 2201; x_wconf 91' lang='lat' dir='ltr'>justi:</span> <span class='ocrx_word' id='word_1_354' title='bbox 2882 2127 3156 2184; x_wconf 87' lang='lat' dir='ltr'>vindicant</span> <span class='ocrx_word' id='word_1_355' title='bbox 3176 2132 3323 2187; x_wconf 90' lang='lat' dir='ltr'>enim</span> <span class='ocrx_word' id='word_1_356' title='bbox 3353 2132 3456 2187; x_wconf 90' lang='lat' dir='ltr'>sibi</span> <span class='ocrx_word' id='word_1_357' title='bbox 3480 2133 3627 2205; x_wconf 89' lang='lat' dir='ltr'>quod</span> <span class='ocrx_word' id='word_1_358' title='bbox 3656 2148 3768 2187; x_wconf 89' lang='lat' dir='ltr'>non</span> 
     </span>
    </p>
   </div>
   <div class='ocr_carea' id='block_1_50' title="bbox 2175 2216 3764 2295">
    <p class='ocr_par' dir='ltr' id='par_1_50' title="bbox 2175 2216 3764 2295">
     <span class='ocr_line' id='line_1_50' title="bbox 2175 2216 3764 2295; baseline 0 -20"><span class='ocrx_word' id='word_1_359' title='bbox 2175 2229 2301 2276; x_wconf 91' lang='lat' dir='ltr'>sunt</span> <span class='ocrx_word' id='word_1_360' title='bbox 2334 2223 2427 2277; x_wconf 92' lang='lat' dir='ltr'>:hi</span> <span class='ocrx_word' id='word_1_361' title='bbox 2488 2230 2692 2295; x_wconf 86' lang='lat' dir='ltr'>negant</span> <span class='ocrx_word' id='word_1_362' title='bbox 2721 2216 3200 2287; x_wconf 85' lang='lat' dir='ltr'>resurrectionem,</span> <span class='ocrx_word' id='word_1_363' title='bbox 3235 2220 3480 2277; x_wconf 90' lang='lat' dir='ltr'>dicentes</span> <span class='ocrx_word' id='word_1_364' title='bbox 3526 2221 3764 2276; x_wconf 89' lang='lat' dir='ltr'>animam</span> 
     </span>
    </p>
   </div>
   <div class='ocr_carea' id='block_1_51' title="bbox 2168 2305 3762 2381">
    <p class='ocr_par' dir='ltr' id='par_1_51' title="bbox 2168 2305 3762 2381">
     <span class='ocr_line' id='line_1_51' title="bbox 2168 2305 3762 2381; baseline 0 -18"><span class='ocrx_word' id='word_1_365' title='bbox 2168 2309 2392 2365; x_wconf 90' lang='lat' dir='ltr'>interire</span> <span class='ocrx_word' id='word_1_366' title='bbox 2413 2326 2538 2366; x_wconf 93' lang='lat' dir='ltr'>cum</span> <span class='ocrx_word' id='word_1_367' title='bbox 2558 2324 2789 2381; x_wconf 92' lang='lat' dir='ltr'>corpore</span> <span class='ocrx_word' id='word_1_368' title='bbox 2813 2305 3080 2377; x_wconf 87' lang='lat' dir='ltr'>:quinque</span> <span class='ocrx_word' id='word_1_369' title='bbox 3101 2307 3268 2365; x_wconf 89' lang='lat' dir='ltr'>libros</span> <span class='ocrx_word' id='word_1_370' title='bbox 3288 2309 3459 2380; x_wconf 88' lang='lat' dir='ltr'>Moysi</span> <span class='ocrx_word' id='word_1_371' title='bbox 3474 2309 3762 2380; x_wconf 88' lang='lat' dir='ltr'>recipiunt,</span> 
     </span>
    </p>
   </div>
   <div class='ocr_carea' id='block_1_52' title="bbox 2168 2395 3763 2470">
    <p class='ocr_par' dir='ltr' id='par_1_52' title="bbox 2168 2395 3763 2470">
     <span class='ocr_line' id='line_1_52' title="bbox 2168 2395 3763 2470; baseline 0 -18"><span class='ocrx_word' id='word_1_372' title='bbox 2168 2400 2468 2469; x_wconf 89' lang='lat' dir='ltr'>prophetas</span> <span class='ocrx_word' id='word_1_373' title='bbox 2489 2405 2772 2470; x_wconf 90' lang='lat' dir='ltr'>respuunt.</span> <span class='ocrx_word' id='word_1_374' title='bbox 2842 2396 2953 2452; x_wconf 87' lang='lat' dir='ltr'>Hos</span> <span class='ocrx_word' id='word_1_375' title='bbox 2998 2395 3281 2452; x_wconf 89' lang='lat' dir='ltr'>venientes</span> <span class='ocrx_word' id='word_1_376' title='bbox 3308 2398 3377 2452; x_wconf 92' lang='lat' dir='ltr'>ad</span> <span class='ocrx_word' id='word_1_377' title='bbox 3433 2397 3763 2469; x_wconf 90' lang='lat' dir='ltr'>baptismum</span> 
     </span>
    </p>
   </div>
   <div class='ocr_carea' id='block_1_53' title="bbox 2167 2486 3766 2560">
    <p class='ocr_par' dir='ltr' id='par_1_53' title="bbox 2167 2486 3766 2560">
     <span class='ocr_line' id='line_1_53' title="bbox 2167 2486 3766 2560; baseline 0.003 -20"><span class='ocrx_word' id='word_1_378' title='bbox 2167 2486 2408 2543; x_wconf 86' lang='lat' dir='ltr'>Joannes</span> <span class='ocrx_word' id='word_1_379' title='bbox 2435 2487 2681 2559; x_wconf 88' lang='lat' dir='ltr'>increpat</span> <span class='ocrx_word' id='word_1_380' title='bbox 2715 2508 2728 2544; x_wconf 95' lang='lat'>:</span> <span class='ocrx_word' id='word_1_381' title='bbox 2761 2489 2891 2560; x_wconf 89' lang='lat' dir='ltr'>quia</span> <span class='ocrx_word' id='word_1_382' title='bbox 2917 2488 3155 2545; x_wconf 88' lang='lat' dir='ltr'>maxime</span> <span class='ocrx_word' id='word_1_383' title='bbox 3192 2486 3513 2559; x_wconf 88' lang='lat' dir='ltr'>indigebant</span> <span class='ocrx_word' id='word_1_384' title='bbox 3541 2502 3766 2544; x_wconf 84' lang='lat' dir='ltr'>correc-</span> 
     </span>
    </p>
   </div>
   <div class='ocr_carea' id='block_1_54' title="bbox 2168 2575 2779 2646">
    <p class='ocr_par' dir='ltr' id='par_1_54' title="bbox 2168 2575 2779 2646">
     <span class='ocr_line' id='line_1_54' title="bbox 2168 2575 2779 2646; baseline 0.003 -16"><span class='ocrx_word' id='word_1_385' title='bbox 2168 2575 2314 2632; x_wconf 90' lang='lat' dir='ltr'>tione</span> <span class='ocrx_word' id='word_1_386' title='bbox 2345 2583 2399 2631; x_wconf 90' lang='lat' dir='ltr'>et</span> <span class='ocrx_word' id='word_1_387' title='bbox 2439 2577 2779 2646; x_wconf 89' lang='lat' dir='ltr'>poenitentia.</span> 
     </span>
    </p>
   </div>
   <div class='ocr_carea' id='block_1_55' title="bbox 2225 2680 3758 2757">
    <p class='ocr_par' dir='ltr' id='par_1_55' title="bbox 2225 2680 3758 2757">
     <span class='ocr_line' id='line_1_55' title="bbox 2225 2680 3758 2757; baseline -0.001 -18"><span class='ocrx_word' id='word_1_388' title='bbox 2225 2684 2526 2755; x_wconf 80' lang='lat' dir='ltr'>Progenies</span> <span class='ocrx_word' id='word_1_389' title='bbox 2546 2686 2886 2757; x_wconf 86' lang='lat' dir='ltr'>viperarum,</span> <span class='ocrx_word' id='word_1_390' title='bbox 2907 2690 3037 2752; x_wconf 91' lang='lat' dir='ltr'>etc.,</span> <span class='ocrx_word' id='word_1_391' title='bbox 3059 2681 3115 2737; x_wconf 90' lang='lat' dir='ltr'>id</span> <span class='ocrx_word' id='word_1_392' title='bbox 3133 2687 3234 2748; x_wconf 91' lang='lat' dir='ltr'>est,</span> <span class='ocrx_word' id='word_1_393' title='bbox 3255 2680 3758 2754; x_wconf 47' lang='lat' dir='ltr'>venenatijvenena-</span> 
     </span>
    </p>
   </div>
   <div class='ocr_carea' id='block_1_56' title="bbox 2163 2770 3755 2845">
    <p class='ocr_par' dir='ltr' id='par_1_56' title="bbox 2163 2770 3755 2845">
     <span class='ocr_line' id='line_1_56' title="bbox 2163 2770 3755 2845; baseline 0.002 -22"><span class='ocrx_word' id='word_1_394' title='bbox 2163 2777 2343 2825; x_wconf 90' lang='lat' dir='ltr'>torum</span> <span class='ocrx_word' id='word_1_395' title='bbox 2362 2770 2459 2831; x_wconf 85' lang='lat' dir='ltr'>ﬁlii</span> <span class='ocrx_word' id='word_1_396' title='bbox 2480 2790 2494 2827; x_wconf 92' lang='lat'>:</span> <span class='ocrx_word' id='word_1_397' title='bbox 2517 2773 2645 2845; x_wconf 87' lang='lat' dir='ltr'>quia</span> <span class='ocrx_word' id='word_1_398' title='bbox 2666 2773 2824 2828; x_wconf 90' lang='lat' dir='ltr'>bonis</span> <span class='ocrx_word' id='word_1_399' title='bbox 2843 2773 3087 2829; x_wconf 89' lang='lat' dir='ltr'>invident</span> <span class='ocrx_word' id='word_1_400' title='bbox 3106 2785 3310 2841; x_wconf 90' lang='lat' dir='ltr'>eosque</span> <span class='ocrx_word' id='word_1_401' title='bbox 3330 2778 3755 2843; x_wconf 89' lang='lat' dir='ltr'>persequuntur,</span> 
     </span>
    </p>
   </div>
   <div class='ocr_carea' id='block_1_57' title="bbox 2167 2859 3237 2933">
    <p class='ocr_par' dir='ltr' id='par_1_57' title="bbox 2167 2859 3237 2933">
     <span class='ocr_line' id='line_1_57' title="bbox 2167 2859 3237 2933; baseline -0.001 -20"><span class='ocrx_word' id='word_1_402' title='bbox 2167 2859 2453 2929; x_wconf 90' lang='lat' dir='ltr'>proximos</span> <span class='ocrx_word' id='word_1_403' title='bbox 2478 2861 2683 2916; x_wconf 71' lang='lat' dir='ltr'>laedunt</span> <span class='ocrx_word' id='word_1_404' title='bbox 2710 2869 2769 2916; x_wconf 91' lang='lat' dir='ltr'>ut</span> <span class='ocrx_word' id='word_1_405' title='bbox 2794 2870 2983 2933; x_wconf 92' lang='lat' dir='ltr'>patres</span> <span class='ocrx_word' id='word_1_406' title='bbox 3030 2875 3237 2917; x_wconf 90' lang='lat' dir='ltr'>eorum.</span> 
     </span>
    </p>
   </div>
   <div class='ocr_carea' id='block_1_58' title="bbox 2236 2945 3756 3022">
    <p class='ocr_par' dir='ltr' id='par_1_58' title="bbox 2236 2945 3756 3022">
     <span class='ocr_line' id='line_1_58' title="bbox 2236 2945 3756 3022; baseline 0 -19"><span class='ocrx_word' id='word_1_407' title='bbox 2236 2948 2437 3018; x_wconf 82' lang='lat' dir='ltr'>Vipera</span> <span class='ocrx_word' id='word_1_408' title='bbox 2462 2958 2677 3020; x_wconf 90' lang='lat' dir='ltr'>patrem</span> <span class='ocrx_word' id='word_1_409' title='bbox 2693 2967 2850 3005; x_wconf 90' lang='lat' dir='ltr'>suum</span> <span class='ocrx_word' id='word_1_410' title='bbox 2877 2949 3093 3021; x_wconf 90' lang='lat' dir='ltr'>occidit,</span> <span class='ocrx_word' id='word_1_411' title='bbox 3129 2950 3208 3005; x_wconf 91' lang='lat' dir='ltr'>sic</span> <span class='ocrx_word' id='word_1_412' title='bbox 3250 2945 3423 3004; x_wconf 76' lang='lat' dir='ltr'>Judaei</span> <span class='ocrx_word' id='word_1_413' title='bbox 3450 2949 3756 3022; x_wconf 86' lang='lat' dir='ltr'>prophetas</span> 
     </span>
    </p>
   </div>
   <div class='ocr_carea' id='block_1_59' title="bbox 2164 3034 2875 3109">
    <p class='ocr_par' dir='ltr' id='par_1_59' title="bbox 2164 3034 2875 3109">
     <span class='ocr_line' id='line_1_59' title="bbox 2164 3034 2875 3109; baseline 0.008 -21"><span class='ocrx_word' id='word_1_414' title='bbox 2164 3034 2257 3106; x_wconf 90' lang='lat' dir='ltr'>qui</span> <span class='ocrx_word' id='word_1_415' title='bbox 2290 3044 2442 3092; x_wconf 90' lang='lat' dir='ltr'>erant</span> <span class='ocrx_word' id='word_1_416' title='bbox 2459 3046 2639 3109; x_wconf 88' lang='lat' dir='ltr'>patres</span> <span class='ocrx_word' id='word_1_417' title='bbox 2667 3054 2875 3094; x_wconf 90' lang='lat' dir='ltr'>eorum.</span> 
     </span>
    </p>
   </div>
   <div class='ocr_carea' id='block_1_60' title="bbox 2233 3141 3751 3219">
    <p class='ocr_par' dir='ltr' id='par_1_60' title="bbox 2233 3141 3751 3219">
     <span class='ocr_line' id='line_1_60' title="bbox 2233 3141 3751 3219; baseline 0.003 -24"><span class='ocrx_word' id='word_1_418' title='bbox 2233 3141 2403 3197; x_wconf 73' lang='lat' dir='ltr'>Vens.</span> <span class='ocrx_word' id='word_1_419' title='bbox 2436 3147 2487 3198; x_wconf 91' lang='lat'>8.</span> <span class='ocrx_word' id='word_1_420' title='bbox 2520 3174 2590 3184; x_wconf 97' lang='lat'><strong><em>—</em></strong></span> <span class='ocrx_word' id='word_1_421' title='bbox 2637 3146 2829 3201; x_wconf 85' lang='lat' dir='ltr'>Facite</span> <span class='ocrx_word' id='word_1_422' title='bbox 2857 3161 2984 3217; x_wconf 86' lang='lat' dir='ltr'>ergo</span> <span class='ocrx_word' id='word_1_423' title='bbox 3012 3148 3238 3217; x_wconf 83' lang='lat' dir='ltr'>fructus</span> <span class='ocrx_word' id='word_1_424' title='bbox 3282 3145 3500 3219; x_wconf 86' lang='lat' dir='ltr'>dignos.</span> <span class='ocrx_word' id='word_1_425' title='bbox 3530 3143 3751 3215; x_wconf 79' lang='lat' dir='ltr'>(BEDA).</span> 
     </span>
    </p>
   </div>
   <div class='ocr_carea' id='block_1_61' title="bbox 534 3216 2060 3304">
    <p class='ocr_par' dir='ltr' id='par_1_61' title="bbox 534 3216 2053 3293">
     <span class='ocr_line' id='line_1_61' title="bbox 534 3216 2053 3293; baseline -0.003 -18"><span class='ocrx_word' id='word_1_426' title='bbox 534 3219 1017 3293; x_wconf 86' lang='lat' dir='ltr'>Appropinquavit</span> <span class='ocrx_word' id='word_1_427' title='bbox 1060 3218 1235 3283; x_wconf 87' lang='lat' dir='ltr'>enim,</span> <span class='ocrx_word' id='word_1_428' title='bbox 1269 3224 1375 3273; x_wconf 92' lang='lat' dir='ltr'>etc.</span> <span class='ocrx_word' id='word_1_429' title='bbox 1426 3216 1545 3271; x_wconf 92' lang='lat' dir='ltr'>Nisi</span> <span class='ocrx_word' id='word_1_430' title='bbox 1574 3216 2053 3289; x_wconf 90' lang='lat' dir='ltr'>appropinquaret,</span> 
     </span>
    </p>
   </div>
   <div class='ocr_carea' id='block_1_62' title="bbox 2168 3216 3747 3304">
    <p class='ocr_par' dir='ltr' id='par_1_62' title="bbox 2168 3216 3747 3304">
     <span class='ocr_line' id='line_1_62' title="bbox 2168 3216 3747 3304; baseline 0.003 -21"><span class='ocrx_word' id='word_1_431' title='bbox 2168 3226 2331 3297; x_wconf 85' lang='lat' dir='ltr'>Quasi</span> <span class='ocrx_word' id='word_1_432' title='bbox 2358 3230 2567 3287; x_wconf 90' lang='lat' dir='ltr'>diceret</span> <span class='ocrx_word' id='word_1_433' title='bbox 2626 3251 2640 3288; x_wconf 89' lang='lat'>:</span> <span class='ocrx_word' id='word_1_434' title='bbox 2671 3232 2856 3302; x_wconf 89' lang='lat' dir='ltr'>Quare</span> <span class='ocrx_word' id='word_1_435' title='bbox 2883 3216 3038 3304; x_wconf 86' lang='lat' dir='ltr'>prius</span> <span class='ocrx_word' id='word_1_436' title='bbox 3080 3251 3289 3291; x_wconf 90' lang='lat' dir='ltr'>venena</span> <span class='ocrx_word' id='word_1_437' title='bbox 3316 3216 3425 3290; x_wconf 81' lang='lat' dir='ltr'>non</span> <span class='ocrx_word' id='word_1_438' title='bbox 3454 3232 3747 3304; x_wconf 90' lang='lat' dir='ltr'>deponitis,</span> 
     </span>
    </p>
   </div>
   <div class='ocr_carea' id='block_1_63' title="bbox 469 3304 2052 3378">
    <p class='ocr_par' dir='ltr' id='par_1_63' title="bbox 469 3304 2052 3378">
     <span class='ocr_line' id='line_1_63' title="bbox 469 3304 2052 3378; baseline -0.003 -13"><span class='ocrx_word' id='word_1_439' title='bbox 469 3322 632 3365; x_wconf 88' lang='lat' dir='ltr'>nemo</span> <span class='ocrx_word' id='word_1_440' title='bbox 660 3307 839 3363; x_wconf 88' lang='lat' dir='ltr'>redire</span> <span class='ocrx_word' id='word_1_441' title='bbox 881 3314 1069 3378; x_wconf 88' lang='lat' dir='ltr'>posset</span> <span class='ocrx_word' id='word_1_442' title='bbox 1101 3324 1115 3360; x_wconf 92' lang='lat'>:</span> <span class='ocrx_word' id='word_1_443' title='bbox 1150 3305 1273 3377; x_wconf 89' lang='lat' dir='ltr'>quia</span> <span class='ocrx_word' id='word_1_444' title='bbox 1315 3304 1515 3359; x_wconf 81' lang='lat' dir='ltr'>infirmi</span> <span class='ocrx_word' id='word_1_445' title='bbox 1542 3313 1595 3361; x_wconf 92' lang='lat' dir='ltr'>et</span> <span class='ocrx_word' id='word_1_446' title='bbox 1643 3305 1773 3361; x_wconf 66' lang='lat' dir='ltr'>caeci</span> <span class='ocrx_word' id='word_1_447' title='bbox 1800 3305 1885 3361; x_wconf 89' lang='lat' dir='ltr'>via</span> <span class='ocrx_word' id='word_1_448' title='bbox 1906 3306 2052 3376; x_wconf 66' lang='lat' dir='ltr'>(quae</span> 
     </span>
    </p>
   </div>
   <div class='ocr_carea' id='block_1_64' title="bbox 457 3394 2052 3467">
    <p class='ocr_par' dir='ltr' id='par_1_64' title="bbox 457 3394 2052 3467">
     <span class='ocr_line' id='line_1_64' title="bbox 457 3394 2052 3467; baseline -0.003 -14"><span class='ocrx_word' id='word_1_449' title='bbox 457 3405 539 3453; x_wconf 89' lang='lat' dir='ltr'>est</span> <span class='ocrx_word' id='word_1_450' title='bbox 568 3396 834 3467; x_wconf 90' lang='lat' dir='ltr'>Christus)</span> <span class='ocrx_word' id='word_1_451' title='bbox 863 3394 1123 3451; x_wconf 89' lang='lat' dir='ltr'>carebant</span> <span class='ocrx_word' id='word_1_452' title='bbox 1157 3412 1170 3449; x_wconf 94' lang='lat'>:</span> <span class='ocrx_word' id='word_1_453' title='bbox 1202 3410 1363 3466; x_wconf 91' lang='lat' dir='ltr'>quam</span> <span class='ocrx_word' id='word_1_454' title='bbox 1391 3410 1593 3466; x_wconf 90' lang='lat' dir='ltr'>parans</span> <span class='ocrx_word' id='word_1_455' title='bbox 1620 3394 1859 3450; x_wconf 87' lang='lat' dir='ltr'>Joannes</span> <span class='ocrx_word' id='word_1_456' title='bbox 1870 3394 2052 3466; x_wconf 75' lang='lat' dir='ltr'>poeni-</span> 
     </span>
    </p>
   </div>
   <div class='ocr_carea' id='block_1_65' title="bbox 450 3483 909 3555">
    <p class='ocr_par' dir='ltr' id='par_1_65' title="bbox 450 3483 909 3555">
     <span class='ocr_line' id='line_1_65' title="bbox 450 3483 909 3555; baseline -0.007 -14"><span class='ocrx_word' id='word_1_457' title='bbox 450 3485 584 3541; x_wconf 87' lang='lat' dir='ltr'>tenti</span> <span class='ocrx_word' id='word_1_458' title='bbox 613 3483 909 3555; x_wconf 86' lang='lat' dir='ltr'>anteponit.</span> 
     </span>
    </p>
   </div>
   <div class='ocr_carea' id='block_1_66' title="bbox 522 3586 2050 3653">
    <p class='ocr_par' dir='ltr' id='par_1_66' title="bbox 522 3586 2050 3653">
     <span class='ocr_line' id='line_1_66' title="bbox 522 3586 2050 3653; baseline -0.003 -6"><span class='ocrx_word' id='word_1_459' title='bbox 522 3590 694 3647; x_wconf 76' lang='lat' dir='ltr'>Vens.</span> <span class='ocrx_word' id='word_1_460' title='bbox 725 3594 776 3645; x_wconf 89' lang='lat'>3.</span> <span class='ocrx_word' id='word_1_461' title='bbox 809 3620 878 3629; x_wconf 97' lang='lat'><strong>—</strong></span> <span class='ocrx_word' id='word_1_462' title='bbox 908 3590 1019 3646; x_wconf 75' lang='lat' dir='ltr'>Vox</span> <span class='ocrx_word' id='word_1_463' title='bbox 1039 3589 1368 3645; x_wconf 82' lang='lat' dir='ltr'>clamantis.</span> <span class='ocrx_word' id='word_1_464' title='bbox 1391 3587 1633 3643; x_wconf 83' lang='lat' dir='ltr'>Joannes</span> <span class='ocrx_word' id='word_1_465' title='bbox 1652 3602 1778 3653; x_wconf 85' lang='lat' dir='ltr'>vox,</span> <span class='ocrx_word' id='word_1_466' title='bbox 1804 3586 2050 3643; x_wconf 89' lang='lat' dir='ltr'>Christus</span> 
     </span>
    </p>
   </div>
   <div class='ocr_carea' id='block_1_67' title="bbox 447 3675 2050 3751">
    <p class='ocr_par' dir='ltr' id='par_1_67' title="bbox 447 3675 2050 3751">
     <span class='ocr_line' id='line_1_67' title="bbox 447 3675 2050 3751; baseline -0.004 -14"><span class='ocrx_word' id='word_1_467' title='bbox 447 3679 675 3737; x_wconf 87' lang='lat' dir='ltr'>verbum</span> <span class='ocrx_word' id='word_1_468' title='bbox 705 3678 797 3751; x_wconf 89' lang='lat' dir='ltr'>qui</span> <span class='ocrx_word' id='word_1_469' title='bbox 834 3676 1033 3734; x_wconf 89' lang='lat' dir='ltr'>clamat</span> <span class='ocrx_word' id='word_1_470' title='bbox 1052 3675 1107 3731; x_wconf 92' lang='lat' dir='ltr'>in</span> <span class='ocrx_word' id='word_1_471' title='bbox 1134 3677 1346 3732; x_wconf 88' lang='lat' dir='ltr'>Joanne</span> <span class='ocrx_word' id='word_1_472' title='bbox 1371 3694 1384 3731; x_wconf 93' lang='lat'>:</span> <span class='ocrx_word' id='word_1_473' title='bbox 1415 3676 1635 3731; x_wconf 89' lang='lat' dir='ltr'>Nullum</span> <span class='ocrx_word' id='word_1_474' title='bbox 1681 3675 1909 3731; x_wconf 88' lang='lat' dir='ltr'>verbum</span> <span class='ocrx_word' id='word_1_475' title='bbox 1931 3675 2050 3732; x_wconf 91' lang='lat' dir='ltr'>sine</span> 
     </span>
    </p>
   </div>
   <div class='ocr_carea' id='block_1_68' title="bbox 452 3764 2045 3838">
    <p class='ocr_par' dir='ltr' id='par_1_68' title="bbox 452 3764 2045 3838">
     <span class='ocr_line' id='line_1_68' title="bbox 452 3764 2045 3838; baseline -0.004 -12"><span class='ocrx_word' id='word_1_476' title='bbox 452 3784 590 3826; x_wconf 84' lang='lat' dir='ltr'>voce</span> <span class='ocrx_word' id='word_1_477' title='bbox 618 3767 849 3838; x_wconf 91' lang='lat' dir='ltr'>auditur,</span> <span class='ocrx_word' id='word_1_478' title='bbox 884 3782 985 3822; x_wconf 90' lang='lat' dir='ltr'>nec</span> <span class='ocrx_word' id='word_1_479' title='bbox 1016 3781 1119 3823; x_wconf 87' lang='lat' dir='ltr'>vox</span> <span class='ocrx_word' id='word_1_480' title='bbox 1142 3765 1258 3820; x_wconf 91' lang='lat' dir='ltr'>sine</span> <span class='ocrx_word' id='word_1_481' title='bbox 1304 3764 1661 3837; x_wconf 86' lang='lat' dir='ltr'>intelligentia</span> <span class='ocrx_word' id='word_1_482' title='bbox 1708 3765 1861 3821; x_wconf 88' lang='lat' dir='ltr'>verbi</span> <span class='ocrx_word' id='word_1_483' title='bbox 1881 3764 2045 3820; x_wconf 91' lang='lat' dir='ltr'>valet.</span> 
     </span>
    </p>
   </div>
   <div class='ocr_carea' id='block_1_69' title="bbox 455 3853 2045 3925">
    <p class='ocr_par' dir='ltr' id='par_1_69' title="bbox 455 3853 2045 3925">
     <span class='ocr_line' id='line_1_69' title="bbox 455 3853 2045 3925; baseline -0.004 -11"><span class='ocrx_word' id='word_1_484' title='bbox 455 3856 576 3914; x_wconf 83' lang='lat' dir='ltr'>Vox</span> <span class='ocrx_word' id='word_1_485' title='bbox 619 3856 764 3913; x_wconf 90' lang='lat' dir='ltr'>viam</span> <span class='ocrx_word' id='word_1_486' title='bbox 825 3855 992 3911; x_wconf 88' lang='lat' dir='ltr'>verbo</span> <span class='ocrx_word' id='word_1_487' title='bbox 1048 3861 1341 3925; x_wconf 63' lang='lat' dir='ltr'>praeparat,</span> <span class='ocrx_word' id='word_1_488' title='bbox 1392 3861 1450 3908; x_wconf 91' lang='lat' dir='ltr'>ut</span> <span class='ocrx_word' id='word_1_489' title='bbox 1496 3853 1800 3924; x_wconf 88' lang='lat' dir='ltr'>recipiatur.</span> <span class='ocrx_word' id='word_1_490' title='bbox 1849 3853 2045 3909; x_wconf 89' lang='lat' dir='ltr'>Unde:</span> 
     </span>
    </p>
   </div>
   <div class='ocr_carea' id='block_1_70' title="bbox 445 3941 1847 4012">
    <p class='ocr_par' dir='ltr' id='par_1_70' title="bbox 445 3941 1847 4012">
     <span class='ocr_line' id='line_1_70' title="bbox 445 3941 1847 4012; baseline -0.006 -10"><span class='ocrx_word' id='word_1_491' title='bbox 445 3947 652 4002; x_wconf 83' lang='lat' dir='ltr'>Paran</span> <span class='ocrx_word' id='word_1_492' title='bbox 683 3946 978 4000; x_wconf 82' lang='lat' dir='ltr'>lucernam</span> <span class='ocrx_word' id='word_1_493' title='bbox 1014 3942 1237 3999; x_wconf 78' lang='lat' dir='ltr'>Christo</span> <span class='ocrx_word' id='word_1_494' title='bbox 1256 3958 1377 3996; x_wconf 89' lang='lat' dir='ltr'>meo</span> <span class='ocrx_word' id='word_1_495' title='bbox 1408 3941 1582 4011; x_wconf 82' lang='lat' dir='ltr'>(Psal.</span> <span class='ocrx_word' id='word_1_496' title='bbox 1625 3942 1847 4012; x_wconf 76' lang='lat' dir='ltr'>cxxxr).</span> 
     </span>
    </p>
   </div>
   <div class='ocr_carea' id='block_1_71' title="bbox 512 4044 2044 4116">
    <p class='ocr_par' dir='ltr' id='par_1_71' title="bbox 512 4044 2044 4116">
     <span class='ocr_line' id='line_1_71' title="bbox 512 4044 2044 4116; baseline -0.005 -11"><span class='ocrx_word' id='word_1_497' title='bbox 512 4052 580 4105; x_wconf 88' lang='lat' dir='ltr'>In</span> <span class='ocrx_word' id='word_1_498' title='bbox 596 4050 832 4105; x_wconf 87' lang='lat' dir='ltr'>deserto.</span> <span class='ocrx_word' id='word_1_499' title='bbox 866 4047 1064 4102; x_wconf 90' lang='lat' dir='ltr'>Forma</span> <span class='ocrx_word' id='word_1_500' title='bbox 1107 4044 1535 4116; x_wconf 76' lang='lat' dir='ltr'>pceuitentibus:</span> <span class='ocrx_word' id='word_1_501' title='bbox 1569 4046 1721 4100; x_wconf 91' lang='lat' dir='ltr'>locus</span> <span class='ocrx_word' id='word_1_502' title='bbox 1749 4060 2044 4100; x_wconf 88' lang='lat' dir='ltr'>conversa-</span> 
     </span>
    </p>
   </div>
   <div class='ocr_carea' id='block_1_72' title="bbox 442 4132 2040 4205">
    <p class='ocr_par' dir='ltr' id='par_1_72' title="bbox 442 4132 2040 4205">
     <span class='ocr_line' id='line_1_72' title="bbox 442 4132 2040 4205; baseline -0.003 -12"><span class='ocrx_word' id='word_1_503' title='bbox 442 4137 625 4203; x_wconf 89' lang='lat' dir='ltr'>tionis,</span> <span class='ocrx_word' id='word_1_504' title='bbox 651 4151 761 4191; x_wconf 90' lang='lat' dir='ltr'>non</span> <span class='ocrx_word' id='word_1_505' title='bbox 790 4134 1097 4205; x_wconf 81' lang='lat' dir='ltr'>frequentia</span> <span class='ocrx_word' id='word_1_506' title='bbox 1124 4132 1425 4198; x_wconf 89' lang='lat' dir='ltr'>hominum,</span> <span class='ocrx_word' id='word_1_507' title='bbox 1447 4132 1544 4187; x_wconf 92' lang='lat' dir='ltr'>sed</span> <span class='ocrx_word' id='word_1_508' title='bbox 1575 4132 1871 4188; x_wconf 90' lang='lat' dir='ltr'>desertum.</span> <span class='ocrx_word' id='word_1_509' title='bbox 1898 4134 2040 4189; x_wconf 90' lang='lat' dir='ltr'>Ves-</span> 
     </span>
    </p>
   </div>
   <div class='ocr_carea' id='block_1_73' title="bbox 438 4220 2042 4291">
    <p class='ocr_par' dir='ltr' id='par_1_73' title="bbox 438 4220 2042 4291">
     <span class='ocr_line' id='line_1_73' title="bbox 438 4220 2042 4291; baseline -0.002 -11"><span class='ocrx_word' id='word_1_510' title='bbox 438 4224 571 4280; x_wconf 89' lang='lat' dir='ltr'>titus</span> <span class='ocrx_word' id='word_1_511' title='bbox 600 4239 708 4279; x_wconf 91' lang='lat' dir='ltr'>non</span> <span class='ocrx_word' id='word_1_512' title='bbox 738 4222 920 4278; x_wconf 90' lang='lat' dir='ltr'>mollis</span> <span class='ocrx_word' id='word_1_513' title='bbox 944 4222 1013 4276; x_wconf 89' lang='lat' dir='ltr'>ad</span> <span class='ocrx_word' id='word_1_514' title='bbox 1045 4221 1266 4291; x_wconf 85' lang='lat' dir='ltr'>fluxum,</span> <span class='ocrx_word' id='word_1_515' title='bbox 1293 4220 1391 4276; x_wconf 89' lang='lat' dir='ltr'>sed</span> <span class='ocrx_word' id='word_1_516' title='bbox 1419 4235 1582 4291; x_wconf 91' lang='lat' dir='ltr'>asper</span> <span class='ocrx_word' id='word_1_517' title='bbox 1613 4238 1628 4275; x_wconf 91' lang='lat'>:</span> <span class='ocrx_word' id='word_1_518' title='bbox 1663 4221 1833 4278; x_wconf 89' lang='lat' dir='ltr'>victus</span> <span class='ocrx_word' id='word_1_519' title='bbox 1863 4221 2042 4277; x_wconf 87' lang='lat' dir='ltr'>tenuis</span> 
     </span>
    </p>
   </div>
   <div class='ocr_carea' id='block_1_74' title="bbox 456 4312 845 4370">
    <p class='ocr_par' dir='ltr' id='par_1_74' title="bbox 456 4312 845 4370">
     <span class='ocr_line' id='line_1_74' title="bbox 456 4312 845 4370; baseline -0.01 0"><span class='ocrx_word' id='word_1_520' title='bbox 456 4322 512 4370; x_wconf 91' lang='lat' dir='ltr'>et</span> <span class='ocrx_word' id='word_1_521' title='bbox 536 4312 845 4369; x_wconf 89' lang='lat' dir='ltr'>inusitatus.</span> 
     </span>
    </p>
   </div>
   <div class='ocr_carea' id='block_1_75' title="bbox 517 4391 2045 4475">
    <p class='ocr_par' dir='ltr' id='par_1_75' title="bbox 517 4391 2045 4475">
     <span class='ocr_line' id='line_1_75' title="bbox 517 4391 2045 4475; baseline -0.002 -18"><span class='ocrx_word' id='word_1_522' title='bbox 517 4401 737 4475; x_wconf 86' lang='lat' dir='ltr'>Typice,</span> <span class='ocrx_word' id='word_1_523' title='bbox 804 4391 1081 4455; x_wconf 84' lang='lat' dir='ltr'>desertum</span> <span class='ocrx_word' id='word_1_524' title='bbox 1137 4395 1409 4470; x_wconf 84' lang='lat' dir='ltr'>signiﬁcat</span> <span class='ocrx_word' id='word_1_525' title='bbox 1448 4404 1755 4453; x_wconf 88' lang='lat' dir='ltr'>sanctorum</span> <span class='ocrx_word' id='word_1_526' title='bbox 1815 4397 1984 4454; x_wconf 88' lang='lat' dir='ltr'>vitam</span> <span class='ocrx_word' id='word_1_527' title='bbox 2012 4414 2045 4453; x_wconf 88' lang='lat' dir='ltr'>a</span> 
     </span>
    </p>
   </div>
   <div class='ocr_carea' id='block_1_76' title="bbox 448 4486 1349 4558">
    <p class='ocr_par' dir='ltr' id='par_1_76' title="bbox 448 4486 1349 4558">
     <span class='ocr_line' id='line_1_76' title="bbox 448 4486 1349 4558; baseline -0.009 -11"><span class='ocrx_word' id='word_1_528' title='bbox 448 4490 637 4547; x_wconf 91' lang='lat' dir='ltr'>mundi</span> <span class='ocrx_word' id='word_1_529' title='bbox 672 4486 941 4545; x_wconf 88' lang='lat' dir='ltr'>illecebris</span> <span class='ocrx_word' id='word_1_530' title='bbox 975 4492 1349 4558; x_wconf 86' lang='lat' dir='ltr'>segregatam.</span> 
     </span>
    </p>
   </div>
   <div class='ocr_carea' id='block_1_77' title="bbox 2158 3317 3751 3395">
    <p class='ocr_par' dir='ltr' id='par_1_77' title="bbox 2158 3317 3751 3395">
     <span class='ocr_line' id='line_1_77' title="bbox 2158 3317 3751 3395; baseline 0.004 -24"><span class='ocrx_word' id='word_1_531' title='bbox 2158 3325 2218 3372; x_wconf 92' lang='lat' dir='ltr'>ut</span> <span class='ocrx_word' id='word_1_532' title='bbox 2250 3317 2329 3374; x_wconf 92' lang='lat' dir='ltr'>sic</span> <span class='ocrx_word' id='word_1_533' title='bbox 2358 3319 2426 3373; x_wconf 91' lang='lat' dir='ltr'>ad</span> <span class='ocrx_word' id='word_1_534' title='bbox 2465 3319 2814 3391; x_wconf 90' lang='lat' dir='ltr'>baptismum,</span> <span class='ocrx_word' id='word_1_535' title='bbox 2849 3330 2977 3392; x_wconf 89' lang='lat' dir='ltr'>etc.,</span> <span class='ocrx_word' id='word_1_536' title='bbox 3006 3339 3180 3395; x_wconf 84' lang='lat' dir='ltr'>usque</span> <span class='ocrx_word' id='word_1_537' title='bbox 3208 3323 3281 3379; x_wconf 88' lang='lat' dir='ltr'>ad</span> <span class='ocrx_word' id='word_1_538' title='bbox 3309 3322 3481 3395; x_wconf 89' lang='lat' dir='ltr'>gratia</span> <span class='ocrx_word' id='word_1_539' title='bbox 3500 3331 3585 3378; x_wconf 91' lang='lat' dir='ltr'>est</span> <span class='ocrx_word' id='word_1_540' title='bbox 3630 3336 3751 3394; x_wconf 73' lang='lat' dir='ltr'>quae</span> 
     </span>
    </p>
   </div>
   <div class='ocr_carea' id='block_1_78' title="bbox 2156 3405 3220 3480">
    <p class='ocr_par' dir='ltr' id='par_1_78' title="bbox 2156 3405 3220 3480">
     <span class='ocr_line' id='line_1_78' title="bbox 2156 3405 3220 3480; baseline 0.007 -21"><span class='ocrx_word' id='word_1_541' title='bbox 2156 3405 2337 3475; x_wconf 90' lang='lat' dir='ltr'>sentit,</span> <span class='ocrx_word' id='word_1_542' title='bbox 2374 3408 2614 3464; x_wconf 86' lang='lat' dir='ltr'>sentiens</span> <span class='ocrx_word' id='word_1_543' title='bbox 2644 3410 2835 3480; x_wconf 72' lang='lat' dir='ltr'>quazrit</span> <span class='ocrx_word' id='word_1_544' title='bbox 2862 3411 3220 3467; x_wconf 88' lang='lat' dir='ltr'>sanctitatem.</span> 
     </span>
    </p>
   </div>
   <div class='ocr_carea' id='block_1_79' title="bbox 2226 3494 3745 3571">
    <p class='ocr_par' dir='ltr' id='par_1_79' title="bbox 2226 3494 3745 3571">
     <span class='ocr_line' id='line_1_79' title="bbox 2226 3494 3745 3571; baseline 0.005 -23"><span class='ocrx_word' id='word_1_545' title='bbox 2226 3494 2397 3550; x_wconf 73' lang='lat' dir='ltr'>Vens.</span> <span class='ocrx_word' id='word_1_546' title='bbox 2448 3499 2500 3550; x_wconf 90' lang='lat'>9.</span> <span class='ocrx_word' id='word_1_547' title='bbox 2523 3527 2592 3537; x_wconf 93' lang='lat'><strong><em>—</em></strong></span> <span class='ocrx_word' id='word_1_548' title='bbox 2611 3499 2745 3554; x_wconf 87' lang='lat' dir='ltr'>Dico</span> <span class='ocrx_word' id='word_1_549' title='bbox 2766 3500 2941 3554; x_wconf 84' lang='lat' dir='ltr'>enim.</span> <span class='ocrx_word' id='word_1_550' title='bbox 2964 3502 3010 3555; x_wconf 85' lang='lat' dir='ltr'><strong>A</strong></span> <span class='ocrx_word' id='word_1_551' title='bbox 3028 3514 3196 3556; x_wconf 89' lang='lat' dir='ltr'>carne</span> <span class='ocrx_word' id='word_1_552' title='bbox 3216 3498 3477 3567; x_wconf 91' lang='lat' dir='ltr'>retrahit,</span> <span class='ocrx_word' id='word_1_553' title='bbox 3501 3506 3563 3554; x_wconf 88' lang='lat' dir='ltr'>ut</span> <span class='ocrx_word' id='word_1_554' title='bbox 3588 3497 3745 3571; x_wconf 87' lang='lat' dir='ltr'>cogi-</span> 
     </span>
    </p>
   </div>
   <div class='ocr_carea' id='block_1_80' title="bbox 2152 3586 3744 3655">
    <p class='ocr_par' dir='ltr' id='par_1_80' title="bbox 2152 3586 3744 3655">
     <span class='ocr_line' id='line_1_80' title="bbox 2152 3586 3744 3655; baseline 0.004 -20"><span class='ocrx_word' id='word_1_555' title='bbox 2152 3589 2267 3636; x_wconf 89' lang='lat' dir='ltr'>tent</span> <span class='ocrx_word' id='word_1_556' title='bbox 2294 3598 2466 3653; x_wconf 89' lang='lat' dir='ltr'>opera</span> <span class='ocrx_word' id='word_1_557' title='bbox 2492 3586 2988 3655; x_wconf 62' lang='lat' dir='ltr'>praedestinationis</span> <span class='ocrx_word' id='word_1_558' title='bbox 3018 3588 3137 3643; x_wconf 90' lang='lat' dir='ltr'>Dei.</span> <span class='ocrx_word' id='word_1_559' title='bbox 3188 3588 3364 3643; x_wconf 90' lang='lat' dir='ltr'>Prima</span> <span class='ocrx_word' id='word_1_560' title='bbox 3394 3593 3521 3642; x_wconf 88' lang='lat' dir='ltr'>sunt</span> <span class='ocrx_word' id='word_1_561' title='bbox 3583 3586 3744 3641; x_wconf 90' lang='lat' dir='ltr'>rudi-</span> 
     </span>
    </p>
   </div>
   <div class='ocr_carea' id='block_1_81' title="bbox 2148 3670 3743 3748">
    <p class='ocr_par' dir='ltr' id='par_1_81' title="bbox 2148 3670 3743 3748">
     <span class='ocr_line' id='line_1_81' title="bbox 2148 3670 3743 3748; baseline 0.004 -25"><span class='ocrx_word' id='word_1_562' title='bbox 2148 3678 2334 3725; x_wconf 91' lang='lat' dir='ltr'>menta</span> <span class='ocrx_word' id='word_1_563' title='bbox 2355 3670 2500 3739; x_wconf 83' lang='lat' dir='ltr'>fidei,</span> <span class='ocrx_word' id='word_1_564' title='bbox 2551 3674 2780 3730; x_wconf 89' lang='lat' dir='ltr'>credere</span> <span class='ocrx_word' id='word_1_565' title='bbox 2801 3676 2975 3731; x_wconf 89' lang='lat' dir='ltr'>Deum</span> <span class='ocrx_word' id='word_1_566' title='bbox 2994 3691 3158 3747; x_wconf 91' lang='lat' dir='ltr'>posse</span> <span class='ocrx_word' id='word_1_567' title='bbox 3187 3675 3452 3748; x_wconf 90' lang='lat' dir='ltr'>quidquid</span> <span class='ocrx_word' id='word_1_568' title='bbox 3488 3674 3743 3743; x_wconf 90' lang='lat' dir='ltr'>voluerit,</span> 
     </span>
    </p>
   </div>
   <div class='ocr_carea' id='block_1_82' title="bbox 2150 3759 3744 3836">
    <p class='ocr_par' dir='ltr' id='par_1_82' title="bbox 2150 3759 3744 3836">
     <span class='ocr_line' id='line_1_82' title="bbox 2150 3759 3744 3836; baseline 0.003 -24"><span class='ocrx_word' id='word_1_569' title='bbox 2150 3767 2208 3812; x_wconf 91' lang='lat' dir='ltr'>ut</span> <span class='ocrx_word' id='word_1_570' title='bbox 2226 3759 2409 3815; x_wconf 90' lang='lat' dir='ltr'>omnia</span> <span class='ocrx_word' id='word_1_571' title='bbox 2439 3761 2532 3832; x_wconf 88' lang='lat' dir='ltr'>qui</span> <span class='ocrx_word' id='word_1_572' title='bbox 2577 3762 2647 3817; x_wconf 93' lang='lat' dir='ltr'>de</span> <span class='ocrx_word' id='word_1_573' title='bbox 2675 3762 2843 3819; x_wconf 88' lang='lat' dir='ltr'>nihilo</span> <span class='ocrx_word' id='word_1_574' title='bbox 2890 3764 3114 3831; x_wconf 88' lang='lat' dir='ltr'>creavit,</span> <span class='ocrx_word' id='word_1_575' title='bbox 3153 3764 3328 3836; x_wconf 91' lang='lat' dir='ltr'>possit</span> <span class='ocrx_word' id='word_1_576' title='bbox 3373 3764 3442 3819; x_wconf 89' lang='lat' dir='ltr'>de</span> <span class='ocrx_word' id='word_1_577' title='bbox 3469 3762 3744 3834; x_wconf 88' lang='lat' dir='ltr'>lapidibus</span> 
     </span>
    </p>
   </div>
   <div class='ocr_carea' id='block_1_83' title="bbox 2148 3847 3742 3924">
    <p class='ocr_par' dir='ltr' id='par_1_83' title="bbox 2148 3847 3742 3924">
     <span class='ocr_line' id='line_1_83' title="bbox 2148 3847 3742 3924; baseline 0.002 -22"><span class='ocrx_word' id='word_1_578' title='bbox 2148 3847 2235 3902; x_wconf 92' lang='lat' dir='ltr'>vel</span> <span class='ocrx_word' id='word_1_579' title='bbox 2261 3848 2330 3902; x_wconf 91' lang='lat' dir='ltr'>de</span> <span class='ocrx_word' id='word_1_580' title='bbox 2360 3849 2580 3918; x_wconf 89' lang='lat' dir='ltr'>pulvere</span> <span class='ocrx_word' id='word_1_581' title='bbox 2609 3850 2751 3907; x_wconf 86' lang='lat' dir='ltr'>filios</span> <span class='ocrx_word' id='word_1_582' title='bbox 2770 3852 3006 3907; x_wconf 71' lang='lat' dir='ltr'>Abrahze</span> <span class='ocrx_word' id='word_1_583' title='bbox 3049 3851 3401 3909; x_wconf 59' lang='lat' dir='ltr'>formare.‘De</span> <span class='ocrx_word' id='word_1_584' title='bbox 3435 3851 3742 3924; x_wconf 75' lang='lat' dir='ltr'>lapidibus.</span> 
     </span>
    </p>
   </div>
   <div class='ocr_carea' id='block_1_84' title="bbox 2146 3935 3745 4013">
    <p class='ocr_par' dir='ltr' id='par_1_84' title="bbox 2146 3935 3745 4013">
     <span class='ocr_line' id='line_1_84' title="bbox 2146 3935 3745 4013; baseline 0.004 -25"><span class='ocrx_word' id='word_1_585' title='bbox 2146 3935 2586 3993; x_wconf 91' lang='lat' dir='ltr'>Demonstrative</span> <span class='ocrx_word' id='word_1_586' title='bbox 2642 3940 2712 3994; x_wconf 92' lang='lat' dir='ltr'>ad</span> <span class='ocrx_word' id='word_1_587' title='bbox 2738 3940 2863 3995; x_wconf 91' lang='lat' dir='ltr'>illos</span> <span class='ocrx_word' id='word_1_588' title='bbox 2892 3940 3102 4012; x_wconf 89' lang='lat' dir='ltr'>lapides</span> <span class='ocrx_word' id='word_1_589' title='bbox 3132 3952 3271 4013; x_wconf 87' lang='lat' dir='ltr'>quos</span> <span class='ocrx_word' id='word_1_590' title='bbox 3298 3941 3464 3996; x_wconf 92' lang='lat' dir='ltr'>Josue</span> <span class='ocrx_word' id='word_1_591' title='bbox 3508 3940 3579 3995; x_wconf 91' lang='lat' dir='ltr'>de</span> <span class='ocrx_word' id='word_1_592' title='bbox 3608 3939 3745 3995; x_wconf 90' lang='lat' dir='ltr'>Jor-</span> 
     </span>
    </p>
   </div>
   <div class='ocr_carea' id='block_1_85' title="bbox 2145 4024 3744 4103">
    <p class='ocr_par' dir='ltr' id='par_1_85' title="bbox 2145 4024 3744 4103">
     <span class='ocr_line' id='line_1_85' title="bbox 2145 4024 3744 4103; baseline 0.004 -25"><span class='ocrx_word' id='word_1_593' title='bbox 2145 4024 2285 4079; x_wconf 93' lang='lat' dir='ltr'>dane</span> <span class='ocrx_word' id='word_1_594' title='bbox 2312 4025 2615 4084; x_wconf 89' lang='lat' dir='ltr'>transferre</span> <span class='ocrx_word' id='word_1_595' title='bbox 2639 4027 2768 4085; x_wconf 89' lang='lat' dir='ltr'>fecit</span> <span class='ocrx_word' id='word_1_596' title='bbox 2800 4071 2814 4097; x_wconf 90' lang='lat'>,</span> <span class='ocrx_word' id='word_1_597' title='bbox 2847 4029 2918 4084; x_wconf 90' lang='lat' dir='ltr'>ad</span> <span class='ocrx_word' id='word_1_598' title='bbox 2947 4045 3084 4102; x_wconf 91' lang='lat' dir='ltr'>quos</span> <span class='ocrx_word' id='word_1_599' title='bbox 3107 4029 3264 4102; x_wconf 91' lang='lat' dir='ltr'>quasi</span> <span class='ocrx_word' id='word_1_600' title='bbox 3283 4029 3514 4103; x_wconf 87' lang='lat' dir='ltr'>digitum</span> <span class='ocrx_word' id='word_1_601' title='bbox 3544 4036 3744 4085; x_wconf 81' lang='lat' dir='ltr'>exten-</span> 
     </span>
    </p>
   </div>
   <div class='ocr_carea' id='block_1_86' title="bbox 2146 4114 2391 4173">
    <p class='ocr_par' dir='ltr' id='par_1_86' title="bbox 2146 4114 2391 4173">
     <span class='ocr_line' id='line_1_86' title="bbox 2146 4114 2391 4173; baseline 0 -2"><span class='ocrx_word' id='word_1_602' title='bbox 2146 4116 2283 4173; x_wconf 89' lang='lat' dir='ltr'>dens</span> <span class='ocrx_word' id='word_1_603' title='bbox 2299 4114 2391 4172; x_wconf 88' lang='lat' dir='ltr'>ait.</span> 
     </span>
    </p>
   </div>
   <div class='ocr_carea' id='block_1_87' title="bbox 2215 4221 3741 4294">
    <p class='ocr_par' dir='ltr' id='par_1_87' title="bbox 2215 4221 3741 4294">
     <span class='ocr_line' id='line_1_87' title="bbox 2215 4221 3741 4294; baseline 0 -15"><span class='ocrx_word' id='word_1_604' title='bbox 2215 4224 2382 4279; x_wconf 91' lang='lat' dir='ltr'>Josue</span> <span class='ocrx_word' id='word_1_605' title='bbox 2401 4222 2692 4279; x_wconf 90' lang='lat' dir='ltr'>duodecim</span> <span class='ocrx_word' id='word_1_606' title='bbox 2712 4221 2923 4294; x_wconf 91' lang='lat' dir='ltr'>lapides</span> <span class='ocrx_word' id='word_1_607' title='bbox 2944 4223 3012 4279; x_wconf 93' lang='lat' dir='ltr'>de</span> <span class='ocrx_word' id='word_1_608' title='bbox 3041 4223 3224 4279; x_wconf 91' lang='lat' dir='ltr'>medio</span> <span class='ocrx_word' id='word_1_609' title='bbox 3251 4222 3509 4279; x_wconf 87' lang='lat' dir='ltr'>Jordanis</span> <span class='ocrx_word' id='word_1_610' title='bbox 3535 4222 3593 4277; x_wconf 91' lang='lat' dir='ltr'>in</span> <span class='ocrx_word' id='word_1_611' title='bbox 3620 4230 3741 4279; x_wconf 88' lang='lat' dir='ltr'>ter-</span> 
     </span>
    </p>
   </div>
   <div class='ocr_carea' id='block_1_88' title="bbox 2143 4311 3740 4385">
    <p class='ocr_par' dir='ltr' id='par_1_88' title="bbox 2143 4311 3740 4385">
     <span class='ocr_line' id='line_1_88' title="bbox 2143 4311 3740 4385; baseline -0.001 -17"><span class='ocrx_word' id='word_1_612' title='bbox 2143 4327 2262 4368; x_wconf 89' lang='lat' dir='ltr'>ram</span> <span class='ocrx_word' id='word_1_613' title='bbox 2293 4311 2654 4385; x_wconf 91' lang='lat' dir='ltr'>transportari</span> <span class='ocrx_word' id='word_1_614' title='bbox 2700 4311 2846 4380; x_wconf 89' lang='lat' dir='ltr'>fecit,</span> <span class='ocrx_word' id='word_1_615' title='bbox 2882 4320 2935 4367; x_wconf 91' lang='lat' dir='ltr'>et</span> <span class='ocrx_word' id='word_1_616' title='bbox 2987 4312 3125 4368; x_wconf 89' lang='lat' dir='ltr'>alios</span> <span class='ocrx_word' id='word_1_617' title='bbox 3155 4329 3221 4368; x_wconf 89' lang='lat' dir='ltr'>ex</span> <span class='ocrx_word' id='word_1_618' title='bbox 3264 4320 3411 4367; x_wconf 89' lang='lat' dir='ltr'>terra</span> <span class='ocrx_word' id='word_1_619' title='bbox 3438 4311 3495 4366; x_wconf 92' lang='lat' dir='ltr'>in</span> <span class='ocrx_word' id='word_1_620' title='bbox 3539 4312 3740 4367; x_wconf 89' lang='lat' dir='ltr'>eodem</span> 
     </span>
    </p>
   </div>
   <div class='ocr_carea' id='block_1_89' title="bbox 2143 4400 3741 4473">
    <p class='ocr_par' dir='ltr' id='par_1_89' title="bbox 2143 4400 3741 4473">
     <span class='ocr_line' id='line_1_89' title="bbox 2143 4400 3741 4473; baseline -0.003 -15"><span class='ocrx_word' id='word_1_621' title='bbox 2143 4402 2300 4457; x_wconf 89' lang='lat' dir='ltr'>alveo</span> <span class='ocrx_word' id='word_1_622' title='bbox 2321 4401 2560 4457; x_wconf 91' lang='lat' dir='ltr'>restitui:</span> <span class='ocrx_word' id='word_1_623' title='bbox 2590 4417 2691 4471; x_wconf 90' lang='lat' dir='ltr'>per</span> <span class='ocrx_word' id='word_1_624' title='bbox 2718 4415 2854 4471; x_wconf 89' lang='lat' dir='ltr'>quos</span> <span class='ocrx_word' id='word_1_625' title='bbox 2874 4400 3161 4456; x_wconf 85' lang='lat' dir='ltr'>excaecatio</span> <span class='ocrx_word' id='word_1_626' title='bbox 3176 4401 3490 4456; x_wconf 70' lang='lat' dir='ltr'>Judzeorum</span> <span class='ocrx_word' id='word_1_627' title='bbox 3527 4407 3581 4455; x_wconf 90' lang='lat' dir='ltr'>et</span> <span class='ocrx_word' id='word_1_628' title='bbox 3601 4416 3741 4473; x_wconf 89' lang='lat' dir='ltr'>gen-</span> 
     </span>
    </p>
   </div>
   <div class='ocr_carea' id='block_1_90' title="bbox 2143 4486 3419 4559">
    <p class='ocr_par' dir='ltr' id='par_1_90' title="bbox 2143 4486 3419 4559">
     <span class='ocr_line' id='line_1_90' title="bbox 2143 4486 3419 4559; baseline -0.002 -14"><span class='ocrx_word' id='word_1_629' title='bbox 2143 4488 2274 4545; x_wconf 90' lang='lat' dir='ltr'>tium</span> <span class='ocrx_word' id='word_1_630' title='bbox 2295 4489 2366 4545; x_wconf 87' lang='lat' dir='ltr'>ad</span> <span class='ocrx_word' id='word_1_631' title='bbox 2394 4489 2570 4545; x_wconf 91' lang='lat' dir='ltr'>lucem</span> <span class='ocrx_word' id='word_1_632' title='bbox 2599 4486 3000 4544; x_wconf 86' lang='lat' dir='ltr'>transformatio</span> <span class='ocrx_word' id='word_1_633' title='bbox 3040 4487 3419 4559; x_wconf 58' lang='lat' dir='ltr'>pret-signatur.</span> 
     </span>
    </p>
   </div>
   <div class='ocr_carea' id='block_1_91' title="bbox 512 4571 3742 4667">
    <p class='ocr_par' dir='ltr' id='par_1_91' title="bbox 512 4571 3742 4667">
     <span class='ocr_line' id='line_1_91' title="bbox 512 4571 3742 4667; baseline -0.004 -4"><span class='ocrx_word' id='word_1_634' title='bbox 512 4576 958 4667; x_wconf 37' lang='lat' dir='ltr'>“mpm???”</span> <span class='ocrx_word' id='word_1_635' title='bbox 993 4573 1091 4629; x_wconf 67' lang='lat' dir='ltr'>Via</span> <span class='ocrx_word' id='word_1_636' title='bbox 1107 4572 1324 4667; x_wconf 53' lang='grc' dir='ltr'>Βοξῖλίηί</span> <span class='ocrx_word' id='word_1_637' title='bbox 1367 4572 1436 4627; x_wconf 69' lang='lat' dir='ltr'>ad</span> <span class='ocrx_word' id='word_1_638' title='bbox 1480 4588 1575 4629; x_wconf 61' lang='lat' dir='ltr'>cor</span> <span class='ocrx_word' id='word_1_639' title='bbox 1621 4571 1888 4645; x_wconf 59' lang='lat' dir='ltr'>dirigitur,</span> <span class='ocrx_word' id='word_1_640' title='bbox 1918 4588 2043 4631; x_wconf 66' lang='lat' dir='ltr'>cum</span> <span class='ocrx_word' id='word_1_641' title='bbox 2063 4591 2117 4652; x_wconf 93' lang='lat' dir='ltr'>D</span> <span class='ocrx_word' id='word_1_642' title='bbox 2216 4595 2317 4651; x_wconf 89' lang='lat' dir='ltr'>Vel</span> <span class='ocrx_word' id='word_1_643' title='bbox 2349 4594 2581 4667; x_wconf 89' lang='lat' dir='ltr'>gentiles</span> <span class='ocrx_word' id='word_1_644' title='bbox 2610 4593 2817 4665; x_wconf 89' lang='lat' dir='ltr'>lapides</span> <span class='ocrx_word' id='word_1_645' title='bbox 2837 4601 3031 4652; x_wconf 89' lang='lat' dir='ltr'>vocat:</span> <span class='ocrx_word' id='word_1_646' title='bbox 3055 4601 3108 4650; x_wconf 90' lang='lat' dir='ltr'>et</span> <span class='ocrx_word' id='word_1_647' title='bbox 3128 4602 3211 4650; x_wconf 93' lang='lat' dir='ltr'>est</span> <span class='ocrx_word' id='word_1_648' title='bbox 3240 4610 3432 4649; x_wconf 88' lang='lat' dir='ltr'>sensus</span> <span class='ocrx_word' id='word_1_649' title='bbox 3466 4611 3481 4648; x_wconf 90' lang='lat'>:</span> <span class='ocrx_word' id='word_1_650' title='bbox 3511 4594 3596 4649; x_wconf 91' lang='lat' dir='ltr'>Ne</span> <span class='ocrx_word' id='word_1_651' title='bbox 3617 4592 3742 4665; x_wconf 91' lang='lat' dir='ltr'>glo-</span> 
     </span>
    </p>
   </div>
   <div class='ocr_carea' id='block_1_92' title="bbox 452 4661 1329 4735">
    <p class='ocr_par' dir='ltr' id='par_1_92' title="bbox 452 4661 1329 4735">
     <span class='ocr_line' id='line_1_92' title="bbox 452 4661 1329 4735; baseline -0.009 -12"><span class='ocrx_word' id='word_1_652' title='bbox 452 4680 633 4723; x_wconf 80' lang='lat' dir='ltr'>sermo</span> <span class='ocrx_word' id='word_1_653' title='bbox 651 4664 765 4734; x_wconf 89' lang='lat' dir='ltr'>ejus</span> <span class='ocrx_word' id='word_1_654' title='bbox 793 4663 1084 4735; x_wconf 86' lang='lat' dir='ltr'>diligenter</span> <span class='ocrx_word' id='word_1_655' title='bbox 1102 4661 1329 4717; x_wconf 91' lang='lat' dir='ltr'>auditur.</span> 
     </span>
    </p>
   </div>
   <div class='ocr_carea' id='block_1_93' title="bbox 518 4765 2043 4839">
    <p class='ocr_par' dir='ltr' id='par_1_93' title="bbox 518 4765 2043 4839">
     <span class='ocr_line' id='line_1_93' title="bbox 518 4765 2043 4839; baseline -0.003 -12"><span class='ocrx_word' id='word_1_656' title='bbox 518 4772 690 4828; x_wconf 73' lang='lat' dir='ltr'>Vens.</span> <span class='ocrx_word' id='word_1_657' title='bbox 716 4772 769 4825; x_wconf 76' lang='grc'>4.</span> <span class='ocrx_word' id='word_1_658' title='bbox 802 4799 871 4808; x_wconf 92' lang='grc'><strong>-</strong></span> <span class='ocrx_word' id='word_1_659' title='bbox 893 4770 1009 4839; x_wconf 88' lang='lat' dir='ltr'>Ipse</span> <span class='ocrx_word' id='word_1_660' title='bbox 1027 4772 1219 4823; x_wconf 83' lang='lat' dir='ltr'>autem</span> <span class='ocrx_word' id='word_1_661' title='bbox 1259 4769 1520 4824; x_wconf 84' lang='lat' dir='ltr'>Joannes.</span> <span class='ocrx_word' id='word_1_662' title='bbox 1546 4765 1651 4834; x_wconf 91' lang='lat' dir='ltr'>Qui</span> <span class='ocrx_word' id='word_1_663' title='bbox 1669 4765 2043 4837; x_wconf 67' lang='lat' dir='ltr'>paznitentiam</span> 
     </span>
    </p>
   </div>
   <div class='ocr_carea' id='block_1_94' title="bbox 452 4854 2042 4933">
    <p class='ocr_par' dir='ltr' id='par_1_94' title="bbox 452 4854 2042 4933">
     <span class='ocr_line' id='line_1_94' title="bbox 452 4854 2042 4933; baseline -0.004 -16"><span class='ocrx_word' id='word_1_664' title='bbox 452 4858 737 4933; x_wconf 69' lang='lat' dir='ltr'>praedicat,</span> <span class='ocrx_word' id='word_1_665' title='bbox 765 4856 1005 4911; x_wconf 89' lang='lat' dir='ltr'>habitum</span> <span class='ocrx_word' id='word_1_666' title='bbox 1025 4855 1355 4925; x_wconf 67' lang='lat' dir='ltr'>pmnitentiae</span> <span class='ocrx_word' id='word_1_667' title='bbox 1370 4854 1677 4925; x_wconf 80' lang='lat' dir='ltr'>praetendit.</span> <span class='ocrx_word' id='word_1_668' title='bbox 1699 4855 1761 4909; x_wconf 90' lang='lat' dir='ltr'>In</span> <span class='ocrx_word' id='word_1_669' title='bbox 1780 4870 1845 4909; x_wconf 89' lang='lat' dir='ltr'>eo</span> <span class='ocrx_word' id='word_1_670' title='bbox 1865 4855 2042 4910; x_wconf 87' lang='lat' dir='ltr'>vilitas</span> 
     </span>
    </p>
   </div>
   <div class='ocr_carea' id='block_1_95' title="bbox 452 4942 2007 5015">
    <p class='ocr_par' dir='ltr' id='par_1_95' title="bbox 452 4942 2007 5015">
     <span class='ocr_line' id='line_1_95' title="bbox 452 4942 2007 5015; baseline -0.005 -10"><span class='ocrx_word' id='word_1_671' title='bbox 452 4948 621 5006; x_wconf 89' lang='lat' dir='ltr'>vestis</span> <span class='ocrx_word' id='word_1_672' title='bbox 637 4955 690 5002; x_wconf 92' lang='lat' dir='ltr'>et</span> <span class='ocrx_word' id='word_1_673' title='bbox 706 4945 812 5001; x_wconf 93' lang='lat' dir='ltr'>cibi</span> <span class='ocrx_word' id='word_1_674' title='bbox 832 4944 1333 5014; x_wconf 88' lang='lat' dir='ltr'>laudatur,quorum</span> <span class='ocrx_word' id='word_1_675' title='bbox 1344 4960 1475 4998; x_wconf 91' lang='lat' dir='ltr'>usus</span> <span class='ocrx_word' id='word_1_676' title='bbox 1496 4943 1551 4997; x_wconf 92' lang='lat' dir='ltr'>in</span> <span class='ocrx_word' id='word_1_677' title='bbox 1564 4942 1731 4998; x_wconf 90' lang='lat' dir='ltr'>divite</span> <span class='ocrx_word' id='word_1_678' title='bbox 1747 4942 2007 5015; x_wconf 89' lang='lat' dir='ltr'>arguitur.</span> 
     </span>
    </p>
   </div>
   <div class='ocr_carea' id='block_1_96' title="bbox 518 5047 2038 5124">
    <p class='ocr_par' dir='ltr' id='par_1_96' title="bbox 518 5047 2038 5124">
     <span class='ocr_line' id='line_1_96' title="bbox 518 5047 2038 5124; baseline -0.003 -16"><span class='ocrx_word' id='word_1_679' title='bbox 518 5055 642 5124; x_wconf 88' lang='lat' dir='ltr'>Ipse</span> <span class='ocrx_word' id='word_1_680' title='bbox 670 5058 849 5106; x_wconf 90' lang='lat' dir='ltr'>autem</span> <span class='ocrx_word' id='word_1_681' title='bbox 879 5049 1116 5104; x_wconf 90' lang='lat' dir='ltr'>Joannes</span> <span class='ocrx_word' id='word_1_682' title='bbox 1164 5047 1221 5101; x_wconf 94' lang='lat' dir='ltr'>in</span> <span class='ocrx_word' id='word_1_683' title='bbox 1258 5049 1551 5120; x_wconf 90' lang='lat' dir='ltr'>semetipso</span> <span class='ocrx_word' id='word_1_684' title='bbox 1573 5048 1750 5104; x_wconf 87' lang='lat' dir='ltr'>erudit</span> <span class='ocrx_word' id='word_1_685' title='bbox 1776 5049 2038 5118; x_wconf 74' lang='lat' dir='ltr'>pmniten—</span> 
     </span>
    </p>
   </div>
   <div class='ocr_carea' id='block_1_97' title="bbox 457 5134 2036 5207">
    <p class='ocr_par' dir='ltr' id='par_1_97' title="bbox 457 5134 2036 5207">
     <span class='ocr_line' id='line_1_97' title="bbox 457 5134 2036 5207; baseline -0.003 -9"><span class='ocrx_word' id='word_1_686' title='bbox 457 5151 561 5207; x_wconf 88' lang='lat' dir='ltr'>tes,</span> <span class='ocrx_word' id='word_1_687' title='bbox 584 5147 637 5195; x_wconf 91' lang='lat' dir='ltr'>et</span> <span class='ocrx_word' id='word_1_688' title='bbox 657 5138 885 5194; x_wconf 89' lang='lat' dir='ltr'>formam</span> <span class='ocrx_word' id='word_1_689' title='bbox 907 5136 1030 5192; x_wconf 87' lang='lat' dir='ltr'>vitae</span> <span class='ocrx_word' id='word_1_690' title='bbox 1062 5134 1280 5190; x_wconf 86' lang='lat' dir='ltr'>exhibet</span> <span class='ocrx_word' id='word_1_691' title='bbox 1325 5136 1381 5189; x_wconf 93' lang='lat' dir='ltr'>in</span> <span class='ocrx_word' id='word_1_692' title='bbox 1412 5137 1628 5192; x_wconf 90' lang='lat' dir='ltr'>deserto</span> <span class='ocrx_word' id='word_1_693' title='bbox 1674 5136 1943 5205; x_wconf 86' lang='lat' dir='ltr'>habitans,</span> <span class='ocrx_word' id='word_1_694' title='bbox 1966 5136 2036 5193; x_wconf 92' lang='lat' dir='ltr'>de</span> 
     </span>
    </p>
   </div>
   <div class='ocr_carea' id='block_1_98' title="bbox 444 5223 1582 5295">
    <p class='ocr_par' dir='ltr' id='par_1_98' title="bbox 444 5223 1582 5295">
     <span class='ocr_line' id='line_1_98' title="bbox 444 5223 1582 5295; baseline -0.006 -9"><span class='ocrx_word' id='word_1_695' title='bbox 444 5227 668 5286; x_wconf 89' lang='lat' dir='ltr'>locustis</span> <span class='ocrx_word' id='word_1_696' title='bbox 694 5226 902 5289; x_wconf 88' lang='lat' dir='ltr'>vivens,</span> <span class='ocrx_word' id='word_1_697' title='bbox 934 5223 1076 5295; x_wconf 90' lang='lat' dir='ltr'>pilos</span> <span class='ocrx_word' id='word_1_698' title='bbox 1099 5223 1295 5278; x_wconf 88' lang='lat' dir='ltr'>cameli</span> <span class='ocrx_word' id='word_1_699' title='bbox 1325 5223 1582 5279; x_wconf 91' lang='lat' dir='ltr'>vestiens.</span> 
     </span>
    </p>
   </div>
   <div class='ocr_carea' id='block_1_99' title="bbox 514 5311 2031 5373">
    <p class='ocr_par' dir='ltr' id='par_1_99' title="bbox 514 5311 2031 5373">
     <span class='ocr_line' id='line_1_99' title="bbox 514 5311 2031 5373; baseline -0.004 -1"><span class='ocrx_word' id='word_1_700' title='bbox 514 5318 713 5373; x_wconf 89' lang='lat' dir='ltr'>Servus</span> <span class='ocrx_word' id='word_1_701' title='bbox 742 5312 843 5368; x_wconf 90' lang='lat' dir='ltr'>Dei</span> <span class='ocrx_word' id='word_1_702' title='bbox 872 5328 983 5367; x_wconf 90' lang='lat' dir='ltr'>non</span> <span class='ocrx_word' id='word_1_703' title='bbox 1012 5312 1175 5366; x_wconf 91' lang='lat' dir='ltr'>debet</span> <span class='ocrx_word' id='word_1_704' title='bbox 1204 5312 1409 5367; x_wconf 90' lang='lat' dir='ltr'>habere</span> <span class='ocrx_word' id='word_1_705' title='bbox 1440 5313 1819 5368; x_wconf 87' lang='lat' dir='ltr'>vestimentum</span> <span class='ocrx_word' id='word_1_706' title='bbox 1848 5311 1916 5366; x_wconf 93' lang='lat' dir='ltr'>ad</span> <span class='ocrx_word' id='word_1_707' title='bbox 1934 5311 2031 5366; x_wconf 91' lang='lat' dir='ltr'>de-</span> 
     </span>
    </p>
   </div>
   <div class='ocr_carea' id='block_1_100' title="bbox 439 5399 2027 5473">
    <p class='ocr_par' dir='ltr' id='par_1_100' title="bbox 439 5399 2027 5473">
     <span class='ocr_line' id='line_1_100' title="bbox 439 5399 2027 5473; baseline -0.007 -8"><span class='ocrx_word' id='word_1_708' title='bbox 439 5420 626 5465; x_wconf 92' lang='lat' dir='ltr'>corem</span> <span class='ocrx_word' id='word_1_709' title='bbox 654 5402 742 5458; x_wconf 91' lang='lat' dir='ltr'>vel</span> <span class='ocrx_word' id='word_1_710' title='bbox 786 5400 853 5455; x_wconf 91' lang='lat' dir='ltr'>ad</span> <span class='ocrx_word' id='word_1_711' title='bbox 882 5399 1318 5467; x_wconf 91' lang='lat' dir='ltr'>delectationem,</span> <span class='ocrx_word' id='word_1_712' title='bbox 1375 5402 1471 5455; x_wconf 89' lang='lat' dir='ltr'>sed</span> <span class='ocrx_word' id='word_1_713' title='bbox 1503 5409 1703 5455; x_wconf 89' lang='lat' dir='ltr'>tantum</span> <span class='ocrx_word' id='word_1_714' title='bbox 1733 5401 1802 5456; x_wconf 91' lang='lat' dir='ltr'>ad</span> <span class='ocrx_word' id='word_1_715' title='bbox 1831 5408 2027 5473; x_wconf 89' lang='lat' dir='ltr'>tegen-</span> 
     </span>
    </p>
   </div>
   <div class='ocr_carea' id='block_1_101' title="bbox 434 5487 1855 5557">
    <p class='ocr_par' dir='ltr' id='par_1_101' title="bbox 434 5487 1855 5557">
     <span class='ocr_line' id='line_1_101' title="bbox 434 5487 1855 5557; baseline -0.005 -7"><span class='ocrx_word' id='word_1_716' title='bbox 434 5494 564 5552; x_wconf 87' lang='lat' dir='ltr'>dam</span> <span class='ocrx_word' id='word_1_717' title='bbox 590 5489 907 5546; x_wconf 90' lang='lat' dir='ltr'>nuditatem.</span> <span class='ocrx_word' id='word_1_718' title='bbox 933 5487 1065 5542; x_wconf 90' lang='lat' dir='ltr'>Inde</span> <span class='ocrx_word' id='word_1_719' title='bbox 1091 5487 1329 5542; x_wconf 88' lang='lat' dir='ltr'>Joannes</span> <span class='ocrx_word' id='word_1_720' title='bbox 1354 5487 1479 5557; x_wconf 88' lang='lat' dir='ltr'>pilis</span> <span class='ocrx_word' id='word_1_721' title='bbox 1504 5487 1855 5543; x_wconf 84' lang='lat' dir='ltr'>vestiebatur.</span> 
     </span>
    </p>
   </div>
   <div class='ocr_carea' id='block_1_102' title="bbox 505 5575 2081 5645">
    <p class='ocr_par' dir='ltr' id='par_1_102' title="bbox 505 5575 2081 5645">
     <span class='ocr_line' id='line_1_102' title="bbox 505 5575 2081 5645; baseline -0.005 -7"><span class='ocrx_word' id='word_1_722' title='bbox 505 5583 677 5638; x_wconf 74' lang='lat' dir='ltr'>Vnus.</span> <span class='ocrx_word' id='word_1_723' title='bbox 702 5580 754 5632; x_wconf 83' lang='lat'>5.</span> <span class='ocrx_word' id='word_1_724' title='bbox 787 5607 857 5617; x_wconf 92' lang='lat'><strong>—</strong></span> <span class='ocrx_word' id='word_1_725' title='bbox 894 5578 1042 5631; x_wconf 82' lang='lat' dir='ltr'>Tunc</span> <span class='ocrx_word' id='word_1_726' title='bbox 1081 5576 1277 5631; x_wconf 76' lang='lat' dir='ltr'>exibat</span> <span class='ocrx_word' id='word_1_727' title='bbox 1301 5575 1374 5630; x_wconf 82' lang='lat' dir='ltr'>ad</span> <span class='ocrx_word' id='word_1_728' title='bbox 1411 5591 1558 5640; x_wconf 83' lang='lat' dir='ltr'>eum,</span> <span class='ocrx_word' id='word_1_729' title='bbox 1604 5584 1708 5631; x_wconf 91' lang='lat' dir='ltr'>etc.</span> <span class='ocrx_word' id='word_1_730' title='bbox 1759 5575 1899 5645; x_wconf 89' lang='lat' dir='ltr'>Quia</span> <span class='ocrx_word' id='word_1_731' title='bbox 1920 5575 2025 5631; x_wconf 92' lang='lat' dir='ltr'>nisi</span> <span class='ocrx_word' id='word_1_732' title='bbox 2074 5600 2081 5613; x_wconf 73' lang='grc' dir='ltr'><em>ι</em></span> 
     </span>
    </p>
   </div>
   <div class='ocr_carea' id='block_1_103' title="bbox 434 5663 2019 5745">
    <p class='ocr_par' dir='ltr' id='par_1_103' title="bbox 434 5663 2019 5745">
     <span class='ocr_line' id='line_1_103' title="bbox 434 5663 2019 5745; baseline -0.006 -16"><span class='ocrx_word' id='word_1_733' title='bbox 434 5671 557 5745; x_wconf 89' lang='lat' dir='ltr'>quis</span> <span class='ocrx_word' id='word_1_734' title='bbox 584 5686 618 5726; x_wconf 92' lang='lat' dir='ltr'>a</span> <span class='ocrx_word' id='word_1_735' title='bbox 645 5666 805 5724; x_wconf 90' lang='lat' dir='ltr'>malis</span> <span class='ocrx_word' id='word_1_736' title='bbox 826 5672 998 5733; x_wconf 88' lang='lat' dir='ltr'>exeat,</span> <span class='ocrx_word' id='word_1_737' title='bbox 1016 5679 1125 5719; x_wconf 93' lang='lat' dir='ltr'>non</span> <span class='ocrx_word' id='word_1_738' title='bbox 1153 5663 1568 5719; x_wconf 89' lang='lat' dir='ltr'>abluitur.Unde</span> <span class='ocrx_word' id='word_1_739' title='bbox 1593 5670 1719 5733; x_wconf 90' lang='lat' dir='ltr'>apte</span> <span class='ocrx_word' id='word_1_740' title='bbox 1740 5665 2019 5735; x_wconf 88' lang='lat' dir='ltr'>sequitur:</span> 
     </span>
    </p>
   </div>
   <div class='ocr_carea' id='block_1_104' title="bbox 431 5751 2026 5833">
    <p class='ocr_par' dir='ltr' id='par_1_104' title="bbox 431 5751 2026 5833">
     <span class='ocr_line' id='line_1_104' title="bbox 431 5751 2026 5833; baseline -0.007 -13"><span class='ocrx_word' id='word_1_741' title='bbox 431 5763 544 5833; x_wconf 89' lang='lat' dir='ltr'>Bap</span> <span class='ocrx_word' id='word_1_742' title='bbox 552 5758 878 5817; x_wconf 74' lang='lat' dir='ltr'>tizabantur</span> <span class='ocrx_word' id='word_1_743' title='bbox 897 5754 964 5812; x_wconf 88' lang='lat' dir='ltr'>ab</span> <span class='ocrx_word' id='word_1_744' title='bbox 984 5769 1046 5812; x_wconf 89' lang='lat' dir='ltr'>eo</span> <span class='ocrx_word' id='word_1_745' title='bbox 1066 5754 1129 5810; x_wconf 89' lang='lat' dir='ltr'>in</span> <span class='ocrx_word' id='word_1_746' title='bbox 1140 5754 1381 5811; x_wconf 84' lang='lat' dir='ltr'>Jordanc</span> <span class='ocrx_word' id='word_1_747' title='bbox 1398 5772 1417 5810; x_wconf 90' lang='lat'>:</span> <span class='ocrx_word' id='word_1_748' title='bbox 1438 5751 1532 5827; x_wconf 89' lang='lat' dir='ltr'>qui</span> <span class='ocrx_word' id='word_1_749' title='bbox 1551 5752 1837 5811; x_wconf 81' lang='lat' dir='ltr'>descensio</span> <span class='ocrx_word' id='word_1_750' title='bbox 1855 5753 2026 5811; x_wconf 89' lang='lat' dir='ltr'>inter-</span> 
     </span>
    </p>
   </div>
   <div class='ocr_carea' id='block_1_105' title="bbox 2143 4680 3741 4754">
    <p class='ocr_par' dir='ltr' id='par_1_105' title="bbox 2143 4680 3741 4754">
     <span class='ocr_line' id='line_1_105' title="bbox 2143 4680 3741 4754; baseline -0.001 -17"><span class='ocrx_word' id='word_1_751' title='bbox 2143 4683 2354 4740; x_wconf 90' lang='lat' dir='ltr'>riemini</span> <span class='ocrx_word' id='word_1_752' title='bbox 2373 4684 2442 4738; x_wconf 90' lang='lat' dir='ltr'>de</span> <span class='ocrx_word' id='word_1_753' title='bbox 2487 4682 2693 4738; x_wconf 90' lang='lat' dir='ltr'>semine</span> <span class='ocrx_word' id='word_1_754' title='bbox 2727 4682 2940 4738; x_wconf 91' lang='lat' dir='ltr'>carnis:</span> <span class='ocrx_word' id='word_1_755' title='bbox 2973 4682 3100 4754; x_wconf 92' lang='lat' dir='ltr'>quia</span> <span class='ocrx_word' id='word_1_756' title='bbox 3146 4682 3201 4736; x_wconf 90' lang='lat' dir='ltr'>hi</span> <span class='ocrx_word' id='word_1_757' title='bbox 3243 4689 3449 4737; x_wconf 90' lang='lat' dir='ltr'>tantum</span> <span class='ocrx_word' id='word_1_758' title='bbox 3476 4690 3604 4737; x_wconf 91' lang='lat' dir='ltr'>sunt</span> <span class='ocrx_word' id='word_1_759' title='bbox 3638 4680 3741 4736; x_wconf 84' lang='lat' dir='ltr'>filii</span> 
     </span>
    </p>
   </div>
   <div class='ocr_carea' id='block_1_106' title="bbox 2142 4769 3773 4853">
    <p class='ocr_par' dir='ltr' id='par_1_106' title="bbox 2142 4769 3773 4853">
     <span class='ocr_line' id='line_1_106' title="bbox 2142 4769 3773 4853; baseline -0.001 -28"><span class='ocrx_word' id='word_1_760' title='bbox 2142 4771 2263 4837; x_wconf 90' lang='lat' dir='ltr'>Dei,</span> <span class='ocrx_word' id='word_1_761' title='bbox 2296 4771 2390 4843; x_wconf 88' lang='lat' dir='ltr'>qui</span> <span class='ocrx_word' id='word_1_762' title='bbox 2413 4787 2512 4841; x_wconf 91' lang='lat' dir='ltr'>per</span> <span class='ocrx_word' id='word_1_763' title='bbox 2555 4770 2782 4841; x_wconf 84' lang='lat' dir='ltr'>gratiam</span> <span class='ocrx_word' id='word_1_764' title='bbox 2813 4777 2937 4824; x_wconf 91' lang='lat' dir='ltr'>sunt</span> <span class='ocrx_word' id='word_1_765' title='bbox 2957 4769 3241 4825; x_wconf 90' lang='lat' dir='ltr'>illuminati</span> <span class='ocrx_word' id='word_1_766' title='bbox 3270 4777 3325 4825; x_wconf 93' lang='lat' dir='ltr'>et</span> <span class='ocrx_word' id='word_1_767' title='bbox 3352 4769 3577 4853; x_wconf 56' lang='lat' dir='ltr'>in.terius</span> <span class='ocrx_word' id='word_1_768' title='bbox 3607 4786 3740 4825; x_wconf 90' lang='lat' dir='ltr'>sus-</span> <span class='ocrx_word' id='word_1_769' title='bbox 3766 4784 3773 4807; x_wconf 82' lang='grc' dir='ltr'>ι</span> 
     </span>
    </p>
   </div>
   <div class='ocr_carea' id='block_1_107' title="bbox 2139 4857 3740 4931">
    <p class='ocr_par' dir='ltr' id='par_1_107' title="bbox 2139 4857 3740 4931">
     <span class='ocr_line' id='line_1_107' title="bbox 2139 4857 3740 4931; baseline -0.001 -16"><span class='ocrx_word' id='word_1_770' title='bbox 2139 4859 2305 4916; x_wconf 87' lang='lat' dir='ltr'>citati.</span> <span class='ocrx_word' id='word_1_771' title='bbox 2359 4858 2630 4914; x_wconf 91' lang='lat' dir='ltr'>Suscitare</span> <span class='ocrx_word' id='word_1_772' title='bbox 2678 4858 2953 4929; x_wconf 88' lang='lat' dir='ltr'>signanter</span> <span class='ocrx_word' id='word_1_773' title='bbox 2976 4857 3137 4925; x_wconf 90' lang='lat' dir='ltr'>dicit,</span> <span class='ocrx_word' id='word_1_774' title='bbox 3169 4858 3292 4931; x_wconf 91' lang='lat' dir='ltr'>quia</span> <span class='ocrx_word' id='word_1_775' title='bbox 3336 4858 3578 4914; x_wconf 89' lang='lat' dir='ltr'>Christus</span> <span class='ocrx_word' id='word_1_776' title='bbox 3628 4857 3740 4914; x_wconf 87' lang='lat' dir='ltr'>Sa-</span> 
     </span>
    </p>
   </div>
   <div class='ocr_carea' id='block_1_108' title="bbox 2138 4946 3740 5018">
    <p class='ocr_par' dir='ltr' id='par_1_108' title="bbox 2138 4946 3740 5018">
     <span class='ocr_line' id='line_1_108' title="bbox 2138 4946 3740 5018; baseline -0.001 -17"><span class='ocrx_word' id='word_1_777' title='bbox 2138 4963 2275 5015; x_wconf 91' lang='lat' dir='ltr'>ram,</span> <span class='ocrx_word' id='word_1_778' title='bbox 2297 4947 2353 5001; x_wconf 91' lang='lat' dir='ltr'>id</span> <span class='ocrx_word' id='word_1_779' title='bbox 2383 4956 2467 5002; x_wconf 92' lang='lat' dir='ltr'>est</span> <span class='ocrx_word' id='word_1_780' title='bbox 2503 4946 2825 5011; x_wconf 78' lang='lat' dir='ltr'>Ecclesium,</span> <span class='ocrx_word' id='word_1_781' title='bbox 2857 4946 3086 5017; x_wconf 89' lang='lat' dir='ltr'>accepit,</span> <span class='ocrx_word' id='word_1_782' title='bbox 3118 4955 3173 5002; x_wconf 91' lang='lat' dir='ltr'>et</span> <span class='ocrx_word' id='word_1_783' title='bbox 3218 4946 3442 5002; x_wconf 91' lang='lat' dir='ltr'>suscitat</span> <span class='ocrx_word' id='word_1_784' title='bbox 3487 4963 3586 5017; x_wconf 91' lang='lat' dir='ltr'>per</span> <span class='ocrx_word' id='word_1_785' title='bbox 3612 4962 3740 5018; x_wconf 86' lang='lat' dir='ltr'>gra-</span> 
     </span>
    </p>
   </div>
   <div class='ocr_carea' id='block_1_109' title="bbox 2137 5031 3730 5101">
    <p class='ocr_par' dir='ltr' id='par_1_109' title="bbox 2137 5031 3730 5101">
     <span class='ocr_line' id='line_1_109' title="bbox 2137 5031 3730 5101; baseline 0 -11"><span class='ocrx_word' id='word_1_786' title='bbox 2137 5035 2268 5090; x_wconf 90' lang='lat' dir='ltr'>tiam</span> <span class='ocrx_word' id='word_1_787' title='bbox 2298 5033 2438 5090; x_wconf 86' lang='lat' dir='ltr'>filios</span> <span class='ocrx_word' id='word_1_788' title='bbox 2485 5034 2717 5090; x_wconf 68' lang='lat' dir='ltr'>Abrahae</span> <span class='ocrx_word' id='word_1_789' title='bbox 2746 5031 2998 5089; x_wconf 90' lang='lat' dir='ltr'>defuncto</span> <span class='ocrx_word' id='word_1_790' title='bbox 3028 5034 3145 5091; x_wconf 91' lang='lat' dir='ltr'>sine</span> <span class='ocrx_word' id='word_1_791' title='bbox 3200 5034 3404 5101; x_wconf 89' lang='lat' dir='ltr'>liberis,</span> <span class='ocrx_word' id='word_1_792' title='bbox 3429 5050 3499 5089; x_wconf 91' lang='lat' dir='ltr'>ne</span> <span class='ocrx_word' id='word_1_793' title='bbox 3541 5041 3730 5090; x_wconf 86' lang='lat' dir='ltr'>tantus</span> 
     </span>
    </p>
   </div>
   <div class='ocr_carea' id='block_1_110' title="bbox 2135 5122 3738 5195">
    <p class='ocr_par' dir='ltr' id='par_1_110' title="bbox 2135 5122 3738 5195">
     <span class='ocr_line' id='line_1_110' title="bbox 2135 5122 3738 5195; baseline -0.001 -16"><span class='ocrx_word' id='word_1_794' title='bbox 2135 5123 2444 5195; x_wconf 90' lang='lat' dir='ltr'>patriarcha</span> <span class='ocrx_word' id='word_1_795' title='bbox 2480 5123 2781 5193; x_wconf 89' lang='lat' dir='ltr'>privaretur</span> <span class='ocrx_word' id='word_1_796' title='bbox 2800 5122 3105 5193; x_wconf 90' lang='lat' dir='ltr'>promissis.</span> <span class='ocrx_word' id='word_1_797' title='bbox 3136 5123 3197 5177; x_wconf 91' lang='lat' dir='ltr'>In</span> <span class='ocrx_word' id='word_1_798' title='bbox 3226 5124 3379 5193; x_wconf 90' lang='lat' dir='ltr'>cujus</span> <span class='ocrx_word' id='word_1_799' title='bbox 3416 5122 3497 5179; x_wconf 88' lang='lat' dir='ltr'>rei</span> <span class='ocrx_word' id='word_1_800' title='bbox 3533 5138 3738 5195; x_wconf 65' lang='lat' dir='ltr'>praesa-</span> 
     </span>
    </p>
   </div>
   <div class='ocr_carea' id='block_1_111' title="bbox 2135 5210 3299 5286">
    <p class='ocr_par' dir='ltr' id='par_1_111' title="bbox 2135 5210 3299 5286">
     <span class='ocr_line' id='line_1_111' title="bbox 2135 5210 3299 5286; baseline -0.001 -19"><span class='ocrx_word' id='word_1_801' title='bbox 2135 5212 2284 5286; x_wconf 89' lang='lat' dir='ltr'>gium</span> <span class='ocrx_word' id='word_1_802' title='bbox 2312 5211 2441 5267; x_wconf 88' lang='lat' dir='ltr'>olim</span> <span class='ocrx_word' id='word_1_803' title='bbox 2474 5211 2620 5266; x_wconf 88' lang='lat' dir='ltr'>Deus</span> <span class='ocrx_word' id='word_1_804' title='bbox 2632 5211 2700 5267; x_wconf 91' lang='lat' dir='ltr'>de</span> <span class='ocrx_word' id='word_1_805' title='bbox 2730 5211 2859 5267; x_wconf 89' lang='lat' dir='ltr'>Sara</span> <span class='ocrx_word' id='word_1_806' title='bbox 2897 5211 3086 5285; x_wconf 90' lang='lat' dir='ltr'>genuit</span> <span class='ocrx_word' id='word_1_807' title='bbox 3111 5210 3299 5267; x_wconf 85' lang='lat' dir='ltr'>tilium.</span> 
     </span>
    </p>
   </div>
   <div class='ocr_carea' id='block_1_112' title="bbox 2205 5316 3738 5375">
    <p class='ocr_par' dir='ltr' id='par_1_112' title="bbox 2205 5316 3738 5375">
     <span class='ocr_line' id='line_1_112' title="bbox 2205 5316 3738 5375; baseline 0.003 -4"><span class='ocrx_word' id='word_1_808' title='bbox 2205 5318 2377 5372; x_wconf 72' lang='lat' dir='ltr'>Vens.</span> <span class='ocrx_word' id='word_1_809' title='bbox 2403 5320 2489 5371; x_wconf 85' lang='grc' dir='ltr'>1ο.</span> <span class='ocrx_word' id='word_1_810' title='bbox 2512 5347 2581 5357; x_wconf 90' lang='grc'><strong><em>-</em></strong></span> <span class='ocrx_word' id='word_1_811' title='bbox 2598 5319 2725 5374; x_wconf 78' lang='lat' dir='ltr'>lam</span> <span class='ocrx_word' id='word_1_812' title='bbox 2744 5319 2900 5375; x_wconf 83' lang='lat' dir='ltr'>enim</span> <span class='ocrx_word' id='word_1_813' title='bbox 2917 5320 3152 5375; x_wconf 83' lang='lat' dir='ltr'>securis.</span> <span class='ocrx_word' id='word_1_814' title='bbox 3174 5319 3257 5374; x_wconf 91' lang='lat' dir='ltr'>Ne</span> <span class='ocrx_word' id='word_1_815' title='bbox 3278 5325 3458 5374; x_wconf 90' lang='lat' dir='ltr'>autem</span> <span class='ocrx_word' id='word_1_816' title='bbox 3477 5316 3738 5374; x_wconf 86' lang='lat' dir='ltr'>videren-</span> 
     </span>
    </p>
   </div>
   <div class='ocr_carea' id='block_1_113' title="bbox 2132 5405 3733 5479">
    <p class='ocr_par' dir='ltr' id='par_1_113' title="bbox 2132 5405 3733 5479">
     <span class='ocr_line' id='line_1_113' title="bbox 2132 5405 3733 5479; baseline 0 -17"><span class='ocrx_word' id='word_1_817' title='bbox 2132 5413 2217 5462; x_wconf 85' lang='lat' dir='ltr'>tur</span> <span class='ocrx_word' id='word_1_818' title='bbox 2243 5405 2529 5473; x_wconf 91' lang='lat' dir='ltr'>immunes,</span> <span class='ocrx_word' id='word_1_819' title='bbox 2562 5405 2610 5461; x_wconf 90' lang='lat' dir='ltr'>si</span> <span class='ocrx_word' id='word_1_820' title='bbox 2637 5422 2697 5462; x_wconf 90' lang='lat' dir='ltr'>se</span> <span class='ocrx_word' id='word_1_821' title='bbox 2726 5426 2761 5463; x_wconf 89' lang='lat' dir='ltr'>a</span> <span class='ocrx_word' id='word_1_822' title='bbox 2787 5407 2982 5462; x_wconf 89' lang='lat' dir='ltr'>talibus</span> <span class='ocrx_word' id='word_1_823' title='bbox 3012 5407 3359 5463; x_wconf 90' lang='lat' dir='ltr'>sacramentis</span> <span class='ocrx_word' id='word_1_824' title='bbox 3389 5416 3733 5479; x_wconf 89' lang='lat' dir='ltr'>separarent,</span> 
     </span>
    </p>
   </div>
   <div class='ocr_carea' id='block_1_114' title="bbox 2131 5493 3735 5568">
    <p class='ocr_par' dir='ltr' id='par_1_114' title="bbox 2131 5493 3735 5568">
     <span class='ocr_line' id='line_1_114' title="bbox 2131 5493 3735 5568; baseline 0.001 -18"><span class='ocrx_word' id='word_1_825' title='bbox 2131 5493 2503 5550; x_wconf 90' lang='lat' dir='ltr'>comminatur.</span> <span class='ocrx_word' id='word_1_826' title='bbox 2564 5496 2808 5552; x_wconf 85' lang='lat' dir='ltr'>Securis.</span> <span class='ocrx_word' id='word_1_827' title='bbox 2881 5494 3124 5551; x_wconf 91' lang='lat' dir='ltr'>Christus</span> <span class='ocrx_word' id='word_1_828' title='bbox 3149 5540 3161 5561; x_wconf 91' lang='lat'>,</span> <span class='ocrx_word' id='word_1_829' title='bbox 3195 5496 3286 5568; x_wconf 91' lang='lat' dir='ltr'>qui</span> <span class='ocrx_word' id='word_1_830' title='bbox 3330 5512 3399 5551; x_wconf 87' lang='lat' dir='ltr'>ex</span> <span class='ocrx_word' id='word_1_831' title='bbox 3443 5494 3735 5552; x_wconf 90' lang='lat' dir='ltr'>manubrio</span> 
     </span>
    </p>
   </div>
   <div class='ocr_carea' id='block_1_115' title="bbox 2130 5582 3735 5656">
    <p class='ocr_par' dir='ltr' id='par_1_115' title="bbox 2130 5582 3735 5656">
     <span class='ocr_line' id='line_1_115' title="bbox 2130 5582 3735 5656; baseline 0.001 -18"><span class='ocrx_word' id='word_1_832' title='bbox 2130 5590 2342 5638; x_wconf 88' lang='lat' dir='ltr'>constat</span> <span class='ocrx_word' id='word_1_833' title='bbox 2372 5589 2426 5638; x_wconf 92' lang='lat' dir='ltr'>et</span> <span class='ocrx_word' id='word_1_834' title='bbox 2470 5582 2636 5652; x_wconf 89' lang='lat' dir='ltr'>ferro,</span> <span class='ocrx_word' id='word_1_835' title='bbox 2670 5583 2725 5638; x_wconf 91' lang='lat' dir='ltr'>id</span> <span class='ocrx_word' id='word_1_836' title='bbox 2745 5592 2845 5653; x_wconf 88' lang='lat' dir='ltr'>est,</span> <span class='ocrx_word' id='word_1_837' title='bbox 2878 5584 3213 5639; x_wconf 87' lang='lat' dir='ltr'>humanitate</span> <span class='ocrx_word' id='word_1_838' title='bbox 3249 5600 3354 5656; x_wconf 89' lang='lat' dir='ltr'>qua</span> <span class='ocrx_word' id='word_1_839' title='bbox 3400 5592 3633 5651; x_wconf 90' lang='lat' dir='ltr'>tenetur,</span> <span class='ocrx_word' id='word_1_840' title='bbox 3677 5590 3735 5640; x_wconf 89' lang='lat' dir='ltr'>et</span> 
     </span>
    </p>
   </div>
   <div class='ocr_carea' id='block_1_116' title="bbox 2130 5668 3732 5744">
    <p class='ocr_par' dir='ltr' id='par_1_116' title="bbox 2130 5668 3732 5744">
     <span class='ocr_line' id='line_1_116' title="bbox 2130 5668 3732 5744; baseline 0.001 -17"><span class='ocrx_word' id='word_1_841' title='bbox 2130 5670 2407 5727; x_wconf 90' lang='lat' dir='ltr'>divinitate</span> <span class='ocrx_word' id='word_1_842' title='bbox 2436 5668 2563 5744; x_wconf 88' lang='lat' dir='ltr'>quia</span> <span class='ocrx_word' id='word_1_843' title='bbox 2589 5671 2794 5727; x_wconf 90' lang='lat' dir='ltr'>incidit.</span> <span class='ocrx_word' id='word_1_844' title='bbox 2827 5674 3022 5729; x_wconf 85' lang='lat' dir='ltr'>Posita</span> <span class='ocrx_word' id='word_1_845' title='bbox 3051 5676 3138 5729; x_wconf 85' lang='lat' dir='ltr'>est</span> <span class='ocrx_word' id='word_1_846' title='bbox 3158 5692 3177 5727; x_wconf 91' lang='lat'>:</span> <span class='ocrx_word' id='word_1_847' title='bbox 3205 5672 3334 5744; x_wconf 88' lang='lat' dir='ltr'>quia</span> <span class='ocrx_word' id='word_1_848' title='bbox 3366 5672 3468 5729; x_wconf 90' lang='lat' dir='ltr'>etsi</span> <span class='ocrx_word' id='word_1_849' title='bbox 3494 5688 3596 5744; x_wconf 92' lang='lat' dir='ltr'>per</span> <span class='ocrx_word' id='word_1_850' title='bbox 3621 5687 3732 5744; x_wconf 86' lang='lat' dir='ltr'>pa-</span> 
     </span>
    </p>
   </div>
   <div class='ocr_carea' id='block_1_117' title="bbox 2128 5759 3724 5834">
    <p class='ocr_par' dir='ltr' id='par_1_117' title="bbox 2128 5759 3724 5834">
     <span class='ocr_line' id='line_1_117' title="bbox 2128 5759 3724 5834; baseline 0.002 -17"><span class='ocrx_word' id='word_1_851' title='bbox 2128 5759 2374 5818; x_wconf 86' lang='lat' dir='ltr'>tientiam</span> <span class='ocrx_word' id='word_1_852' title='bbox 2420 5768 2720 5834; x_wconf 84' lang='lat' dir='ltr'>exspectat,</span> <span class='ocrx_word' id='word_1_853' title='bbox 2749 5760 2896 5821; x_wconf 88' lang='lat' dir='ltr'>videt</span> <span class='ocrx_word' id='word_1_854' title='bbox 2936 5768 3118 5819; x_wconf 86' lang='lat' dir='ltr'>tamen</span> <span class='ocrx_word' id='word_1_855' title='bbox 3148 5760 3278 5834; x_wconf 88' lang='lat' dir='ltr'>quid</span> <span class='ocrx_word' id='word_1_856' title='bbox 3324 5769 3411 5821; x_wconf 86' lang='lat' dir='ltr'>est</span> <span class='ocrx_word' id='word_1_857' title='bbox 3457 5759 3724 5823; x_wconf 84' lang='lat' dir='ltr'>facturus.</span> 
     </span>
    </p>
   </div>
  </div>
