4000 6182
281 223 340 276 81

1267 220 1538 279 GLOSSA
1576 221 1985 281 ORDINARIA.
2027 254 2096 267 --
2133 226 2396 285 EVANG.
2436 229 2693 288 MATTH.
2740 214 2747 225 ‘

3510 244 3579 300 82

280 345 363 400 Ad
394 343 674 400 radicem.
708 343 773 399 Id
803 336 906 413 est,
939 344 1105 400 finem
1124 344 1336 401 Judaici
1355 346 1563 418 populi,
1595 355 1654 402 ut
1681 348 1888 404 auferat
1911 352 1969 415 Α
1998 365 2123 405 nem
2150 360 2387 422 portare,
2419 354 2507 410 vel
2537 371 2739 411 nomen
2780 359 2967 429 sponsi
3016 374 3301 434 usurpare.
3353 366 3594 425 Joannes

279 433 348 487 de
382 439 535 487 terra
564 432 867 509 viventium
897 448 992 488 eos
1030 434 1122 504 qui
1167 433 1224 488 in
1253 434 1469 490 Christo
1498 452 1608 491 non
1636 437 1885 492 credunt.

1994 446 2053 493 ut
2081 456 2252 510 purus
2281 442 2443 497 homo
2472 444 2723 514 spiritum
2751 446 2882 501 dare
2912 464 3024 504 non
3058 458 3289 521 poterat,
3338 471 3446 525 quo
3487 473 3585 512 re-

278 519 399 589 Vel,
438 519 674 588 securis,
701 521 972 576 sententia
988 520 1198 591 judicii,
1224 522 1312 577 vel
1349 522 1666 593 pradicatio
1712 527 1890 580 Evan-
1993 527 2221 581 mittitur
2252 529 2429 600 culpa.
2480 532 2728 587 Christus
2776 551 2909 591 vero
2955 519 3076 606 dat,—
3129 540 3254 610 quia
3277 519 3430 597 Deus
3464 561 3478 597 :
3537 552 3593 600 et

275 608 428 682 gelii.
460 609 547 664 Ad
574 608 849 664 radicem.
910 610 1049 665 Nota
1077 625 1188 665 non
1217 611 1287 664 ad
1317 626 1517 680 ramos,
1553 613 1651 667 sed
1693 613 1761 667 ad
1796 630 1889 667 ra-

276 697 482 752 dicem.
519 696 656 751 Cum
686 696 835 751 enim
862 696 959 751 ﬁlii
986 697 1256 752 malorum
1276 697 1555 767 tolluntur,
1582 700 1711 771 quid
1741 701 1889 757 aliud

276 800 441 856 quam
473 785 612 838 rami
643 783 1001 841 infructuosa
1031 785 1247 840 arboris
1278 786 1673 843 abscinduntur
1701 788 1729 842 τ
1751 790 1887 844 Cum

272 879 385 928 tota
411 872 714 945 progenies
745 873 909 927 simul
940 888 1062 928 cum
1093 880 1317 943 parente
1348 874 1571 944 tollitur,
1605 876 1772 931 arbor
1799 894 1886 932 ra-

273 960 473 1017 dicitus
503 960 867 1029 abscinditur,
927 977 996 1015 ne
1025 962 1156 1032 quid
1204 970 1482 1017 remaneat
1512 964 1658 1018 unde
1687 964 1886 1020 iterum

272 1048 478 1120 ahquid
509 1049 779 1121 germinis
809 1049 1035 1105 oriatur.
1067 1050 1300 1106 Radices
1348 1059 1473 1105 sunt
1503 1052 1879 1123 cogitationes,

270 1138 472 1208 quibus
504 1137 748 1208 plantati,
784 1138 873 1193 vel
904 1154 1122 1193 sursum
1183 1138 1324 1194 calo
1383 1139 1760 1211 sustolluntur,
1795 1142 1883 1197 vel

264 1225 332 1280 ad
362 1226 474 1279 ima
504 1224 709 1280 infami
738 1225 1044 1281 mittuntur.
1098 1227 1282 1282 Arbor
1328 1227 1624 1282 humanum
1653 1245 1829 1301 genus
1862 1248 1877 1297 ;

260 1313 427 1381 hujus
456 1314 621 1382 rami,
653 1313 744 1368 alii
775 1322 902 1369 sunt
948 1314 1106 1383 aridi,
1164 1314 1220 1369 id
1251 1322 1351 1383 est,
1399 1316 1597 1389 pagani
1626 1317 1880 1374 incendio

260 1401 393 1472 apti.
430 1401 544 1455 Alii
564 1401 793 1468 virides,
828 1403 929 1457 sed
949 1401 1066 1457 sine
1096 1402 1276 1458 fructu
1309 1421 1324 1457 :
1356 1410 1413 1457 ut
1433 1405 1750 1475 hypocrita,
1785 1406 1879 1477 qui

266 1489 519 1559 speciem
552 1489 857 1545 sanctitatis
916 1491 1282 1561 pratendunt,
1346 1491 1444 1546 sed
1497 1491 1642 1545 intus
1670 1493 1827 1549 vacui
1860 1512 1873 1548 :

260 1576 351 1632 alii
384 1576 684 1647 fructuosi,
749 1578 849 1632 sed
906 1578 1188 1647 venenosi,
1249 1578 1306 1633 id
1336 1586 1419 1635 est
1446 1580 1705 1636 hareteci
1737 1599 1751 1635 :
1785 1581 1878 1652 qui

261 1665 628 1735 praedicando
685 1664 927 1721 fructum
981 1666 1219 1737 pariunt,
1282 1667 1380 1722 sed
1428 1668 1736 1724 mortalem.
1768 1669 1873 1725 Alii

253 1753 311 1808 id
343 1760 448 1821 est,
486 1753 766 1822 catholici,
801 1753 895 1825 qui
923 1754 1127 1810 bonum
1158 1754 1397 1811 fructum
1444 1755 1645 1811 ferunt.
1683 1757 1878 1814 Omnis

257 1855 384 1912 ergo
414 1842 609 1909 arbor,
642 1849 702 1896 ut
731 1842 987 1914 gentiles,
1047 1842 1377 1914 hypocrita,
1438 1845 1533 1916 qui
1562 1845 1792 1915 nullum,
1826 1854 1882 1902 et

258 1930 342 1985 ha
354 1930 543 1997 retici,
576 1929 672 2001 qui
700 1930 927 1985 malum.

323 2054 503 2108 Vsus.
538 2056 629 2108 11.
663 2084 733 2094 -
760 2055 874 2126 Ego
905 2054 1149 2127 quidem.
1208 2055 1292 2110 Ne
1349 2054 1599 2111 videatur
1628 2072 1724 2112 sua
1751 2073 1876 2114 auc-

260 2141 479 2197 toritate
509 2141 731 2209 minari,
762 2142 954 2213 incipit
983 2142 1205 2213 aperire
1234 2151 1448 2215 quanta
1468 2144 1536 2199 sit
1556 2145 1870 2218 dignitatis:

259 2231 417 2298 cujus
460 2231 761 2301 prasentia
818 2232 1200 2301 comminatur,
1263 2232 1350 2288 vel
1409 2233 1564 2302 cujus
1622 2234 1873 2291 beneficii

253 2314 553 2389 persuadet
589 2337 603 2372 :
635 2321 747 2390 Ego
778 2320 1002 2391 quidem
1050 2320 1272 2392 baptizo
1310 2337 1402 2377 vos
1434 2323 1497 2376 in
1526 2339 1690 2395 aqua.
1724 2324 1867 2378 Tan-

252 2413 362 2461 tum
392 2422 642 2478 corpora
672 2407 814 2475 lavo,
850 2407 975 2479 quia
1020 2416 1243 2478 peccata
1301 2409 1515 2465 solvere
1543 2426 1777 2482 nequeo,
1810 2420 1868 2467 ut

250 2496 383 2551 sicut
416 2496 722 2563 nascendo,
782 2496 1151 2566 pradicando,
1212 2513 1495 2568 pracurro
1552 2499 1633 2555 sic
1694 2500 1870 2571 bapti-

251 2584 419 2639 zando
459 2602 475 2638 :
509 2592 569 2638 ut
627 2584 976 2655 poenitentes,
1043 2602 1182 2656 quos
1213 2602 1319 2659 ego
1351 2588 1456 2643 hoc
1486 2587 1767 2659 signaculo
1794 2590 1863 2644 ab

248 2672 726 2743 impcenitentibus
756 2673 1033 2741 discerno,
1087 2674 1155 2728 ad
1185 2674 1514 2745 baptismum
1545 2676 1745 2731 Christi
1772 2678 1861 2732 di-

250 2761 445 2833 rigam.
482 2764 621 2817 Post
651 2777 742 2817 me
772 2766 1046 2818 venturus
1103 2767 1207 2818 est.
1242 2764 1309 2817 Et
1338 2763 1385 2817 si
1416 2779 1613 2819 moneo
1662 2763 1859 2837 dignos

252 2849 464 2905 fruetus
494 2848 844 2919 poenitentia
873 2849 1072 2919 facere,
1098 2852 1410 2922 superbiam
1441 2853 1678 2921 abjicere
1703 2871 1717 2908 :
1748 2871 1859 2910 non

251 2945 432 2992 tamen
463 2954 695 3008 possum
740 2954 772 2991 a
819 2939 1056 3008 peccatis
1086 2940 1320 2995 solvere.
1384 2944 1605 2997 Fortior
1630 2959 1720 2997 me
1750 2948 1852 2998 est.

252 3025 386 3095 Quia
416 3043 529 3099 ego
561 3026 777 3096 baptizo
830 3026 887 3080 in
934 3028 1323 3097 paenitentiam,
1374 3028 1464 3084 ille
1493 3030 1550 3084 in
1576 3030 1855 3087 remissio-
1878 3061 1927 3123 α

182 3136 193 3141 ·
253 3131 399 3169 nem.
434 3115 561 3186 Ego
618 3114 871 3185 spiritum
924 3116 1119 3185 habeo,
1150 3116 1244 3172 ille
1300 3117 1409 3172 dat.
1470 3119 1590 3191 Ego
1627 3136 1860 3193 regnum

264 3203 539 3259 caelorum
564 3203 831 3273 pradico,
864 3202 955 3259 ille
984 3204 1093 3259 dat.

323 3311 504 3383 Cujus
534 3326 652 3366 non
702 3326 849 3377 sum,
910 3317 1014 3366 etc.
1046 3310 1153 3365 Alii
1210 3311 1458 3367 scribunt
1490 3331 1503 3367 :
1554 3312 1719 3383 Cujus
1746 3329 1857 3369 non

254 3413 368 3453 sum
398 3398 610 3471 dignus
641 3397 937 3470 corrigiam
975 3398 1327 3455 calceamenti
1382 3400 1616 3456 solvere.
1676 3403 1856 3458 Potuit

253 3494 431 3542 autem
461 3487 711 3541 Joannes
753 3494 1043 3557 utrumque
1073 3488 1276 3556 dicere,
1300 3489 1387 3543 vel
1445 3490 1739 3545 contextim
1767 3492 1854 3547 vel

254 3574 471 3630 diverso
528 3582 783 3644 tempore
818 3593 831 3629 :
864 3582 922 3628 ut
952 3575 1090 3629 alius
1148 3577 1481 3649 evangelista
1538 3578 1663 3647 hoc,
1713 3579 1852 3633 alius

253 3661 381 3717 illud
410 3678 724 3717 assumere.
786 3661 993 3718 Omnes
1021 3670 1201 3718 tamen
1230 3681 1423 3720 verum
1468 3674 1846 3722 narraverunt.

255 3750 485 3806 Intendit
532 3759 718 3805 autem
739 3749 795 3804 in
813 3751 918 3807 hoc
938 3752 1230 3808 ostendere
1243 3753 1621 3809 excellentiam
1649 3753 1849 3810 Christi

262 3847 309 3893 et
336 3855 491 3894 suam
519 3838 904 3895 humilitatem.

314 3945 413 4001 Vel
445 3946 761 4001 secundum
789 3944 1128 4018 allegoriam.
1180 3946 1619 4003 Calceamentum
1648 3956 1731 4005 est
1757 3949 1846 4004 in-

256 4034 583 4090 carnationis
611 4034 973 4105 mysterium;
1008 4034 1263 4108 corrigia,
1296 4038 1543 4107 mysterii
1591 4038 1842 4111 ligatura.

252 4121 369 4177 Non
396 4139 538 4195 ergo
570 4122 714 4178 valet
741 4123 978 4178 Joannes
1006 4124 1299 4196 corrigiam
1329 4125 1562 4196 solvere,
1595 4127 1721 4197 quia
1756 4127 1846 4182 in-

258 4210 588 4265 carnationis
616 4211 939 4281 mysterium
971 4227 1082 4267 non
1111 4211 1307 4269 sufﬁcit
1350 4214 1701 4287 investigare.
1752 4217 1851 4271 Vel

251 4297 369 4354 Non
425 4315 554 4354 sum
609 4299 807 4372 dignus
863 4300 1078 4356 solvere
1135 4301 1429 4375 corrigiam
1459 4303 1837 4374 calceamenti,

256 4387 387 4456 ejus,
419 4388 477 4442 id
509 4395 613 4455 est,
648 4404 848 4444 nomen
895 4390 1081 4461 sponsi
1107 4390 1240 4444 mihi
1293 4407 1329 4445 n
1354 4407 1426 4446 on
1472 4408 1697 4463 usurpo,

254 4490 487 4546 sponsus
520 4476 675 4532 credi
702 4477 791 4532 vel
822 4477 948 4545 dici,
981 4478 1077 4533 sed
1105 4479 1312 4535 amicus
1342 4479 1529 4550 sponsi
1550 4480 1694 4536 volo.
1726 4482 1843 4537 Mos

257 4565 399 4619 enim
430 4572 551 4619 erat
579 4572 639 4619 ut
669 4565 715 4618 si
746 4564 869 4636 quis
898 4581 1017 4620 eam
1049 4583 1170 4638 qua
1198 4567 1301 4621 sibi
1332 4576 1666 4638 competeret
1694 4570 1843 4627 acci-

250 4667 379 4723 pere
408 4653 467 4706 in
494 4668 723 4708 uxorem
753 4653 941 4722 nollet,
973 4653 1065 4711 ille
1095 4655 1147 4710 ei
1166 4655 1591 4711 calceamentum
1607 4656 1844 4714 solveret

252 4741 343 4813 qui
368 4741 437 4794 ad
465 4742 610 4798 hanc
640 4757 875 4813 sponsus
899 4743 1022 4811 jure
1078 4743 1495 4815 propinquitatis
1534 4745 1838 4803 accederet.

248 4827 482 4884 Joannes
512 4845 669 4902 ergo,
703 4831 796 4901 qui
849 4846 960 4886 non
1018 4848 1270 4903 sponsus,
1303 4833 1376 4887 ait
1408 4851 1421 4888 :
1452 4834 1577 4889 Non
1606 4851 1726 4889 sum
1753 4835 1841 4891 di—

248 4933 407 4990 gnus,
441 4926 548 4973 etc.
581 4920 664 4973 Ac
722 4918 767 4972 si
823 4918 1001 4975 dicat:
1033 4921 1153 4993 Ego
1210 4921 1574 4993 redemptoris
1614 4923 1843 4997 vestigia

247 5021 354 5061 non
383 5006 543 5064 valeo
570 5006 851 5064 denudare
885 5026 899 5063 :
933 5009 1058 5080 quia
1114 5025 1315 5065 nomen
1354 5010 1543 5082 sponsi
1572 5027 1682 5068 non
1711 5013 1842 5068 mihi

248 5110 473 5166 usurpo.

309 5218 412 5274 Vel
440 5218 762 5291 simpliciter
791 5236 852 5275 se
880 5219 1142 5291 humiliat,
1202 5221 1289 5278 vel
1339 5223 1623 5297 Evangelii
1653 5240 1841 5282 sacra-

244 5315 422 5363 menta
434 5323 547 5363 non
576 5316 660 5363 est
677 5308 882 5382 dignus
917 5309 1274 5366 circumferre
1302 5313 1670 5383 praedicando,
1693 5315 1841 5387 quod

244 5410 351 5449 non
382 5396 487 5451 sibi
517 5396 853 5469 deputatum,
915 5398 1175 5468 apostolis
1205 5408 1287 5456 est
1317 5402 1687 5457 commissum.
1718 5404 1843 5459 Non

246 5498 362 5539 sum
389 5484 589 5558 dignus
621 5486 899 5557 explicare
928 5494 1175 5542 naturam
1221 5488 1526 5546 Divinitatis
1555 5491 1623 5546 ad
1651 5492 1841 5546 huma-

246 5571 481 5631 nitatem.
515 5575 635 5645 Vel,
658 5592 774 5647 non
803 5591 929 5632 sum
955 5575 1156 5649 dignus
1176 5577 1462 5651 Evangelii
1489 5579 1840 5652 praedicatio-

1992 614 2223 686 baptizat
2251 618 2307 671 in
2336 619 2526 689 verbo,
2561 621 2631 675 de
2644 638 2752 692 quo
2765 623 2964 679 dicitur
2987 627 3085 682 :Et
3098 644 3189 683 vos
3219 630 3423 686 mundi
3452 634 3590 689 estis

1989 709 2220 776 propter
2248 706 2476 763 verbum
2506 710 2649 780 quod
2681 712 2900 767 locutus
2930 730 3056 769 sum
3076 716 3226 772 vobis
3256 717 3587 789 (Joan.xv);
3681 731 3689 751 ⁴

1989 798 2043 846 et
2070 791 2238 847 alibi:
2272 795 2546 851 Mundam
2574 813 2665 853 eos
2698 800 2919 857 lavacro
2948 819 3108 875 aqua
3152 806 3216 859 in
3256 806 3416 865 verbo
3454 809 3587 867 vitae

1984 882 2360 950 sanctiﬁcata:
2392 884 2615 955 (Ephes.
2650 886 2727 957 v).

2054 1004 2118 1058 In
2148 1004 2338 1075 spiritu
2378 1015 2583 1063 sancto.
2637 1009 2735 1065 Vel
2783 1011 2975 1082 spiritu
3020 1015 3482 1090 sanctiﬁcationis,
3526 1030 3583 1080 et

1984 1089 2131 1162 igne,
2164 1091 2218 1146 id
2250 1101 2333 1149 est
2361 1096 2683 1163 probatione
2740 1100 3121 1159 tribulationis.
3174 1105 3274 1161 Vel
3304 1089 3498 1177 spiritu
3527 1110 3586 1165 in

1980 1180 2240 1248 praesenti
2266 1181 2436 1236 abluit
2469 1202 2481 1237 :
2514 1192 2638 1254 post
2666 1186 2712 1241 si
2743 1204 2863 1257 qua
2892 1192 3110 1247 macula
3150 1195 3412 1267 surrepit,
3449 1196 3581 1269 igne

1980 1268 2300 1339 purgatorio
2328 1271 2397 1324 ad
2426 1288 2627 1341 purum
2682 1284 2872 1331 exuret
2906 1295 2919 1332 :
2954 1280 3103 1349 quod
3155 1282 3224 1337 de
3276 1268 3577 1341 levioribus

1980 1355 2317 1411 credendum
2347 1366 2429 1413 est
2455 1361 2712 1431 peccatis.
2745 1365 2899 1420 Unde
2920 1365 2976 1420 in
3004 1366 3262 1438 Levitico,
3297 1387 3463 1442 super
3489 1373 3576 1429 al-

1978 1448 2094 1497 tare
2125 1460 2344 1515 semper
2391 1446 2535 1518 ignis
2563 1449 2765 1505 missus
2820 1453 2889 1508 de
2919 1454 3059 1509 calo
3104 1457 3347 1528 ardebat,
3381 1459 3437 1517 id
3468 1468 3572 1531 est,

1975 1528 2121 1603 ignis
2150 1532 2319 1588 divini
2346 1535 2567 1604 amoris,
2620 1538 2712 1608 qui
2767 1555 2957 1597 omnes
3013 1542 3069 1596 in
3116 1544 3332 1601 Christo
3362 1547 3442 1613 (id
3470 1528 3571 1619 est,

1977 1619 2069 1689 qui
2098 1636 2265 1690 super
2291 1620 2459 1679 altare
2488 1623 2813 1698 offeruntur)
2845 1630 3001 1700 quasi
3028 1631 3328 1706 rebaptizat
3358 1642 3411 1693 et
3443 1651 3576 1696 exu-

1896 1709 1950 1769 B
1980 1707 2049 1761 rit
2080 1708 2259 1764 carnis
2288 1725 2479 1766 eorum
2509 1712 2655 1768 vitia.

2053 1832 2223 1887 VERS.
2260 1837 2347 1891 12.
2378 1865 2448 1875 -
2482 1838 2653 1908 Cujus
2673 1841 3074 1897 ventilabrum.
3107 1845 3484 1905 Ventilabrum
3511 1851 3571 1906 in

1979 1934 2142 1975 manu
2173 1929 2257 1976 est
2285 1939 2511 1980 examen
2561 1926 2751 1994 judicii
2782 1944 2890 1999 quo
2919 1930 3306 1989 discernuntur
3334 1936 3483 1993 leves
3513 1946 3570 1994 et

1977 2007 2134 2064 vacui
2162 2026 2193 2063 a
2222 2009 2400 2067 fructu
2430 2012 2556 2067 boni
2584 2015 2788 2085 operis.
2814 2018 2878 2072 In
2908 2036 3104 2088 manu,
3126 2021 3251 2091 quia
3270 2024 3430 2080 Pater
3456 2043 3570 2084 non

1968 2096 2176 2165 judicat
2205 2115 2553 2171 quemquam,
2587 2104 2684 2158 sed
2713 2120 2875 2160 omne
2927 2106 3190 2175 judicium
3226 2110 3378 2167 dedit
3406 2114 3561 2171 Filio.

1973 2186 2399 2256 Permundabit,
2434 2189 2490 2243 id
2518 2197 2619 2259 est,
2645 2193 2887 2262 quotidie
2924 2211 2955 2249 a
2984 2196 3148 2251 variis
3176 2199 3564 2258 tentationibus

1970 2274 2213 2327 mundat.
2250 2275 2369 2343 Vel,
2402 2280 2826 2348 Permundabit,
2860 2283 2991 2337 dum
3019 2285 3090 2339 ob
3116 2286 3401 2343 manifesta
3428 2306 3566 2361 pec-

1969 2367 2085 2416 cata
2114 2377 2411 2431 perversus
2438 2365 2507 2419 de
2528 2368 2775 2423 Ecclesia
2795 2370 3026 2441 ejicitur,
3060 2374 3147 2429 vel
3174 2384 3299 2445 post
3329 2386 3564 2434 mortem

1967 2449 2270 2505 damnatur.
2304 2454 2506 2509 Paleas
2535 2460 2748 2512 autem.
2782 2458 2959 2514 Palea
2988 2460 3057 2516 de
3087 2462 3301 2533 origine
3331 2466 3478 2523 unde
3499 2474 3554 2522 et

1964 2535 2203 2592 triticum
2233 2539 2500 2610 oriuntur,
2534 2542 2590 2596 id
2620 2551 2703 2598 est
2730 2544 2799 2600 de
2830 2547 3056 2616 semine,
3092 2550 3292 2605 zizania
3321 2569 3454 2609 vero
3484 2556 3555 2611 de

1959 2624 2194 2681 diversa.
2228 2629 2404 2684 Palea
2453 2646 2588 2702 ergo
2618 2640 2743 2687 sunt
2773 2634 2865 2704 qui
2893 2634 3020 2691 ﬁdei
3049 2641 3404 2695 sacramentis
3432 2642 3543 2697 im-

1961 2712 2217 2783 buuntur,
2253 2717 2351 2771 sed
2409 2717 2569 2773 solidi
2623 2736 2733 2776 non
2763 2730 2887 2776 sunt
2920 2741 2934 2778 :
2964 2724 3165 2780 zizania
3212 2744 3344 2784 vero
3376 2730 3470 2801 qui
3500 2739 3556 2786 et

1958 2816 2127 2872 Opere
2157 2812 2210 2858 et
2239 2805 2580 2875 professione
2610 2819 2970 2865 secernuntur
3016 2814 3085 2867 ab
3115 2814 3321 2871 electis.
3354 2818 3437 2873 De
3466 2819 3553 2874 his

1958 2889 2157 2945 dicitur
2191 2910 2203 2946 :
2240 2894 2344 2960 Qui
2374 2911 2489 2950 non
2519 2897 2716 2965 credit,
2741 2901 2868 2969 jam
2886 2900 3183 2971 judicatus
3213 2909 3318 2972 est,
3353 2914 3406 2961 et
3424 2906 3551 2963 ideo

1956 2993 2066 3033 non
2097 2978 2154 3033 ﬁt
2183 2980 2272 3037 hic
2300 2982 2505 3037 mentio
2532 2984 2600 3039 de
2619 2984 2747 3040 illis.
2782 2988 3239 3061 Inextz‘nguibili.
3274 2991 3410 3061 Quia
3430 3011 3541 3051 non

1957 3067 2333 3140 exstinguetur
2363 3088 2541 3142 neque
2598 3073 2906 3147 exstinguat
2937 3078 3223 3147 cruciatos,
3257 3082 3355 3136 sed
3385 3090 3546 3139 ater-

1956 3155 2150 3211 naliler
2177 3158 2382 3228 puniet.
2418 3159 2629 3216 Dicitur
2683 3169 2862 3218 autem
2917 3165 2984 3219 ad
3014 3166 3374 3225 differentiam
3402 3170 3550 3226 illius

1956 3243 2024 3299 de
2053 3260 2161 3315 quo
2191 3245 2390 3302 dicitur
2408 3266 2421 3302 :
2436 3249 2568 3320 Igne
2580 3267 2682 3307 nos
2698 3254 3049 3310 examinasti
3066 3255 3247 3325 (Psal.
3260 3258 3415 3329 LXV),
3435 3266 3541 3317 etc.

2024 3367 2194 3423 Vnus.
2230 3373 2316 3424 13.
2347 3401 2417 3411 -
2442 3374 2593 3429 Tunc
2624 3376 2796 3430 venit.
2823 3375 3052 3445 Quando
3079 3378 3317 3435 Joannes
3346 3383 3542 3452 pradi-

1952 3456 2107 3511 cabat
2137 3463 2190 3511 et
2220 3458 2537 3529 baptizabat,
2600 3461 2807 3519 scilicet
2864 3467 3079 3535 quando
3133 3468 3292 3523 Jesus
3319 3470 3543 3543 triginta

1951 3552 2067 3598 erat
2093 3561 2377 3615 annorum,
2412 3550 2707 3605 ostendens
2736 3551 2945 3607 nullum
2964 3555 3168 3611 debere
3198 3558 3541 3614 sacerdotem

1949 3632 2037 3688 vel
2063 3634 2481 3703 pradicatorem
2541 3637 2659 3693 fieri
2715 3640 2819 3694 nisi
2849 3642 2996 3696 utilis
3028 3645 3218 3699 atatis.
3263 3645 3414 3702 Sicut
3441 3648 3533 3702 Jo-

1945 3722 2080 3791 seph
2097 3723 2669 3798 tricenarius‘regnum
2688 3728 2904 3800 IEgypti
2934 3732 3192 3801 suscepit.
3248 3726 3420 3789 David
3438 3752 3534 3791 re-

1943 3818 2115 3881 gnum
2144 3827 2206 3864 ea
2234 3818 2389 3867 atate
2420 3812 2727 3870 inchoavit:
2762 3817 3015 3872 Ezechiel
3035 3820 3377 3889 prophetiam
3408 3838 3531 3892 pro-

1945 3896 2162 3953 meruit.
2194 3900 2352 3954 Venit
2379 3900 2538 3957 Jesus
2566 3902 2651 3956 his
2679 3903 2748 3959 de
2776 3903 2956 3959 causis
2984 3912 3043 3959 ut
3071 3906 3336 3977 baptisma
3363 3909 3533 3964 Joan-

1944 3985 2030 4040 nis
2059 3989 2460 4058 comprobaret,
2520 3998 2573 4046 et
2630 3999 2688 4046 ut
2743 3991 2891 4063 (quia
2936 3994 3100 4049 homo
3147 3997 3285 4066 erat)
3314 4012 3533 4053 omnem

1943 4073 2196 4145 impleret
2219 4077 2481 4145 justitiam
2509 4086 2562 4133 et
2590 4079 2729 4153 legis
2770 4081 3127 4138 humilitatem
3160 4102 3173 4139 :
3206 4092 3259 4139 et
3287 4093 3346 4139 ut
3364 4102 3533 4158 aquas

1945 4163 2304 4233 sanctiﬁcans,
2364 4182 2465 4237 per
2492 4168 2800 4223 columbam
2854 4170 2909 4223 in
2955 4170 3190 4242 lavacro,
3241 4174 3535 4230 adventum

1945 4251 2177 4321 Spiritus
2206 4254 2377 4309 sancti
2405 4257 2736 4312 ostenderet.
2784 4259 2942 4313 Venit
2971 4260 3116 4314 enim
3145 4277 3256 4316 non
3284 4263 3532 4319 necessi-

1942 4346 2048 4396 tate
2076 4341 2384 4411 ablutionis,
2419 4345 2516 4398 sed
2572 4352 2631 4398 ut
2677 4362 2838 4402 nemo
2886 4350 3279 4418 quantumlibet
3310 4359 3530 4407 sanctus

1748 4407 1905 4503 ξΫῩΙ)
1934 4428 2185 4499 baptismi
2215 4407 2446 4502 gratiam
2501 4434 2832 4503 superﬂuam
2872 4407 3161 4503 judicaret.
3218 4439 3259 4493 A
3297 4439 3531 4497 Galilaea

1943 4519 2009 4573 in
2061 4519 2382 4576 Iordanem.
2443 4521 2684 4591 Galilaa,
2744 4524 3147 4596 transmigratio
3185 4542 3198 4579 :
3250 4526 3521 4597 Jordanis,

1943 4605 2261 4663 descensus.
2322 4607 2426 4677 Qui
2474 4626 2608 4683 ergo
2636 4610 2750 4665 vult
2806 4611 3064 4682 baptizari
3119 4615 3470 4688 transmigret
3497 4631 3531 4671 a

1943 4694 2105 4764 vitiis,
2140 4704 2194 4751 et
2220 4696 2563 4753 descendens
2591 4698 2921 4755 humilietur.

2013 4818 2184 4875 Vens.
2220 4823 2306 4875 15.
2337 4851 2408 4861 -
2437 4822 2569 4878 Sine
2588 4822 2766 4879 modo.
2801 4822 2928 4879 Sine
2948 4825 3114 4882 modo
3140 4842 3230 4883 me
3259 4843 3289 4882 a
3318 4834 3371 4884 te
3390 4828 3527 4901 bap-

1942 4905 2113 4975 tizari,
2148 4915 2205 4963 ut
2234 4916 2423 4979 postea
2481 4910 2627 4981 quod
2656 4927 2687 4964 a
2715 4927 2803 4967 me
2858 4914 3059 4984 quaris
3087 4915 3142 4969 in
3172 4915 3527 4990 spiritu‘bap-

1950 4994 2153 5050 tizeris.
2188 4996 2339 5052 Sicut
2367 4997 2511 5053 enim
2541 4999 2700 5055 decet
2729 5000 2860 5056 dare
2898 5004 3207 5075 exemplum
3235 5004 3528 5079 implenda

1942 5084 2120 5139 omnis
2162 5084 2401 5155 justitia,
2463 5094 2520 5142 ut
2578 5087 2789 5145 discant
2843 5106 3035 5149 omnes
3090 5093 3365 5152 neminem
3410 5095 3529 5152 sine

1941 5173 2085 5228 unda
2114 5174 2366 5245 baptismi
2395 5191 2516 5231 esse
2543 5176 2865 5248 perfectum.

2018 5300 2167 5355 Tunc
2197 5299 2433 5355 dimisit.
2494 5300 2630 5355 Cum
2686 5302 2777 5357 tali
2806 5304 2999 5360 ordine
3047 5307 3397 5380 cognovisset
3427 5308 3529 5365 im-

1941 5385 2196 5458 plendam
2220 5388 2501 5456 justitiam.
2534 5389 2766 5459 Dimisit,
2819 5392 2944 5463 quia
2963 5411 3093 5451 vere
3125 5404 3207 5452 est
3232 5397 3529 5470 humilitas,

1944 5492 2105 5548 quam
2134 5492 2245 5531 non
2275 5477 2478 5533 deserit
2509 5494 2695 5535 comes
2724 5480 3053 5538 obedientia.

2015 5580 2248 5656 Spiritus
2277 5583 2335 5640 in
2363 5594 2641 5645 momento
2657 5603 2784 5646 eum
2798 5588 3002 5660 docuit,
3024 5591 3172 5663 quod
3180 5590 3337 5667 prius
3355 5591 3534 5653 nesci-
