4000 6182
429 195 497 248 83
927 190 1330 247 WALAFRIDI
1369 189 1612 246 srmr
1650 189 1847 246 FULD.
1888 186 2061 243 MON.
2104 184 2256 243 ore.
2299 186 2474 244 PARS
2511 189 2554 242 1.
2595 217 2665 229 —
2701 187 3172 257 THEOLOGICA,
3634 166 3723 246 at

432 314 510 373 vit
540 332 555 368 :
587 320 641 370 et
667 312 793 370 ideo
821 313 969 387 quod
1023 314 1172 385 prius
1228 314 1405 369 timuit
1459 312 1753 381 humiliter,
1788 312 2023 369 devotus
2052 311 2108 373 A
2127 318 2272 366 zatos
2301 311 2370 366 de
2416 311 2620 367 mundo
2667 311 2834 380 exire,
2884 312 2940 367 in
2985 314 3166 385 quiete
3214 313 3329 368 Deo
3376 288 3577 370 vacare
3602 332 3616 370 :
3640 315 3723 371 sic

432 401 697 473 implevit.

505 491 677 546 Vens.
710 493 796 546 i6.
829 520 899 530 —
947 492 1278 564 Baptizatus
1314 493 1526 546 autem.
1582 486 1830 544 Christus
1857 504 2026 559 aquas

432 578 688 651 baptismi
714 576 1070 635 sanctiﬁcavit
1102 597 1116 634 :
1162 578 1287 651 quia
1316 578 1470 648 cujus
1517 583 1600 634 est
1646 592 1854 646 creare,
1889 576 2028 647 ejus-

396 724 407 732 ,
436 666 566 724 dem
595 673 678 724 est
706 675 760 724 et
789 665 1151 724 sanctiﬁcare.
1634 676 1637 677 '

506 755 655 812 Sicut
708 757 874 811 homo
932 761 1147 812 constat
1193 754 1427 823 duobus,
1487 752 1546 810 id
1574 760 1675 823 est,
1710 768 1943 824 corpore
1973 760 2027 809 et

430 844 631 913 anima,
663 843 735 898 ita
766 843 980 898 duobus
1010 842 1316 899 renascitur
1340 860 1354 898 :
1386 858 1527 914 aqua
1545 858 1666 913 quae
1686 850 1885 915 purgat
1914 857 2028 896 sor-

434 932 533 987 des
564 940 616 987 et
646 930 946 1002 consepelit
975 931 1191 986 Christo
1216 948 1229 985 :
1255 937 1307 985 et
1336 930 1464 1003 igne
1495 924 1720 1001 spiritus
1750 945 1858 1001 quo
1887 945 2025 985 con-

433 1017 685 1092 ﬂagranti
713 1019 782 1074 ad
812 1019 1012 1075 caalum
1040 1018 1302 1095 rapimur.
1340 1018 1429 1074 Sic
1458 1017 1705 1073 Ecclesia
1733 1024 1858 1088 post
1887 1018 2025 1089 bap-

430 1104 652 1163 tismum
728 1107 945 1164 culmen
993 1106 1254 1164 virtutum
1304 1106 1629 1178 quibusdam
1675 1105 2025 1161 incrementis

429 1196 651 1267 appetit,
684 1203 743 1251 ut
772 1195 1021 1250 Christus
1051 1195 1351 1265 baptizatus
1383 1194 1451 1249 de
1481 1210 1620 1266 aqua
1648 1194 1910 1249 ascendit.
1936 1193 2026 1249 Sic

427 1292 554 1356 post
582 1284 910 1355 baptismum
948 1283 1266 1352 ascendunt,
1320 1281 1412 1353 qui
1460 1282 1530 1337 ad
1577 1282 1804 1339 virtutes
1850 1282 2024 1353 proﬁ-

428 1372 617 1430 ciunt:
649 1379 703 1429 et
732 1371 825 1444 qui
852 1370 1005 1442 prius
1034 1370 1281 1428 carnales
1310 1378 1364 1427 et
1392 1369 1488 1425 ﬁlii
1516 1370 1668 1441 Adae,
1701 1369 1835 1425 ﬁunt
1865 1369 2024 1442 spiri-

430 1461 606 1518 tuales
636 1468 691 1517 et
717 1459 814 1515 ﬁlii
843 1459 964 1515 Dei.

503 1550 705 1624 Aperti
743 1554 898 1619 sunt,
931 1553 1039 1605 etc.
1065 1548 1132 1603 Et
1160 1547 1267 1604 hoc
1287 1547 1357 1603 ad
1386 1546 1757 1619 impletionem
1778 1546 2019 1616 justitize.

2124 398 2221 453 ﬁlii
2252 398 2421 454 Israel
2450 407 2575 469 post
2602 400 2888 455 transitum
2906 401 3070 456 maris
3090 418 3190 472 per
3217 402 3497 457 desertum
3526 418 3722 459 ascen-

2124 487 2277 557 dunt,
2312 495 2365 541 et
2392 502 2591 542 manna
2619 488 2911 544 comedunt
2938 489 3114 545 donec
3155 490 3373 545 veniant
3417 490 3489 546 ad
3515 499 3724 546 terram

2123 574 2523 646 promissionis.
2572 578 2720 632 Tunc
2767 579 2925 633 Iesus
2964 578 3166 633 ductus
3204 583 3309 647 est,
3351 586 3455 634 etc.
3508 579 3717 649 (Rm).

2124 663 2226 719 Hic
2254 671 2336 720 est
2365 664 2503 719 ordo
2540 672 2705 719 rectae
2761 665 3209 735 conversationis,
3259 673 3319 721 ut
3362 673 3488 737 post
3516 683 3721 739 accep-

2124 759 2233 807 tam
2262 752 2496 823 Spiritus
2527 752 2699 808 sancti
2726 754 2959 825 gratiam
2988 761 3182 811 contra
3208 754 3487 810 diabolum
3517 756 3722 812 arctius

2125 840 2524 913 accingamur:
2576 856 2639 895 ea
2683 840 2774 896 via
2819 841 3187 897 Samaritanus
3234 842 3537 913 descendit,
3590 844 3719 915 quia

2125 942 2290 984 carne
2318 928 2540 984 indutus
2570 928 2794 985 easdem
2822 930 3145 986 tentationes
3175 930 3446 987 sustinuit.

2196 1036 2440 1107 Spiritui
2476 1036 2692 1105 Sancto,
2727 1036 2821 1107 qui
2851 1051 2990 1107 quos
3017 1036 3193 1108 replet
3220 1037 3290 1093 ad
3317 1053 3560 1111 pugnam
3585 1039 3722 1094 mit-

2123 1122 2187 1177 tit
2215 1121 2404 1178 fortes.
2455 1123 2584 1179 Sine
2630 1125 2736 1180 hoc
2791 1124 2983 1195 spiritu
3032 1126 3123 1197 qui
3169 1126 3239 1181 ad
3282 1143 3523 1199 pugnam
3549 1128 3719 1197 vadit,

2124 1211 2233 1267 cito
2264 1211 2428 1267 cadit.
2467 1214 2531 1269 Ut
2578 1216 2903 1269 tentaretur
2930 1230 2967 1269 a
3012 1213 3249 1271 diabolo.
3307 1215 3432 1270 Non
3478 1223 3723 1271 tentatur

2124 1316 2156 1354 a
2182 1299 2418 1369 diabolo,
2471 1299 2576 1354 nisi
2623 1300 2748 1372 quia
2794 1301 2864 1356 ad
2912 1301 3191 1359 desertum
3235 1302 3447 1373 exierit,
3506 1303 3563 1359 id
3610 1311 3714 1373 est,

2126 1387 2271 1444 bono
2301 1389 2522 1444 studere
2544 1388 2790 1460 coeperit.

2194 1495 2365 1550 Vens.
2398 1497 2451 1552 2.
2484 1526 2552 1535 —
2580 1496 2651 1550 Et
2679 1512 2809 1552 cum
2864 1497 3204 1568 jejunasset.
3247 1497 3464 1569 (ΒΕΒΑ).
3512 1497 3729 1568 Jejunat

2123 1590 2183 1638 ut
2209 1590 2464 1653 tentetur,
2499 1590 2735 1639 tentatur
2764 1584 2888 1655 quia
2928 1585 3152 1654 jejunat,
3203 1593 3257 1641 et
3285 1586 3612 1658 exemplum
3636 1588 3722 1656 je—

430 1638 913 1747 ῗῗῖἷξῗῗυῖἷξῗῖῗίῖ
951 1652 1210 1747 PETET}.
1241 1635 2023 1747 έ¹¹ἶῖξ³εῗῖ¹ῗῖἷὶῗῗθῖθῗῗῖ²ἷὲῗ
2052 1666 2106 1727 Β
2124 1672 2349 1743 iuuandi
2378 1672 2537 1728 nobis
2567 1672 2675 1741 dat,
2713 1635 2839 1743 επεὶ,
2875 1635 3048 1747 ιιὲᾳῖιε
3078 1635 3152 1730 ad
3171 1681 3224 1731 et
3253 1649 3331 1731 sic
3363 1635 3600 1747 qualediu
3629 1635 3723 1732 ίιίο

354 1776 355 1783 η
431 1727 666 1799 Spiritus
696 1733 916 1782 sanctus
946 1732 1028 1781 est
1056 1725 1213 1780 datus
1248 1743 1262 1779 :
1296 1725 1393 1780 sed
1424 1725 1582 1781 nobis
1611 1741 1712 1796 per
1740 1733 2023 1796 acceptum

430 1816 760 1887 baptismum
805 1814 1038 1869 aditum.
1066 1812 1193 1870 caeli
1236 1821 1441 1884 patere,
1477 1820 1530 1869 et
1560 1813 1821 1884 Spiritum
1859 1828 2022 1869 sanc-

429 1910 547 1960 tum
575 1903 694 1959 dari
722 1901 1064 1959 monstravit.
1116 1900 1277 1971 Quod
1324 1901 1469 1957 enim
1498 1901 1623 1958 caeli
1650 1902 1842 1973 aperti,
1877 1902 2025 1973 quod

433 1992 668 2065 Spiritus
698 1999 917 2048 sanctus
947 1990 1113 2060 venit,
1176 1990 1323 2063 quod
1378 2007 1482 2047 vox
1538 1990 1715 2046 Patris
1762 1990 2019 2060 insonuit,

440 2088 568 2149 etc.,
601 2081 719 2159 hac
748 2080 977 2152 mystica
1007 2080 1191 2135 insunt
1220 2078 1399 2135 nobis.

498 2171 652 2226 Patet
679 2169 884 2225 renatis
912 2168 1088 2225 aditus
1143 2168 1202 2224 in
1230 2168 1429 2225 coelum
1473 2182 1576 2239 per
1602 2166 1896 2237 Christum,
1931 2167 2025 2239 qui

424 2275 527 2334 per
554 2259 730 2315 Adam
757 2258 976 2316 clausus
1009 2256 1131 2313 fuit.

502 2367 662 2425 Sicut
698 2365 1033 2423 columbam.
1058 2365 1263 2420 Verum
1284 2377 1484 2435 corpus
1514 2362 1807 2418 formatum
1827 2361 1897 2417 ad
1918 2362 2022 2417 ho-

430 2471 552 2512 ram
587 2454 777 2510 habuit
807 2455 865 2509 in
895 2454 1078 2525 specie
1109 2453 1377 2509 columba:
1412 2471 1425 2507 :
1460 2451 1588 2523 quia
1615 2451 1773 2506 aliter
1803 2449 2023 2521 spiritus

418 2544 501 2603 ab
527 2543 839 2600 hominibus
867 2542 1042 2599 videri
1070 2558 1181 2597 non
1226 2549 1413 2613 posset
1442 2541 1581 2597 sicut
1610 2540 1880 2608 columba,
1915 2554 2026 2595 non

429 2633 555 2707 quia
583 2649 712 2690 vera
742 2631 994 2690 columba
1024 2638 1189 2699 esset,
1224 2632 1323 2686 sed
1377 2629 1500 2702 quia
1557 2628 1779 2700 spiritus
1810 2628 1865 2682 in
1895 2643 2024 2684 cor-

430 2722 606 2797 porali
636 2721 838 2793 specie,
870 2737 982 2776 non
1010 2727 1197 2775 tamen
1224 2719 1342 2789 ipse
1372 2734 1591 2788 corpus.
1624 2718 1706 2771 Ita
1734 2716 1803 2771 de
1832 2717 1937 2773 hac
1954 2714 2023 2770 ﬁ-

430 2827 571 2887 gura
600 2811 832 2866 sentitur
861 2809 1001 2865 sicut
1029 2809 1097 2864 de
1126 2808 1244 2862 aliis
1264 2807 1321 2861 in
1341 2807 1538 2878 quibus
1558 2807 1706 2861 Deus
1735 2804 1984 2876 apparuit
2008 2823 2021 2861 :

431 2915 554 2973 quae
581 2898 798 2971 expleto
829 2896 1007 2954 oﬂicio
1054 2896 1488 2953 resolvebantur.
1540 2896 1685 2950 Bene
1715 2894 1938 2964 spiritus
1969 2894 2025 2948 in

389 3009 397 3015 ·
430 2988 684 3047 columba
716 3003 837 3060 quae
868 2986 1098 3057 simplex
1127 2993 1180 3041 et
1226 2992 1507 3040 mansueta
1551 2982 1852 3052 descendit,
1885 2990 1944 3037 ut
1973 2990 2026 3038 et

431 3095 546 3135 suae
574 3085 781 3134 natura:
812 3074 1229 3147 simplicitatem,
1272 3081 1324 3129 et
1355 3090 1478 3130 cum
1507 3072 1563 3128 in
1593 3089 1756 3145 quem
1803 3072 2027 3127 descené

431 3168 617 3237 debat,
650 3166 840 3222 mitem
885 3163 1278 3220 misericordia:
1310 3177 1623 3234 praeconem
1669 3161 2029 3232 datoremque

428 3255 717 3313 indicaret.
753 3253 1015 3311 Similiter
1041 3268 1233 3308 omnes
1288 3251 1556 3322 baptismo
1602 3250 1775 3305 renati
1816 3257 2027 3321 septem

429 3344 722 3402 virtutibus
777 3328 1113 3400 in‘columba
1169 3339 1485 3413 signiﬁcatis
1542 3339 1744 3394 debent
1798 3338 2019 3408 repleri.

428 3431 693 3489 Columba
721 3448 753 3487 a
781 3431 987 3486 malitia
1017 3428 1158 3485 fellis
1189 3436 1272 3484 est
1300 3428 1498 3496 aliena,
1536 3427 1591 3481 in
1622 3442 1730 3497 quo
1759 3425 2024 3495 prohibe-

427 3537 553 3576 mur
570 3521 642 3576 ab
657 3521 759 3575 ira.
790 3520 1011 3574 Nullum
1031 3534 1129 3572 ore
1150 3516 1238 3573 vel
1254 3516 1527 3588 unguibus
1540 3515 1707 3579 laedit,
1727 3514 1783 3568 in
1809 3529 1914 3585 quo
1926 3528 2024 3568 no-

429 3617 575 3667 tatur
588 3608 920 3665 innocentia.
943 3608 1060 3663 Nec
1077 3605 1329 3661 minimas
1349 3604 1589 3661 aviculas
1609 3602 1895 3668 invadit,in
1915 3602 2026 3674 qui-

426 3699 531 3755 bus
544 3698 665 3755 aliaz
683 3714 815 3755 aves
837 3712 897 3752 se
917 3703 970 3751 et
988 3695 1168 3767 pullos
1189 3710 1319 3750 suos
1338 3693 1611 3748 nutriunt:
1635 3692 1690 3746 in
1710 3708 1819 3764 quo
1839 3690 2022 3763 prohi-

423 3788 621 3845 bemur
636 3803 668 3842 a
684 3786 895 3858 rapina.
932 3786 1075 3840 Puro
1092 3783 1333 3855 pascitur
1352 3798 1525 3855 grano
1547 3800 1560 3836 :
1580 3782 1635 3835 in
1665 3797 1772 3852 quo
1804 3786 2023 3835 notatur

424 3876 773 3945 abstinentia,
806 3874 1015 3930 alienos
1045 3880 1302 3944 tanquam
1330 3871 1508 3942 pullos
1532 3886 1662 3926 suos
1693 3869 1856 3936 fovet,
1892 3883 2023 3923 ecce

423 3967 680 4024 Charitas.
717 3964 996 4021 Gemitum
1026 3963 1117 4017 dat
1145 3977 1247 4031 pro
1277 3967 1456 4027 cantu,
1491 3974 1621 4014 ecce
1652 3956 2018 4027 compunctio.

427 4056 606 4125 Super
638 4067 811 4124 aquas
844 4052 999 4106 sedet
1055 4057 1114 4103 ut
1160 4048 1475 4119 accipitrem
1520 4045 1753 4117 praevisa
1782 4045 1838 4099 in
1867 4044 2022 4116 aquis

423 4143 624 4200 umbra
651 4139 888 4195 declinet
921 4157 934 4193 :
968 4153 1099 4193 ecce
1129 4136 1456 4192 sollicitudo.
1491 4136 1552 4189 In
1573 4134 1827 4191 columba
1856 4149 2024 4204 super

421 4229 725 4289 Dominum
740 4227 965 4299 spiritus
994 4226 1243 4298 apparuit
1268 4225 1424 4296 :quia
1452 4224 1599 4280 venit
1618 4240 1719 4279 nos
1748 4239 1847 4294 per
1876 4238 2024 4276 man-

426 4318 776 4377 suetudinem
807 4315 1089 4389 colligere.
1115 4315 1293 4385 Super
1314 4313 1611 4384 diseipulos
1639 4312 1696 4366 in
1725 4311 1854 4385 igne
1883 4326 2021 4382 quos

2122 1777 2327 1831 sumus,
2363 1778 2581 1833 semper
2609 1768 2830 1832 peccata
2860 1762 3178 1834 ploremus:
3212 1763 3337 1836 quia
3350 1763 3455 1820 hoc
3487 1779 3721 1822 numero

2123 1865 2370 1920 praesens
2400 1849 2507 1906 vita
2537 1849 2863 1906 ostenditur.

2193 1956 2375 2026 (Lno.)
2406 1957 2547 2010 Dum
2567 1972 2667 2027 per
2695 1955 2872 2012 varias
2900 1956 3141 2013 actiones
3170 1956 3293 2015 vita:
3313 1958 3474 2029 hujus
3507 1958 3720 2015 sollici-

2121 2044 2254 2099 tudo
2299 2044 2644 2114 distenditur,
2706 2060 2933 2101 necesse
2990 2053 3072 2100 est
3134 2046 3203 2102 de
3249 2043 3525 2102 mundano
3588 2046 3719 2118 pul-

2122 2148 2272 2200 vere,
2306 2140 2433 2201 etc.,
2468 2149 2641 2205 usque
2688 2134 2761 2189 ad
2798 2141 2854 2188 ut
2882 2134 2939 2188 in
2986 2134 3143 2203 cujus
3191 2151 3380 2191 sumus
3426 2150 3719 2191 resurrec-

2127 2220 2273 2276 tione
2302 2221 2731 2291 conresuscitati,
2764 2222 2821 2276 in
2859 2221 3031 2294 ipsius
3078 2223 3418 2280 inveniamur
3462 2224 3721 2296 passione

2124 2311 2471 2365 commortui.

2192 2415 2393 2468 Postea
2421 2413 2643 2468 esuriit.
2685 2412 2800 2468 Hoc
2830 2419 2912 2467 est
2949 2429 3080 2469 vere
3110 2413 3495 2470 humanitatis:
3529 2422 3584 2471 et
3613 2431 3719 2487 per

2121 2501 2230 2557 hoc
2258 2508 2339 2555 est
2368 2500 2583 2557 occasio
2631 2501 2894 2557 tentandi.
2943 2502 3095 2558 Latet
3142 2510 3400 2574 potestas,
3452 2511 3599 2576 patet
3628 2504 3720 2559 in-

2124 2589 2372 2644 ﬁrmitas.

2194 2697 2363 2751 Vens.
2398 2698 2450 2750 3.
2485 2725 2554 2735 —
2610 2698 2679 2751 Et
2724 2696 3014 2753 accedens.
3059 2695 3197 2766 Quia
3244 2698 3456 2753 esuries
3507 2706 3591 2754 est
3638 2699 3719 2754 si-

2122 2800 2292 2858 gnum
2307 2783 2650 2839 inﬁrmitatis.
2666 2785 2734 2840 Et
2755 2785 2834 2841 sic
2850 2785 3007 2841 nobis
3020 2785 3076 2840 in
3090 2785 3413 2841 abstinentia
3432 2802 3543 2841 non
3563 2788 3721 2843 deest

2122 2872 2363 2929 tentatio.
2397 2874 2502 2929 Per
2531 2873 2857 2929 exteriorem
2887 2873 3254 2929 inﬁrmitatem
3302 2875 3575 2930 Christum
3604 2883 3723 2932 ten-

2126 2969 2201 3016 tat
2231 2962 2287 3017 in
2316 2978 2424 3034 quo
2454 2961 2657 3017 nullam
2689 2962 2869 3035 legem
2884 2962 3510 3033 peccatiinveniebat.Si
3541 2966 3722 3022 Filius

2126 3053 2228 3107 Dei
2258 3068 2333 3108 es.
2375 3051 2535 3105 Aliud
2564 3052 2759 3106 horum
2791 3051 3122 3122 explorantis
3144 3060 3244 3120 est,
3269 3051 3417 3107 aliud
3438 3053 3717 3122 tentantis,

2125 3140 2255 3195 dum
2284 3141 2458 3195 Deum
2489 3138 2735 3195 confiteri
2774 3140 3007 3208 videtur,
3063 3147 3116 3195 et
3144 3141 3453 3210 hujusmodi
3484 3141 3719 3197 illudere

2124 3236 2371 3285 conatur.
2407 3228 2496 3284 Sic
2525 3228 2669 3283 enim
2700 3235 2869 3283 tentet
2916 3235 2973 3282 ut
3004 3229 3250 3299 exploret
3298 3231 3443 3300 quod
3473 3238 3716 3286 veretur.

2125 3316 2216 3373 Sic
2246 3316 2510 3387 explorat,
2546 3324 2603 3371 ut
2631 3317 2889 3371 tentando
2919 3316 3172 3387 decipiat.
3208 3319 3270 3374 Si
3306 3319 3484 3374 Filius
3503 3320 3605 3374 Dei
3634 3335 3714 3375 es.

2124 3406 2362 3461 Noverat
2394 3404 2583 3459 Filium
2606 3404 2704 3460 Dei
2717 3405 2932 3461 venisse
2954 3404 3008 3459 in
3029 3404 3311 3476 mundum,
3338 3422 3434 3461 seu
3454 3423 3556 3477 per
3575 3421 3714 3477 pro-

2122 3493 2315 3563 phetas
2355 3507 2451 3548 seu
2472 3510 2571 3563 per
2594 3493 2822 3566 angelos
2852 3494 3183 3561 nuntiantes,
3218 3510 3314 3549 seu
3335 3511 3436 3565 per
3454 3495 3723 3551 Joannem

2123 3583 2635 3637 demonstrantem:
2686 3583 2783 3637 sed
2831 3582 2958 3654 quia
2987 3583 3208 3637 humilia
3254 3583 3309 3637 in
3357 3599 3421 3638 eo
3477 3583 3717 3654 videbat,

2125 3672 2270 3742 quod
2302 3672 2370 3725 de
2400 3671 2612 3726 Deitate
2660 3671 2966 3742 suspicatus
3014 3679 3115 3741 est,
3169 3688 3234 3726 ex
3283 3672 3542 3742 superbia
3585 3673 3636 3727 ei
3665 3673 3723 3727 in

2122 3760 2348 3814 dubium
2378 3760 2543 3815 venit.
2594 3760 2750 3816 Unde
2782 3767 2834 3815 et
2880 3759 3076 3815 callide
3124 3760 3358 3831 exquirit
3393 3778 3407 3815 :
3440 3761 3557 3817 Nec
3584 3760 3726 3816 indi-

2122 3865 2291 3921 gnum
2322 3848 2419 3903 fuit
2468 3848 2742 3903 Christum
2789 3848 2987 3903 tentari
3036 3848 3129 3919 qui
3176 3856 3401 3904 venerat
3429 3848 3627 3917 occidi,
3662 3856 3724 3904 ut

2122 3936 2450 3991 tentationes
2482 3937 2790 4007 superando
2821 3936 2979 3991 nobis
3008 3944 3331 4007 potestatem
3361 3938 3515 3992 daret
3548 3954 3720 4007 supe-

2122 4025 2281 4079 randi
2311 4024 2654 4094 tentationes,
2690 4024 2830 4081 sicut
2858 4041 2954 4080 sua
3001 4033 3178 4081 morte
3221 4026 3444 4081 abstulit
3471 4034 3725 4082 nostram

2122 4113 2529 4168 mortalitatem.

2193 4219 2378 4291 (ΗΑΒ.)
2409 4219 2656 4275 Christus
2676 4236 2786 4276 non
2813 4220 2917 4275 nisi
2937 4227 3061 4291 post
3087 4220 3418 4292 baptismum
3448 4238 3507 4278 se
3537 4229 3723 4277 tenta-

2121 4308 2171 4363 ri
2200 4308 2464 4380 permisit,
2499 4310 2780 4365 insinuans
2801 4310 2869 4364 ad
2900 4326 2959 4365 se
2981 4318 3170 4365 euntes
3199 4311 3485 4383 graviores
3516 4326 3723 4381 passu-

426 4417 498 4475 ad
526 4383 967 4466 consumendani
983 4383 1293 4477 rubiginem
1334 4383 1543 4473 peccati
1590 4383 1782 4457 contra
1811 4399 2022 4470 seipsos
2042 4383 2095 4443 D
2126 4414 2236 4467 ros,
2272 4406 2398 4463 etc.,
2432 4415 2603 4471 usque
2632 4400 2703 4455 ad
2740 4399 2987 4454 Christus
3017 4414 3149 4454 vero
3198 4399 3316 4454 sola
3364 4400 3724 4472 suggestione

427 4498 681 4554 veniebat
709 4496 1034 4553 accendere.
1067 4493 1241 4550 Adam
1269 4491 1549 4563 peccando
1597 4490 1795 4546 coelum
1823 4488 2019 4557 amisit,

429 4585 678 4642 Christus
709 4602 740 4640 a
771 4584 974 4657 Spiritu
1004 4591 1193 4640 sancto
1222 4598 1321 4654 per
1349 4580 1658 4637 columbam
1686 4578 2024 4651 glorilicatus

427 4674 679 4746 apparuit
714 4692 727 4728 :
760 4674 1031 4728 ﬂammam
1060 4673 1364 4729 vibrantem
1390 4686 1515 4743 quae
1556 4669 1699 4725 viam
1747 4667 2024 4739 prohibuit

425 4778 567 4835 aqua
613 4760 868 4833 baptismi
914 4761 1212 4817 exstinxit:
1254 4760 1379 4833 quia
1433 4776 1573 4832 aqua
1619 4766 1702 4814 est
1749 4755 2025 4813 contraria

436 4867 850 5012 lglgortplacui.
883 4936 945 4992 Id
975 4944 1076 5005 est,
1110 4937 1251 4994 bene
1294 4935 1553 5008 placitum
1600 4950 1785 4991 meum
1814 4933 2022 4991 consti-

429 5026 528 5096 tui,
563 5035 622 5083 ut
649 5034 708 5083 tu
737 5025 794 5081 in
824 5041 931 5098 quo
960 5024 1095 5081 nihil
1124 5024 1228 5080 nisi
1258 5026 1462 5080 bonum
1489 5025 1725 5096 placeas,
1761 5030 1815 5079 et
1841 5040 1941 5095 per
1970 5029 2024 5078 te

423 5113 519 5170 alii
548 5130 660 5170 non
688 5114 745 5169 in
776 5132 855 5184 se,
890 5114 989 5171 sed
1017 5114 1075 5169 in
1103 5120 1175 5182 te,
1209 5112 1265 5168 id
1296 5120 1397 5183 est,
1431 5113 1529 5169 tibi
1559 5113 1667 5170 fide
1698 5120 1751 5169 et
1782 5111 2022 5169 claritate

421 5202 562 5259 uniti
590 5202 868 5276 placeant.
1464 5219 1474 5228 ’

1069 5332 1295 5389 CAPUT
1332 5331 1423 5388 IV.

497 5478 670 5536 Vens.
704 5480 756 5531 1.
805 5504 874 5517 -
926 5476 1076 5533 Tunc
1113 5476 1290 5532 Iesus.
1351 5475 1481 5531 Post
1511 5473 1860 5547 baptismum,
1896 5474 2024 5546 quia

353 5644 357 5648 ἢ
425 5567 575 5627 nulla
602 5572 686 5625 est
710 5579 865 5623 mora
891 5580 924 5622 a
968 5562 1264 5623 tentatione
1297 5583 1311 5621 :
1340 5565 1411 5623 Ut
1438 5580 1565 5622 mox
1611 5566 1806 5623 doceat
1848 5564 2021 5636 bapti-

2122 4494 2359 4542 tentatus
2390 4485 2524 4541 fuit:
2560 4487 2689 4558 quia
2735 4486 3026 4544 delectatio
3073 4488 3286 4558 peccati
3330 4495 3570 4544 mentem
3600 4489 3723 4559 ejus

2121 4592 2231 4632 non
2261 4576 2574 4632 momordit.

2194 4673 2365 4729 Vens.
2382 4676 2431 4728 4.
2455 4704 2524 4714 -
2538 4672 2823 4745 Scriptum
2842 4677 2944 4728 est.
2968 4672 3091 4728 Non
3107 4671 3276 4727 utitur
3300 4679 3590 4744 potestate,
3620 4675 3722 4731 sed

2125 4762 2529 4833 Scripturarum
2558 4762 2892 4831 auctoritate,
2919 4762 3123 4817 docens
3143 4777 3243 4816 nos
3273 4762 3451 4835 magis
3472 4763 3723 4820 doctrina

2126 4866 2289 4923 quam
2309 4850 2589 4906 miraculis
2600 4865 2867 4923 pugnare.
2905 4850 3025 4905 Non
3042 4852 3103 4905 in
3120 4852 3233 4906 solo
3252 4867 3402 4923 pane
3458 4852 3597 4907 vivit
3615 4852 3721 4911 ho-

2124 4956 2235 5011 mo.
2252 4938 2421 5008 Quasi
2442 4937 2761 4993 :Persuasio
2778 4946 2870 4991 tua
2885 4937 3108 4993 tentatio
3122 4946 3204 4993 est
3230 4956 3242 4993 :
3272 4939 3400 5011 quia
3418 4939 3537 5011 agis
3559 4940 3629 4996 de
3642 4940 3723 4997 ci-

2125 5029 2197 5084 bo
2212 5027 2475 5098 corporis,
2503 5033 2554 5082 et
2571 5042 2680 5082 non
2697 5027 2764 5081 de
2782 5027 2905 5082 cibo
2922 5026 3136 5081 mentis.
3155 5026 3386 5083 Inferior
3398 5043 3530 5099 pars
3549 5029 3725 5085 homi-

2126 5117 2211 5172 nis
2240 5133 2381 5187 pane
2412 5122 2764 5182 sustentatur,
2797 5114 2899 5168 alia
2932 5116 3101 5170 verbo
3130 5115 3231 5171 Dei
3278 5115 3557 5172 reﬁcitur:
3591 5119 3726 5189 quia

2128 5221 2260 5261 vero
2290 5204 2410 5276 agis
2440 5204 2509 5258 de
2538 5203 2802 5271 inferiori,
2838 5211 2985 5274 patet
3015 5204 3162 5275 quod
3218 5211 3459 5259 tentator
3486 5205 3582 5261 sis.
3617 5209 3728 5264 Sed

2121 5297 2189 5351 in
2220 5296 2376 5351 omni
2405 5292 2581 5360 verbo,
2607 5300 2711 5349 etc.
2748 5291 2923 5348 Omne
2971 5292 3202 5348 verbum
3231 5292 3488 5361 Charitas,
3524 5293 3581 5347 in
3611 5311 3728 5366 qua

2126 5382 2470 5453 complentur
2498 5381 2681 5436 omnia
2711 5397 2831 5453 quin
2861 5381 3165 5452 procedunt
3213 5381 3282 5435 de
3312 5396 3409 5436 ore
3437 5380 3559 5449 Dei,
3585 5384 3728 5453 quia

2127 5472 2500 5542 cujuscunque
2528 5470 2832 5526 ministerio
2861 5470 3131 5539 dicantur,
3165 5485 3276 5525 non
3306 5470 3424 5539 ejus
3454 5478 3597 5540 sunt,
3625 5473 3728 5528 sed

2119 5560 2258 5618 Dei:
2289 5561 2388 5619 sed
2432 5560 2480 5617 si
2524 5561 2815 5619 adversum
2852 5560 2984 5632 quid
3025 5559 3305 5630 inseritur,
3336 5560 3443 5617 hoc
3469 5575 3582 5615 non
3628 5568 3734 5618 est
