4000 6182
276 189 344 242 85
1210 186 1479 244 GLOSSA
1516 187 1925 245 0RDINARIA.
1965 217 2035 230 —
2070 189 2336 247 EVANG.
2377 189 2633 246 MATTH.
3507 198 3575 249 86

270 310 394 366 Dei.
429 310 513 366 De
541 326 657 366 uno
686 311 882 381 verbo,
930 309 986 367 id
1033 318 1137 382 est,
1185 311 1452 383 sapientia
1497 312 1598 367 Dei
1640 311 1887 383 procedit
1913 311 2257 384 Aperbiam,
2307 321 2436 384 etc.,
2459 330 2633 388 usque
2661 315 2734 371 ad
2768 314 2825 369 in
2852 314 2938 371 his
2966 315 3141 373 tribus
3159 316 3342 373 omnia
3369 333 3583 393 genera

270 398 539 471 quidquid
568 399 874 471 loquuntur
901 399 1076 457 sancti
1105 399 1198 472 qui
1227 407 1352 455 sunt
1378 416 1443 455 os
1470 400 1607 469 ejus.

339 519 516 573 Vsus.
537 521 592 573 5.
605 549 677 559 —
692 520 844 576 Tunc
874 521 1200 592 assumpsit.
1224 517 1406 574 Prima
1426 526 1479 574 et
1496 517 1685 573 ultima
1703 524 1877 574 tenta-

264 605 345 662 tio
374 605 432 661 in
452 606 901 677 deserto,'media
918 623 1137 679 quoque
1158 606 1531 675 historialiter,
1563 607 1752 661 ultiina
1779 605 1878 661 fuit

262 702 565 767 postquam
595 711 889 768 regressus
939 704 1023 750 est
1049 695 1373 751 Jerusalem.
1425 694 1566 764 Quia
1592 695 1877 750 Matthaeus

264 798 378 838 non
405 783 717 839 secundum
746 783 996 839 ordinem
1016 783 1277 853 historiae,
1302 783 1399 839 sed
1431 783 1731 839 secundum
1751 789 1875 838 ten-

264 871 533 927 tationem
565 871 701 928 Adae
745 871 1100 944 prosequitur
1130 887 1143 927 :
1178 872 1355 929 Lucas
1399 887 1533 928 vero
1563 879 1622 926 ut
1652 887 1745 927 res
1774 886 1876 945 ge-

267 966 353 1015 sta
382 967 488 1015 est.

337 1063 445 1133 Qui
477 1080 546 1120 ex
576 1062 936 1136 responsione
982 1063 1183 1121 Christi
1212 1062 1386 1121 victus
1414 1070 1470 1121 et
1513 1063 1755 1120 incertus
1784 1079 1879 1119 re-

264 1152 472 1209 mansit
508 1169 523 1209 :
556 1161 683 1225 post
709 1152 945 1225 primam
973 1152 1045 1208 ad
1092 1152 1392 1209 secundam
1438 1151 1671 1209 accessit
1698 1159 1879 1208 tenta-

260 1240 493 1297 tionem.

331 1345 498 1416 Quod
528 1345 779 1418 permisit
808 1362 869 1403 se
897 1346 1123 1417 assumi,
1156 1361 1267 1403 non
1295 1345 1599 1402 inﬁrmatas
1628 1344 1748 1416 fuit,
1783 1345 1882 1401 sed

259 1434 532 1507 patientia
567 1451 581 1490 :
613 1435 670 1490 in
700 1435 920 1491 diabolo
950 1451 1083 1491 vero
1103 1451 1213 1491 non
1242 1434 1434 1505 virtus,
1467 1435 1566 1490 sed
1600 1434 1879 1507 superbia.

324 1541 481 1596 Nota
509 1541 642 1596 hac
690 1541 877 1597 omnia
921 1540 1204 1613 corporeis
1254 1540 1509 1597 sensibus
1555 1556 1680 1596 esse
1727 1556 1883 1596 com-

1976 402 2339 458 tentationum
2368 404 2925 475 comprehenduntur.

2046 491 2215 546 Vnus.
2252 494 2338 546 10.
2372 521 2450 533 ---
2477 492 2767 565 Scriptum
2798 497 2901 548 est.
2934 491 3110 549 David
3142 492 3355 550 Goliam
3400 492 3576 550 tribus

1975 576 2247 648 lapidibus
2285 579 2353 633 de
2399 586 2638 635 torrente
2672 580 2987 650 prostravit,
3021 588 3074 637 et
3104 581 3350 637 Christus
3380 581 3576 638 diabo—

1974 660 2089 719 lum
2107 666 2281 720 tribus
2296 666 2617 721 testimoniis
2639 667 2706 723 de
2721 668 2863 740 lege.
2878 670 3180 726 Dominum
3195 672 3372 726 Deum
3387 673 3569 726 tuum.

1978 754 2095 809 Hoc
2124 753 2211 809 vel
2240 755 2311 809 ad
2329 753 2607 809 diabolum
2629 755 2829 810 dicitur
2861 772 2873 811 :
2905 772 3015 811 non
3037 757 3166 830 quia
3194 774 3260 813 ex
3282 757 3572 814 devotione

1980 841 2047 896 sit
2076 841 2397 912 impleturus
2418 841 2515 896 sed
2536 850 2613 913 ut,
2647 852 2892 914 econtra,
2918 860 3083 917 quam
3104 847 3222 917 ipse
3252 846 3580 902 moliebatur

1979 930 2241 1001 scriptum
2262 930 2580 985 ostendatur
2600 931 2746 1002 quod
2767 947 2876 987 non
2906 932 3043 1003 ipse,
3069 935 3165 988 sed
3186 935 3334 990 Deus
3365 934 3434 989 sit
3481 934 3581 989 ad-

1979 1019 2221 1074 orandus
2253 1036 2267 1073 :
2290 1018 2395 1087 vel,
2428 1034 2538 1072 non
2557 1018 2801 1090 diabolo,
2828 1020 2924 1074 sed
2947 1021 3050 1075 sibi
3073 1023 3373 1078 secundum
3392 1024 3583 1078 huma-

1976 1106 2201 1162 nitatem
2230 1114 2283 1161 et
2312 1105 2532 1161 cuilibet
2578 1106 2783 1161 homini
2824 1109 2930 1164 hoc
2957 1118 3294 1180 praeceptum
3343 1126 3464 1165 esse
3494 1111 3579 1165 in-

1983 1195 2178 1251 sinuat.
2215 1193 2490 1263 Similiter,
2526 1201 2578 1246 et
2626 1193 2757 1249 illud
2792 1210 2804 1249 :
2838 1197 2958 1251 Non
3006 1199 3247 1253 tentabis
3277 1200 3582 1255 Dominum

1979 1285 2159 1340 Deum
2190 1286 2372 1351 tuum,
2420 1280 2629 1336 scilicet
2670 1281 2862 1337 Filium
2906 1292 2959 1338 et
2989 1284 3208 1339 Patrem
3236 1294 3289 1341 et
3321 1285 3581 1358 Spiritum

1983 1379 2250 1440 sanctum,
2284 1369 2375 1441 qui
2406 1376 2487 1424 est
2517 1385 2658 1423 unus
2690 1370 2857 1425 Deus.
2883 1371 3031 1427 Deus
3061 1372 3339 1445 adoratur,
3374 1381 3427 1430 et
3458 1389 3583 1446 spe-

1982 1460 2193 1517 cialiter
2221 1458 2271 1513 ei
2302 1465 2528 1528 propter
2558 1473 2618 1512 se
2648 1458 2901 1514 servitur.

2053 1548 2154 1603 Hic
2181 1546 2504 1614 ostenditur,
2560 1546 2708 1616 quod
2755 1548 2921 1602 homo
2952 1548 3218 1618 Christus,
3263 1556 3322 1605 ut
3351 1550 3499 1606 Deus
3529 1560 3586 1609 et

259 1627 427 1700 pleta.
462 1629 588 1686 Nec
614 1628 814 1683 mirum
845 1629 892 1684 si
921 1645 981 1684 se
1011 1629 1258 1700 permisit
1286 1626 1630 1685 circumferri
1674 1644 1686 1683 :
1723 1628 1771 1683 si
1802 1628 1881 1685 sic
1899 1659 1955 1721 Β
1984 1636 2247 1693 Dominus
2279 1635 2347 1689 sit
2376 1633 2691 1688 adorandus
2721 1650 2788 1690 ex
2816 1636 3019 1692 debito.

260 1717 536 1787 accipitur
564 1716 890 1787 assumptio,
925 1716 1017 1788 qui
1044 1716 1291 1788 permisit
1321 1732 1379 1771 se
1409 1714 1677 1789 crucifigi.

324 1804 519 1878 Supra
544 1806 947 1877 pinnaculum.
988 1804 1174 1877 (ΗΑΒ.)
1204 1806 1267 1859 In
1307 1804 1597 1860 Palaestina
1625 1804 1876 1875 desuper

258 1892 425 1964 plana
487 1900 649 1947 erant
706 1900 870 1962 tecta,
928 1900 982 1948 et
1036 1893 1111 1947 ibi
1168 1900 1287 1948 erat
1343 1893 1505 1948 sedes
1563 1893 1872 1963 doctorum,

260 1981 426 2051 unde,
462 1988 598 2050 etc.,
622 1997 798 2053 usque
826 1981 898 2037 ad
926 1981 1162 2037 ostendit
1192 1989 1250 2036 ut
1297 1981 1603 2051 cuicunque
1650 1981 1794 2036 bona
1825 1988 1879 2035 et

261 2068 368 2124 alta
394 2068 698 2140 imperanti
743 2068 1084 2139 obediamus,
1134 2068 1231 2125 sed
1277 2068 1623 2141 praecipitare
1661 2067 1868 2125 volenti

262 2164 697 2214 contraeamus:

322 2264 383 2321 Si
399 2264 587 2332 ﬁlius.
612 2262 910 2335 (Bsns.)ln
929 2261 1182 2318 omnibus
1202 2261 1591 2318 tentationibus
1612 2262 1717 2319 hoc
1738 2261 1874 2334 agit,

264 2360 318 2406 ut
344 2351 643 2424 intelligat,
678 2358 809 2421 etc.,
834 2367 1006 2424 usque
1034 2352 1105 2408 ad
1133 2352 1190 2405 in
1219 2350 1402 2423 specie
1432 2349 1667 2405 hominis
1696 2348 1881 2405 diabo-

259 2438 369 2495 lum
398 2439 740 2511 apparuisse
772 2439 1068 2496 verisimile
1098 2448 1200 2495 est.

322 2547 509 2603 Mitte.
543 2547 677 2602 Haec
706 2561 811 2601 vox
841 2561 1013 2602 conve
1031 2546 1110 2600 nit
1138 2545 1235 2615 illi,
1269 2544 1361 2616 qui
1390 2560 1582 2599 omnes
1612 2541 1871 2613 praecipi-

265 2642 374 2689 tare
416 2634 628 2707 satagit
666 2650 678 2690 :
712 2634 769 2688 in
800 2649 909 2705 quo
939 2632 1188 2689 inﬁrmus
1216 2633 1539 2701 ostenditur,
1572 2632 1719 2703 quod
1746 2630 1880 2686 nulli

262 2738 462 2778 nocere
493 2723 695 2793 possit,
746 2721 852 2776 nisi
897 2722 1051 2793 prius
1096 2722 1186 2778 ille
1234 2738 1295 2777 se
1341 2722 1601 2777 deorsum
1646 2719 1874 2776 miserit.

266 2811 628 2884 Suggerebat
657 2810 821 2879 enim,
851 2818 909 2865 ut
936 2810 1118 2882 aliquo
1149 2811 1307 2883 signo
1338 2810 1649 2881 exploraret
1683 2824 1872 2879 quan-

261 2906 372 2953 tum
399 2900 555 2969 apud
602 2899 782 2953 Deum
825 2906 1029 2969 posset.
1080 2899 1189 2954 Sed
1236 2914 1398 2954 nemo
1446 2898 1609 2953 debet
1655 2903 1872 2952 tentare

2045 1742 2278 1798 Servies.
2329 1740 2520 1796 Graece
2546 1740 2845 1823 λατρεύσεις
2878 1766 2890 1805 :
2923 1742 3137 1827 λατρεία
3184 1746 3328 1802 enim
3349 1744 3585 1802 servitus

1975 1835 2190 1892 dicitur.
2226 1832 2470 1889 Servitus
2500 1842 2933 1897 communisDeo
2964 1851 3017 1897 et
3032 1840 3236 1897 homini
3265 1849 3318 1895 et
3348 1838 3578 1896 cuicun-

1977 1941 2102 1996 que,
2138 1926 2332 1981 Grazce
2367 1924 2572 1985 δουλεία
2603 1928 2818 1985 dicitur.
2882 1930 2980 1985 Illa
3009 1946 3141 1986 vero
3173 1946 3294 2003 qua:
3332 1928 3432 1983 soli
3461 1929 3578 1983 Deo

1975 2016 2223 2089 debetur,
2256 2021 2417 2077 latria
2449 2023 2648 2080 dicitur
2683 2039 2695 2078 :
2731 2024 2874 2079 unde
2905 2022 3235 2093 idololatria,
3269 2037 3392 2094 quae
3428 2019 3576 2094 quod

1977 2106 2080 2162 soli
2112 2107 2228 2163 Deo
2257 2109 2441 2180 debet,
2477 2111 2636 2167 idolis
2668 2112 2779 2166 dat.

2046 2213 2188 2268 Nota
2219 2214 2497 2271 diabolum
2524 2217 2580 2271 in
2610 2216 2694 2271 his
2723 2215 2866 2272 vinci
2904 2217 2960 2272 in
2993 2216 3191 2288 quibus
3219 2215 3395 2271 Adam
3424 2213 3570 2271 vicit.

1978 2299 2154 2369 Quem
2181 2303 2249 2357 de
2280 2304 2410 2376 gula
2440 2304 2684 2375 tentavit,
2718 2306 2848 2360 dum
2880 2306 2949 2361 de
2978 2306 3128 2378 ligno
3158 2304 3322 2361 vetito
3353 2312 3579 2379 gustare

1977 2388 2211 2461 rogavit.
2246 2392 2325 2445 De
2356 2408 2499 2447 vana
2529 2392 2725 2465 gloria,
2760 2409 2884 2448 cum
2914 2393 3047 2448 dixit
3084 2394 3246 2464 (Gen.
3279 2392 3364 2464 ιιι)
3398 2408 3411 2447 :
3444 2394 3577 2447 Eri-

1979 2478 2053 2532 tis
2080 2479 2229 2533 sicut
2261 2479 2360 2535 dii.
2394 2479 2473 2536 De
2503 2481 2751 2551 avaritia,
2786 2496 2911 2537 cum
2940 2481 3014 2536 ait
3047 2497 3058 2537 :
3093 2482 3344 2537 Scientes
3373 2482 3579 2537 bonum

1980 2569 2036 2620 et
2068 2568 2305 2621 malum.

1955 2680 1975 2699 ο
2049 2654 2218 2708 Vens.
2254 2658 2338 2709 11.
2370 2656 2762 2712 Accesserant.
2813 2656 2939 2710 Non
2982 2655 3138 2727 quasi
3182 2663 3309 2712 tunc
3338 2654 3577 2727 primum

1982 2740 2271 2812 adeuntes,
2306 2743 2403 2797 sed
2423 2760 2659 2817 agonem
2679 2743 2894 2801 Domini
2922 2744 3116 2815 procul
3134 2744 3481 2814 aspicientes,
3506 2760 3576 2799 ne

1978 2828 2227 2884 videatur
2255 2846 2445 2886 eorum
2474 2832 2730 2903 praesidio
2760 2832 2980 2905 eguisse
3013 2833 3099 2887 vel
3130 2832 3346 2887 vicisse.
3388 2832 3495 2887 Sed
3517 2841 3577 2887 ut

1976 2916 2066 2972 ille
2097 2918 2271 2974 victus
2302 2919 2451 2989 abiit,
2483 2921 2661 2991 parati
2692 2922 2760 2975 ad
2781 2921 3106 2992 obsequium
3138 2929 3423 2975 venerunt.
3462 2920 3577 2977 Sic-

260 2986 453 3080 ρειξωι
487 2987 717 3080 quando
746 2987 909 3080 Ῑλθιδεῗι
937 3004 1003 3042 ex
1024 2989 1262 3080 humaga
1282 2986 1493 3042 ratione
1525 2986 1654 3080 (inid
1679 2983 1870 3080 ξτξθίθί·
1906 3012 1955 3074 C
1978 3014 2035 3059 ut
2065 3006 2119 3059 in
2163 3008 2267 3062 hoc
2315 2983 2502 3080 agone
2536 3008 2726 3063 militia
2769 2983 2956 3063 nostra
2995 3009 3358 3080 praestruitur,
3403 3008 3480 3063 ita
3517 3009 3575 3063 in

265 3076 415 3131 Unde
447 3075 707 3147 quamvis
736 3075 918 3130 omnia
937 3084 1142 3146 posset,
1165 3075 1239 3130 ait
1260 3084 1443 3130 tamen
1474 3074 1587 3129 suis
1621 3090 1633 3129 :
1668 3075 1727 3129 Si
1744 3088 1875 3145 per-

259 3167 437 3220 secuti
453 3181 549 3219 vos
566 3166 792 3235 fuerint
808 3166 871 3219 in
889 3166 1122 3220 civitate
1149 3165 1284 3230 ista,
1304 3166 1486 3235 fugite
1504 3165 1567 3220 in
1587 3166 1783 3223 aliam.
1807 3169 1879 3224 Et

259 3251 372 3321 ipse
401 3252 556 3306 idem
586 3251 728 3323 fugit
757 3260 811 3306 et
838 3251 969 3306 abiit
997 3259 1050 3306 et
1078 3251 1253 3306 latuit.
1286 3252 1451 3308 Nunc
1499 3262 1681 3308 autem
1712 3265 1875 3325 pote-

258 3347 339 3393 rat
366 3339 531 3394 aliter
561 3340 633 3395 de
680 3340 882 3411 templo
920 3340 1278 3407 descendere,
1314 3355 1492 3411 quam
1541 3358 1642 3411 per
1661 3344 1875 3412 jactan-

271 3426 395 3481 tiam
426 3443 489 3482 se
519 3428 890 3498 praecipitare.
924 3429 1220 3499 Postquam
1241 3426 1431 3483 deﬁcit
1450 3430 1690 3486 humana
1713 3432 1875 3504 ratio,

263 3516 612 3571 commendet
645 3531 705 3572 se
735 3516 900 3571 homo
928 3516 1064 3586 Deo,
1098 3532 1208 3572 non
1238 3518 1517 3587 tentando,
1552 3519 1649 3574 sed
1677 3520 1874 3577 devote

266 3604 601 3661 conﬁtendo.

332 3711 475 3779 Quia
505 3711 730 3781 angelis
777 3711 899 3765 suis
927 3710 1221 3766 mandavit
1248 3711 1316 3766 de
1346 3715 1419 3767 te.
1461 3710 1682 3784 (BEDA.)
1714 3712 1874 3782 Quod

266 3798 396 3853 bene
426 3798 638 3854 dicitur
666 3797 736 3852 de
768 3812 1020 3869 corpore,
1045 3798 1296 3853 diabolus
1320 3799 1463 3853 male
1486 3799 1876 3870 interpretatur

261 3886 327 3942 de
352 3887 559 3959 capite,
592 3894 725 3955 etc.,
750 3902 924 3959 usque
952 3887 1023 3941 ad
1054 3887 1150 3941 sed
1200 3887 1268 3941 de
1316 3886 1517 3942 auxilio
1547 3890 1873 3961 angelorum

265 3976 415 4046 quasi
443 3976 520 4031 ad
567 3973 848 4030 infirmum
894 3974 1150 4046 loquitur,
1195 3975 1266 4030 de
1314 3991 1413 4030 sua
1461 3977 1872 4035 conculcatione

259 4070 419 4119 tacet.

337 4170 514 4226 Vsus.
538 4174 589 4224 8.
610 4199 680 4209 —
696 4169 911 4225 Iterum
932 4170 1259 4241 assumpsit.
1283 4169 1413 4225 Haec
1433 4170 1657 4226 tentatio
1677 4171 1871 4228 ordine

270 4257 570 4329 pracessit,
593 4258 694 4312 sed
716 4264 973 4312 narratur
992 4265 1350 4329 praepostero,
1376 4260 1679 4315 secundum
1709 4261 1856 4332 quod

264 4345 463 4404 factum
493 4354 580 4401 est
609 4346 763 4401 Adae.

333 4453 613 4521 Ostendit,
639 4460 743 4507 etc.
768 4451 893 4506 Non
923 4451 1068 4522 quod
1098 4450 1275 4506 visum
1306 4451 1425 4520 ejus
1455 4452 1548 4523 qui
1577 4453 1762 4509 omnia
1780 4454 1867 4511 vi-

264 4540 354 4595 det
396 4539 767 4611 ampliaverit,
839 4540 936 4594 sed
982 4538 1272 4594 vanitatem
1318 4541 1608 4596 mundanae
1654 4558 1869 4615 pompae

265 4644 426 4699 quam
456 4629 699 4697 amabat,
733 4627 889 4699 quasi
930 4627 1256 4698 speciosam,
1282 4637 1411 4697 etc.,
1435 4646 1609 4702 usque
1628 4632 1699 4686 ad
1748 4632 1872 4686 Non

265 4717 410 4786 quod
455 4733 579 4771 eam
645 4716 1103 4786 concupiscentiae
1148 4716 1308 4772 oculo
1368 4717 1672 4772 intueretur
1730 4719 1872 4775 sicut

268 4819 392 4873 nos,
424 4805 523 4859 sed
553 4804 636 4859 sic
680 4804 801 4860 haec
827 4804 1067 4859 ostensio
1122 4803 1222 4859 fuit
1248 4805 1305 4859 in
1332 4813 1546 4876 mente,
1581 4806 1720 4863 sicut
1745 4824 1868 4864 me-

267 4892 378 4949 dici
408 4892 604 4953 vident,
622 4892 851 4947 morbos
880 4893 996 4947 sine
1016 4893 1256 4948 laesione.

334 5000 503 5053 Vens.
535 5002 591 5052 9.
629 5029 699 5039 —
733 4999 856 5054 liceo
886 5000 1076 5053 omnia
1108 4999 1208 5054 tibi
1232 4999 1385 5055 dabo.
1425 5000 1573 5057 Haec
1602 5000 1671 5057 de
1701 5015 1863 5057 arro-

266 5087 453 5159 gantia
479 5086 612 5143 dicit
645 5103 659 5141 :
692 5101 805 5141 non
835 5086 981 5157 quod
1011 5093 1154 5141 totus
1182 5087 1418 5142 mundus
1448 5104 1580 5143 suus
1612 5089 1699 5144 sit.

337 5197 383 5247 A
410 5192 678 5264 principio
710 5192 857 5263 quod
878 5191 977 5247 Dei
996 5199 1114 5247 erat
1131 5199 1189 5246 ut
1217 5191 1319 5247 sibi
1349 5202 1641 5265 usurparet
1670 5196 1861 5251 diabo-

262 5280 352 5337 lus
381 5281 649 5337 laboravit
685 5295 700 5335 :
732 5280 876 5335 unde
906 5288 965 5334 ut
1011 5280 1067 5335 in
1096 5281 1176 5336 eis
1203 5281 1496 5352 coleretur,
1527 5282 1674 5340 idola
1702 5284 1859 5341 inve-

265 5370 362 5425 nit.
412 5371 469 5425 In
514 5370 601 5425 his
649 5367 827 5423 tribus
865 5376 1122 5425 notantur
1166 5370 1315 5443 gula,
1363 5370 1609 5441 avaritia,
1660 5389 1857 5446 super-

266 5459 468 5587 bniiu.
502 5529 683 5587 Lucas
711 5526 998 5586 avaritiam
1026 5528 1264 5585 mediam
1286 5530 1460 5603 ponit,
1492 5529 1737 5589 ultimam
1766 5550 1856 5590 su-

1976 3095 2300 3166 obsequium
2344 3097 2665 3169 angelorum
2709 3097 2953 3170 gloriosa
2998 3098 3365 3154 remuneratio
3403 3098 3574 3155 doce-

1975 3190 2083 3237 tur.

2046 3271 2215 3326 Vsus.
2243 3275 2327 3329 12.
2352 3304 2420 3313 —
2445 3275 2582 3329 Cum
2603 3278 2797 3329 autem
2816 3274 3084 3330 audisset.
3110 3273 3296 3346 (ΗΑΒ.)
3327 3275 3427 3331 Hic
3442 3277 3575 3331 Mat-

1972 3360 2166 3429 thzeus,
2204 3361 2343 3415 sicut
2370 3362 2586 3417 Marcus
2617 3371 2670 3417 et
2700 3363 2894 3432 Lucas,
2930 3364 3298 3433 praetermittit
3328 3365 3567 3434 primum

1974 3448 2267 3503 adventum
2318 3450 2534 3504 Domini
2598 3450 2654 3504 in
2703 3452 3006 3521 Galilaeam,
3056 3460 3366 3523 postquam,
3427 3462 3566 3525 etc.,

1972 3553 2148 3610 usque
2196 3539 2267 3593 ad
2314 3540 2421 3594 Hoc
2465 3541 2603 3610 fecit
2648 3540 2885 3595 initium
2929 3542 3219 3611 signorum
3265 3543 3444 3598 Iesus.
3491 3542 3562 3598 Et

1974 3624 2171 3698 iterum
2204 3641 2216 3680 :
2250 3628 2508 3681 Nondum
2528 3630 2771 3683 Joannes
2803 3630 3011 3684 missus
3032 3634 3155 3685 erat
3175 3631 3237 3685 in
3257 3646 3561 3687 carcerem.

2043 3715 2313 3783 Joannes,
2347 3722 2452 3769 etc.
2486 3713 2643 3782 Quod
2672 3723 2790 3769 erat
2818 3724 3045 3785 propter
3071 3717 3451 3788 Evangelium.
3482 3720 3570 3774 Je-

1974 3816 2067 3855 sus
2096 3801 2201 3855 hoc
2231 3801 2375 3856 idem
2402 3801 2697 3871 perfectius
2726 3803 3033 3872 praedicans
3072 3805 3141 3857 ad
3171 3813 3387 3874 tempus
3414 3806 3560 3861 cedit

1973 3897 2028 3944 et
2056 3888 2210 3962 fugit,
2244 3896 2302 3943 ut
2330 3888 2399 3943 sit
2435 3890 2744 3960 exemplum
2784 3889 2917 3944 suis.
2960 3892 3024 3946 In
3072 3893 3383 3948 Galilaeam.
3421 3894 3558 3949 Duae

1974 3985 2101 4032 sunt
2129 3977 2368 4033 Galilaeae
2388 3990 2403 4032 ξ
2426 3978 2743 4034 unadicitur
2770 3979 3103 4050 Judaeorum,
3144 3974 3315 4036 altera
3327 3981 3573 4054 gentium

1972 4074 2198 4137 propter
2226 4066 2672 4121 inhabitationem
2691 4067 2954 4140 gentium,
2980 4085 3143 4140 quam
3173 4077 3386 4140 partem
3413 4070 3566 4126 dedit

1975 4154 2232 4210 Salomon
2263 4155 2383 4226 regi
2412 4156 2540 4226 Tyri
2569 4156 2662 4227 qui
2690 4165 2884 4230 gentes
2912 4157 2987 4212 ibi
3016 4159 3217 4228 posuit.

2046 4262 2215 4315 Vens.
2250 4264 2336 4314 13.
2360 4291 2429 4301 -
2448 4262 2747 4318 Nazarcth.
2784 4263 2970 4335 (ΗΑΒ.)
3000 4266 3155 4319 Unde
3185 4265 3431 4320 Christus
3459 4267 3567 4322 Na-

1876 4366 1930 4428 D
1975 4365 2183 4405 zarseus
2212 4348 2427 4419 dicitur,
2462 4349 2614 4406 vicus
2644 4358 2728 4406 est
2772 4352 2829 4404 in
2872 4352 3098 4407 Galilaea
3136 4353 3290 4420 juxta
3318 4361 3561 4409 montem

1974 4437 2212 4507 Thabor,
2246 4445 2375 4507 etc.,
2416 4455 2587 4511 usque
2623 4441 2696 4495 ad
2725 4439 2852 4511 quia
2897 4439 2953 4493 in
2994 4441 3173 4495 medio
3218 4441 3462 4513 gentium
3491 4443 3564 4501 ad

1973 4526 2310 4582 dilatandum
2340 4527 2569 4582 verbum
2600 4528 2700 4583 Dei
2719 4527 2931 4583 fortiter
2950 4528 3213 4600 consistit,
3246 4538 3305 4585 ut
3331 4531 3562 4587 creden-

1972 4614 2117 4670 tibus
2163 4615 2435 4689 refugium
2478 4616 2909 4687 periclitantibus
2954 4618 3206 4674 ostendat
3251 4618 3377 4675 tidei
3423 4635 3558 4691 por-

1970 4711 2111 4759 tum.

2038 4811 2210 4865 Vsus.
2246 4812 2331 4864 15.
2355 4839 2423 4849 -
2449 4811 2615 4865 Terra
2636 4811 2901 4868 Zabulon.
2924 4811 3056 4885 (10.)
3076 4812 3236 4882 Quod
3265 4814 3442 4886 primo
3460 4831 3560 4887 po-

1967 4898 2132 4953 situm
2165 4905 2249 4953 est
2267 4898 2631 4969 praetermittit
2667 4901 3035 4974 evangelista;
3076 4902 3284 4960 scilicet
3314 4920 3328 4959 :
3358 4906 3551 4961 Primo

1967 4991 2217 5059 tempore
2246 4988 2515 5043 alleviata
2536 4993 2621 5044 est
2642 4992 2796 5045 terra
2815 4991 3062 5047 Zabulon
3093 4995 3150 5046 et
3179 4996 3335 5050 terra
3362 4994 3550 5066 Neph-

1966 5077 2131 5132 tatim
2161 5076 2290 5147 (Isa.
2333 5076 2416 5148 IX)
2449 5093 2463 5132 :
2496 5077 2636 5134 sicut
2664 5086 2719 5133 et
2761 5079 2908 5150 quod
2949 5080 3008 5134 in
3046 5080 3228 5136 medio
3266 5089 3369 5153 est,
3419 5091 3550 5154 etc.,

1961 5180 2135 5237 usque
2163 5165 2235 5220 ad
2265 5165 2362 5220 sed
2390 5181 2491 5237 pro
2522 5166 2698 5240 figura
2727 5183 2917 5223 eorum
2947 5168 3040 5240 qui
3067 5170 3302 5226 vocandi
3330 5180 3456 5228 sunt
3488 5173 3559 5230 de

1960 5252 2236 5327 gentibus,
2269 5270 2335 5309 ea
2366 5271 2488 5326 quae
2519 5255 2762 5328 gentium
2792 5265 2877 5312 est
2904 5256 2992 5313 hic
3021 5268 3376 5315 memoratur.

1952 5362 1957 5367 λ
2029 5341 2200 5398 Vnus.
2226 5346 2310 5397 16.
2336 5374 2403 5383 -
2422 5345 2687 5416 Populus.
2703 5345 2894 5419 (AUG.)
2911 5347 3149 5417 Populus
3168 5348 3271 5404 iste
3292 5349 3384 5422 qui
3402 5350 3552 5423 prior

1958 5430 2154 5487 ductus
2183 5438 2267 5486 est
2308 5432 2363 5485 in
2395 5433 2793 5505 captivitatem,
2835 5442 2889 5490 et
2932 5434 2987 5490 in
3014 5437 3257 5493 tenebris
3295 5440 3550 5495 vitiorum

1958 5527 2095 5589 erat,
2119 5519 2272 5592 prior
2290 5519 2468 5577 lucem
2487 5522 2891 5594 praedicationis
2925 5525 3124 5582 Christi
3153 5527 3303 5585 vidit.
3338 5529 3548 5586 Deinde
