  <div class='ocr_page' id='page_1' title='image "/cluster/home/n/w/nwhite01/storage/ocr_20150623/114/hvd.32044052819893/049.png"; bbox 0 0 4000 6182; ppageno 0'>
   <div class='ocr_carea' id='block_1_1' title="bbox 424 146 3719 218">
    <p class='ocr_par' dir='ltr' id='par_1_1' title="bbox 424 146 3719 218">
     <span class='ocr_line' id='line_1_1' title="bbox 424 146 3719 218; baseline 0.001 -5"><span class='ocrx_word' id='word_1_1' title='bbox 424 146 496 213; x_wconf 60' lang='lat'>&quot;</span> <span class='ocrx_word' id='word_1_2' title='bbox 1030 160 1435 218; x_wconf 81' lang='lat' dir='ltr'>WALAFRIDI</span> <span class='ocrx_word' id='word_1_3' title='bbox 1473 159 1716 217; x_wconf 83' lang='lat' dir='ltr'><strong>STRABI</strong></span> <span class='ocrx_word' id='word_1_4' title='bbox 1753 158 1952 218; x_wconf 89' lang='lat' dir='ltr'>FULD.</span> <span class='ocrx_word' id='word_1_5' title='bbox 1992 156 2166 217; x_wconf 83' lang='lat' dir='ltr'>MON.</span> <span class='ocrx_word' id='word_1_6' title='bbox 2209 157 2364 216; x_wconf 87' lang='lat' dir='ltr'>OPP.</span> <span class='ocrx_word' id='word_1_7' title='bbox 2403 158 2582 217; x_wconf 84' lang='lat' dir='ltr'>PARS</span> <span class='ocrx_word' id='word_1_8' title='bbox 2618 159 2660 215; x_wconf 90' lang='grc' dir='ltr'><strong>Ι.</strong></span> <span class='ocrx_word' id='word_1_9' title='bbox 2701 189 2771 202; x_wconf 92' lang='lat'>--</span> <span class='ocrx_word' id='word_1_10' title='bbox 2806 159 3276 217; x_wconf 83' lang='lat' dir='ltr'>THEOLOGICA.</span> <span class='ocrx_word' id='word_1_11' title='bbox 3652 164 3719 216; x_wconf 78' lang='lat'>88</span> 
     </span>
    </p>
   </div>
   <div class='ocr_carea' id='block_1_2' title="bbox 419 284 2037 379">
    <p class='ocr_par' dir='ltr' id='par_1_2' title="bbox 419 303 2022 379">
     <span class='ocr_line' id='line_1_2' title="bbox 419 303 2022 379; baseline -0.006 -13"><span class='ocrx_word' id='word_1_12' title='bbox 419 310 477 366; x_wconf 89' lang='lat' dir='ltr'>in</span> <span class='ocrx_word' id='word_1_13' title='bbox 507 322 699 366; x_wconf 88' lang='lat' dir='ltr'>omnes</span> <span class='ocrx_word' id='word_1_14' title='bbox 739 305 1105 379; x_wconf 88' lang='lat' dir='ltr'>Evangelium</span> <span class='ocrx_word' id='word_1_15' title='bbox 1149 304 1563 360; x_wconf 83' lang='lat' dir='ltr'>disseminatum</span> <span class='ocrx_word' id='word_1_16' title='bbox 1593 311 1695 359; x_wconf 90' lang='lat' dir='ltr'>est.</span> <span class='ocrx_word' id='word_1_17' title='bbox 1741 303 1897 359; x_wconf 88' lang='lat' dir='ltr'>Unde</span> <span class='ocrx_word' id='word_1_18' title='bbox 1929 319 2022 358; x_wconf 90' lang='lat' dir='ltr'>se-</span> 
     </span>
    </p>
   </div>
   <div class='ocr_carea' id='block_1_3' title="bbox 2152 284 3727 379">
    <p class='ocr_par' dir='ltr' id='par_1_3' title="bbox 2152 284 3727 357">
     <span class='ocr_line' id='line_1_3' title="bbox 2152 284 3727 357; baseline 0.001 -17"><span class='ocrx_word' id='word_1_19' title='bbox 2152 285 2174 340; x_wconf 87' lang='lat' dir='ltr'>i</span> <span class='ocrx_word' id='word_1_20' title='bbox 2201 294 2393 357; x_wconf 87' lang='lat' dir='ltr'>postea</span> <span class='ocrx_word' id='word_1_21' title='bbox 2438 294 2741 355; x_wconf 89' lang='lat' dir='ltr'>resumunt,</span> <span class='ocrx_word' id='word_1_22' title='bbox 2791 302 2903 342; x_wconf 91' lang='lat' dir='ltr'>non</span> <span class='ocrx_word' id='word_1_23' title='bbox 2947 286 3242 357; x_wconf 74' lang='lat' dir='ltr'>cupiditate</span> <span class='ocrx_word' id='word_1_24' title='bbox 3289 292 3344 340; x_wconf 92' lang='lat' dir='ltr'>et</span> <span class='ocrx_word' id='word_1_25' title='bbox 3371 284 3727 356; x_wconf 78' lang='lat' dir='ltr'>proprietatis</span> 
     </span>
    </p>
   </div>
   <div class='ocr_carea' id='block_1_4' title="bbox 432 395 1440 471">
    <p class='ocr_par' dir='ltr' id='par_1_4' title="bbox 432 395 1440 471">
     <span class='ocr_line' id='line_1_4' title="bbox 432 395 1440 471; baseline -0.006 -17"><span class='ocrx_word' id='word_1_26' title='bbox 432 398 616 471; x_wconf 84' lang='lat' dir='ltr'>quitur</span> <span class='ocrx_word' id='word_1_27' title='bbox 647 414 660 453; x_wconf 90' lang='lat'><strong>:</strong></span> <span class='ocrx_word' id='word_1_28' title='bbox 685 396 1078 453; x_wconf 83' lang='lat' dir='ltr'>Habitantibus</span> <span class='ocrx_word' id='word_1_29' title='bbox 1106 396 1169 449; x_wconf 88' lang='lat' dir='ltr'>in</span> <span class='ocrx_word' id='word_1_30' title='bbox 1197 395 1440 466; x_wconf 81' lang='lat' dir='ltr'>regione.</span> 
     </span>
    </p>
   </div>
   <div class='ocr_carea' id='block_1_5' title="bbox 502 496 2024 565">
    <p class='ocr_par' dir='ltr' id='par_1_5' title="bbox 502 496 2024 565">
     <span class='ocr_line' id='line_1_5' title="bbox 502 496 2024 565; baseline -0.007 -4"><span class='ocrx_word' id='word_1_31' title='bbox 502 505 713 563; x_wconf 75' lang='lat' dir='ltr'>Umbrae</span> <span class='ocrx_word' id='word_1_32' title='bbox 742 505 963 560; x_wconf 86' lang='lat' dir='ltr'>mortis.</span> <span class='ocrx_word' id='word_1_33' title='bbox 997 503 1146 557; x_wconf 86' lang='lat' dir='ltr'>Mors</span> <span class='ocrx_word' id='word_1_34' title='bbox 1176 508 1262 555; x_wconf 91' lang='lat' dir='ltr'>est</span> <span class='ocrx_word' id='word_1_35' title='bbox 1290 499 1346 553; x_wconf 92' lang='lat' dir='ltr'>in</span> <span class='ocrx_word' id='word_1_36' title='bbox 1366 497 1602 553; x_wconf 86' lang='lat' dir='ltr'>inferno.</span> <span class='ocrx_word' id='word_1_37' title='bbox 1625 497 1834 553; x_wconf 91' lang='lat' dir='ltr'>Umbra</span> <span class='ocrx_word' id='word_1_38' title='bbox 1858 496 2024 565; x_wconf 87' lang='lat' dir='ltr'>hujus</span> 
     </span>
    </p>
   </div>
   <div class='ocr_carea' id='block_1_6' title="bbox 437 582 2025 662">
    <p class='ocr_par' dir='ltr' id='par_1_6' title="bbox 437 582 2025 662">
     <span class='ocr_line' id='line_1_6' title="bbox 437 582 2025 662; baseline -0.006 -14"><span class='ocrx_word' id='word_1_39' title='bbox 437 592 632 649; x_wconf 90' lang='lat' dir='ltr'>mortis</span> <span class='ocrx_word' id='word_1_40' title='bbox 661 599 786 647; x_wconf 89' lang='lat' dir='ltr'>sunt</span> <span class='ocrx_word' id='word_1_41' title='bbox 814 597 1061 662; x_wconf 89' lang='lat' dir='ltr'>peccata,</span> <span class='ocrx_word' id='word_1_42' title='bbox 1093 605 1215 660; x_wconf 73' lang='lat' dir='ltr'>quae</span> <span class='ocrx_word' id='word_1_43' title='bbox 1242 602 1522 658; x_wconf 85' lang='lat' dir='ltr'>nunquam</span> <span class='ocrx_word' id='word_1_44' title='bbox 1553 585 1671 640; x_wconf 88' lang='lat' dir='ltr'>sine</span> <span class='ocrx_word' id='word_1_45' title='bbox 1697 592 1893 640; x_wconf 90' lang='lat' dir='ltr'>morte.</span> <span class='ocrx_word' id='word_1_46' title='bbox 1918 582 2025 652; x_wconf 92' lang='lat' dir='ltr'>Qui</span> 
     </span>
    </p>
   </div>
   <div class='ocr_carea' id='block_1_7' title="bbox 426 676 1674 757">
    <p class='ocr_par' dir='ltr' id='par_1_7' title="bbox 426 676 1674 757">
     <span class='ocr_line' id='line_1_7' title="bbox 426 676 1674 757; baseline -0.009 -18"><span class='ocrx_word' id='word_1_47' title='bbox 426 698 563 757; x_wconf 86' lang='lat' dir='ltr'>ergo</span> <span class='ocrx_word' id='word_1_48' title='bbox 592 680 705 738; x_wconf 84' lang='lat' dir='ltr'>vult</span> <span class='ocrx_word' id='word_1_49' title='bbox 732 680 927 753; x_wconf 83' lang='lat' dir='ltr'>fugere</span> <span class='ocrx_word' id='word_1_50' title='bbox 954 686 1207 746; x_wconf 90' lang='lat' dir='ltr'>mortem,</span> <span class='ocrx_word' id='word_1_51' title='bbox 1242 677 1375 732; x_wconf 88' lang='lat' dir='ltr'>vitet</span> <span class='ocrx_word' id='word_1_52' title='bbox 1402 676 1674 730; x_wconf 84' lang='lat' dir='ltr'>umbram.</span> 
     </span>
    </p>
   </div>
   <div class='ocr_carea' id='block_1_8' title="bbox 496 778 2023 853">
    <p class='ocr_par' dir='ltr' id='par_1_8' title="bbox 496 778 2023 853">
     <span class='ocr_line' id='line_1_8' title="bbox 496 778 2023 853; baseline -0.008 -9"><span class='ocrx_word' id='word_1_53' title='bbox 496 790 669 845; x_wconf 71' lang='lat' dir='ltr'>Vsus.</span> <span class='ocrx_word' id='word_1_54' title='bbox 707 789 794 842; x_wconf 81' lang='grc'><strong>17.</strong></span> <span class='ocrx_word' id='word_1_55' title='bbox 826 817 897 827; x_wconf 95' lang='grc'><strong><em>-</em></strong></span> <span class='ocrx_word' id='word_1_56' title='bbox 927 785 1167 841; x_wconf 72' lang='lat' dir='ltr'>Exinde.</span> <span class='ocrx_word' id='word_1_57' title='bbox 1217 783 1515 853; x_wconf 87' lang='lat' dir='ltr'>Postquam</span> <span class='ocrx_word' id='word_1_58' title='bbox 1562 778 1867 851; x_wconf 87' lang='lat' dir='ltr'>baptizatus</span> <span class='ocrx_word' id='word_1_59' title='bbox 1921 785 2023 833; x_wconf 89' lang='lat' dir='ltr'>est.</span> 
     </span>
    </p>
   </div>
   <div class='ocr_carea' id='block_1_9' title="bbox 424 865 2028 952">
    <p class='ocr_par' dir='ltr' id='par_1_9' title="bbox 424 865 2028 952">
     <span class='ocr_line' id='line_1_9' title="bbox 424 865 2028 952; baseline -0.01 -17"><span class='ocrx_word' id='word_1_60' title='bbox 424 878 735 952; x_wconf 87' lang='lat' dir='ltr'>Baptismus</span> <span class='ocrx_word' id='word_1_61' title='bbox 772 876 1000 931; x_wconf 91' lang='lat' dir='ltr'>idoneos</span> <span class='ocrx_word' id='word_1_62' title='bbox 1019 872 1147 928; x_wconf 84' lang='lat' dir='ltr'>facit</span> <span class='ocrx_word' id='word_1_63' title='bbox 1167 871 1237 925; x_wconf 92' lang='lat' dir='ltr'>ad</span> <span class='ocrx_word' id='word_1_64' title='bbox 1256 869 1685 942; x_wconf 63' lang='lat' dir='ltr'>praedicandum.</span> <span class='ocrx_word' id='word_1_65' title='bbox 1707 867 1948 935; x_wconf 69' lang='lat' dir='ltr'>Exinde,</span> <span class='ocrx_word' id='word_1_66' title='bbox 1971 865 2028 920; x_wconf 89' lang='lat' dir='ltr'>id</span> 
     </span>
    </p>
   </div>
   <div class='ocr_carea' id='block_1_10' title="bbox 428 954 2031 1038">
    <p class='ocr_par' dir='ltr' id='par_1_10' title="bbox 428 954 2031 1038">
     <span class='ocr_line' id='line_1_10' title="bbox 428 954 2031 1038; baseline -0.011 -14"><span class='ocrx_word' id='word_1_67' title='bbox 428 976 531 1038; x_wconf 89' lang='lat' dir='ltr'>est,</span> <span class='ocrx_word' id='word_1_68' title='bbox 581 964 781 1021; x_wconf 90' lang='lat' dir='ltr'>tradito</span> <span class='ocrx_word' id='word_1_69' title='bbox 827 965 1037 1018; x_wconf 83' lang='lat' dir='ltr'>Joanne</span> <span class='ocrx_word' id='word_1_70' title='bbox 1074 977 1088 1015; x_wconf 87' lang='lat'><strong>:</strong></span> <span class='ocrx_word' id='word_1_71' title='bbox 1123 960 1254 1033; x_wconf 88' lang='lat' dir='ltr'>quia</span> <span class='ocrx_word' id='word_1_72' title='bbox 1298 959 1423 1030; x_wconf 83' lang='lat' dir='ltr'>lege</span> <span class='ocrx_word' id='word_1_73' title='bbox 1470 957 1754 1012; x_wconf 88' lang='lat' dir='ltr'>desinente</span> <span class='ocrx_word' id='word_1_74' title='bbox 1785 954 2031 1025; x_wconf 86' lang='lat' dir='ltr'>sequitur</span> 
     </span>
    </p>
   </div>
   <div class='ocr_carea' id='block_1_11' title="bbox 360 1042 2027 1128">
    <p class='ocr_par' dir='ltr' id='par_1_11' title="bbox 360 1042 2027 1128">
     <span class='ocr_line' id='line_1_11' title="bbox 360 1042 2027 1128; baseline -0.011 -14"><span class='ocrx_word' id='word_1_75' title='bbox 360 1088 379 1099; x_wconf 60' lang='grc' dir='ltr'><strong>κ</strong></span> <span class='ocrx_word' id='word_1_76' title='bbox 426 1054 808 1128; x_wconf 89' lang='lat' dir='ltr'>Evangelium,</span> <span class='ocrx_word' id='word_1_77' title='bbox 848 1058 906 1106; x_wconf 91' lang='lat' dir='ltr'>ut</span> <span class='ocrx_word' id='word_1_78' title='bbox 935 1065 1194 1105; x_wconf 88' lang='lat' dir='ltr'>auroram</span> <span class='ocrx_word' id='word_1_79' title='bbox 1241 1048 1341 1102; x_wconf 91' lang='lat' dir='ltr'>sol.</span> <span class='ocrx_word' id='word_1_80' title='bbox 1376 1046 1605 1101; x_wconf 85' lang='lat' dir='ltr'>Humilis</span> <span class='ocrx_word' id='word_1_81' title='bbox 1641 1045 1906 1116; x_wconf 82' lang='lat' dir='ltr'>magister</span> <span class='ocrx_word' id='word_1_82' title='bbox 1935 1042 2027 1114; x_wconf 91' lang='lat' dir='ltr'>qui</span> 
     </span>
    </p>
   </div>
   <div class='ocr_carea' id='block_1_12' title="bbox 430 1133 2027 1210">
    <p class='ocr_par' dir='ltr' id='par_1_12' title="bbox 430 1133 2027 1210">
     <span class='ocr_line' id='line_1_12' title="bbox 430 1133 2027 1210; baseline -0.008 -9"><span class='ocrx_word' id='word_1_83' title='bbox 430 1144 737 1201; x_wconf 82' lang='lat' dir='ltr'>doctrinam</span> <span class='ocrx_word' id='word_1_84' title='bbox 766 1138 1018 1210; x_wconf 87' lang='lat' dir='ltr'>discipuli</span> <span class='ocrx_word' id='word_1_85' title='bbox 1037 1154 1148 1193; x_wconf 91' lang='lat' dir='ltr'>non</span> <span class='ocrx_word' id='word_1_86' title='bbox 1167 1135 1410 1207; x_wconf 87' lang='lat' dir='ltr'>impedit,</span> <span class='ocrx_word' id='word_1_87' title='bbox 1435 1135 1534 1189; x_wconf 92' lang='lat' dir='ltr'>sed</span> <span class='ocrx_word' id='word_1_88' title='bbox 1553 1140 1833 1204; x_wconf 86' lang='lat' dir='ltr'>exspectat</span> <span class='ocrx_word' id='word_1_89' title='bbox 1851 1133 2027 1188; x_wconf 89' lang='lat' dir='ltr'>donec</span> 
     </span>
    </p>
   </div>
   <div class='ocr_carea' id='block_1_13' title="bbox 427 1220 2027 1295">
    <p class='ocr_par' dir='ltr' id='par_1_13' title="bbox 427 1220 2027 1295">
     <span class='ocr_line' id='line_1_13' title="bbox 427 1220 2027 1295; baseline -0.011 -4"><span class='ocrx_word' id='word_1_90' title='bbox 427 1237 773 1292; x_wconf 88' lang='lat' dir='ltr'>consummet</span> <span class='ocrx_word' id='word_1_91' title='bbox 800 1243 1025 1285; x_wconf 90' lang='lat' dir='ltr'>cursum</span> <span class='ocrx_word' id='word_1_92' title='bbox 1055 1242 1233 1282; x_wconf 92' lang='lat' dir='ltr'>suum.</span> <span class='ocrx_word' id='word_1_93' title='bbox 1266 1225 1328 1279; x_wconf 92' lang='lat' dir='ltr'>In</span> <span class='ocrx_word' id='word_1_94' title='bbox 1357 1239 1466 1295; x_wconf 91' lang='lat' dir='ltr'>quo</span> <span class='ocrx_word' id='word_1_95' title='bbox 1495 1223 1682 1291; x_wconf 88' lang='lat' dir='ltr'>docet,</span> <span class='ocrx_word' id='word_1_96' title='bbox 1715 1238 1786 1277; x_wconf 95' lang='lat' dir='ltr'>ne</span> <span class='ocrx_word' id='word_1_97' title='bbox 1815 1220 1935 1292; x_wconf 92' lang='lat' dir='ltr'>quis</span> <span class='ocrx_word' id='word_1_98' title='bbox 1956 1220 2027 1274; x_wconf 89' lang='lat' dir='ltr'>ab</span> 
     </span>
    </p>
   </div>
   <div class='ocr_carea' id='block_1_14' title="bbox 429 1309 2027 1389">
    <p class='ocr_par' dir='ltr' id='par_1_14' title="bbox 429 1309 2027 1389">
     <span class='ocr_line' id='line_1_14' title="bbox 429 1309 2027 1389; baseline -0.009 -11"><span class='ocrx_word' id='word_1_99' title='bbox 429 1320 691 1378; x_wconf 85' lang='lat' dir='ltr'>inferiore</span> <span class='ocrx_word' id='word_1_100' title='bbox 719 1331 959 1389; x_wconf 86' lang='lat' dir='ltr'>persona</span> <span class='ocrx_word' id='word_1_101' title='bbox 988 1330 1299 1371; x_wconf 82' lang='lat' dir='ltr'>sermonem</span> <span class='ocrx_word' id='word_1_102' title='bbox 1322 1319 1653 1369; x_wconf 87' lang='lat' dir='ltr'>contemnat.</span> <span class='ocrx_word' id='word_1_103' title='bbox 1677 1309 1833 1368; x_wconf 90' lang='lat' dir='ltr'>Unde</span> <span class='ocrx_word' id='word_1_104' title='bbox 1852 1312 2027 1380; x_wconf 85' lang='lat' dir='ltr'>Apos-</span> 
     </span>
    </p>
   </div>
   <div class='ocr_carea' id='block_1_15' title="bbox 439 1403 1812 1475">
    <p class='ocr_par' dir='ltr' id='par_1_15' title="bbox 439 1403 1812 1475">
     <span class='ocr_line' id='line_1_15' title="bbox 439 1403 1812 1475; baseline -0.01 -8"><span class='ocrx_word' id='word_1_105' title='bbox 439 1410 605 1467; x_wconf 85' lang='lat' dir='ltr'>tolus.</span> <span class='ocrx_word' id='word_1_106' title='bbox 636 1409 696 1466; x_wconf 86' lang='lat' dir='ltr'>Si</span> <span class='ocrx_word' id='word_1_107' title='bbox 723 1409 818 1464; x_wconf 90' lang='lat' dir='ltr'>cui</span> <span class='ocrx_word' id='word_1_108' title='bbox 844 1406 1159 1463; x_wconf 88' lang='lat' dir='ltr'>revelatum</span> <span class='ocrx_word' id='word_1_109' title='bbox 1187 1404 1389 1475; x_wconf 86' lang='lat' dir='ltr'>fuerit,</span> <span class='ocrx_word' id='word_1_110' title='bbox 1416 1404 1575 1473; x_wconf 85' lang='lat' dir='ltr'>prior</span> <span class='ocrx_word' id='word_1_111' title='bbox 1606 1403 1812 1457; x_wconf 82' lang='lat' dir='ltr'>taceat.</span> 
     </span>
    </p>
   </div>
   <div class='ocr_carea' id='block_1_16' title="bbox 508 1504 2023 1584">
    <p class='ocr_par' dir='ltr' id='par_1_16' title="bbox 508 1504 2023 1584">
     <span class='ocr_line' id='line_1_16' title="bbox 508 1504 2023 1584; baseline -0.011 -9"><span class='ocrx_word' id='word_1_112' title='bbox 508 1516 912 1575; x_wconf 66' lang='lat' dir='ltr'>Paenitentiam</span> <span class='ocrx_word' id='word_1_113' title='bbox 930 1514 1099 1584; x_wconf 84' lang='lat' dir='ltr'>agite.</span> <span class='ocrx_word' id='word_1_114' title='bbox 1147 1510 1359 1565; x_wconf 86' lang='lat' dir='ltr'>Eadem</span> <span class='ocrx_word' id='word_1_115' title='bbox 1378 1525 1500 1580; x_wconf 68' lang='lat' dir='ltr'>quae</span> <span class='ocrx_word' id='word_1_116' title='bbox 1518 1522 1702 1579; x_wconf 64' lang='lat' dir='ltr'>praeco</span> <span class='ocrx_word' id='word_1_117' title='bbox 1719 1504 1983 1577; x_wconf 68' lang='lat' dir='ltr'>prmdicat</span> <span class='ocrx_word' id='word_1_118' title='bbox 2009 1519 2023 1559; x_wconf 90' lang='lat'>:</span> 
     </span>
    </p>
   </div>
   <div class='ocr_carea' id='block_1_17' title="bbox 2124 373 3731 444">
    <p class='ocr_par' dir='ltr' id='par_1_17' title="bbox 2124 373 3731 444">
     <span class='ocr_line' id='line_1_17' title="bbox 2124 373 3731 444; baseline 0.001 -17"><span class='ocrx_word' id='word_1_119' title='bbox 2124 390 2332 428; x_wconf 88' lang='lat' dir='ltr'>amore.</span> <span class='ocrx_word' id='word_1_120' title='bbox 2368 376 2429 428; x_wconf 89' lang='lat' dir='ltr'>In</span> <span class='ocrx_word' id='word_1_121' title='bbox 2457 374 2544 428; x_wconf 89' lang='lat' dir='ltr'>his</span> <span class='ocrx_word' id='word_1_122' title='bbox 2573 375 2734 429; x_wconf 88' lang='lat' dir='ltr'>datur</span> <span class='ocrx_word' id='word_1_123' title='bbox 2764 374 2941 429; x_wconf 86' lang='lat' dir='ltr'>forma</span> <span class='ocrx_word' id='word_1_124' title='bbox 2958 374 3267 430; x_wconf 88' lang='lat' dir='ltr'>volentibus</span> <span class='ocrx_word' id='word_1_125' title='bbox 3288 373 3466 444; x_wconf 87' lang='lat' dir='ltr'>sequi.</span> <span class='ocrx_word' id='word_1_126' title='bbox 3488 374 3731 429; x_wconf 83' lang='lat' dir='ltr'>Mutatur</span> 
     </span>
    </p>
   </div>
   <div class='ocr_carea' id='block_1_18' title="bbox 2124 461 3727 533">
    <p class='ocr_par' dir='ltr' id='par_1_18' title="bbox 2124 461 3727 533">
     <span class='ocr_line' id='line_1_18' title="bbox 2124 461 3727 533; baseline 0.001 -17"><span class='ocrx_word' id='word_1_127' title='bbox 2124 462 2350 517; x_wconf 87' lang='lat' dir='ltr'>intentio</span> <span class='ocrx_word' id='word_1_128' title='bbox 2380 477 2489 517; x_wconf 92' lang='lat' dir='ltr'>non</span> <span class='ocrx_word' id='word_1_129' title='bbox 2519 462 2768 533; x_wconf 87' lang='lat' dir='ltr'>piscatio,</span> <span class='ocrx_word' id='word_1_130' title='bbox 2813 470 3092 517; x_wconf 87' lang='lat' dir='ltr'>mutantur</span> <span class='ocrx_word' id='word_1_131' title='bbox 3120 461 3262 517; x_wconf 89' lang='lat' dir='ltr'>retia</span> <span class='ocrx_word' id='word_1_132' title='bbox 3288 461 3346 516; x_wconf 92' lang='lat' dir='ltr'>in</span> <span class='ocrx_word' id='word_1_133' title='bbox 3379 461 3690 517; x_wconf 85' lang='lat' dir='ltr'>doctrinam</span> <span class='ocrx_word' id='word_1_134' title='bbox 3712 503 3727 531; x_wconf 91' lang='lat'>,</span> 
     </span>
    </p>
   </div>
   <div class='ocr_carea' id='block_1_19' title="bbox 2126 549 3729 622">
    <p class='ocr_par' dir='ltr' id='par_1_19' title="bbox 2126 549 3729 622">
     <span class='ocr_line' id='line_1_19' title="bbox 2126 549 3729 622; baseline -0.001 -15"><span class='ocrx_word' id='word_1_135' title='bbox 2126 550 2405 620; x_wconf 89' lang='lat' dir='ltr'>cupiditas</span> <span class='ocrx_word' id='word_1_136' title='bbox 2436 550 2491 604; x_wconf 91' lang='lat' dir='ltr'>in</span> <span class='ocrx_word' id='word_1_137' title='bbox 2521 565 2767 606; x_wconf 90' lang='lat' dir='ltr'>amorem</span> <span class='ocrx_word' id='word_1_138' title='bbox 2795 551 3138 605; x_wconf 89' lang='lat' dir='ltr'>animarum:</span> <span class='ocrx_word' id='word_1_139' title='bbox 3171 549 3231 603; x_wconf 84' lang='lat' dir='ltr'>ﬁt</span> <span class='ocrx_word' id='word_1_140' title='bbox 3259 565 3415 604; x_wconf 91' lang='lat' dir='ltr'>mare</span> <span class='ocrx_word' id='word_1_141' title='bbox 3446 550 3729 622; x_wconf 56' lang='lat' dir='ltr'>saeculum,</span> 
     </span>
    </p>
   </div>
   <div class='ocr_carea' id='block_1_20' title="bbox 2129 638 3496 708">
    <p class='ocr_par' dir='ltr' id='par_1_20' title="bbox 2129 638 3496 708">
     <span class='ocr_line' id='line_1_20' title="bbox 2129 638 3496 708; baseline -0.001 -15"><span class='ocrx_word' id='word_1_142' title='bbox 2129 638 2287 693; x_wconf 90' lang='lat' dir='ltr'>navis</span> <span class='ocrx_word' id='word_1_143' title='bbox 2314 638 2586 708; x_wconf 87' lang='lat' dir='ltr'>Ecclesia,</span> <span class='ocrx_word' id='word_1_144' title='bbox 2618 638 2798 708; x_wconf 89' lang='lat' dir='ltr'>pisces</span> <span class='ocrx_word' id='word_1_145' title='bbox 2827 638 2954 693; x_wconf 90' lang='lat' dir='ltr'>boni</span> <span class='ocrx_word' id='word_1_146' title='bbox 2985 646 3039 693; x_wconf 92' lang='lat' dir='ltr'>et</span> <span class='ocrx_word' id='word_1_147' title='bbox 3066 638 3196 692; x_wconf 86' lang='lat' dir='ltr'>mali</span> <span class='ocrx_word' id='word_1_148' title='bbox 3224 638 3496 692; x_wconf 87' lang='lat' dir='ltr'>homines.</span> 
     </span>
    </p>
   </div>
   <div class='ocr_carea' id='block_1_21' title="bbox 2195 726 3729 797">
    <p class='ocr_par' dir='ltr' id='par_1_21' title="bbox 2195 726 3729 797">
     <span class='ocr_line' id='line_1_21' title="bbox 2195 726 3729 797; baseline 0.001 -17"><span class='ocrx_word' id='word_1_149' title='bbox 2195 727 2365 782; x_wconf 73' lang='lat' dir='ltr'>Vsus.</span> <span class='ocrx_word' id='word_1_150' title='bbox 2398 731 2487 784; x_wconf 75' lang='grc'><strong>21.</strong></span> <span class='ocrx_word' id='word_1_151' title='bbox 2507 757 2577 768; x_wconf 92' lang='grc'><strong><em>-</em></strong></span> <span class='ocrx_word' id='word_1_152' title='bbox 2605 728 2747 783; x_wconf 85' lang='lat' dir='ltr'>Vidit</span> <span class='ocrx_word' id='word_1_153' title='bbox 2776 728 2917 782; x_wconf 86' lang='lat' dir='ltr'>alios</span> <span class='ocrx_word' id='word_1_154' title='bbox 2938 727 3092 781; x_wconf 85' lang='lat' dir='ltr'>duos.</span> <span class='ocrx_word' id='word_1_155' title='bbox 3124 726 3271 781; x_wconf 87' lang='lat' dir='ltr'>Ecce</span> <span class='ocrx_word' id='word_1_156' title='bbox 3300 726 3356 779; x_wconf 92' lang='lat' dir='ltr'>in</span> <span class='ocrx_word' id='word_1_157' title='bbox 3384 726 3470 780; x_wconf 86' lang='lat' dir='ltr'>his</span> <span class='ocrx_word' id='word_1_158' title='bbox 3491 733 3729 797; x_wconf 90' lang='lat' dir='ltr'>quatuor</span> 
     </span>
    </p>
   </div>
   <div class='ocr_carea' id='block_1_22' title="bbox 2124 814 3725 887">
    <p class='ocr_par' dir='ltr' id='par_1_22' title="bbox 2124 814 3725 887">
     <span class='ocr_line' id='line_1_22' title="bbox 2124 814 3725 887; baseline 0.001 -19"><span class='ocrx_word' id='word_1_159' title='bbox 2124 831 2386 870; x_wconf 90' lang='lat' dir='ltr'>numerus</span> <span class='ocrx_word' id='word_1_160' title='bbox 2416 814 2881 887; x_wconf 87' lang='lat' dir='ltr'>evangelistarum</span> <span class='ocrx_word' id='word_1_161' title='bbox 2925 814 3334 887; x_wconf 76' lang='lat' dir='ltr'>prseﬁguratur,</span> <span class='ocrx_word' id='word_1_162' title='bbox 3385 814 3479 885; x_wconf 91' lang='lat' dir='ltr'>qui</span> <span class='ocrx_word' id='word_1_163' title='bbox 3507 814 3725 869; x_wconf 86' lang='lat' dir='ltr'>animas</span> 
     </span>
    </p>
   </div>
   <div class='ocr_carea' id='block_1_23' title="bbox 2125 902 3587 973">
    <p class='ocr_par' dir='ltr' id='par_1_23' title="bbox 2125 902 3587 973">
     <span class='ocr_line' id='line_1_23' title="bbox 2125 902 3587 973; baseline -0.001 -16"><span class='ocrx_word' id='word_1_164' title='bbox 2125 918 2160 958; x_wconf 91' lang='lat' dir='ltr'>a</span> <span class='ocrx_word' id='word_1_165' title='bbox 2186 903 2391 957; x_wconf 92' lang='lat' dir='ltr'>mundo</span> <span class='ocrx_word' id='word_1_166' title='bbox 2420 905 2711 957; x_wconf 85' lang='lat' dir='ltr'>extrahunt</span> <span class='ocrx_word' id='word_1_167' title='bbox 2737 904 2806 957; x_wconf 94' lang='lat' dir='ltr'>de</span> <span class='ocrx_word' id='word_1_168' title='bbox 2837 911 3072 973; x_wconf 91' lang='lat' dir='ltr'>quatuor</span> <span class='ocrx_word' id='word_1_169' title='bbox 3101 902 3349 972; x_wconf 89' lang='lat' dir='ltr'>partibus</span> <span class='ocrx_word' id='word_1_170' title='bbox 3378 902 3587 957; x_wconf 90' lang='lat' dir='ltr'>mundi.</span> 
     </span>
    </p>
   </div>
   <div class='ocr_carea' id='block_1_24' title="bbox 2196 990 3727 1062">
    <p class='ocr_par' dir='ltr' id='par_1_24' title="bbox 2196 990 3727 1062">
     <span class='ocr_line' id='line_1_24' title="bbox 2196 990 3727 1062; baseline 0.001 -18"><span class='ocrx_word' id='word_1_171' title='bbox 2196 991 2311 1044; x_wconf 90' lang='lat' dir='ltr'>Bini</span> <span class='ocrx_word' id='word_1_172' title='bbox 2341 999 2395 1046; x_wconf 90' lang='lat' dir='ltr'>et</span> <span class='ocrx_word' id='word_1_173' title='bbox 2424 991 2535 1045; x_wconf 91' lang='lat' dir='ltr'>bini</span> <span class='ocrx_word' id='word_1_174' title='bbox 2563 999 2846 1060; x_wconf 86' lang='lat' dir='ltr'>vocantur,</span> <span class='ocrx_word' id='word_1_175' title='bbox 2880 990 3009 1062; x_wconf 89' lang='lat' dir='ltr'>quia</span> <span class='ocrx_word' id='word_1_176' title='bbox 3036 990 3276 1046; x_wconf 89' lang='lat' dir='ltr'>charitas</span> <span class='ocrx_word' id='word_1_177' title='bbox 3305 1005 3416 1045; x_wconf 94' lang='lat' dir='ltr'>non</span> <span class='ocrx_word' id='word_1_178' title='bbox 3444 990 3550 1045; x_wconf 92' lang='lat' dir='ltr'>nisi</span> <span class='ocrx_word' id='word_1_179' title='bbox 3577 990 3727 1046; x_wconf 91' lang='lat' dir='ltr'>inter</span> 
     </span>
    </p>
   </div>
   <div class='ocr_carea' id='block_1_25' title="bbox 2125 1078 3723 1135">
    <p class='ocr_par' dir='ltr' id='par_1_25' title="bbox 2125 1078 3723 1135">
     <span class='ocr_line' id='line_1_25' title="bbox 2125 1078 3723 1135; baseline -0.001 -1"><span class='ocrx_word' id='word_1_180' title='bbox 2125 1078 2263 1134; x_wconf 91' lang='lat' dir='ltr'>duos</span> <span class='ocrx_word' id='word_1_181' title='bbox 2293 1088 2394 1134; x_wconf 92' lang='lat' dir='ltr'>est.</span> <span class='ocrx_word' id='word_1_182' title='bbox 2429 1080 2653 1135; x_wconf 92' lang='lat' dir='ltr'>Vocatio</span> <span class='ocrx_word' id='word_1_183' title='bbox 2682 1079 2915 1135; x_wconf 90' lang='lat' dir='ltr'>dicitur:</span> <span class='ocrx_word' id='word_1_184' title='bbox 2941 1079 3040 1134; x_wconf 87' lang='lat' dir='ltr'>Vel</span> <span class='ocrx_word' id='word_1_185' title='bbox 3068 1078 3370 1135; x_wconf 90' lang='lat' dir='ltr'>secundum</span> <span class='ocrx_word' id='word_1_186' title='bbox 3398 1078 3723 1134; x_wconf 89' lang='lat' dir='ltr'>electionem</span> 
     </span>
    </p>
   </div>
   <div class='ocr_carea' id='block_1_26' title="bbox 2126 1166 3719 1241">
    <p class='ocr_par' dir='ltr' id='par_1_26' title="bbox 2126 1166 3719 1241">
     <span class='ocr_line' id='line_1_26' title="bbox 2126 1166 3719 1241; baseline -0.001 -19"><span class='ocrx_word' id='word_1_187' title='bbox 2126 1168 2338 1241; x_wconf 71' lang='lat' dir='ltr'>gratiae.</span> <span class='ocrx_word' id='word_1_188' title='bbox 2368 1168 2524 1223; x_wconf 91' lang='lat' dir='ltr'>Unde</span> <span class='ocrx_word' id='word_1_189' title='bbox 2551 1168 2750 1223; x_wconf 91' lang='lat' dir='ltr'>dicitur</span> <span class='ocrx_word' id='word_1_190' title='bbox 2785 1183 2798 1223; x_wconf 89' lang='lat'><strong>:</strong></span> <span class='ocrx_word' id='word_1_191' title='bbox 2833 1167 2974 1234; x_wconf 84' lang='lat' dir='ltr'>Quos</span> <span class='ocrx_word' id='word_1_192' title='bbox 2997 1169 3211 1223; x_wconf 87' lang='lat' dir='ltr'>vocavit</span> <span class='ocrx_word' id='word_1_193' title='bbox 3242 1166 3421 1237; x_wconf 84' lang='lat' dir='ltr'>(Rom.</span> <span class='ocrx_word' id='word_1_194' title='bbox 3455 1166 3595 1237; x_wconf 78' lang='lat' dir='ltr'>vni),</span> <span class='ocrx_word' id='word_1_195' title='bbox 3610 1174 3719 1223; x_wconf 92' lang='lat' dir='ltr'>etc.</span> 
     </span>
    </p>
   </div>
   <div class='ocr_carea' id='block_1_27' title="bbox 2126 1254 3693 1327">
    <p class='ocr_par' dir='ltr' id='par_1_27' title="bbox 2126 1254 3693 1327">
     <span class='ocr_line' id='line_1_27' title="bbox 2126 1254 3693 1327; baseline -0.001 -15"><span class='ocrx_word' id='word_1_196' title='bbox 2126 1257 2225 1312; x_wconf 84' lang='lat' dir='ltr'>Vel</span> <span class='ocrx_word' id='word_1_197' title='bbox 2256 1256 2556 1317; x_wconf 91' lang='lat' dir='ltr'>secundum</span> <span class='ocrx_word' id='word_1_198' title='bbox 2583 1256 2715 1310; x_wconf 92' lang='lat' dir='ltr'>illud</span> <span class='ocrx_word' id='word_1_199' title='bbox 2748 1272 2761 1311; x_wconf 89' lang='lat'><strong>:</strong></span> <span class='ocrx_word' id='word_1_200' title='bbox 2795 1258 2958 1312; x_wconf 82' lang='lat' dir='ltr'>Multi</span> <span class='ocrx_word' id='word_1_201' title='bbox 2985 1260 3122 1311; x_wconf 85' lang='lat' dir='ltr'>sunt</span> <span class='ocrx_word' id='word_1_202' title='bbox 3151 1257 3333 1312; x_wconf 87' lang='lat' dir='ltr'>vocati</span> <span class='ocrx_word' id='word_1_203' title='bbox 3362 1254 3581 1327; x_wconf 82' lang='lat' dir='ltr'>(Matth.</span> <span class='ocrx_word' id='word_1_204' title='bbox 3615 1255 3693 1326; x_wconf 76' lang='grc' dir='ltr'>χ).</span> 
     </span>
    </p>
   </div>
   <div class='ocr_carea' id='block_1_28' title="bbox 2196 1343 3714 1416">
    <p class='ocr_par' dir='ltr' id='par_1_28' title="bbox 2196 1343 3714 1416">
     <span class='ocr_line' id='line_1_28' title="bbox 2196 1343 3714 1416; baseline 0 -17"><span class='ocrx_word' id='word_1_205' title='bbox 2196 1346 2388 1416; x_wconf 74' lang='grc' dir='ltr'>(Αιια.)</span> <span class='ocrx_word' id='word_1_206' title='bbox 2407 1344 2683 1414; x_wconf 69' lang='lat' dir='ltr'>Quaeritur</span> <span class='ocrx_word' id='word_1_207' title='bbox 2699 1345 2975 1416; x_wconf 90' lang='lat' dir='ltr'>quomodo</span> <span class='ocrx_word' id='word_1_208' title='bbox 3003 1345 3268 1399; x_wconf 63' lang='lat' dir='ltr'>Mathaeus</span> <span class='ocrx_word' id='word_1_209' title='bbox 3297 1351 3351 1398; x_wconf 92' lang='lat' dir='ltr'>et</span> <span class='ocrx_word' id='word_1_210' title='bbox 3380 1344 3597 1400; x_wconf 83' lang='lat' dir='ltr'>Marcus</span> <span class='ocrx_word' id='word_1_211' title='bbox 3624 1343 3714 1399; x_wconf 86' lang='lat' dir='ltr'>di-</span> 
     </span>
    </p>
   </div>
   <div class='ocr_carea' id='block_1_29' title="bbox 2126 1434 3722 1505">
    <p class='ocr_par' dir='ltr' id='par_1_29' title="bbox 2126 1434 3722 1505">
     <span class='ocr_line' id='line_1_29' title="bbox 2126 1434 3722 1505; baseline -0.001 -16"><span class='ocrx_word' id='word_1_212' title='bbox 2126 1441 2253 1489; x_wconf 89' lang='lat' dir='ltr'>cant</span> <span class='ocrx_word' id='word_1_213' title='bbox 2280 1434 2439 1489; x_wconf 91' lang='lat' dir='ltr'>binos</span> <span class='ocrx_word' id='word_1_214' title='bbox 2477 1448 2705 1489; x_wconf 88' lang='lat' dir='ltr'>vocasse</span> <span class='ocrx_word' id='word_1_215' title='bbox 2751 1434 2939 1489; x_wconf 91' lang='lat' dir='ltr'>Jesum</span> <span class='ocrx_word' id='word_1_216' title='bbox 2971 1450 2984 1488; x_wconf 89' lang='lat'>:</span> <span class='ocrx_word' id='word_1_217' title='bbox 3017 1434 3196 1505; x_wconf 89' lang='lat' dir='ltr'>primo</span> <span class='ocrx_word' id='word_1_218' title='bbox 3242 1434 3463 1488; x_wconf 92' lang='lat' dir='ltr'>Petrum</span> <span class='ocrx_word' id='word_1_219' title='bbox 3509 1440 3565 1487; x_wconf 91' lang='lat' dir='ltr'>et</span> <span class='ocrx_word' id='word_1_220' title='bbox 3609 1434 3722 1487; x_wconf 82' lang='lat' dir='ltr'>An-</span> 
     </span>
    </p>
   </div>
   <div class='ocr_carea' id='block_1_30' title="bbox 2125 1520 3724 1595">
    <p class='ocr_par' dir='ltr' id='par_1_30' title="bbox 2125 1520 3724 1595">
     <span class='ocr_line' id='line_1_30' title="bbox 2125 1520 3724 1595; baseline -0.001 -18"><span class='ocrx_word' id='word_1_221' title='bbox 2125 1522 2351 1591; x_wconf 62' lang='lat' dir='ltr'>dream,</span> <span class='ocrx_word' id='word_1_222' title='bbox 2384 1530 2513 1592; x_wconf 92' lang='lat' dir='ltr'>etc.,</span> <span class='ocrx_word' id='word_1_223' title='bbox 2543 1538 2717 1595; x_wconf 88' lang='lat' dir='ltr'>usque</span> <span class='ocrx_word' id='word_1_224' title='bbox 2745 1523 2817 1578; x_wconf 88' lang='lat' dir='ltr'>ad</span> <span class='ocrx_word' id='word_1_225' title='bbox 2845 1522 2969 1577; x_wconf 91' lang='lat' dir='ltr'>ideo</span> <span class='ocrx_word' id='word_1_226' title='bbox 2999 1529 3183 1577; x_wconf 90' lang='lat' dir='ltr'>autem</span> <span class='ocrx_word' id='word_1_227' title='bbox 3211 1521 3515 1592; x_wconf 90' lang='lat' dir='ltr'>piscatores</span> <span class='ocrx_word' id='word_1_228' title='bbox 3542 1520 3724 1576; x_wconf 90' lang='lat' dir='ltr'>illitte-</span> 
     </span>
    </p>
   </div>
   <div class='ocr_carea' id='block_1_31' title="bbox 435 1594 3724 1702">
    <p class='ocr_par' dir='ltr' id='par_1_31' title="bbox 435 1594 3724 1702">
     <span class='ocr_line' id='line_1_31' title="bbox 435 1594 3724 1702; baseline -0.002 -32"><span class='ocrx_word' id='word_1_229' title='bbox 435 1613 498 1663; x_wconf 82' lang='grc' dir='ltr'>ιιῑ</span> <span class='ocrx_word' id='word_1_230' title='bbox 522 1603 844 1661; x_wconf 64' lang='lat' dir='ltr'>ostendatur</span> <span class='ocrx_word' id='word_1_231' title='bbox 871 1617 982 1700; x_wconf 64' lang='lat' dir='ltr'>D911</span> <span class='ocrx_word' id='word_1_232' title='bbox 1012 1599 1152 1702; x_wconf 48' lang='lat' dir='ltr'>8110‘s</span> <span class='ocrx_word' id='word_1_233' title='bbox 1181 1613 1345 1669; x_wconf 71' lang='lat' dir='ltr'>quam</span> <span class='ocrx_word' id='word_1_234' title='bbox 1375 1597 1468 1702; x_wconf 65' lang='grc' dir='ltr'><strong>(ἰξιί</strong></span> <span class='ocrx_word' id='word_1_235' title='bbox 1505 1596 1563 1702; x_wconf 45' lang='lat' dir='ltr'>in</span> <span class='ocrx_word' id='word_1_236' title='bbox 1592 1610 1726 1694; x_wconf 62' lang='grc' dir='ltr'>νοοίξ</span> <span class='ocrx_word' id='word_1_237' title='bbox 1756 1594 2029 1702; x_wconf 53' lang='grc' dir='ltr'>θίξωξίνθ·</span> <span class='ocrx_word' id='word_1_238' title='bbox 2055 1642 2109 1702; x_wconf 83' lang='grc' dir='ltr'>Β</span> <span class='ocrx_word' id='word_1_239' title='bbox 2129 1620 2280 1666; x_wconf 89' lang='lat' dir='ltr'>ratos</span> <span class='ocrx_word' id='word_1_240' title='bbox 2310 1611 2454 1665; x_wconf 91' lang='lat' dir='ltr'>misit</span> <span class='ocrx_word' id='word_1_241' title='bbox 2484 1594 2807 1682; x_wconf 67' lang='lat' dir='ltr'>praedicare,</span> <span class='ocrx_word' id='word_1_242' title='bbox 2850 1619 2908 1665; x_wconf 90' lang='lat' dir='ltr'>ut</span> <span class='ocrx_word' id='word_1_243' title='bbox 2949 1610 3086 1666; x_wconf 86' lang='lat' dir='ltr'>ﬁdes</span> <span class='ocrx_word' id='word_1_244' title='bbox 3121 1610 3179 1665; x_wconf 90' lang='lat' dir='ltr'>in</span> <span class='ocrx_word' id='word_1_245' title='bbox 3217 1610 3416 1666; x_wconf 90' lang='lat' dir='ltr'>virtute</span> <span class='ocrx_word' id='word_1_246' title='bbox 3458 1609 3579 1679; x_wconf 90' lang='lat' dir='ltr'>Dei,</span> <span class='ocrx_word' id='word_1_247' title='bbox 3611 1625 3724 1665; x_wconf 90' lang='lat' dir='ltr'>non</span> 
     </span>
    </p>
   </div>
   <div class='ocr_carea' id='block_1_32' title="bbox 429 1682 3017 1771">
    <p class='ocr_par' dir='ltr' id='par_1_32' title="bbox 429 1682 3017 1771">
     <span class='ocr_line' id='line_1_32' title="bbox 429 1682 3017 1771; baseline -0.005 -20"><span class='ocrx_word' id='word_1_248' title='bbox 429 1702 536 1752; x_wconf 88' lang='lat' dir='ltr'>rat.</span> <span class='ocrx_word' id='word_1_249' title='bbox 570 1692 818 1749; x_wconf 86' lang='lat' dir='ltr'>Christus</span> <span class='ocrx_word' id='word_1_250' title='bbox 846 1688 992 1745; x_wconf 89' lang='lat' dir='ltr'>enim</span> <span class='ocrx_word' id='word_1_251' title='bbox 1019 1687 1249 1743; x_wconf 83' lang='lat' dir='ltr'>verbum</span> <span class='ocrx_word' id='word_1_252' title='bbox 1287 1685 1434 1757; x_wconf 93' lang='lat' dir='ltr'>quod</span> <span class='ocrx_word' id='word_1_253' title='bbox 1472 1684 1671 1740; x_wconf 88' lang='lat' dir='ltr'>clamat</span> <span class='ocrx_word' id='word_1_254' title='bbox 1706 1682 1764 1737; x_wconf 93' lang='lat' dir='ltr'>in</span> <span class='ocrx_word' id='word_1_255' title='bbox 1790 1682 2030 1771; x_wconf 88' lang='lat' dir='ltr'>Jordane</span> <span class='ocrx_word' id='word_1_256' title='bbox 2055 1682 2109 1702; x_wconf 81' lang='lat'><strong><em>“&#39;</em></strong></span> <span class='ocrx_word' id='word_1_257' title='bbox 2130 1700 2442 1771; x_wconf 55' lang='lat' dir='ltr'>eloquentia</span> <span class='ocrx_word' id='word_1_258' title='bbox 2469 1699 2750 1755; x_wconf 71' lang='lat' dir='ltr'>hominum</span> <span class='ocrx_word' id='word_1_259' title='bbox 2777 1706 3017 1770; x_wconf 51' lang='lat' dir='ltr'>putetur,</span> 
     </span>
    </p>
   </div>
   <div class='ocr_carea' id='block_1_33' title="bbox 433 1770 2029 1855">
    <p class='ocr_par' dir='ltr' id='par_1_33' title="bbox 433 1770 2029 1855">
     <span class='ocr_line' id='line_1_33' title="bbox 433 1770 2029 1855; baseline -0.009 -16"><span class='ocrx_word' id='word_1_260' title='bbox 433 1796 647 1855; x_wconf 87' lang='lat' dir='ltr'>organo</span> <span class='ocrx_word' id='word_1_261' title='bbox 676 1787 731 1836; x_wconf 91' lang='lat' dir='ltr'>et</span> <span class='ocrx_word' id='word_1_262' title='bbox 758 1779 815 1833; x_wconf 89' lang='lat' dir='ltr'>in</span> <span class='ocrx_word' id='word_1_263' title='bbox 843 1777 1096 1834; x_wconf 91' lang='lat' dir='ltr'>omnibus</span> <span class='ocrx_word' id='word_1_264' title='bbox 1126 1776 1219 1847; x_wconf 92' lang='lat' dir='ltr'>qui</span> <span class='ocrx_word' id='word_1_265' title='bbox 1247 1775 1319 1830; x_wconf 93' lang='lat' dir='ltr'>ab</span> <span class='ocrx_word' id='word_1_266' title='bbox 1360 1773 1510 1829; x_wconf 93' lang='lat' dir='ltr'>initio</span> <span class='ocrx_word' id='word_1_267' title='bbox 1539 1772 1745 1843; x_wconf 90' lang='lat' dir='ltr'>aliquid</span> <span class='ocrx_word' id='word_1_268' title='bbox 1771 1770 2029 1826; x_wconf 88' lang='lat' dir='ltr'>divinitus</span> 
     </span>
    </p>
   </div>
   <div class='ocr_carea' id='block_1_34' title="bbox 432 1862 2029 1933">
    <p class='ocr_par' dir='ltr' id='par_1_34' title="bbox 432 1862 2029 1933">
     <span class='ocr_line' id='line_1_34' title="bbox 432 1862 2029 1933; baseline -0.01 -5"><span class='ocrx_word' id='word_1_269' title='bbox 432 1872 689 1928; x_wconf 83' lang='lat' dir='ltr'>dixerunt</span> <span class='ocrx_word' id='word_1_270' title='bbox 720 1883 733 1923; x_wconf 88' lang='lat'><strong>:</strong></span> <span class='ocrx_word' id='word_1_271' title='bbox 759 1875 813 1923; x_wconf 90' lang='lat' dir='ltr'>et</span> <span class='ocrx_word' id='word_1_272' title='bbox 830 1874 1015 1922; x_wconf 91' lang='lat' dir='ltr'>tamen</span> <span class='ocrx_word' id='word_1_273' title='bbox 1033 1865 1136 1920; x_wconf 92' lang='lat' dir='ltr'>iste</span> <span class='ocrx_word' id='word_1_274' title='bbox 1158 1863 1307 1919; x_wconf 88' lang='lat' dir='ltr'>solus</span> <span class='ocrx_word' id='word_1_275' title='bbox 1327 1879 1453 1932; x_wconf 85' lang='lat' dir='ltr'>vox,</span> <span class='ocrx_word' id='word_1_276' title='bbox 1477 1862 1605 1933; x_wconf 91' lang='lat' dir='ltr'>quia</span> <span class='ocrx_word' id='word_1_277' title='bbox 1623 1877 1723 1931; x_wconf 91' lang='lat' dir='ltr'>per</span> <span class='ocrx_word' id='word_1_278' title='bbox 1743 1875 1868 1915; x_wconf 91' lang='lat' dir='ltr'>eum</span> <span class='ocrx_word' id='word_1_279' title='bbox 1887 1874 2029 1930; x_wconf 79' lang='lat' dir='ltr'>prae-</span> 
     </span>
    </p>
   </div>
   <div class='ocr_carea' id='block_1_35' title="bbox 433 1947 2029 2023">
    <p class='ocr_par' dir='ltr' id='par_1_35' title="bbox 433 1947 2029 2023">
     <span class='ocr_line' id='line_1_35' title="bbox 433 1947 2029 2023; baseline -0.01 -7"><span class='ocrx_word' id='word_1_280' title='bbox 433 1975 563 2017; x_wconf 89' lang='lat' dir='ltr'>sens</span> <span class='ocrx_word' id='word_1_281' title='bbox 607 1956 838 2015; x_wconf 87' lang='lat' dir='ltr'>verbum</span> <span class='ocrx_word' id='word_1_282' title='bbox 880 1953 1183 2011; x_wconf 89' lang='lat' dir='ltr'>ostenditur</span> <span class='ocrx_word' id='word_1_283' title='bbox 1221 1951 1368 2023; x_wconf 92' lang='lat' dir='ltr'>quod</span> <span class='ocrx_word' id='word_1_284' title='bbox 1405 1950 1496 2005; x_wconf 89' lang='lat' dir='ltr'>alii</span> <span class='ocrx_word' id='word_1_285' title='bbox 1536 1950 1699 2022; x_wconf 86' lang='lat' dir='ltr'>longe</span> <span class='ocrx_word' id='word_1_286' title='bbox 1738 1947 2029 2002; x_wconf 87' lang='lat' dir='ltr'>nuntiave-</span> 
     </span>
    </p>
   </div>
   <div class='ocr_carea' id='block_1_36' title="bbox 433 2036 2026 2105">
    <p class='ocr_par' dir='ltr' id='par_1_36' title="bbox 433 2036 2026 2105">
     <span class='ocr_line' id='line_1_36' title="bbox 433 2036 2026 2105; baseline -0.009 -1"><span class='ocrx_word' id='word_1_287' title='bbox 433 2054 580 2105; x_wconf 91' lang='lat' dir='ltr'>runt.</span> <span class='ocrx_word' id='word_1_288' title='bbox 615 2047 764 2101; x_wconf 90' lang='lat' dir='ltr'>Inter</span> <span class='ocrx_word' id='word_1_289' title='bbox 792 2043 939 2100; x_wconf 90' lang='lat' dir='ltr'>enim</span> <span class='ocrx_word' id='word_1_290' title='bbox 967 2058 1159 2099; x_wconf 91' lang='lat' dir='ltr'>vocem</span> <span class='ocrx_word' id='word_1_291' title='bbox 1188 2049 1242 2097; x_wconf 90' lang='lat' dir='ltr'>et</span> <span class='ocrx_word' id='word_1_292' title='bbox 1261 2040 1491 2097; x_wconf 90' lang='lat' dir='ltr'>verbum</span> <span class='ocrx_word' id='word_1_293' title='bbox 1509 2038 1641 2093; x_wconf 90' lang='lat' dir='ltr'>nihil</span> <span class='ocrx_word' id='word_1_294' title='bbox 1662 2045 1744 2104; x_wconf 86' lang='lat' dir='ltr'>est</span> <span class='ocrx_word' id='word_1_295' title='bbox 1765 2036 2026 2105; x_wconf 90' lang='lat' dir='ltr'>medium,</span> 
     </span>
    </p>
   </div>
   <div class='ocr_carea' id='block_1_37' title="bbox 435 2123 2034 2201">
    <p class='ocr_par' dir='ltr' id='par_1_37' title="bbox 435 2123 2034 2201">
     <span class='ocr_line' id='line_1_37' title="bbox 435 2123 2034 2201; baseline -0.009 -7"><span class='ocrx_word' id='word_1_296' title='bbox 435 2137 534 2194; x_wconf 84' lang='lat' dir='ltr'>sed</span> <span class='ocrx_word' id='word_1_297' title='bbox 580 2143 639 2191; x_wconf 87' lang='lat' dir='ltr'>ut</span> <span class='ocrx_word' id='word_1_298' title='bbox 679 2149 786 2191; x_wconf 85' lang='lat' dir='ltr'>vox</span> <span class='ocrx_word' id='word_1_299' title='bbox 833 2131 1032 2201; x_wconf 90' lang='lat' dir='ltr'>sonuit,</span> <span class='ocrx_word' id='word_1_300' title='bbox 1080 2146 1209 2186; x_wconf 85' lang='lat' dir='ltr'>mox</span> <span class='ocrx_word' id='word_1_301' title='bbox 1247 2130 1476 2185; x_wconf 90' lang='lat' dir='ltr'>verbum</span> <span class='ocrx_word' id='word_1_302' title='bbox 1512 2125 1813 2198; x_wconf 88' lang='lat' dir='ltr'>percipitur</span> <span class='ocrx_word' id='word_1_303' title='bbox 1844 2140 1859 2181; x_wconf 86' lang='lat'><strong>:</strong></span> <span class='ocrx_word' id='word_1_304' title='bbox 1894 2123 2034 2180; x_wconf 87' lang='lat' dir='ltr'>sicut</span> 
     </span>
    </p>
   </div>
   <div class='ocr_carea' id='block_1_38' title="bbox 432 2212 2026 2281">
    <p class='ocr_par' dir='ltr' id='par_1_38' title="bbox 432 2212 2026 2281">
     <span class='ocr_line' id='line_1_38' title="bbox 432 2212 2026 2281; baseline -0.009 0"><span class='ocrx_word' id='word_1_305' title='bbox 432 2226 673 2281; x_wconf 86' lang='lat' dir='ltr'>Joannes</span> <span class='ocrx_word' id='word_1_306' title='bbox 702 2221 923 2278; x_wconf 90' lang='lat' dir='ltr'>clausus</span> <span class='ocrx_word' id='word_1_307' title='bbox 949 2219 1190 2275; x_wconf 89' lang='lat' dir='ltr'>destitit:</span> <span class='ocrx_word' id='word_1_308' title='bbox 1215 2217 1462 2274; x_wconf 87' lang='lat' dir='ltr'>Christus</span> <span class='ocrx_word' id='word_1_309' title='bbox 1490 2214 1784 2272; x_wconf 88' lang='lat' dir='ltr'>virtutibus</span> <span class='ocrx_word' id='word_1_310' title='bbox 1813 2212 2026 2270; x_wconf 87' lang='lat' dir='ltr'>claruit.</span> 
     </span>
    </p>
   </div>
   <div class='ocr_carea' id='block_1_39' title="bbox 432 2301 2033 2381">
    <p class='ocr_par' dir='ltr' id='par_1_39' title="bbox 432 2301 2033 2381">
     <span class='ocr_line' id='line_1_39' title="bbox 432 2301 2033 2381; baseline -0.007 -14"><span class='ocrx_word' id='word_1_311' title='bbox 432 2312 591 2374; x_wconf 90' lang='lat' dir='ltr'>Unde</span> <span class='ocrx_word' id='word_1_312' title='bbox 619 2313 859 2367; x_wconf 84' lang='lat' dir='ltr'>Joannes</span> <span class='ocrx_word' id='word_1_313' title='bbox 887 2316 972 2365; x_wconf 90' lang='lat' dir='ltr'>est</span> <span class='ocrx_word' id='word_1_314' title='bbox 1014 2309 1195 2381; x_wconf 88' lang='lat' dir='ltr'>ﬁgura</span> <span class='ocrx_word' id='word_1_315' title='bbox 1238 2306 1630 2377; x_wconf 90' lang='lat' dir='ltr'>prophetarum</span> <span class='ocrx_word' id='word_1_316' title='bbox 1668 2311 1721 2358; x_wconf 94' lang='lat' dir='ltr'>et</span> <span class='ocrx_word' id='word_1_317' title='bbox 1747 2302 1904 2375; x_wconf 87' lang='lat' dir='ltr'>legis,</span> <span class='ocrx_word' id='word_1_318' title='bbox 1941 2301 2033 2372; x_wconf 90' lang='lat' dir='ltr'>qui</span> 
     </span>
    </p>
   </div>
   <div class='ocr_carea' id='block_1_40' title="bbox 437 2392 2034 2467">
    <p class='ocr_par' dir='ltr' id='par_1_40' title="bbox 437 2392 2034 2467">
     <span class='ocr_line' id='line_1_40' title="bbox 437 2392 2034 2467; baseline -0.008 -9"><span class='ocrx_word' id='word_1_319' title='bbox 437 2416 570 2458; x_wconf 90' lang='lat' dir='ltr'>vere</span> <span class='ocrx_word' id='word_1_320' title='bbox 601 2407 727 2458; x_wconf 85' lang='lat' dir='ltr'>sunt</span> <span class='ocrx_word' id='word_1_321' title='bbox 746 2414 851 2455; x_wconf 86' lang='lat' dir='ltr'>vox</span> <span class='ocrx_word' id='word_1_322' title='bbox 872 2397 1158 2454; x_wconf 90' lang='lat' dir='ltr'>clamantis</span> <span class='ocrx_word' id='word_1_323' title='bbox 1178 2396 1459 2467; x_wconf 85' lang='lat' dir='ltr'>sapientiae</span> <span class='ocrx_word' id='word_1_324' title='bbox 1479 2393 1598 2464; x_wconf 91' lang='lat' dir='ltr'>Dei,</span> <span class='ocrx_word' id='word_1_325' title='bbox 1623 2408 1857 2464; x_wconf 90' lang='lat' dir='ltr'>quorum</span> <span class='ocrx_word' id='word_1_326' title='bbox 1875 2392 2034 2446; x_wconf 89' lang='lat' dir='ltr'>Joan-</span> 
     </span>
    </p>
   </div>
   <div class='ocr_carea' id='block_1_41' title="bbox 434 2479 2033 2558">
    <p class='ocr_par' dir='ltr' id='par_1_41' title="bbox 434 2479 2033 2558">
     <span class='ocr_line' id='line_1_41' title="bbox 434 2479 2033 2558; baseline -0.006 -14"><span class='ocrx_word' id='word_1_327' title='bbox 434 2504 536 2545; x_wconf 87' lang='lat' dir='ltr'>nes</span> <span class='ocrx_word' id='word_1_328' title='bbox 565 2496 649 2544; x_wconf 90' lang='lat' dir='ltr'>est</span> <span class='ocrx_word' id='word_1_329' title='bbox 668 2486 811 2555; x_wconf 86' lang='lat' dir='ltr'>ﬁnis,</span> <span class='ocrx_word' id='word_1_330' title='bbox 836 2486 1035 2558; x_wconf 91' lang='lat' dir='ltr'>quibus</span> <span class='ocrx_word' id='word_1_331' title='bbox 1053 2484 1398 2541; x_wconf 89' lang='lat' dir='ltr'>cessantibus</span> <span class='ocrx_word' id='word_1_332' title='bbox 1417 2483 1594 2539; x_wconf 91' lang='lat' dir='ltr'>solum</span> <span class='ocrx_word' id='word_1_333' title='bbox 1612 2481 1860 2550; x_wconf 89' lang='lat' dir='ltr'>verbum,</span> <span class='ocrx_word' id='word_1_334' title='bbox 1886 2479 2033 2552; x_wconf 89' lang='lat' dir='ltr'>quod</span> 
     </span>
    </p>
   </div>
   <div class='ocr_carea' id='block_1_42' title="bbox 434 2573 1482 2646">
    <p class='ocr_par' dir='ltr' id='par_1_42' title="bbox 434 2573 1482 2646">
     <span class='ocr_line' id='line_1_42' title="bbox 434 2573 1482 2646; baseline -0.01 -10"><span class='ocrx_word' id='word_1_335' title='bbox 434 2577 493 2636; x_wconf 90' lang='lat' dir='ltr'>in</span> <span class='ocrx_word' id='word_1_336' title='bbox 522 2577 603 2635; x_wconf 88' lang='lat' dir='ltr'>eis</span> <span class='ocrx_word' id='word_1_337' title='bbox 633 2583 910 2644; x_wconf 89' lang='lat' dir='ltr'>sonucrat,</span> <span class='ocrx_word' id='word_1_338' title='bbox 940 2591 1042 2646; x_wconf 89' lang='lat' dir='ltr'>per</span> <span class='ocrx_word' id='word_1_339' title='bbox 1071 2591 1131 2629; x_wconf 90' lang='lat' dir='ltr'>se</span> <span class='ocrx_word' id='word_1_340' title='bbox 1158 2573 1482 2629; x_wconf 87' lang='lat' dir='ltr'>ostenditur.</span> 
     </span>
    </p>
   </div>
   <div class='ocr_carea' id='block_1_43' title="bbox 515 2660 2034 2756">
    <p class='ocr_par' dir='ltr' id='par_1_43' title="bbox 515 2660 2034 2756">
     <span class='ocr_line' id='line_1_43' title="bbox 515 2660 2034 2756; baseline -0.009 -15"><span class='ocrx_word' id='word_1_341' title='bbox 515 2683 703 2756; x_wconf 67' lang='lat' dir='ltr'>(an)</span> <span class='ocrx_word' id='word_1_342' title='bbox 750 2683 880 2738; x_wconf 77' lang='lat' dir='ltr'>Haec</span> <span class='ocrx_word' id='word_1_343' title='bbox 925 2680 1242 2752; x_wconf 63' lang='lat' dir='ltr'>praedicatio</span> <span class='ocrx_word' id='word_1_344' title='bbox 1289 2678 1489 2734; x_wconf 91' lang='lat' dir='ltr'>Christi</span> <span class='ocrx_word' id='word_1_345' title='bbox 1536 2678 1593 2732; x_wconf 92' lang='lat' dir='ltr'>in</span> <span class='ocrx_word' id='word_1_346' title='bbox 1648 2660 2034 2747; x_wconf 68' lang='lat' dir='ltr'>Capharnauni</span> 
     </span>
    </p>
   </div>
   <div class='ocr_carea' id='block_1_44' title="bbox 438 2766 2035 2840">
    <p class='ocr_par' dir='ltr' id='par_1_44' title="bbox 438 2766 2035 2840">
     <span class='ocr_line' id='line_1_44' title="bbox 438 2766 2035 2840; baseline -0.007 -9"><span class='ocrx_word' id='word_1_347' title='bbox 438 2771 857 2831; x_wconf 83' lang='lat' dir='ltr'>coruscantibus</span> <span class='ocrx_word' id='word_1_348' title='bbox 885 2768 1164 2840; x_wconf 84' lang='lat' dir='ltr'>miraculis</span> <span class='ocrx_word' id='word_1_349' title='bbox 1191 2768 1427 2838; x_wconf 89' lang='lat' dir='ltr'>incepta,</span> <span class='ocrx_word' id='word_1_350' title='bbox 1459 2766 1677 2835; x_wconf 89' lang='lat' dir='ltr'>dicitur,</span> <span class='ocrx_word' id='word_1_351' title='bbox 1700 2773 1828 2833; x_wconf 86' lang='lat' dir='ltr'>etc.,</span> <span class='ocrx_word' id='word_1_352' title='bbox 1861 2780 2035 2837; x_wconf 81' lang='lat' dir='ltr'>usque</span> 
     </span>
    </p>
   </div>
   <div class='ocr_carea' id='block_1_45' title="bbox 439 2853 1735 2931">
    <p class='ocr_par' dir='ltr' id='par_1_45' title="bbox 439 2853 1735 2931">
     <span class='ocr_line' id='line_1_45' title="bbox 439 2853 1735 2931; baseline -0.009 -11"><span class='ocrx_word' id='word_1_353' title='bbox 439 2862 513 2920; x_wconf 83' lang='lat' dir='ltr'>ad</span> <span class='ocrx_word' id='word_1_354' title='bbox 540 2858 781 2931; x_wconf 87' lang='lat' dir='ltr'>Baptista</span> <span class='ocrx_word' id='word_1_355' title='bbox 815 2858 1159 2914; x_wconf 91' lang='lat' dir='ltr'>incarcerato</span> <span class='ocrx_word' id='word_1_356' title='bbox 1185 2855 1488 2928; x_wconf 78' lang='lat' dir='ltr'>praedicare</span> <span class='ocrx_word' id='word_1_357' title='bbox 1516 2853 1735 2925; x_wconf 89' lang='lat' dir='ltr'>incepit.</span> 
     </span>
    </p>
   </div>
   <div class='ocr_carea' id='block_1_46' title="bbox 508 2956 2115 3065">
    <p class='ocr_par' dir='ltr' id='par_1_46' title="bbox 508 2956 2115 3065">
     <span class='ocr_line' id='line_1_46' title="bbox 508 2956 2115 3065; baseline -0.011 -40"><span class='ocrx_word' id='word_1_358' title='bbox 508 2967 682 3025; x_wconf 75' lang='lat' dir='ltr'>Vnus.</span> <span class='ocrx_word' id='word_1_359' title='bbox 717 2970 803 3065; x_wconf 59' lang='lat' dir='ltr'>t8.</span> <span class='ocrx_word' id='word_1_360' title='bbox 826 2993 897 3005; x_wconf 93' lang='lat'><strong>-</strong></span> <span class='ocrx_word' id='word_1_361' title='bbox 1052 2967 1285 3062; x_wconf 76' lang='lat' dir='ltr'>vocatur</span> <span class='ocrx_word' id='word_1_362' title='bbox 1303 2965 1526 3065; x_wconf 70' lang='lat' dir='ltr'>Petrus.</span> <span class='ocrx_word' id='word_1_363' title='bbox 1557 2960 1658 3017; x_wconf 92' lang='lat' dir='ltr'>Vel</span> <span class='ocrx_word' id='word_1_364' title='bbox 1678 2958 1896 3065; x_wconf 74' lang='lat' dir='ltr'>quando</span> <span class='ocrx_word' id='word_1_365' title='bbox 1924 2956 2036 3029; x_wconf 83' lang='lat' dir='ltr'>pri-</span> <span class='ocrx_word' id='word_1_366' title='bbox 2056 3001 2115 3065; x_wconf 66' lang='grc' dir='ltr'><strong>Ο.</strong></span> 
     </span>
    </p>
   </div>
   <div class='ocr_carea' id='block_1_47' title="bbox 440 3048 2036 3121">
    <p class='ocr_par' dir='ltr' id='par_1_47' title="bbox 440 3048 2036 3121">
     <span class='ocr_line' id='line_1_47' title="bbox 440 3048 2036 3121; baseline -0.007 -8"><span class='ocrx_word' id='word_1_367' title='bbox 440 3071 593 3113; x_wconf 87' lang='lat' dir='ltr'>mum</span> <span class='ocrx_word' id='word_1_368' title='bbox 622 3053 889 3110; x_wconf 68' lang='lat' dir='ltr'>Andraaas</span> <span class='ocrx_word' id='word_1_369' title='bbox 917 3052 1142 3108; x_wconf 84' lang='lat' dir='ltr'>adduxit</span> <span class='ocrx_word' id='word_1_370' title='bbox 1171 3068 1315 3121; x_wconf 90' lang='lat' dir='ltr'>eum,</span> <span class='ocrx_word' id='word_1_371' title='bbox 1341 3052 1446 3106; x_wconf 90' lang='lat' dir='ltr'>hoc</span> <span class='ocrx_word' id='word_1_372' title='bbox 1465 3065 1665 3105; x_wconf 92' lang='lat' dir='ltr'>nomen</span> <span class='ocrx_word' id='word_1_373' title='bbox 1692 3048 1923 3103; x_wconf 91' lang='lat' dir='ltr'>inditum</span> <span class='ocrx_word' id='word_1_374' title='bbox 1953 3054 2036 3102; x_wconf 93' lang='lat' dir='ltr'>est</span> 
     </span>
    </p>
   </div>
   <div class='ocr_carea' id='block_1_48' title="bbox 440 3137 2035 3215">
    <p class='ocr_par' dir='ltr' id='par_1_48' title="bbox 440 3137 2035 3215">
     <span class='ocr_line' id='line_1_48' title="bbox 440 3137 2035 3215; baseline -0.004 -16"><span class='ocrx_word' id='word_1_375' title='bbox 440 3144 511 3215; x_wconf 92' lang='lat' dir='ltr'>ei,</span> <span class='ocrx_word' id='word_1_376' title='bbox 535 3144 666 3199; x_wconf 90' lang='lat' dir='ltr'>dum</span> <span class='ocrx_word' id='word_1_377' title='bbox 685 3141 918 3198; x_wconf 89' lang='lat' dir='ltr'>dicitur:</span> <span class='ocrx_word' id='word_1_378' title='bbox 947 3143 1025 3197; x_wconf 90' lang='lat' dir='ltr'>Tu</span> <span class='ocrx_word' id='word_1_379' title='bbox 1056 3141 1334 3197; x_wconf 80' lang='lat' dir='ltr'>vocaberis</span> <span class='ocrx_word' id='word_1_380' title='bbox 1359 3140 1569 3211; x_wconf 83' lang='lat' dir='ltr'>Cephas</span> <span class='ocrx_word' id='word_1_381' title='bbox 1591 3137 1775 3207; x_wconf 85' lang='lat' dir='ltr'>(Joan.</span> <span class='ocrx_word' id='word_1_382' title='bbox 1800 3138 1861 3207; x_wconf 81' lang='lat'>1),</span> <span class='ocrx_word' id='word_1_383' title='bbox 1888 3137 2035 3209; x_wconf 91' lang='lat' dir='ltr'>quod</span> 
     </span>
    </p>
   </div>
   <div class='ocr_carea' id='block_1_49' title="bbox 438 3225 2035 3304">
    <p class='ocr_par' dir='ltr' id='par_1_49' title="bbox 438 3225 2035 3304">
     <span class='ocr_line' id='line_1_49' title="bbox 438 3225 2035 3304; baseline -0.008 -12"><span class='ocrx_word' id='word_1_384' title='bbox 438 3232 831 3304; x_wconf 88' lang='lat' dir='ltr'>interpretatur</span> <span class='ocrx_word' id='word_1_385' title='bbox 863 3233 1061 3287; x_wconf 84' lang='lat' dir='ltr'>Petrus</span> <span class='ocrx_word' id='word_1_386' title='bbox 1096 3247 1109 3284; x_wconf 88' lang='lat'><strong>:</strong></span> <span class='ocrx_word' id='word_1_387' title='bbox 1146 3242 1459 3300; x_wconf 89' lang='lat' dir='ltr'>quanquam</span> <span class='ocrx_word' id='word_1_388' title='bbox 1488 3226 1577 3282; x_wconf 92' lang='lat' dir='ltr'>hic</span> <span class='ocrx_word' id='word_1_389' title='bbox 1606 3226 1820 3281; x_wconf 89' lang='lat' dir='ltr'>videtur</span> <span class='ocrx_word' id='word_1_390' title='bbox 1846 3226 1916 3280; x_wconf 93' lang='lat' dir='ltr'>de</span> <span class='ocrx_word' id='word_1_391' title='bbox 1944 3225 2035 3280; x_wconf 83' lang='lat' dir='ltr'>fu-</span> 
     </span>
    </p>
   </div>
   <div class='ocr_carea' id='block_1_50' title="bbox 440 3315 2036 3392">
    <p class='ocr_par' dir='ltr' id='par_1_50' title="bbox 440 3315 2036 3392">
     <span class='ocr_line' id='line_1_50' title="bbox 440 3315 2036 3392; baseline -0.005 -14"><span class='ocrx_word' id='word_1_392' title='bbox 440 3329 566 3379; x_wconf 88' lang='lat' dir='ltr'>turo</span> <span class='ocrx_word' id='word_1_393' title='bbox 592 3319 931 3392; x_wconf 86' lang='lat' dir='ltr'>promittere.</span> <span class='ocrx_word' id='word_1_394' title='bbox 964 3317 1065 3374; x_wconf 89' lang='lat' dir='ltr'>Vel</span> <span class='ocrx_word' id='word_1_395' title='bbox 1104 3317 1322 3389; x_wconf 90' lang='lat' dir='ltr'>quando</span> <span class='ocrx_word' id='word_1_396' title='bbox 1363 3315 1648 3372; x_wconf 84' lang='lat' dir='ltr'>confessus</span> <span class='ocrx_word' id='word_1_397' title='bbox 1691 3322 1774 3370; x_wconf 88' lang='lat' dir='ltr'>est</span> <span class='ocrx_word' id='word_1_398' title='bbox 1806 3330 1819 3370; x_wconf 94' lang='lat'>:</span> <span class='ocrx_word' id='word_1_399' title='bbox 1857 3317 1936 3371; x_wconf 89' lang='lat' dir='ltr'>Tu</span> <span class='ocrx_word' id='word_1_400' title='bbox 1978 3331 2036 3371; x_wconf 91' lang='lat' dir='ltr'>es</span> 
     </span>
    </p>
   </div>
   <div class='ocr_carea' id='block_1_51' title="bbox 447 3403 2036 3473">
    <p class='ocr_par' dir='ltr' id='par_1_51' title="bbox 447 3403 2036 3473">
     <span class='ocr_line' id='line_1_51' title="bbox 447 3403 2036 3473; baseline -0.006 -6"><span class='ocrx_word' id='word_1_401' title='bbox 447 3411 703 3468; x_wconf 82' lang='lat' dir='ltr'>Christus</span> <span class='ocrx_word' id='word_1_402' title='bbox 752 3410 930 3465; x_wconf 84' lang='lat' dir='ltr'>Filius</span> <span class='ocrx_word' id='word_1_403' title='bbox 978 3408 1079 3462; x_wconf 89' lang='lat' dir='ltr'>Dei</span> <span class='ocrx_word' id='word_1_404' title='bbox 1124 3408 1253 3473; x_wconf 86' lang='lat' dir='ltr'>vivi,</span> <span class='ocrx_word' id='word_1_405' title='bbox 1302 3404 1508 3462; x_wconf 91' lang='lat' dir='ltr'>dictum</span> <span class='ocrx_word' id='word_1_406' title='bbox 1554 3411 1639 3459; x_wconf 87' lang='lat' dir='ltr'>est</span> <span class='ocrx_word' id='word_1_407' title='bbox 1684 3403 1736 3458; x_wconf 92' lang='lat' dir='ltr'>ei</span> <span class='ocrx_word' id='word_1_408' title='bbox 1786 3419 1799 3458; x_wconf 90' lang='lat'><strong>:</strong></span> <span class='ocrx_word' id='word_1_409' title='bbox 1847 3403 1924 3459; x_wconf 84' lang='lat' dir='ltr'>Tu</span> <span class='ocrx_word' id='word_1_410' title='bbox 1978 3419 2036 3459; x_wconf 89' lang='lat' dir='ltr'>es</span> 
     </span>
    </p>
   </div>
   <div class='ocr_carea' id='block_1_52' title="bbox 444 3492 2038 3569">
    <p class='ocr_par' dir='ltr' id='par_1_52' title="bbox 444 3492 2038 3569">
     <span class='ocr_line' id='line_1_52' title="bbox 444 3492 2038 3569; baseline -0.005 -14"><span class='ocrx_word' id='word_1_411' title='bbox 444 3501 648 3556; x_wconf 88' lang='lat' dir='ltr'>Petrus</span> <span class='ocrx_word' id='word_1_412' title='bbox 677 3502 735 3555; x_wconf 89' lang='lat' dir='ltr'>et</span> <span class='ocrx_word' id='word_1_413' title='bbox 763 3512 934 3569; x_wconf 86' lang='lat' dir='ltr'>super</span> <span class='ocrx_word' id='word_1_414' title='bbox 963 3496 1110 3552; x_wconf 88' lang='lat' dir='ltr'>hanc</span> <span class='ocrx_word' id='word_1_415' title='bbox 1152 3498 1376 3567; x_wconf 85' lang='lat' dir='ltr'>petram</span> <span class='ocrx_word' id='word_1_416' title='bbox 1415 3493 1695 3563; x_wconf 65' lang='lat' dir='ltr'>aediﬁcabo</span> <span class='ocrx_word' id='word_1_417' title='bbox 1727 3492 2038 3549; x_wconf 79' lang='lat' dir='ltr'>Ecclesium</span> 
     </span>
    </p>
   </div>
   <div class='ocr_carea' id='block_1_53' title="bbox 442 3584 1057 3659">
    <p class='ocr_par' dir='ltr' id='par_1_53' title="bbox 442 3584 1057 3659">
     <span class='ocr_line' id='line_1_53' title="bbox 442 3584 1057 3659; baseline -0.015 -12"><span class='ocrx_word' id='word_1_418' title='bbox 442 3604 630 3647; x_wconf 84' lang='lat' dir='ltr'>meam</span> <span class='ocrx_word' id='word_1_419' title='bbox 660 3587 881 3659; x_wconf 84' lang='lat' dir='ltr'>(Matth.</span> <span class='ocrx_word' id='word_1_420' title='bbox 912 3584 1057 3656; x_wconf 75' lang='lat' dir='ltr'>xvi).</span> 
     </span>
    </p>
   </div>
   <div class='ocr_carea' id='block_1_54' title="bbox 518 3686 2039 3766">
    <p class='ocr_par' dir='ltr' id='par_1_54' title="bbox 518 3686 2039 3766">
     <span class='ocr_line' id='line_1_54' title="bbox 518 3686 2039 3766; baseline -0.005 -17"><span class='ocrx_word' id='word_1_421' title='bbox 518 3692 739 3766; x_wconf 70' lang='grc' dir='ltr'>(Βιςω.)</span> <span class='ocrx_word' id='word_1_422' title='bbox 760 3693 972 3762; x_wconf 90' lang='lat' dir='ltr'>Petrus,</span> <span class='ocrx_word' id='word_1_423' title='bbox 986 3705 1291 3764; x_wconf 80' lang='lat' dir='ltr'>agnoscens</span> <span class='ocrx_word' id='word_1_424' title='bbox 1312 3705 1325 3745; x_wconf 89' lang='lat'><strong>:</strong></span> <span class='ocrx_word' id='word_1_425' title='bbox 1349 3687 1634 3759; x_wconf 67' lang='lat' dir='ltr'>Andrmas,</span> <span class='ocrx_word' id='word_1_426' title='bbox 1649 3688 1865 3744; x_wconf 82' lang='lat' dir='ltr'>virilis:</span> <span class='ocrx_word' id='word_1_427' title='bbox 1891 3686 2039 3759; x_wconf 91' lang='lat' dir='ltr'>quod</span> 
     </span>
    </p>
   </div>
   <div class='ocr_carea' id='block_1_55' title="bbox 444 3776 2040 3851">
    <p class='ocr_par' dir='ltr' id='par_1_55' title="bbox 444 3776 2040 3851">
     <span class='ocr_line' id='line_1_55' title="bbox 444 3776 2040 3851; baseline -0.006 -11"><span class='ocrx_word' id='word_1_428' title='bbox 444 3782 763 3840; x_wconf 90' lang='lat' dir='ltr'>doctoribus</span> <span class='ocrx_word' id='word_1_429' title='bbox 810 3779 1064 3838; x_wconf 89' lang='lat' dir='ltr'>convenit</span> <span class='ocrx_word' id='word_1_430' title='bbox 1096 3794 1110 3835; x_wconf 90' lang='lat'><strong>:</strong></span> <span class='ocrx_word' id='word_1_431' title='bbox 1141 3778 1272 3851; x_wconf 90' lang='lat' dir='ltr'>quia</span> <span class='ocrx_word' id='word_1_432' title='bbox 1314 3778 1372 3834; x_wconf 91' lang='lat' dir='ltr'>hi</span> <span class='ocrx_word' id='word_1_433' title='bbox 1419 3777 1540 3847; x_wconf 89' lang='lat' dir='ltr'>soli,</span> <span class='ocrx_word' id='word_1_434' title='bbox 1593 3784 1721 3847; x_wconf 89' lang='lat' dir='ltr'>etc.,</span> <span class='ocrx_word' id='word_1_435' title='bbox 1765 3792 1940 3848; x_wconf 86' lang='lat' dir='ltr'>usque</span> <span class='ocrx_word' id='word_1_436' title='bbox 1967 3776 2040 3830; x_wconf 86' lang='lat' dir='ltr'>ad</span> 
     </span>
    </p>
   </div>
   <div class='ocr_carea' id='block_1_56' title="bbox 443 3864 2038 3946">
    <p class='ocr_par' dir='ltr' id='par_1_56' title="bbox 443 3864 2038 3946">
     <span class='ocr_line' id='line_1_56' title="bbox 443 3864 2038 3946; baseline -0.006 -18"><span class='ocrx_word' id='word_1_437' title='bbox 443 3871 572 3946; x_wconf 89' lang='lat' dir='ltr'>quia</span> <span class='ocrx_word' id='word_1_438' title='bbox 600 3887 733 3929; x_wconf 92' lang='lat' dir='ltr'>vero</span> <span class='ocrx_word' id='word_1_439' title='bbox 762 3870 973 3943; x_wconf 90' lang='lat' dir='ltr'>primus</span> <span class='ocrx_word' id='word_1_440' title='bbox 1001 3870 1166 3925; x_wconf 91' lang='lat' dir='ltr'>homo</span> <span class='ocrx_word' id='word_1_441' title='bbox 1196 3867 1517 3923; x_wconf 92' lang='lat' dir='ltr'>inobediens</span> <span class='ocrx_word' id='word_1_442' title='bbox 1546 3866 1730 3935; x_wconf 79' lang='lat' dir='ltr'>exivit,</span> <span class='ocrx_word' id='word_1_443' title='bbox 1764 3864 2038 3921; x_wconf 91' lang='lat' dir='ltr'>secundus</span> 
     </span>
    </p>
   </div>
   <div class='ocr_carea' id='block_1_57' title="bbox 446 3953 2042 4031">
    <p class='ocr_par' dir='ltr' id='par_1_57' title="bbox 446 3953 2042 4031">
     <span class='ocr_line' id='line_1_57' title="bbox 446 3953 2042 4031; baseline -0.007 -14"><span class='ocrx_word' id='word_1_444' title='bbox 446 3960 711 4017; x_wconf 89' lang='lat' dir='ltr'>obediens</span> <span class='ocrx_word' id='word_1_445' title='bbox 739 3959 1027 4031; x_wconf 90' lang='lat' dir='ltr'>ingressus</span> <span class='ocrx_word' id='word_1_446' title='bbox 1057 3964 1159 4012; x_wconf 89' lang='lat' dir='ltr'>est.</span> <span class='ocrx_word' id='word_1_447' title='bbox 1211 3955 1397 4027; x_wconf 71' lang='grc' dir='ltr'>(ΕΑΒ.)</span> <span class='ocrx_word' id='word_1_448' title='bbox 1436 3956 1721 4009; x_wconf 71' lang='lat' dir='ltr'>Matthmus</span> <span class='ocrx_word' id='word_1_449' title='bbox 1758 3953 1889 4009; x_wconf 91' lang='lat' dir='ltr'>dicit</span> <span class='ocrx_word' id='word_1_450' title='bbox 1916 3958 2042 4023; x_wconf 90' lang='lat' dir='ltr'>post</span> 
     </span>
    </p>
   </div>
   <div class='ocr_carea' id='block_1_58' title="bbox 444 4041 2041 4117">
    <p class='ocr_par' dir='ltr' id='par_1_58' title="bbox 444 4041 2041 4117">
     <span class='ocr_line' id='line_1_58' title="bbox 444 4041 2041 4117; baseline -0.006 -13"><span class='ocrx_word' id='word_1_451' title='bbox 444 4047 838 4104; x_wconf 88' lang='lat' dir='ltr'>habitationem</span> <span class='ocrx_word' id='word_1_452' title='bbox 866 4046 1250 4117; x_wconf 87' lang='lat' dir='ltr'>Capharnaum</span> <span class='ocrx_word' id='word_1_453' title='bbox 1276 4042 1573 4113; x_wconf 87' lang='lat' dir='ltr'>discipulos</span> <span class='ocrx_word' id='word_1_454' title='bbox 1601 4056 1851 4097; x_wconf 90' lang='lat' dir='ltr'>vocasse.</span> <span class='ocrx_word' id='word_1_455' title='bbox 1881 4041 2041 4095; x_wconf 89' lang='lat' dir='ltr'>Joan-</span> 
     </span>
    </p>
   </div>
   <div class='ocr_carea' id='block_1_59' title="bbox 444 4130 2042 4206">
    <p class='ocr_par' dir='ltr' id='par_1_59' title="bbox 444 4130 2042 4206">
     <span class='ocr_line' id='line_1_59' title="bbox 444 4130 2042 4206; baseline -0.005 -14"><span class='ocrx_word' id='word_1_456' title='bbox 444 4152 546 4192; x_wconf 87' lang='lat' dir='ltr'>nes</span> <span class='ocrx_word' id='word_1_457' title='bbox 574 4135 723 4205; x_wconf 91' lang='lat' dir='ltr'>dicit,</span> <span class='ocrx_word' id='word_1_458' title='bbox 775 4141 905 4204; x_wconf 92' lang='lat' dir='ltr'>etc.,</span> <span class='ocrx_word' id='word_1_459' title='bbox 936 4149 1111 4206; x_wconf 81' lang='lat' dir='ltr'>usque</span> <span class='ocrx_word' id='word_1_460' title='bbox 1146 4133 1218 4187; x_wconf 86' lang='lat' dir='ltr'>ad</span> <span class='ocrx_word' id='word_1_461' title='bbox 1260 4138 1385 4187; x_wconf 91' lang='lat' dir='ltr'>ante</span> <span class='ocrx_word' id='word_1_462' title='bbox 1414 4138 1597 4185; x_wconf 91' lang='lat' dir='ltr'>autem</span> <span class='ocrx_word' id='word_1_463' title='bbox 1636 4145 1801 4201; x_wconf 88' lang='lat' dir='ltr'>quam</span> <span class='ocrx_word' id='word_1_464' title='bbox 1830 4130 2042 4187; x_wconf 88' lang='lat' dir='ltr'>veniret</span> 
     </span>
    </p>
   </div>
   <div class='ocr_carea' id='block_1_60' title="bbox 449 4217 2036 4292">
    <p class='ocr_par' dir='ltr' id='par_1_60' title="bbox 449 4217 2036 4292">
     <span class='ocr_line' id='line_1_60' title="bbox 449 4217 2036 4292; baseline -0.005 -12"><span class='ocrx_word' id='word_1_465' title='bbox 449 4225 613 4282; x_wconf 88' lang='lat' dir='ltr'>Jesus</span> <span class='ocrx_word' id='word_1_466' title='bbox 640 4223 697 4279; x_wconf 91' lang='lat' dir='ltr'>in</span> <span class='ocrx_word' id='word_1_467' title='bbox 727 4222 879 4280; x_wconf 90' lang='lat' dir='ltr'>Cana</span> <span class='ocrx_word' id='word_1_468' title='bbox 926 4221 1186 4292; x_wconf 65' lang='lat' dir='ltr'>Galilmze,</span> <span class='ocrx_word' id='word_1_469' title='bbox 1231 4220 1500 4276; x_wconf 73' lang='lat' dir='ltr'>Andraeas</span> <span class='ocrx_word' id='word_1_470' title='bbox 1536 4219 1760 4275; x_wconf 90' lang='lat' dir='ltr'>Petrum</span> <span class='ocrx_word' id='word_1_471' title='bbox 1796 4217 2036 4288; x_wconf 85' lang='lat' dir='ltr'>adduxit,</span> 
     </span>
    </p>
   </div>
   <div class='ocr_carea' id='block_1_61' title="bbox 448 4310 1117 4383">
    <p class='ocr_par' dir='ltr' id='par_1_61' title="bbox 448 4310 1117 4383">
     <span class='ocr_line' id='line_1_61' title="bbox 448 4310 1117 4383; baseline -0.01 -12"><span class='ocrx_word' id='word_1_472' title='bbox 448 4313 548 4371; x_wconf 89' lang='lat' dir='ltr'>sed</span> <span class='ocrx_word' id='word_1_473' title='bbox 575 4312 820 4370; x_wconf 89' lang='lat' dir='ltr'>nondum</span> <span class='ocrx_word' id='word_1_474' title='bbox 846 4310 1117 4383; x_wconf 90' lang='lat' dir='ltr'>discipuli.</span> 
     </span>
    </p>
   </div>
   <div class='ocr_carea' id='block_1_62' title="bbox 518 4413 2042 4488">
    <p class='ocr_par' dir='ltr' id='par_1_62' title="bbox 518 4413 2042 4488">
     <span class='ocr_line' id='line_1_62' title="bbox 518 4413 2042 4488; baseline -0.006 -9"><span class='ocrx_word' id='word_1_475' title='bbox 518 4422 803 4479; x_wconf 75' lang='lat' dir='ltr'>Mittentes</span> <span class='ocrx_word' id='word_1_476' title='bbox 850 4423 990 4477; x_wconf 87' lang='lat' dir='ltr'>rete.</span> <span class='ocrx_word' id='word_1_477' title='bbox 1042 4415 1183 4487; x_wconf 86' lang='lat' dir='ltr'>Quia</span> <span class='ocrx_word' id='word_1_478' title='bbox 1230 4430 1368 4488; x_wconf 84' lang='lat' dir='ltr'>quos</span> <span class='ocrx_word' id='word_1_479' title='bbox 1416 4431 1561 4487; x_wconf 65' lang='lat' dir='ltr'>saepe</span> <span class='ocrx_word' id='word_1_480' title='bbox 1598 4414 1833 4471; x_wconf 87' lang='lat' dir='ltr'>terrenis</span> <span class='ocrx_word' id='word_1_481' title='bbox 1874 4413 2042 4471; x_wconf 90' lang='lat' dir='ltr'>lucris</span> 
     </span>
    </p>
   </div>
   <div class='ocr_carea' id='block_1_63' title="bbox 447 4503 2047 4577">
    <p class='ocr_par' dir='ltr' id='par_1_63' title="bbox 447 4503 2047 4577">
     <span class='ocr_line' id='line_1_63' title="bbox 447 4503 2047 4577; baseline -0.005 -9"><span class='ocrx_word' id='word_1_482' title='bbox 447 4510 659 4568; x_wconf 89' lang='lat' dir='ltr'>inhiare</span> <span class='ocrx_word' id='word_1_483' title='bbox 689 4507 1019 4577; x_wconf 89' lang='lat' dir='ltr'>considerat,</span> <span class='ocrx_word' id='word_1_484' title='bbox 1055 4505 1371 4564; x_wconf 70' lang='lat' dir='ltr'>caelestibus</span> <span class='ocrx_word' id='word_1_485' title='bbox 1400 4503 1687 4560; x_wconf 90' lang='lat' dir='ltr'>desideriis</span> <span class='ocrx_word' id='word_1_486' title='bbox 1716 4504 1968 4574; x_wconf 87' lang='lat' dir='ltr'>advocat,</span> <span class='ocrx_word' id='word_1_487' title='bbox 1992 4513 2047 4560; x_wconf 86' lang='lat' dir='ltr'>et</span> 
     </span>
    </p>
   </div>
   <div class='ocr_carea' id='block_1_64' title="bbox 448 4592 2046 4671">
    <p class='ocr_par' dir='ltr' id='par_1_64' title="bbox 448 4592 2046 4671">
     <span class='ocr_line' id='line_1_64' title="bbox 448 4592 2046 4671; baseline -0.006 -15"><span class='ocrx_word' id='word_1_488' title='bbox 448 4615 551 4671; x_wconf 91' lang='lat' dir='ltr'>per</span> <span class='ocrx_word' id='word_1_489' title='bbox 579 4615 676 4655; x_wconf 89' lang='lat' dir='ltr'>eos</span> <span class='ocrx_word' id='word_1_490' title='bbox 705 4598 914 4655; x_wconf 91' lang='lat' dir='ltr'>retibus</span> <span class='ocrx_word' id='word_1_491' title='bbox 943 4595 1250 4670; x_wconf 82' lang='lat' dir='ltr'>Evangelii,</span> <span class='ocrx_word' id='word_1_492' title='bbox 1283 4594 1419 4650; x_wconf 90' lang='lat' dir='ltr'>alios</span> <span class='ocrx_word' id='word_1_493' title='bbox 1448 4594 1517 4649; x_wconf 92' lang='lat' dir='ltr'>de</span> <span class='ocrx_word' id='word_1_494' title='bbox 1546 4592 1818 4665; x_wconf 87' lang='lat' dir='ltr'>profundo</span> <span class='ocrx_word' id='word_1_495' title='bbox 1848 4592 2046 4664; x_wconf 89' lang='lat' dir='ltr'>iniqui-</span> 
     </span>
    </p>
   </div>
   <div class='ocr_carea' id='block_1_65' title="bbox 450 4683 2048 4758">
    <p class='ocr_par' dir='ltr' id='par_1_65' title="bbox 450 4683 2048 4758">
     <span class='ocr_line' id='line_1_65' title="bbox 450 4683 2048 4758; baseline -0.004 -14"><span class='ocrx_word' id='word_1_496' title='bbox 450 4687 577 4744; x_wconf 88' lang='lat' dir='ltr'>tatis</span> <span class='ocrx_word' id='word_1_497' title='bbox 606 4686 783 4758; x_wconf 90' lang='lat' dir='ltr'>eripit,</span> <span class='ocrx_word' id='word_1_498' title='bbox 817 4686 962 4741; x_wconf 89' lang='lat' dir='ltr'>unde</span> <span class='ocrx_word' id='word_1_499' title='bbox 993 4684 1211 4741; x_wconf 88' lang='lat' dir='ltr'>subdit:</span> <span class='ocrx_word' id='word_1_500' title='bbox 1246 4686 1435 4742; x_wconf 83' lang='lat' dir='ltr'>Venite</span> <span class='ocrx_word' id='word_1_501' title='bbox 1461 4687 1588 4756; x_wconf 83' lang='lat' dir='ltr'>post</span> <span class='ocrx_word' id='word_1_502' title='bbox 1607 4698 1716 4754; x_wconf 89' lang='lat' dir='ltr'>me,</span> <span class='ocrx_word' id='word_1_503' title='bbox 1750 4687 1805 4740; x_wconf 90' lang='lat' dir='ltr'>et</span> <span class='ocrx_word' id='word_1_504' title='bbox 1833 4683 2048 4754; x_wconf 81' lang='lat' dir='ltr'>faciam</span> 
     </span>
    </p>
   </div>
   <div class='ocr_carea' id='block_1_66' title="bbox 449 4770 1669 4847">
    <p class='ocr_par' dir='ltr' id='par_1_66' title="bbox 449 4770 1669 4847">
     <span class='ocr_line' id='line_1_66' title="bbox 449 4770 1669 4847; baseline -0.007 -12"><span class='ocrx_word' id='word_1_505' title='bbox 449 4792 542 4835; x_wconf 88' lang='lat' dir='ltr'>vos</span> <span class='ocrx_word' id='word_1_506' title='bbox 573 4775 700 4846; x_wconf 80' lang='lat' dir='ltr'>ﬁeri</span> <span class='ocrx_word' id='word_1_507' title='bbox 727 4776 1035 4847; x_wconf 81' lang='lat' dir='ltr'>piscatores</span> <span class='ocrx_word' id='word_1_508' title='bbox 1068 4774 1360 4830; x_wconf 83' lang='lat' dir='ltr'>hominum</span> <span class='ocrx_word' id='word_1_509' title='bbox 1389 4772 1574 4843; x_wconf 85' lang='lat' dir='ltr'>(Joan.</span> <span class='ocrx_word' id='word_1_510' title='bbox 1609 4770 1669 4843; x_wconf 83' lang='lat'>1).</span> 
     </span>
    </p>
   </div>
   <div class='ocr_carea' id='block_1_67' title="bbox 521 4875 2048 4950">
    <p class='ocr_par' dir='ltr' id='par_1_67' title="bbox 521 4875 2048 4950">
     <span class='ocr_line' id='line_1_67' title="bbox 521 4875 2048 4950; baseline -0.006 -10"><span class='ocrx_word' id='word_1_511' title='bbox 521 4882 693 4940; x_wconf 74' lang='lat' dir='ltr'>Vsus.</span> <span class='ocrx_word' id='word_1_512' title='bbox 729 4884 816 4936; x_wconf 85' lang='grc'>19.</span> <span class='ocrx_word' id='word_1_513' title='bbox 838 4909 909 4923; x_wconf 90' lang='grc'><strong>-</strong></span> <span class='ocrx_word' id='word_1_514' title='bbox 925 4881 1260 4937; x_wconf 84' lang='lat' dir='ltr'>Piscatores.</span> <span class='ocrx_word' id='word_1_515' title='bbox 1282 4877 1597 4936; x_wconf 90' lang='lat' dir='ltr'>Piscaturus</span> <span class='ocrx_word' id='word_1_516' title='bbox 1624 4892 1725 4950; x_wconf 89' lang='lat' dir='ltr'>per</span> <span class='ocrx_word' id='word_1_517' title='bbox 1753 4875 2048 4949; x_wconf 89' lang='lat' dir='ltr'>piscatoria</span> 
     </span>
    </p>
   </div>
   <div class='ocr_carea' id='block_1_68' title="bbox 452 4970 771 5030">
    <p class='ocr_par' dir='ltr' id='par_1_68' title="bbox 452 4970 771 5030">
     <span class='ocr_line' id='line_1_68' title="bbox 452 4970 771 5030; baseline -0.016 0"><span class='ocrx_word' id='word_1_518' title='bbox 452 4971 602 5030; x_wconf 88' lang='lat' dir='ltr'>vadit</span> <span class='ocrx_word' id='word_1_519' title='bbox 628 4970 771 5028; x_wconf 87' lang='lat' dir='ltr'>loca.</span> 
     </span>
    </p>
   </div>
   <div class='ocr_carea' id='block_1_69' title="bbox 521 5072 2049 5149">
    <p class='ocr_par' dir='ltr' id='par_1_69' title="bbox 521 5072 2049 5149">
     <span class='ocr_line' id='line_1_69' title="bbox 521 5072 2049 5149; baseline -0.004 -16"><span class='ocrx_word' id='word_1_520' title='bbox 521 5075 767 5149; x_wconf 86' lang='lat' dir='ltr'>Mystice.</span> <span class='ocrx_word' id='word_1_521' title='bbox 801 5074 939 5131; x_wconf 90' lang='lat' dir='ltr'>Cum</span> <span class='ocrx_word' id='word_1_522' title='bbox 966 5073 1283 5130; x_wconf 90' lang='lat' dir='ltr'>incarnatus</span> <span class='ocrx_word' id='word_1_523' title='bbox 1310 5088 1534 5130; x_wconf 90' lang='lat' dir='ltr'>carnem</span> <span class='ocrx_word' id='word_1_524' title='bbox 1564 5072 1821 5145; x_wconf 89' lang='lat' dir='ltr'>suscepit,</span> <span class='ocrx_word' id='word_1_525' title='bbox 1854 5072 2049 5129; x_wconf 89' lang='lat' dir='ltr'>divini-</span> 
     </span>
    </p>
   </div>
   <div class='ocr_carea' id='block_1_70' title="bbox 451 5161 2043 5234">
    <p class='ocr_par' dir='ltr' id='par_1_70' title="bbox 451 5161 2043 5234">
     <span class='ocr_line' id='line_1_70' title="bbox 451 5161 2043 5234; baseline -0.004 -12"><span class='ocrx_word' id='word_1_526' title='bbox 451 5174 541 5223; x_wconf 87' lang='lat' dir='ltr'>tus</span> <span class='ocrx_word' id='word_1_527' title='bbox 597 5164 732 5221; x_wconf 88' lang='lat' dir='ltr'>vidit</span> <span class='ocrx_word' id='word_1_528' title='bbox 793 5163 850 5219; x_wconf 92' lang='lat' dir='ltr'>in</span> <span class='ocrx_word' id='word_1_529' title='bbox 896 5161 1037 5218; x_wconf 88' lang='lat' dir='ltr'>mari</span> <span class='ocrx_word' id='word_1_530' title='bbox 1082 5162 1271 5216; x_wconf 91' lang='lat' dir='ltr'>mundi</span> <span class='ocrx_word' id='word_1_531' title='bbox 1329 5161 1638 5233; x_wconf 92' lang='lat' dir='ltr'>spirituales</span> <span class='ocrx_word' id='word_1_532' title='bbox 1692 5162 2043 5234; x_wconf 89' lang='lat' dir='ltr'>piscatores:</span> 
     </span>
    </p>
   </div>
   <div class='ocr_carea' id='block_1_71' title="bbox 452 5250 2047 5326">
    <p class='ocr_par' dir='ltr' id='par_1_71' title="bbox 452 5250 2047 5326">
     <span class='ocr_line' id='line_1_71' title="bbox 452 5250 2047 5326; baseline -0.003 -16"><span class='ocrx_word' id='word_1_533' title='bbox 452 5261 507 5311; x_wconf 90' lang='lat' dir='ltr'>et</span> <span class='ocrx_word' id='word_1_534' title='bbox 537 5253 660 5309; x_wconf 91' lang='lat' dir='ltr'>aliis</span> <span class='ocrx_word' id='word_1_535' title='bbox 690 5252 824 5326; x_wconf 91' lang='lat' dir='ltr'>quid</span> <span class='ocrx_word' id='word_1_536' title='bbox 853 5260 1038 5309; x_wconf 90' lang='lat' dir='ltr'>essent</span> <span class='ocrx_word' id='word_1_537' title='bbox 1084 5250 1339 5321; x_wconf 88' lang='lat' dir='ltr'>ostendit,</span> <span class='ocrx_word' id='word_1_538' title='bbox 1395 5266 1533 5323; x_wconf 91' lang='lat' dir='ltr'>quos</span> <span class='ocrx_word' id='word_1_539' title='bbox 1564 5250 1635 5306; x_wconf 90' lang='lat' dir='ltr'>ab</span> <span class='ocrx_word' id='word_1_540' title='bbox 1664 5258 1871 5307; x_wconf 66' lang='lat' dir='ltr'>aeterno</span> <span class='ocrx_word' id='word_1_541' title='bbox 1899 5266 2047 5323; x_wconf 65' lang='lat' dir='ltr'>prm-</span> 
     </span>
    </p>
   </div>
   <div class='ocr_carea' id='block_1_72' title="bbox 455 5338 1533 5401">
    <p class='ocr_par' dir='ltr' id='par_1_72' title="bbox 455 5338 1533 5401">
     <span class='ocr_line' id='line_1_72' title="bbox 455 5338 1533 5401; baseline -0.006 0"><span class='ocrx_word' id='word_1_542' title='bbox 455 5342 609 5401; x_wconf 86' lang='lat' dir='ltr'>vidit.</span> <span class='ocrx_word' id='word_1_543' title='bbox 1524 5338 1533 5343; x_wconf 80' lang='grc'><em>’</em></span> 
     </span>
    </p>
   </div>
   <div class='ocr_carea' id='block_1_73' title="bbox 523 5445 2052 5506">
    <p class='ocr_par' dir='ltr' id='par_1_73' title="bbox 523 5445 2052 5506">
     <span class='ocr_line' id='line_1_73' title="bbox 523 5445 2052 5506; baseline -0.003 0"><span class='ocrx_word' id='word_1_544' title='bbox 523 5450 696 5506; x_wconf 74' lang='lat' dir='ltr'>Vsus.</span> <span class='ocrx_word' id='word_1_545' title='bbox 743 5450 833 5506; x_wconf 75' lang='lat'>20.</span> <span class='ocrx_word' id='word_1_546' title='bbox 866 5476 937 5492; x_wconf 89' lang='grc'><strong><em>--</em></strong></span> <span class='ocrx_word' id='word_1_547' title='bbox 969 5448 1264 5505; x_wconf 77' lang='lat' dir='ltr'>Continuo.</span> <span class='ocrx_word' id='word_1_548' title='bbox 1316 5445 1567 5503; x_wconf 89' lang='lat' dir='ltr'>Perfecta</span> <span class='ocrx_word' id='word_1_549' title='bbox 1611 5446 1921 5502; x_wconf 89' lang='lat' dir='ltr'>obedientia</span> <span class='ocrx_word' id='word_1_550' title='bbox 1967 5454 2052 5501; x_wconf 91' lang='lat' dir='ltr'>est</span> 
     </span>
    </p>
   </div>
   <div class='ocr_carea' id='block_1_74' title="bbox 453 5535 2052 5612">
    <p class='ocr_par' dir='ltr' id='par_1_74' title="bbox 453 5535 2052 5612">
     <span class='ocr_line' id='line_1_74' title="bbox 453 5535 2052 5612; baseline -0.005 -14"><span class='ocrx_word' id='word_1_551' title='bbox 453 5552 559 5598; x_wconf 68' lang='lat' dir='ltr'>sua</span> <span class='ocrx_word' id='word_1_552' title='bbox 582 5536 903 5612; x_wconf 84' lang='lat' dir='ltr'>imperfecta</span> <span class='ocrx_word' id='word_1_553' title='bbox 929 5536 1260 5608; x_wconf 90' lang='lat' dir='ltr'>relinquere.</span> <span class='ocrx_word' id='word_1_554' title='bbox 1293 5535 1515 5593; x_wconf 81' lang='lat' dir='ltr'>Relictis</span> <span class='ocrx_word' id='word_1_555' title='bbox 1552 5535 1760 5594; x_wconf 88' lang='lat' dir='ltr'>retibus</span> <span class='ocrx_word' id='word_1_556' title='bbox 1792 5552 1804 5591; x_wconf 91' lang='lat'><strong>:</strong></span> <span class='ocrx_word' id='word_1_557' title='bbox 1839 5535 1969 5607; x_wconf 90' lang='lat' dir='ltr'>quia</span> <span class='ocrx_word' id='word_1_558' title='bbox 1997 5542 2052 5591; x_wconf 91' lang='lat' dir='ltr'>et</span> 
     </span>
    </p>
   </div>
   <div class='ocr_carea' id='block_1_75' title="bbox 2208 1803 3714 1877">
    <p class='ocr_par' dir='ltr' id='par_1_75' title="bbox 2208 1803 3714 1877">
     <span class='ocr_line' id='line_1_75' title="bbox 2208 1803 3714 1877; baseline -0.002 -14"><span class='ocrx_word' id='word_1_559' title='bbox 2208 1808 2455 1863; x_wconf 74' lang='grc' dir='ltr'>Ζεὺεάιεὶ</span> <span class='ocrx_word' id='word_1_560' title='bbox 2481 1811 2537 1862; x_wconf 91' lang='lat' dir='ltr'>et</span> <span class='ocrx_word' id='word_1_561' title='bbox 2565 1808 2859 1862; x_wconf 84' lang='lat' dir='ltr'>Joannem.</span> <span class='ocrx_word' id='word_1_562' title='bbox 2890 1805 3188 1861; x_wconf 71' lang='lat' dir='ltr'>Zebedaeus</span> <span class='ocrx_word' id='word_1_563' title='bbox 3206 1803 3488 1877; x_wconf 81' lang='lat' dir='ltr'>fugitivus,</span> <span class='ocrx_word' id='word_1_564' title='bbox 3518 1804 3577 1859; x_wconf 91' lang='lat' dir='ltr'>id</span> <span class='ocrx_word' id='word_1_565' title='bbox 3605 1813 3714 1875; x_wconf 89' lang='lat' dir='ltr'>est,</span> 
     </span>
    </p>
   </div>
   <div class='ocr_carea' id='block_1_76' title="bbox 2046 1892 3729 1965">
    <p class='ocr_par' dir='ltr' id='par_1_76' title="bbox 2046 1892 3729 1965">
     <span class='ocr_line' id='line_1_76' title="bbox 2046 1892 3729 1965; baseline -0.001 -14"><span class='ocrx_word' id='word_1_566' title='bbox 2046 1932 2051 1937; x_wconf 60' lang='grc' dir='ltr'><strong><em>ο</em></strong></span> <span class='ocrx_word' id='word_1_567' title='bbox 2129 1895 2398 1951; x_wconf 88' lang='lat' dir='ltr'>diabolus.</span> <span class='ocrx_word' id='word_1_568' title='bbox 2448 1895 2706 1964; x_wconf 90' lang='lat' dir='ltr'>Jacobus,</span> <span class='ocrx_word' id='word_1_569' title='bbox 2767 1894 3143 1965; x_wconf 90' lang='lat' dir='ltr'>supplantator</span> <span class='ocrx_word' id='word_1_570' title='bbox 3198 1892 3291 1965; x_wconf 91' lang='lat' dir='ltr'>qui</span> <span class='ocrx_word' id='word_1_571' title='bbox 3346 1893 3636 1962; x_wconf 73' lang='lat' dir='ltr'>adiuvatur</span> <span class='ocrx_word' id='word_1_572' title='bbox 3691 1909 3729 1949; x_wconf 89' lang='lat' dir='ltr'>a</span> 
     </span>
    </p>
   </div>
   <div class='ocr_carea' id='block_1_77' title="bbox 2127 1982 3732 2056">
    <p class='ocr_par' dir='ltr' id='par_1_77' title="bbox 2127 1982 3732 2056">
     <span class='ocr_line' id='line_1_77' title="bbox 2127 1982 3732 2056; baseline -0.002 -16"><span class='ocrx_word' id='word_1_573' title='bbox 2127 1982 2355 2053; x_wconf 87' lang='lat' dir='ltr'>Joanne,</span> <span class='ocrx_word' id='word_1_574' title='bbox 2406 1983 2463 2038; x_wconf 90' lang='lat' dir='ltr'>id</span> <span class='ocrx_word' id='word_1_575' title='bbox 2510 1990 2610 2052; x_wconf 91' lang='lat' dir='ltr'>est,</span> <span class='ocrx_word' id='word_1_576' title='bbox 2662 1998 2696 2037; x_wconf 94' lang='lat' dir='ltr'>a</span> <span class='ocrx_word' id='word_1_577' title='bbox 2725 1983 2904 2056; x_wconf 85' lang='lat' dir='ltr'>gratia</span> <span class='ocrx_word' id='word_1_578' title='bbox 2950 1982 3070 2038; x_wconf 88' lang='lat' dir='ltr'>Dei.</span> <span class='ocrx_word' id='word_1_579' title='bbox 3118 1984 3188 2037; x_wconf 86' lang='lat' dir='ltr'>Et</span> <span class='ocrx_word' id='word_1_580' title='bbox 3236 1983 3452 2038; x_wconf 87' lang='lat' dir='ltr'>vocavit</span> <span class='ocrx_word' id='word_1_581' title='bbox 3488 1998 3598 2037; x_wconf 88' lang='lat' dir='ltr'>eos.</span> <span class='ocrx_word' id='word_1_582' title='bbox 3632 1982 3732 2037; x_wconf 84' lang='lat' dir='ltr'>Illi</span> 
     </span>
    </p>
   </div>
   <div class='ocr_carea' id='block_1_78' title="bbox 2131 2069 3726 2144">
    <p class='ocr_par' dir='ltr' id='par_1_78' title="bbox 2131 2069 3726 2144">
     <span class='ocr_line' id='line_1_78' title="bbox 2131 2069 3726 2144; baseline -0.002 -15"><span class='ocrx_word' id='word_1_583' title='bbox 2131 2078 2344 2144; x_wconf 87' lang='lat' dir='ltr'>autem,</span> <span class='ocrx_word' id='word_1_584' title='bbox 2377 2080 2480 2129; x_wconf 92' lang='lat' dir='ltr'>etc.</span> <span class='ocrx_word' id='word_1_585' title='bbox 2514 2071 2740 2128; x_wconf 89' lang='lat' dir='ltr'>Vocavit</span> <span class='ocrx_word' id='word_1_586' title='bbox 2782 2080 2836 2128; x_wconf 93' lang='lat' dir='ltr'>et</span> <span class='ocrx_word' id='word_1_587' title='bbox 2874 2071 3031 2141; x_wconf 91' lang='lat' dir='ltr'>alios,</span> <span class='ocrx_word' id='word_1_588' title='bbox 3074 2071 3173 2126; x_wconf 92' lang='lat' dir='ltr'>sed</span> <span class='ocrx_word' id='word_1_589' title='bbox 3215 2069 3413 2127; x_wconf 79' lang='lat' dir='ltr'>sufﬁcit</span> <span class='ocrx_word' id='word_1_590' title='bbox 3439 2070 3726 2127; x_wconf 88' lang='lat' dir='ltr'>nominare</span> 
     </span>
    </p>
   </div>
   <div class='ocr_carea' id='block_1_79' title="bbox 2130 2161 2284 2217">
    <p class='ocr_par' dir='ltr' id='par_1_79' title="bbox 2130 2161 2284 2217">
     <span class='ocr_line' id='line_1_79' title="bbox 2130 2161 2284 2217; baseline -0.006 -1"><span class='ocrx_word' id='word_1_591' title='bbox 2130 2161 2284 2217; x_wconf 91' lang='lat' dir='ltr'>istos.</span> 
     </span>
    </p>
   </div>
   <div class='ocr_carea' id='block_1_80' title="bbox 2206 2263 3725 2321">
    <p class='ocr_par' dir='ltr' id='par_1_80' title="bbox 2206 2263 3725 2321">
     <span class='ocr_line' id='line_1_80' title="bbox 2206 2263 3725 2321; baseline -0.001 -1"><span class='ocrx_word' id='word_1_592' title='bbox 2206 2265 2372 2320; x_wconf 78' lang='lat' dir='ltr'>Vnus.</span> <span class='ocrx_word' id='word_1_593' title='bbox 2390 2267 2480 2321; x_wconf 72' lang='lat'>23.</span> <span class='ocrx_word' id='word_1_594' title='bbox 2504 2293 2574 2304; x_wconf 98' lang='lat'>—</span> <span class='ocrx_word' id='word_1_595' title='bbox 2592 2265 2662 2319; x_wconf 85' lang='lat' dir='ltr'>Et</span> <span class='ocrx_word' id='word_1_596' title='bbox 2676 2263 3011 2320; x_wconf 89' lang='lat' dir='ltr'>circumibat</span> <span class='ocrx_word' id='word_1_597' title='bbox 3029 2263 3189 2319; x_wconf 78' lang='lat' dir='ltr'>Iesus</span> <span class='ocrx_word' id='word_1_598' title='bbox 3211 2266 3390 2319; x_wconf 89' lang='lat' dir='ltr'>totam</span> <span class='ocrx_word' id='word_1_599' title='bbox 3412 2263 3725 2319; x_wconf 75' lang='lat' dir='ltr'>Galilwam.</span> 
     </span>
    </p>
   </div>
   <div class='ocr_carea' id='block_1_81' title="bbox 2134 2340 3729 2423">
    <p class='ocr_par' dir='ltr' id='par_1_81' title="bbox 2134 2340 3729 2423">
     <span class='ocr_line' id='line_1_81' title="bbox 2134 2340 3729 2423; baseline -0.001 -14"><span class='ocrx_word' id='word_1_600' title='bbox 2134 2352 2553 2423; x_wconf 90' lang='lat' dir='ltr'>Coadjutoribus</span> <span class='ocrx_word' id='word_1_601' title='bbox 2602 2340 2809 2409; x_wconf 84' lang='lat' dir='ltr'>vocatis</span> <span class='ocrx_word' id='word_1_602' title='bbox 2853 2351 3227 2423; x_wconf 86' lang='lat' dir='ltr'>praedicationi</span> <span class='ocrx_word' id='word_1_603' title='bbox 3269 2351 3487 2421; x_wconf 89' lang='lat' dir='ltr'>insistit,</span> <span class='ocrx_word' id='word_1_604' title='bbox 3519 2352 3729 2409; x_wconf 88' lang='lat' dir='ltr'>docens</span> 
     </span>
    </p>
   </div>
   <div class='ocr_carea' id='block_1_82' title="bbox 2133 2441 3731 2515">
    <p class='ocr_par' dir='ltr' id='par_1_82' title="bbox 2133 2441 3731 2515">
     <span class='ocr_line' id='line_1_82' title="bbox 2133 2441 3731 2515; baseline 0.001 -19"><span class='ocrx_word' id='word_1_605' title='bbox 2133 2441 2427 2515; x_wconf 88' lang='lat' dir='ltr'>impigrum</span> <span class='ocrx_word' id='word_1_606' title='bbox 2457 2457 2580 2497; x_wconf 92' lang='lat' dir='ltr'>esse</span> <span class='ocrx_word' id='word_1_607' title='bbox 2607 2441 2810 2496; x_wconf 89' lang='lat' dir='ltr'>debere</span> <span class='ocrx_word' id='word_1_608' title='bbox 2840 2441 3141 2496; x_wconf 91' lang='lat' dir='ltr'>doctorem.</span> <span class='ocrx_word' id='word_1_609' title='bbox 3164 2442 3375 2496; x_wconf 80' lang='lat' dir='ltr'>Decem</span> <span class='ocrx_word' id='word_1_610' title='bbox 3404 2442 3468 2495; x_wconf 86' lang='lat' dir='ltr'>in</span> <span class='ocrx_word' id='word_1_611' title='bbox 3495 2458 3731 2513; x_wconf 78' lang='lat' dir='ltr'>synago-</span> 
     </span>
    </p>
   </div>
   <div class='ocr_carea' id='block_1_83' title="bbox 2132 2528 3720 2603">
    <p class='ocr_par' dir='ltr' id='par_1_83' title="bbox 2132 2528 3720 2603">
     <span class='ocr_line' id='line_1_83' title="bbox 2132 2528 3720 2603; baseline 0.002 -20"><span class='ocrx_word' id='word_1_612' title='bbox 2132 2533 2235 2603; x_wconf 81' lang='lat' dir='ltr'>gis.</span> <span class='ocrx_word' id='word_1_613' title='bbox 2269 2531 2487 2586; x_wconf 91' lang='lat' dir='ltr'>Docens</span> <span class='ocrx_word' id='word_1_614' title='bbox 2515 2530 2585 2585; x_wconf 92' lang='lat' dir='ltr'>de</span> <span class='ocrx_word' id='word_1_615' title='bbox 2615 2529 2879 2599; x_wconf 90' lang='lat' dir='ltr'>moribus,</span> <span class='ocrx_word' id='word_1_616' title='bbox 2911 2529 3035 2585; x_wconf 83' lang='lat' dir='ltr'>vitae</span> <span class='ocrx_word' id='word_1_617' title='bbox 3055 2528 3248 2585; x_wconf 68' lang='lat' dir='ltr'>activae</span> <span class='ocrx_word' id='word_1_618' title='bbox 3268 2528 3541 2583; x_wconf 89' lang='lat' dir='ltr'>subditos.</span> <span class='ocrx_word' id='word_1_619' title='bbox 3577 2530 3720 2586; x_wconf 68' lang='lat' dir='ltr'>Prm-</span> 
     </span>
    </p>
   </div>
   <div class='ocr_carea' id='block_1_84' title="bbox 2134 2616 3720 2689">
    <p class='ocr_par' dir='ltr' id='par_1_84' title="bbox 2134 2616 3720 2689">
     <span class='ocr_line' id='line_1_84' title="bbox 2134 2616 3720 2689; baseline 0 -16"><span class='ocrx_word' id='word_1_620' title='bbox 2134 2618 2324 2675; x_wconf 90' lang='lat' dir='ltr'>dicans</span> <span class='ocrx_word' id='word_1_621' title='bbox 2352 2620 2421 2674; x_wconf 89' lang='lat' dir='ltr'>de</span> <span class='ocrx_word' id='word_1_622' title='bbox 2449 2618 2643 2673; x_wconf 85' lang='lat' dir='ltr'>futuris</span> <span class='ocrx_word' id='word_1_623' title='bbox 2674 2619 2797 2674; x_wconf 61' lang='lat' dir='ltr'>vitae</span> <span class='ocrx_word' id='word_1_624' title='bbox 2826 2618 3265 2689; x_wconf 64' lang='lat' dir='ltr'>contemplativa</span> <span class='ocrx_word' id='word_1_625' title='bbox 3284 2616 3564 2688; x_wconf 88' lang='lat' dir='ltr'>perfectis.</span> <span class='ocrx_word' id='word_1_626' title='bbox 3600 2619 3720 2673; x_wconf 83' lang='lat' dir='ltr'>Do-</span> 
     </span>
    </p>
   </div>
   <div class='ocr_carea' id='block_1_85' title="bbox 2133 2706 3729 2777">
    <p class='ocr_par' dir='ltr' id='par_1_85' title="bbox 2133 2706 3729 2777">
     <span class='ocr_line' id='line_1_85' title="bbox 2133 2706 3729 2777; baseline -0.003 -12"><span class='ocrx_word' id='word_1_627' title='bbox 2133 2723 2267 2765; x_wconf 89' lang='lat' dir='ltr'>cens</span> <span class='ocrx_word' id='word_1_628' title='bbox 2294 2708 2571 2763; x_wconf 89' lang='lat' dir='ltr'>naturales</span> <span class='ocrx_word' id='word_1_629' title='bbox 2595 2707 2852 2777; x_wconf 89' lang='lat' dir='ltr'>justitias,</span> <span class='ocrx_word' id='word_1_630' title='bbox 2893 2707 3199 2763; x_wconf 90' lang='lat' dir='ltr'>castitatem</span> <span class='ocrx_word' id='word_1_631' title='bbox 3230 2706 3437 2763; x_wconf 89' lang='lat' dir='ltr'>scilicet</span> <span class='ocrx_word' id='word_1_632' title='bbox 3468 2715 3520 2761; x_wconf 92' lang='lat' dir='ltr'>et</span> <span class='ocrx_word' id='word_1_633' title='bbox 3547 2706 3729 2761; x_wconf 84' lang='lat' dir='ltr'>humi-</span> 
     </span>
    </p>
   </div>
   <div class='ocr_carea' id='block_1_86' title="bbox 2134 2795 3729 2867">
    <p class='ocr_par' dir='ltr' id='par_1_86' title="bbox 2134 2795 3729 2867">
     <span class='ocr_line' id='line_1_86' title="bbox 2134 2795 3729 2867; baseline 0.001 -16"><span class='ocrx_word' id='word_1_634' title='bbox 2134 2796 2341 2851; x_wconf 91' lang='lat' dir='ltr'>litatem</span> <span class='ocrx_word' id='word_1_635' title='bbox 2372 2796 2652 2851; x_wconf 81' lang='lat' dir='ltr'>et&#39;similia</span> <span class='ocrx_word' id='word_1_636' title='bbox 2681 2813 2803 2867; x_wconf 75' lang='lat' dir='ltr'>quae</span> <span class='ocrx_word' id='word_1_637' title='bbox 2829 2797 2995 2851; x_wconf 89' lang='lat' dir='ltr'>homo</span> <span class='ocrx_word' id='word_1_638' title='bbox 3014 2795 3335 2850; x_wconf 89' lang='lat' dir='ltr'>naturaliter</span> <span class='ocrx_word' id='word_1_639' title='bbox 3362 2795 3545 2850; x_wconf 91' lang='lat' dir='ltr'>habet.</span> <span class='ocrx_word' id='word_1_640' title='bbox 3578 2795 3729 2852; x_wconf 68' lang='lat' dir='ltr'>Prte-</span> 
     </span>
    </p>
   </div>
   <div class='ocr_carea' id='block_1_87' title="bbox 2136 2884 3735 2959">
    <p class='ocr_par' dir='ltr' id='par_1_87' title="bbox 2136 2884 3735 2959">
     <span class='ocr_line' id='line_1_87' title="bbox 2136 2884 3735 2959; baseline 0 -19"><span class='ocrx_word' id='word_1_641' title='bbox 2136 2885 2326 2941; x_wconf 90' lang='lat' dir='ltr'>dicans</span> <span class='ocrx_word' id='word_1_642' title='bbox 2354 2885 2715 2959; x_wconf 85' lang='lat' dir='ltr'>Evangelium</span> <span class='ocrx_word' id='word_1_643' title='bbox 2756 2884 2934 2958; x_wconf 83' lang='lat' dir='ltr'>regni.</span> <span class='ocrx_word' id='word_1_644' title='bbox 2975 2885 3060 2939; x_wconf 84' lang='lat' dir='ltr'>Ad</span> <span class='ocrx_word' id='word_1_645' title='bbox 3097 2884 3459 2957; x_wconf 89' lang='lat' dir='ltr'>Evangelium</span> <span class='ocrx_word' id='word_1_646' title='bbox 3495 2884 3735 2955; x_wconf 89' lang='lat' dir='ltr'>pertinet</span> 
     </span>
    </p>
   </div>
   <div class='ocr_carea' id='block_1_88' title="bbox 2136 2972 3741 3045">
    <p class='ocr_par' dir='ltr' id='par_1_88' title="bbox 2136 2972 3741 3045">
     <span class='ocr_line' id='line_1_88' title="bbox 2136 2972 3741 3045; baseline 0.001 -17"><span class='ocrx_word' id='word_1_647' title='bbox 2136 2973 2457 3045; x_wconf 84' lang='lat' dir='ltr'>mysterium</span> <span class='ocrx_word' id='word_1_648' title='bbox 2484 2974 2725 3044; x_wconf 61' lang='lat' dir='ltr'>justitias,</span> <span class='ocrx_word' id='word_1_649' title='bbox 2760 2974 2966 3029; x_wconf 90' lang='lat' dir='ltr'>bonum</span> <span class='ocrx_word' id='word_1_650' title='bbox 2995 2973 3223 3042; x_wconf 89' lang='lat' dir='ltr'>initium,</span> <span class='ocrx_word' id='word_1_651' title='bbox 3248 2972 3596 3028; x_wconf 88' lang='lat' dir='ltr'>beatitudinis</span> <span class='ocrx_word' id='word_1_652' title='bbox 3615 2988 3741 3044; x_wconf 86' lang='lat' dir='ltr'>pro-</span> 
     </span>
    </p>
   </div>
   <div class='ocr_carea' id='block_1_89' title="bbox 2134 3061 3729 3134">
    <p class='ocr_par' dir='ltr' id='par_1_89' title="bbox 2134 3061 3729 3134">
     <span class='ocr_line' id='line_1_89' title="bbox 2134 3061 3729 3134; baseline -0.001 -16"><span class='ocrx_word' id='word_1_653' title='bbox 2134 3064 2343 3133; x_wconf 91' lang='lat' dir='ltr'>missio,</span> <span class='ocrx_word' id='word_1_654' title='bbox 2375 3071 2729 3134; x_wconf 89' lang='lat' dir='ltr'>peccatorum</span> <span class='ocrx_word' id='word_1_655' title='bbox 2775 3062 3047 3131; x_wconf 90' lang='lat' dir='ltr'>remissio,</span> <span class='ocrx_word' id='word_1_656' title='bbox 3097 3061 3337 3134; x_wconf 90' lang='lat' dir='ltr'>adoptio,</span> <span class='ocrx_word' id='word_1_657' title='bbox 3372 3061 3729 3132; x_wconf 88' lang='lat' dir='ltr'>resurrectio,</span> 
     </span>
    </p>
   </div>
   <div class='ocr_carea' id='block_1_90' title="bbox 2134 3150 3361 3224">
    <p class='ocr_par' dir='ltr' id='par_1_90' title="bbox 2134 3150 3361 3224">
     <span class='ocr_line' id='line_1_90' title="bbox 2134 3150 3361 3224; baseline -0.003 -15"><span class='ocrx_word' id='word_1_658' title='bbox 2134 3152 2380 3209; x_wconf 79' lang='lat' dir='ltr'>scelestis</span> <span class='ocrx_word' id='word_1_659' title='bbox 2410 3152 2718 3221; x_wconf 71' lang='lat' dir='ltr'>bsereditas,</span> <span class='ocrx_word' id='word_1_660' title='bbox 2753 3151 3077 3224; x_wconf 87' lang='lat' dir='ltr'>angelorum</span> <span class='ocrx_word' id='word_1_661' title='bbox 3108 3150 3361 3207; x_wconf 91' lang='lat' dir='ltr'>societas.</span> 
     </span>
    </p>
   </div>
   <div class='ocr_carea' id='block_1_91' title="bbox 2202 3238 3733 3313">
    <p class='ocr_par' dir='ltr' id='par_1_91' title="bbox 2202 3238 3733 3313">
     <span class='ocr_line' id='line_1_91' title="bbox 2202 3238 3733 3313; baseline -0.001 -16"><span class='ocrx_word' id='word_1_662' title='bbox 2202 3242 2267 3296; x_wconf 87' lang='lat' dir='ltr'>In</span> <span class='ocrx_word' id='word_1_663' title='bbox 2297 3243 2605 3313; x_wconf 82' lang='lat' dir='ltr'>synagogis.</span> <span class='ocrx_word' id='word_1_664' title='bbox 2638 3242 2755 3296; x_wconf 91' lang='lat' dir='ltr'>Nec</span> <span class='ocrx_word' id='word_1_665' title='bbox 2790 3240 2999 3295; x_wconf 91' lang='lat' dir='ltr'>otiosus</span> <span class='ocrx_word' id='word_1_666' title='bbox 3026 3240 3219 3296; x_wconf 87' lang='lat' dir='ltr'>doctor</span> <span class='ocrx_word' id='word_1_667' title='bbox 3255 3240 3312 3294; x_wconf 90' lang='lat' dir='ltr'>in</span> <span class='ocrx_word' id='word_1_668' title='bbox 3349 3253 3585 3295; x_wconf 88' lang='lat' dir='ltr'>vacuum</span> <span class='ocrx_word' id='word_1_669' title='bbox 3613 3238 3733 3295; x_wconf 86' lang='lat' dir='ltr'>dis-</span> 
     </span>
    </p>
   </div>
   <div class='ocr_carea' id='block_1_92' title="bbox 2134 3328 3261 3400">
    <p class='ocr_par' dir='ltr' id='par_1_92' title="bbox 2134 3328 3261 3400">
     <span class='ocr_line' id='line_1_92' title="bbox 2134 3328 3261 3400; baseline -0.002 -16"><span class='ocrx_word' id='word_1_670' title='bbox 2134 3337 2334 3399; x_wconf 89' lang='lat' dir='ltr'>currat,</span> <span class='ocrx_word' id='word_1_671' title='bbox 2367 3330 2464 3384; x_wconf 92' lang='lat' dir='ltr'>sed</span> <span class='ocrx_word' id='word_1_672' title='bbox 2494 3330 2587 3384; x_wconf 91' lang='lat' dir='ltr'>ubi</span> <span class='ocrx_word' id='word_1_673' title='bbox 2616 3336 2741 3384; x_wconf 91' lang='lat' dir='ltr'>sunt</span> <span class='ocrx_word' id='word_1_674' title='bbox 2768 3329 2955 3400; x_wconf 91' lang='lat' dir='ltr'>plures</span> <span class='ocrx_word' id='word_1_675' title='bbox 2983 3328 3261 3400; x_wconf 71' lang='lat' dir='ltr'>praedicet.</span> 
     </span>
    </p>
   </div>
   <div class='ocr_carea' id='block_1_93' title="bbox 2205 3416 3739 3490">
    <p class='ocr_par' dir='ltr' id='par_1_93' title="bbox 2205 3416 3739 3490">
     <span class='ocr_line' id='line_1_93' title="bbox 2205 3416 3739 3490; baseline 0 -17"><span class='ocrx_word' id='word_1_676' title='bbox 2205 3419 2589 3490; x_wconf 87' lang='lat' dir='ltr'>Evangelium.</span> <span class='ocrx_word' id='word_1_677' title='bbox 2631 3417 2772 3486; x_wconf 86' lang='lat' dir='ltr'>Quia</span> <span class='ocrx_word' id='word_1_678' title='bbox 2803 3417 3013 3487; x_wconf 88' lang='lat' dir='ltr'>justitia</span> <span class='ocrx_word' id='word_1_679' title='bbox 3059 3425 3143 3473; x_wconf 93' lang='lat' dir='ltr'>est</span> <span class='ocrx_word' id='word_1_680' title='bbox 3171 3417 3422 3473; x_wconf 87' lang='lat' dir='ltr'>molestia</span> <span class='ocrx_word' id='word_1_681' title='bbox 3449 3416 3653 3473; x_wconf 89' lang='lat' dir='ltr'>viventi</span> <span class='ocrx_word' id='word_1_682' title='bbox 3680 3418 3739 3473; x_wconf 93' lang='lat' dir='ltr'>in</span> 
     </span>
    </p>
   </div>
   <div class='ocr_carea' id='block_1_94' title="bbox 2135 3506 3738 3578">
    <p class='ocr_par' dir='ltr' id='par_1_94' title="bbox 2135 3506 3738 3578">
     <span class='ocr_line' id='line_1_94' title="bbox 2135 3506 3738 3578; baseline 0 -16"><span class='ocrx_word' id='word_1_683' title='bbox 2135 3522 2320 3575; x_wconf 90' lang='lat' dir='ltr'>carne,</span> <span class='ocrx_word' id='word_1_684' title='bbox 2354 3507 2512 3561; x_wconf 91' lang='lat' dir='ltr'>labor</span> <span class='ocrx_word' id='word_1_685' title='bbox 2535 3507 2755 3576; x_wconf 64' lang='lat' dir='ltr'>justitia:</span> <span class='ocrx_word' id='word_1_686' title='bbox 2774 3522 2885 3561; x_wconf 92' lang='lat' dir='ltr'>non</span> <span class='ocrx_word' id='word_1_687' title='bbox 2906 3506 3217 3577; x_wconf 88' lang='lat' dir='ltr'>suscipitur,</span> <span class='ocrx_word' id='word_1_688' title='bbox 3242 3506 3348 3561; x_wconf 91' lang='lat' dir='ltr'>nisi</span> <span class='ocrx_word' id='word_1_689' title='bbox 3366 3521 3584 3563; x_wconf 90' lang='lat' dir='ltr'>merces</span> <span class='ocrx_word' id='word_1_690' title='bbox 3602 3522 3738 3578; x_wconf 90' lang='lat' dir='ltr'>ope-</span> 
     </span>
    </p>
   </div>
   <div class='ocr_carea' id='block_1_95' title="bbox 2135 3595 3740 3669">
    <p class='ocr_par' dir='ltr' id='par_1_95' title="bbox 2135 3595 3740 3669">
     <span class='ocr_line' id='line_1_95' title="bbox 2135 3595 3740 3669; baseline 0.001 -19"><span class='ocrx_word' id='word_1_691' title='bbox 2135 3595 2211 3650; x_wconf 92' lang='lat' dir='ltr'>ris</span> <span class='ocrx_word' id='word_1_692' title='bbox 2242 3603 2605 3667; x_wconf 89' lang='lat' dir='ltr'>exspectetur.</span> <span class='ocrx_word' id='word_1_693' title='bbox 2640 3596 2769 3651; x_wconf 93' lang='lat' dir='ltr'>Ideo</span> <span class='ocrx_word' id='word_1_694' title='bbox 2798 3596 3046 3651; x_wconf 90' lang='lat' dir='ltr'>Christus</span> <span class='ocrx_word' id='word_1_695' title='bbox 3076 3596 3417 3669; x_wconf 87' lang='lat' dir='ltr'>evangelizat</span> <span class='ocrx_word' id='word_1_696' title='bbox 3447 3595 3740 3652; x_wconf 88' lang='lat' dir='ltr'>beatitudi-</span> 
     </span>
    </p>
   </div>
   <div class='ocr_carea' id='block_1_96' title="bbox 2135 3684 3445 3757">
    <p class='ocr_par' dir='ltr' id='par_1_96' title="bbox 2135 3684 3445 3757">
     <span class='ocr_line' id='line_1_96' title="bbox 2135 3684 3445 3757; baseline 0 -18"><span class='ocrx_word' id='word_1_697' title='bbox 2135 3700 2282 3755; x_wconf 89' lang='lat' dir='ltr'>nem,</span> <span class='ocrx_word' id='word_1_698' title='bbox 2316 3692 2375 3739; x_wconf 92' lang='lat' dir='ltr'>ut</span> <span class='ocrx_word' id='word_1_699' title='bbox 2406 3685 2604 3741; x_wconf 84' lang='lat' dir='ltr'>excitet</span> <span class='ocrx_word' id='word_1_700' title='bbox 2632 3684 2704 3740; x_wconf 92' lang='lat' dir='ltr'>ad</span> <span class='ocrx_word' id='word_1_701' title='bbox 2735 3684 2864 3741; x_wconf 90' lang='lat' dir='ltr'>boni</span> <span class='ocrx_word' id='word_1_702' title='bbox 2893 3685 3078 3756; x_wconf 90' lang='lat' dir='ltr'>operis</span> <span class='ocrx_word' id='word_1_703' title='bbox 3108 3684 3445 3757; x_wconf 90' lang='lat' dir='ltr'>patientiam.</span> 
     </span>
    </p>
   </div>
   <div class='ocr_carea' id='block_1_97' title="bbox 2207 3773 3740 3846">
    <p class='ocr_par' dir='ltr' id='par_1_97' title="bbox 2207 3773 3740 3846">
     <span class='ocr_line' id='line_1_97' title="bbox 2207 3773 3740 3846; baseline 0 -17"><span class='ocrx_word' id='word_1_704' title='bbox 2207 3776 2278 3829; x_wconf 84' lang='lat' dir='ltr'>Et</span> <span class='ocrx_word' id='word_1_705' title='bbox 2307 3790 2539 3830; x_wconf 87' lang='lat' dir='ltr'>sanans.</span> <span class='ocrx_word' id='word_1_706' title='bbox 2573 3775 2780 3829; x_wconf 88' lang='lat' dir='ltr'>Curare</span> <span class='ocrx_word' id='word_1_707' title='bbox 2808 3773 3133 3846; x_wconf 91' lang='lat' dir='ltr'>languorem</span> <span class='ocrx_word' id='word_1_708' title='bbox 3152 3782 3206 3829; x_wconf 93' lang='lat' dir='ltr'>et</span> <span class='ocrx_word' id='word_1_709' title='bbox 3224 3773 3594 3829; x_wconf 86' lang='lat' dir='ltr'>inﬁrmitatem</span> <span class='ocrx_word' id='word_1_710' title='bbox 3623 3789 3740 3831; x_wconf 92' lang='lat' dir='ltr'>non</span> 
     </span>
    </p>
   </div>
   <div class='ocr_carea' id='block_1_98' title="bbox 2137 3860 3732 3935">
    <p class='ocr_par' dir='ltr' id='par_1_98' title="bbox 2137 3860 3732 3935">
     <span class='ocr_line' id='line_1_98' title="bbox 2137 3860 3732 3935; baseline 0.001 -18"><span class='ocrx_word' id='word_1_711' title='bbox 2137 3860 2236 3917; x_wconf 87' lang='lat' dir='ltr'>fuit</span> <span class='ocrx_word' id='word_1_712' title='bbox 2264 3877 2544 3935; x_wconf 87' lang='lat' dir='ltr'>magnum,</span> <span class='ocrx_word' id='word_1_713' title='bbox 2564 3877 2689 3918; x_wconf 93' lang='lat' dir='ltr'>cum</span> <span class='ocrx_word' id='word_1_714' title='bbox 2717 3869 2908 3934; x_wconf 88' lang='lat' dir='ltr'>postea</span> <span class='ocrx_word' id='word_1_715' title='bbox 2926 3862 3196 3918; x_wconf 87' lang='lat' dir='ltr'>morituri.</span> <span class='ocrx_word' id='word_1_716' title='bbox 3221 3862 3330 3918; x_wconf 88' lang='lat' dir='ltr'>Sed</span> <span class='ocrx_word' id='word_1_717' title='bbox 3353 3863 3478 3919; x_wconf 89' lang='lat' dir='ltr'>ideo</span> <span class='ocrx_word' id='word_1_718' title='bbox 3503 3862 3732 3932; x_wconf 82' lang='lat' dir='ltr'>factum,</span> 
     </span>
    </p>
   </div>
   <div class='ocr_carea' id='block_1_99' title="bbox 2138 3950 3741 4024">
    <p class='ocr_par' dir='ltr' id='par_1_99' title="bbox 2138 3950 3741 4024">
     <span class='ocr_line' id='line_1_99' title="bbox 2138 3950 3741 4024; baseline 0.001 -18"><span class='ocrx_word' id='word_1_719' title='bbox 2138 3959 2197 4006; x_wconf 90' lang='lat' dir='ltr'>ut</span> <span class='ocrx_word' id='word_1_720' title='bbox 2225 3951 2303 4007; x_wconf 91' lang='lat' dir='ltr'>sic</span> <span class='ocrx_word' id='word_1_721' title='bbox 2341 3950 2687 4023; x_wconf 89' lang='lat' dir='ltr'>erigerentur</span> <span class='ocrx_word' id='word_1_722' title='bbox 2730 3952 2801 4006; x_wconf 92' lang='lat' dir='ltr'>ad</span> <span class='ocrx_word' id='word_1_723' title='bbox 2839 3968 3092 4024; x_wconf 88' lang='lat' dir='ltr'>regnum.</span> <span class='ocrx_word' id='word_1_724' title='bbox 3142 3951 3421 4008; x_wconf 90' lang='lat' dir='ltr'>Moraliter</span> <span class='ocrx_word' id='word_1_725' title='bbox 3460 3951 3741 4007; x_wconf 87' lang='lat' dir='ltr'>instruens</span> 
     </span>
    </p>
   </div>
   <div class='ocr_carea' id='block_1_100' title="bbox 2138 4026 3741 4111">
    <p class='ocr_par' dir='ltr' id='par_1_100' title="bbox 2138 4026 3741 4111">
     <span class='ocr_line' id='line_1_100' title="bbox 2138 4026 3741 4111; baseline 0.001 -17"><span class='ocrx_word' id='word_1_726' title='bbox 2138 4039 2529 4111; x_wconf 74' lang='lat' dir='ltr'>praedicatores</span> <span class='ocrx_word' id='word_1_727' title='bbox 2558 4040 2723 4096; x_wconf 89' lang='lat' dir='ltr'>etiam</span> <span class='ocrx_word' id='word_1_728' title='bbox 2751 4049 2973 4096; x_wconf 87' lang='lat' dir='ltr'>terrena</span> <span class='ocrx_word' id='word_1_729' title='bbox 3016 4039 3264 4096; x_wconf 89' lang='lat' dir='ltr'>subsidia</span> <span class='ocrx_word' id='word_1_730' title='bbox 3308 4040 3539 4097; x_wconf 90' lang='lat' dir='ltr'>subditis</span> <span class='ocrx_word' id='word_1_731' title='bbox 3569 4026 3741 4097; x_wconf 83' lang='lat' dir='ltr'>mini-</span> 
     </span>
    </p>
   </div>
   <div class='ocr_carea' id='block_1_101' title="bbox 2140 4129 3481 4203">
    <p class='ocr_par' dir='ltr' id='par_1_101' title="bbox 2140 4129 3481 4203">
     <span class='ocr_line' id='line_1_101' title="bbox 2140 4129 3481 4203; baseline 0.001 -20"><span class='ocrx_word' id='word_1_732' title='bbox 2140 4136 2336 4198; x_wconf 91' lang='lat' dir='ltr'>strare,</span> <span class='ocrx_word' id='word_1_733' title='bbox 2369 4138 2424 4185; x_wconf 90' lang='lat' dir='ltr'>et</span> <span class='ocrx_word' id='word_1_734' title='bbox 2454 4129 2533 4185; x_wconf 91' lang='lat' dir='ltr'>sic</span> <span class='ocrx_word' id='word_1_735' title='bbox 2561 4129 2633 4185; x_wconf 92' lang='lat' dir='ltr'>ad</span> <span class='ocrx_word' id='word_1_736' title='bbox 2662 4146 2895 4203; x_wconf 89' lang='lat' dir='ltr'>regnum</span> <span class='ocrx_word' id='word_1_737' title='bbox 2924 4130 3164 4185; x_wconf 89' lang='lat' dir='ltr'>trahere.</span> <span class='ocrx_word' id='word_1_738' title='bbox 3474 4144 3481 4151; x_wconf 77' lang='lat'><em>‘</em></span> 
     </span>
    </p>
   </div>
   <div class='ocr_carea' id='block_1_102' title="bbox 2209 4234 3740 4309">
    <p class='ocr_par' dir='ltr' id='par_1_102' title="bbox 2209 4234 3740 4309">
     <span class='ocr_line' id='line_1_102' title="bbox 2209 4234 3740 4309; baseline 0.001 -18"><span class='ocrx_word' id='word_1_739' title='bbox 2209 4237 2380 4291; x_wconf 78' lang='lat' dir='ltr'>Vsus.</span> <span class='ocrx_word' id='word_1_740' title='bbox 2412 4237 2502 4294; x_wconf 74' lang='grc'>24.</span> <span class='ocrx_word' id='word_1_741' title='bbox 2534 4266 2602 4276; x_wconf 91' lang='grc'><strong>-</strong></span> <span class='ocrx_word' id='word_1_742' title='bbox 2632 4238 2702 4291; x_wconf 85' lang='lat' dir='ltr'>Et</span> <span class='ocrx_word' id='word_1_743' title='bbox 2738 4238 2877 4292; x_wconf 86' lang='lat' dir='ltr'>abiit</span> <span class='ocrx_word' id='word_1_744' title='bbox 2919 4238 3126 4309; x_wconf 78' lang='lat' dir='ltr'>Opinio.</span> <span class='ocrx_word' id='word_1_745' title='bbox 3175 4235 3395 4309; x_wconf 70' lang='grc' dir='ltr'>(Βεωι.)</span> <span class='ocrx_word' id='word_1_746' title='bbox 3428 4234 3613 4307; x_wconf 89' lang='lat' dir='ltr'>Opera</span> <span class='ocrx_word' id='word_1_747' title='bbox 3643 4251 3740 4293; x_wconf 87' lang='lat' dir='ltr'>sa-</span> 
     </span>
    </p>
   </div>
   <div class='ocr_carea' id='block_1_103' title="bbox 2142 4324 3749 4382">
    <p class='ocr_par' dir='ltr' id='par_1_103' title="bbox 2142 4324 3749 4382">
     <span class='ocr_line' id='line_1_103' title="bbox 2142 4324 3749 4382; baseline 0.002 -3"><span class='ocrx_word' id='word_1_748' title='bbox 2142 4324 2267 4380; x_wconf 86' lang='lat' dir='ltr'>lutis</span> <span class='ocrx_word' id='word_1_749' title='bbox 2298 4324 2413 4380; x_wconf 91' lang='lat' dir='ltr'>sine</span> <span class='ocrx_word' id='word_1_750' title='bbox 2443 4324 2591 4380; x_wconf 85' lang='lat' dir='ltr'>fama</span> <span class='ocrx_word' id='word_1_751' title='bbox 2616 4324 2745 4380; x_wconf 92' lang='lat' dir='ltr'>boni</span> <span class='ocrx_word' id='word_1_752' title='bbox 2766 4325 2951 4380; x_wconf 92' lang='lat' dir='ltr'>odoris</span> <span class='ocrx_word' id='word_1_753' title='bbox 2970 4340 3081 4380; x_wconf 94' lang='lat' dir='ltr'>non</span> <span class='ocrx_word' id='word_1_754' title='bbox 3112 4324 3244 4380; x_wconf 87' lang='lat' dir='ltr'>satis</span> <span class='ocrx_word' id='word_1_755' title='bbox 3260 4325 3505 4382; x_wconf 90' lang='lat' dir='ltr'>relucent</span> <span class='ocrx_word' id='word_1_756' title='bbox 3525 4325 3749 4382; x_wconf 85' lang='lat' dir='ltr'>audito-</span> 
     </span>
    </p>
   </div>
   <div class='ocr_carea' id='block_1_104' title="bbox 2147 4413 3737 4487">
    <p class='ocr_par' dir='ltr' id='par_1_104' title="bbox 2147 4413 3737 4487">
     <span class='ocr_line' id='line_1_104' title="bbox 2147 4413 3737 4487; baseline 0.001 -19"><span class='ocrx_word' id='word_1_757' title='bbox 2147 4413 2319 4485; x_wconf 90' lang='lat' dir='ltr'>ribus,</span> <span class='ocrx_word' id='word_1_758' title='bbox 2334 4429 2437 4469; x_wconf 92' lang='lat' dir='ltr'>nec</span> <span class='ocrx_word' id='word_1_759' title='bbox 2455 4413 2602 4468; x_wconf 87' lang='lat' dir='ltr'>fama</span> <span class='ocrx_word' id='word_1_760' title='bbox 2621 4414 2738 4469; x_wconf 90' lang='lat' dir='ltr'>sine</span> <span class='ocrx_word' id='word_1_761' title='bbox 2755 4429 2923 4485; x_wconf 86' lang='lat' dir='ltr'>opere</span> <span class='ocrx_word' id='word_1_762' title='bbox 2943 4413 3160 4486; x_wconf 83' lang='lat' dir='ltr'>proiicit</span> <span class='ocrx_word' id='word_1_763' title='bbox 3183 4430 3196 4469; x_wconf 89' lang='lat'><strong>:</strong></span> <span class='ocrx_word' id='word_1_764' title='bbox 3223 4413 3340 4470; x_wconf 90' lang='lat' dir='ltr'>sine</span> <span class='ocrx_word' id='word_1_765' title='bbox 3360 4414 3576 4485; x_wconf 88' lang='lat' dir='ltr'>quibus,</span> <span class='ocrx_word' id='word_1_766' title='bbox 3601 4423 3737 4487; x_wconf 90' lang='lat' dir='ltr'>etc.,</span> 
     </span>
    </p>
   </div>
   <div class='ocr_carea' id='block_1_105' title="bbox 2145 4502 3746 4575">
    <p class='ocr_par' dir='ltr' id='par_1_105' title="bbox 2145 4502 3746 4575">
     <span class='ocr_line' id='line_1_105' title="bbox 2145 4502 3746 4575; baseline 0.001 -17"><span class='ocrx_word' id='word_1_767' title='bbox 2145 4519 2318 4575; x_wconf 86' lang='lat' dir='ltr'>usque</span> <span class='ocrx_word' id='word_1_768' title='bbox 2346 4503 2418 4559; x_wconf 84' lang='lat' dir='ltr'>ad</span> <span class='ocrx_word' id='word_1_769' title='bbox 2445 4509 2601 4558; x_wconf 89' lang='lat' dir='ltr'>curat</span> <span class='ocrx_word' id='word_1_770' title='bbox 2630 4517 2884 4575; x_wconf 88' lang='lat' dir='ltr'>corpora,</span> <span class='ocrx_word' id='word_1_771' title='bbox 2935 4510 2991 4558; x_wconf 90' lang='lat' dir='ltr'>ut</span> <span class='ocrx_word' id='word_1_772' title='bbox 3021 4502 3264 4574; x_wconf 90' lang='lat' dir='ltr'>paratius</span> <span class='ocrx_word' id='word_1_773' title='bbox 3294 4502 3518 4559; x_wconf 87' lang='lat' dir='ltr'>audiant</span> <span class='ocrx_word' id='word_1_774' title='bbox 3553 4502 3746 4559; x_wconf 88' lang='lat' dir='ltr'>invisi-</span> 
     </span>
    </p>
   </div>
   <div class='ocr_carea' id='block_1_106' title="bbox 2146 4590 3746 4663">
    <p class='ocr_par' dir='ltr' id='par_1_106' title="bbox 2146 4590 3746 4663">
     <span class='ocr_line' id='line_1_106' title="bbox 2146 4590 3746 4663; baseline 0.001 -17"><span class='ocrx_word' id='word_1_775' title='bbox 2146 4591 2294 4646; x_wconf 89' lang='lat' dir='ltr'>bilia.</span> <span class='ocrx_word' id='word_1_776' title='bbox 2326 4590 2495 4647; x_wconf 85' lang='lat' dir='ltr'>Aliter</span> <span class='ocrx_word' id='word_1_777' title='bbox 2541 4606 2737 4663; x_wconf 91' lang='lat' dir='ltr'>parum</span> <span class='ocrx_word' id='word_1_778' title='bbox 2783 4599 2903 4648; x_wconf 91' lang='lat' dir='ltr'>erat</span> <span class='ocrx_word' id='word_1_779' title='bbox 2931 4607 3059 4648; x_wconf 84' lang='lat' dir='ltr'>mox</span> <span class='ocrx_word' id='word_1_780' title='bbox 3086 4591 3367 4648; x_wconf 89' lang='lat' dir='ltr'>morituris</span> <span class='ocrx_word' id='word_1_781' title='bbox 3408 4606 3601 4649; x_wconf 86' lang='lat' dir='ltr'>curam</span> <span class='ocrx_word' id='word_1_782' title='bbox 3639 4592 3746 4647; x_wconf 90' lang='lat' dir='ltr'>im-</span> 
     </span>
    </p>
   </div>
   <div class='ocr_carea' id='block_1_107' title="bbox 2144 4680 2406 4753">
    <p class='ocr_par' dir='ltr' id='par_1_107' title="bbox 2144 4680 2406 4753">
     <span class='ocr_line' id='line_1_107' title="bbox 2144 4680 2406 4753; baseline -0.008 -16"><span class='ocrx_word' id='word_1_783' title='bbox 2144 4680 2406 4753; x_wconf 90' lang='lat' dir='ltr'>pendere.</span> 
     </span>
    </p>
   </div>
   <div class='ocr_carea' id='block_1_108' title="bbox 2217 4767 3726 4841">
    <p class='ocr_par' dir='ltr' id='par_1_108' title="bbox 2217 4767 3726 4841">
     <span class='ocr_line' id='line_1_108' title="bbox 2217 4767 3726 4841; baseline 0.001 -17"><span class='ocrx_word' id='word_1_784' title='bbox 2217 4771 2386 4825; x_wconf 75' lang='lat' dir='ltr'>Vsus.</span> <span class='ocrx_word' id='word_1_785' title='bbox 2419 4773 2508 4828; x_wconf 78' lang='grc'><strong>25.</strong></span> <span class='ocrx_word' id='word_1_786' title='bbox 2541 4800 2611 4810; x_wconf 94' lang='grc'><strong>-</strong></span> <span class='ocrx_word' id='word_1_787' title='bbox 2639 4769 2854 4827; x_wconf 60' lang='lat' dir='ltr'>Secutae</span> <span class='ocrx_word' id='word_1_788' title='bbox 2872 4773 3027 4825; x_wconf 85' lang='lat' dir='ltr'>sunt.</span> <span class='ocrx_word' id='word_1_789' title='bbox 3052 4768 3245 4841; x_wconf 73' lang='grc' dir='ltr'>(Λυσι.)</span> <span class='ocrx_word' id='word_1_790' title='bbox 3300 4767 3726 4839; x_wconf 74' lang='lat' dir='ltr'>Quadripertita:</span> 
     </span>
    </p>
   </div>
   <div class='ocr_carea' id='block_1_109' title="bbox 2148 4857 3745 4931">
    <p class='ocr_par' dir='ltr' id='par_1_109' title="bbox 2148 4857 3745 4931">
     <span class='ocr_line' id='line_1_109' title="bbox 2148 4857 3745 4931; baseline 0 -18"><span class='ocrx_word' id='word_1_791' title='bbox 2148 4858 2341 4929; x_wconf 83' lang='lat' dir='ltr'>turbae,</span> <span class='ocrx_word' id='word_1_792' title='bbox 2376 4858 2600 4915; x_wconf 88' lang='lat' dir='ltr'>scilicet.</span> <span class='ocrx_word' id='word_1_793' title='bbox 2634 4857 2756 4928; x_wconf 82' lang='lat' dir='ltr'>Alii,</span> <span class='ocrx_word' id='word_1_794' title='bbox 2808 4864 2936 4926; x_wconf 91' lang='lat' dir='ltr'>etc.,</span> <span class='ocrx_word' id='word_1_795' title='bbox 2979 4874 3153 4931; x_wconf 86' lang='lat' dir='ltr'>usque</span> <span class='ocrx_word' id='word_1_796' title='bbox 3195 4859 3268 4914; x_wconf 86' lang='lat' dir='ltr'>ad</span> <span class='ocrx_word' id='word_1_797' title='bbox 3313 4857 3423 4928; x_wconf 91' lang='lat' dir='ltr'>alii,</span> <span class='ocrx_word' id='word_1_798' title='bbox 3473 4873 3574 4929; x_wconf 91' lang='lat' dir='ltr'>per</span> <span class='ocrx_word' id='word_1_799' title='bbox 3603 4857 3745 4915; x_wconf 91' lang='lat' dir='ltr'>invi-</span> 
     </span>
    </p>
   </div>
   <div class='ocr_carea' id='block_1_110' title="bbox 2148 4945 3641 5020">
    <p class='ocr_par' dir='ltr' id='par_1_110' title="bbox 2148 4945 3641 5020">
     <span class='ocr_line' id='line_1_110' title="bbox 2148 4945 3641 5020; baseline -0.001 -16"><span class='ocrx_word' id='word_1_800' title='bbox 2148 4947 2294 5004; x_wconf 91' lang='lat' dir='ltr'>diam</span> <span class='ocrx_word' id='word_1_801' title='bbox 2323 4947 2567 5005; x_wconf 88' lang='lat' dir='ltr'>volentes</span> <span class='ocrx_word' id='word_1_802' title='bbox 2596 4962 2722 5003; x_wconf 91' lang='lat' dir='ltr'>eum</span> <span class='ocrx_word' id='word_1_803' title='bbox 2751 4960 3014 5002; x_wconf 89' lang='lat' dir='ltr'>accusare</span> <span class='ocrx_word' id='word_1_804' title='bbox 3044 4954 3097 5002; x_wconf 89' lang='lat' dir='ltr'>et</span> <span class='ocrx_word' id='word_1_805' title='bbox 3125 4945 3182 5002; x_wconf 92' lang='lat' dir='ltr'>in</span> <span class='ocrx_word' id='word_1_806' title='bbox 3209 4946 3393 5020; x_wconf 91' lang='lat' dir='ltr'>aliquo</span> <span class='ocrx_word' id='word_1_807' title='bbox 3422 4962 3641 5019; x_wconf 83' lang='lat' dir='ltr'>capere.</span> 
     </span>
    </p>
   </div>
   <div class='ocr_carea' id='block_1_111' title="bbox 2710 5107 3107 5163">
    <p class='ocr_par' dir='ltr' id='par_1_111' title="bbox 2710 5107 3107 5163">
     <span class='ocr_line' id='line_1_111' title="bbox 2710 5107 3107 5163; baseline 0.003 -1"><span class='ocrx_word' id='word_1_808' title='bbox 2710 5141 2720 5150; x_wconf 87' lang='lat'><strong><em>-</em></strong></span> <span class='ocrx_word' id='word_1_809' title='bbox 2776 5107 3000 5163; x_wconf 84' lang='lat' dir='ltr'>CAPUT</span> <span class='ocrx_word' id='word_1_810' title='bbox 3042 5108 3107 5163; x_wconf 85' lang='lat' dir='ltr'>V.</span> 
     </span>
    </p>
   </div>
   <div class='ocr_carea' id='block_1_112' title="bbox 2219 5267 3755 5338">
    <p class='ocr_par' dir='ltr' id='par_1_112' title="bbox 2219 5267 3755 5338">
     <span class='ocr_line' id='line_1_112' title="bbox 2219 5267 3755 5338; baseline 0.001 -16"><span class='ocrx_word' id='word_1_811' title='bbox 2219 5267 2389 5322; x_wconf 74' lang='lat' dir='ltr'>Vsus.</span> <span class='ocrx_word' id='word_1_812' title='bbox 2424 5270 2475 5321; x_wconf 83' lang='grc'>1.</span> <span class='ocrx_word' id='word_1_813' title='bbox 2509 5295 2578 5307; x_wconf 92' lang='grc'><strong>-</strong></span> <span class='ocrx_word' id='word_1_814' title='bbox 2617 5267 2812 5324; x_wconf 87' lang='lat' dir='ltr'>Videns</span> <span class='ocrx_word' id='word_1_815' title='bbox 2840 5271 3033 5323; x_wconf 85' lang='lat' dir='ltr'>autem</span> <span class='ocrx_word' id='word_1_816' title='bbox 3063 5270 3242 5325; x_wconf 78' lang='lat' dir='ltr'>Iesus.</span> <span class='ocrx_word' id='word_1_817' title='bbox 3275 5267 3466 5338; x_wconf 79' lang='lat' dir='ltr'>(Auc.)</span> <span class='ocrx_word' id='word_1_818' title='bbox 3496 5267 3635 5324; x_wconf 87' lang='lat' dir='ltr'>Huic</span> <span class='ocrx_word' id='word_1_819' title='bbox 3665 5270 3755 5325; x_wconf 91' lang='lat' dir='ltr'>rei</span> 
     </span>
    </p>
   </div>
   <div class='ocr_carea' id='block_1_113' title="bbox 2150 5355 3755 5414">
    <p class='ocr_par' dir='ltr' id='par_1_113' title="bbox 2150 5355 3755 5414">
     <span class='ocr_line' id='line_1_113' title="bbox 2150 5355 3755 5414; baseline 0.001 -1"><span class='ocrx_word' id='word_1_820' title='bbox 2150 5355 2420 5413; x_wconf 91' lang='lat' dir='ltr'>consentit</span> <span class='ocrx_word' id='word_1_821' title='bbox 2449 5357 2625 5412; x_wconf 88' lang='lat' dir='ltr'>Lucas</span> <span class='ocrx_word' id='word_1_822' title='bbox 2654 5356 2844 5413; x_wconf 91' lang='lat' dir='ltr'>dicens</span> <span class='ocrx_word' id='word_1_823' title='bbox 2877 5372 2891 5411; x_wconf 89' lang='lat'>:</span> <span class='ocrx_word' id='word_1_824' title='bbox 2925 5360 3161 5413; x_wconf 82' lang='lat' dir='ltr'>Factum</span> <span class='ocrx_word' id='word_1_825' title='bbox 3189 5361 3275 5412; x_wconf 88' lang='lat' dir='ltr'>est</span> <span class='ocrx_word' id='word_1_826' title='bbox 3301 5361 3495 5413; x_wconf 86' lang='lat' dir='ltr'>autem</span> <span class='ocrx_word' id='word_1_827' title='bbox 3533 5359 3596 5412; x_wconf 85' lang='lat' dir='ltr'>in</span> <span class='ocrx_word' id='word_1_828' title='bbox 3626 5359 3755 5414; x_wconf 85' lang='lat' dir='ltr'>illis</span> 
     </span>
    </p>
   </div>
   <div class='ocr_carea' id='block_1_114' title="bbox 2150 5444 3756 5516">
    <p class='ocr_par' dir='ltr' id='par_1_114' title="bbox 2150 5444 3756 5516">
     <span class='ocr_line' id='line_1_114' title="bbox 2150 5444 3756 5516; baseline 0 -15"><span class='ocrx_word' id='word_1_829' title='bbox 2150 5446 2357 5511; x_wconf 85' lang='lat' dir='ltr'>diebus,</span> <span class='ocrx_word' id='word_1_830' title='bbox 2383 5448 2529 5502; x_wconf 72' lang='lat' dir='ltr'>exiit</span> <span class='ocrx_word' id='word_1_831' title='bbox 2549 5448 2613 5501; x_wconf 88' lang='lat' dir='ltr'>in</span> <span class='ocrx_word' id='word_1_832' title='bbox 2631 5450 2883 5503; x_wconf 81' lang='lat' dir='ltr'>montem</span> <span class='ocrx_word' id='word_1_833' title='bbox 2901 5462 3063 5502; x_wconf 88' lang='lat' dir='ltr'>orare</span> <span class='ocrx_word' id='word_1_834' title='bbox 3084 5447 3240 5516; x_wconf 90' lang='lat' dir='ltr'>(Luc.</span> <span class='ocrx_word' id='word_1_835' title='bbox 3266 5444 3362 5512; x_wconf 80' lang='lat' dir='ltr'>v1),</span> <span class='ocrx_word' id='word_1_836' title='bbox 3388 5454 3493 5501; x_wconf 91' lang='lat' dir='ltr'>etc.</span> <span class='ocrx_word' id='word_1_837' title='bbox 3519 5445 3627 5502; x_wconf 91' lang='lat' dir='ltr'>Sed</span> <span class='ocrx_word' id='word_1_838' title='bbox 3648 5447 3756 5501; x_wconf 87' lang='lat' dir='ltr'>Lu-</span> 
     </span>
    </p>
   </div>
   <div class='ocr_carea' id='block_1_115' title="bbox 2150 5533 3752 5608">
    <p class='ocr_par' dir='ltr' id='par_1_115' title="bbox 2150 5533 3752 5608">
     <span class='ocr_line' id='line_1_115' title="bbox 2150 5533 3752 5608; baseline 0 -17"><span class='ocrx_word' id='word_1_839' title='bbox 2150 5548 2246 5591; x_wconf 89' lang='lat' dir='ltr'>cas</span> <span class='ocrx_word' id='word_1_840' title='bbox 2275 5533 2423 5605; x_wconf 91' lang='lat' dir='ltr'>dicit,</span> <span class='ocrx_word' id='word_1_841' title='bbox 2457 5543 2585 5606; x_wconf 91' lang='lat' dir='ltr'>etc.,</span> <span class='ocrx_word' id='word_1_842' title='bbox 2619 5551 2792 5608; x_wconf 83' lang='lat' dir='ltr'>usque</span> <span class='ocrx_word' id='word_1_843' title='bbox 2819 5535 2892 5592; x_wconf 86' lang='lat' dir='ltr'>ad</span> <span class='ocrx_word' id='word_1_844' title='bbox 2910 5550 3021 5592; x_wconf 92' lang='lat' dir='ltr'>non</span> <span class='ocrx_word' id='word_1_845' title='bbox 3040 5534 3187 5591; x_wconf 90' lang='lat' dir='ltr'>enim</span> <span class='ocrx_word' id='word_1_846' title='bbox 3205 5550 3399 5591; x_wconf 89' lang='lat' dir='ltr'>omnes</span> <span class='ocrx_word' id='word_1_847' title='bbox 3416 5534 3601 5592; x_wconf 89' lang='lat' dir='ltr'>omnia</span> <span class='ocrx_word' id='word_1_848' title='bbox 3616 5550 3752 5606; x_wconf 85' lang='lat' dir='ltr'>pos-</span> 
     </span>
    </p>
   </div>
  </div>
