4000 6182
252 185 319 236 89
1164 176 1434 235 GLOSSA
1472 164 1881 232 OBDINARJA.
1922 176 1993 218 4-
2020 174 2285 232 EVANG.
2316 176 2574 232 MATTH.
3504 183 3574 236 90

252 329 378 377 sunt
410 337 427 374 :
462 318 628 392 quod
658 320 848 376 verius
875 325 1094 391 putatur
1123 318 1369 393 quamvis
1408 319 1555 374 idem
1591 318 1875 390 utriusque
1904 299 2151 362 AVimls
2206 300 2322 355 Sine
2362 301 2554 393 δΡξΓίιιξ
2597 300 2927 393 fortitudinis
2963 316 3074 357 non
3110 301 3367 393 ίῐηΡῘθίιιτ
3398 322 3413 358 ³
3447 304 3573 375 qni“

258 408 421 465 simul
449 409 644 479 possit
674 408 855 463 videri
882 408 1074 464 factus.

324 497 632 553 Ascendit.
671 498 894 552 Docens
924 512 1054 552 suos
1081 495 1381 552 ascendere
1411 509 1513 551 nec
1531 495 1589 549 in
1608 494 1765 549 turba
1794 511 1883 550 re-

258 602 484 642 manere
539 603 556 640 :
605 585 869 640 altiorem
907 585 1168 641 docturus
1204 583 1485 653 justitiam,
1533 600 1695 655 quam
1735 583 1884 638 illam

263 691 385 747 quae
413 681 501 729 est
530 673 868 728 Scribarum
898 681 951 729 et
988 672 1419 728 Pharisaeorum.
1463 672 1722 727 Ascendit
1764 672 1882 742 ipse

259 779 416 819 mons
443 761 504 816 in
548 769 832 831 montem,
879 770 939 817 ut
973 761 1165 816 altiora
1207 762 1463 816 virtutem
1499 760 1735 815 culmina
1779 760 1883 814 do-

258 859 424 919 ceret,
473 858 531 904 et
580 850 907 905 Ecclesium
954 866 1118 920 supra
1167 865 1329 920 quam
1378 849 1532 903 sedet
1577 848 1885 918 praedicans

274 945 621 1011 praeceptum
655 938 883 994 Domini
912 937 1196 992 sublimius
1224 937 1543 1010 exigendam
1571 937 1887 992 ostenderet

262 1044 415 1099 quam
443 1027 657 1082 eadem
692 1026 953 1083 doctrina
978 1043 1156 1097 usque
1181 1026 1252 1080 ad
1274 1024 1439 1080 ﬁnem
1465 1026 1649 1081 saeculi
1670 1025 1884 1096 plenius

262 1116 518 1172 erudiret.
570 1115 891 1186 Apostolos
940 1114 1385 1185 praeeminentius
1431 1114 1682 1183 abducit,
1742 1122 1801 1168 ut
1855 1130 1887 1169 a

260 1212 438 1259 monte
465 1204 637 1274 prius
690 1204 995 1275 suscipiant
1034 1211 1249 1259 montes
1286 1218 1478 1274 pacem
1519 1203 1741 1274 populo.
1785 1205 1885 1259 Se-

260 1293 443 1349 disset.
498 1292 710 1347 Sessio
763 1292 1110 1347 humanitatis
1155 1308 1257 1363 per
1305 1308 1469 1363 quam
1511 1291 1881 1364 cognoscitur.

258 1381 405 1438 Unde
443 1398 458 1435 :
489 1382 569 1436 Et
604 1381 874 1437 mundus
894 1397 1023 1437 eum
1042 1398 1159 1437 non
1180 1383 1457 1453 cognovit,
1482 1388 1608 1435 ante
1627 1380 1885 1436 incarna-

261 1469 475 1524 tionem.
510 1470 934 1526 Accesserant.
968 1470 1037 1525 Ut
1064 1468 1294 1525 vicinius
1323 1468 1561 1539 audiant,
1586 1469 1678 1540 qui
1699 1468 1768 1524 ad
1786 1469 1888 1523 im-

265 1559 522 1631 plendum
554 1559 763 1614 animo
792 1566 1111 1629 properant.

1980 406 2082 461 per
2123 406 2249 445 eum
2291 390 2584 444 esuriendo
2614 390 2685 444 ad
2714 389 3020 444 satietatem
3041 391 3367 462 quandoque
3397 393 3578 448 venie-

1980 494 2123 532 mus.
2156 480 2317 533 Beati
2346 480 2441 550 qui
2472 480 2686 549 lugent.
2730 479 2915 533 Restat
2945 486 3069 549 post
3097 479 3361 549 praedicta
3390 480 3575 536 ruina-

1983 582 2106 621 rum
2136 566 2498 622 colluvionem
2528 567 2675 622 luctu
2716 583 2975 639 purgare.
3026 568 3226 640 Luctus
3254 583 3356 638 pro
3385 584 3579 639 pecca-

1981 654 2052 708 tis
2081 654 2169 709 vel
2195 671 2297 725 pro
2325 655 2601 710 desiderio
2631 655 2842 711 cmlesti
2871 655 3303 712 consolationem
3333 664 3577 713 meretur

1983 751 2038 797 et
2065 759 2177 798 non
2203 743 2359 797 alius.

2056 831 2121 885 Hi
2169 831 2411 886 scientiae
2440 831 2632 902 spiritu
2661 831 3022 903 illustrantur,
3066 840 3125 887 ut
3165 832 3344 890 sciant
3384 833 3582 906 quibus

1984 920 2145 974 malis
2175 920 2536 975 involvantur.

2056 1009 2305 1080 (HILAR.)
2318 1009 2651 1081 Lugentibus
2667 1024 2777 1063 non
2792 1010 3076 1079 orbitates,
3091 1018 3184 1064 aut
3198 1010 3581 1082 contumelias,

1987 1106 2078 1153 aut
2105 1098 2303 1151 damna
2334 1098 2711 1168 maerentibus,
2737 1099 2833 1153 sed
2853 1108 3077 1168 peccata
3096 1108 3281 1155 vetera
3302 1100 3579 1169 ﬂentibus,

1987 1194 2041 1242 et
2105 1185 2393 1240 criminum
2468 1186 2665 1257 quibus
2730 1187 3174 1243 obsordescirnus
3248 1188 3584 1244 conscientia

1986 1275 2453 1343 aerumnosis,hzec
2469 1275 2657 1329 sedula
2670 1276 2723 1329 in
2736 1275 2876 1332 cmlo
2888 1276 3189 1331 consolatio
3202 1284 3567 1347 praeparatur.

2058 1364 2228 1418 Vnus.
2264 1366 2315 1417 6.
2359 1393 2428 1403 —
2464 1365 2624 1421 Beati
2663 1366 2758 1435 qui
2796 1366 3080 1419 esuriant.
3114 1366 3399 1419 Amatores
3427 1363 3585 1420 verbi

1988 1451 2136 1520 boni,
2171 1451 2368 1521 quibus
2397 1467 2509 1506 non
2538 1450 2671 1506 satis
2701 1459 2785 1506 est
2812 1452 2959 1523 quod
2981 1451 3115 1521 justi
3145 1460 3288 1521 sunt,
3321 1452 3420 1508 sed
3440 1468 3584 1508 sem-

1989 1556 2089 1610 per
2119 1539 2303 1594 sitiunt
2332 1556 2470 1610 opus
2494 1540 2737 1608 justitiae.

322 1665 493 1720 Vens.
528 1669 589 1723 2.
628 1696 708 1706 -
738 1626 813 1720 Et
842 1626 1122 1737 aperiens.
1156 1663 1382 1734 Apertio
1412 1662 1524 1718 oris
1550 1662 1881 1735 profundita-

2053 1645 2267 1700 Justitia
2297 1653 2381 1700 est
2409 1660 2508 1699 sua
2539 1645 2733 1716 cuique
2754 1645 3015 1715 tribuere,
3052 1645 3175 1715 sibi,
3208 1654 3261 1701 et
3287 1646 3583 1717 proximis,
3650 1626 3664 1639 ”

236 1756 365 1810 ἰεω
392 1752 692 1826 signiﬁcat
722 1753 1070 1809 sacramenti.
1096 1751 1263 1821 Quasi
1283 1752 1564 1823 abyssum,
1590 1752 1746 1824 quasi
1768 1754 1885 1808 the-

264 1858 473 1897 saurum
532 1828 793 1913 aperuit,
853 1840 1008 1912 quasi
1063 1840 1288 1895 ﬂuvium
1346 1840 1602 1911 paradisi.
1664 1841 1725 1895 In
1781 1842 1888 1896 hoc

265 1939 433 1986 monte
480 1931 726 1985 Novum
775 1931 1183 1985 Testamentum
1229 1929 1287 1983 in
1333 1929 1593 1984 cordibus
1650 1927 1887 1984 ﬁliorum

267 2019 460 2089 scribit,
503 2019 803 2089 incipiens
844 2034 876 2072 a
919 2017 1249 2072 beatitudine
1289 2018 1383 2088 qui
1420 2017 1475 2071 in
1512 2024 1696 2072 monte
1740 2017 1887 2072 Sinai

272 2108 426 2164 Vetus
454 2109 895 2163 Testamentum
940 2106 997 2160 in
1043 2105 1313 2177 lapidibus
1344 2105 1518 2161 servis
1560 2106 1710 2162 dedit
1745 2106 1886 2162 inci-

272 2197 414 2268 piens
443 2214 475 2251 a
505 2204 769 2251 terrore.

333 2284 525 2356 (Αυει.)
560 2285 909 2340 Sermonem
941 2299 1104 2354 quem
1133 2282 1347 2339 locutus
1376 2289 1459 2338 est
1488 2282 1753 2339 Dominus
1782 2298 1887 2337 no-

272 2383 372 2429 ster
390 2375 445 2428 in
464 2382 697 2443 monte,
724 2373 869 2429 sicut
886 2373 942 2427 in
959 2372 1281 2446 Evangelio,
1304 2380 1434 2441 etc.,
1456 2388 1630 2444 usque
1650 2372 1739 2437 ad,
1768 2372 1889 2427 0m-

274 2465 357 2519 nis
384 2466 480 2536 qui
513 2463 697 2519 audit
736 2463 906 2518 verba
942 2478 1070 2517 mea
1110 2461 1224 2517 hac
1246 2466 1304 2518 et
1329 2463 1527 2532 faciat,
1565 2461 1887 2517 assimilabo

276 2568 395 2609 eum
422 2555 553 2609 viro
586 2553 850 2624 sapienti
879 2550 1099 2621 (Matth.
1134 2550 1255 2621 vn).

333 2659 508 2714 Vsus.
538 2662 595 2713 3.
624 2687 700 2697 —
722 2659 904 2713 Beati.
925 2657 1127 2729 (ϐιαία.
1152 2656 1348 2728 Nrss.)
1366 2654 1665 2724 Beatitudo,
1691 2664 1749 2711 ut
1768 2671 1890 2711 mea

273 2746 371 2802 fert
395 2747 622 2819 opinio,
660 2746 1083 2817 comprehensio
1112 2753 1195 2801 est
1224 2744 1465 2800 omnium
1486 2761 1673 2800 earum
1702 2761 1890 2799 rerum

275 2852 408 2907 quae,
446 2844 594 2904 etc.,
632 2850 816 2908 usque
845 2834 917 2890 ad
946 2833 1165 2889 miseria
1194 2833 1339 2889 enim
1369 2841 1451 2889 est
1493 2833 1549 2888 in
1586 2833 1799 2890 acerbis
1838 2841 1891 2889 et

272 2925 520 2980 tristibus
553 2931 865 2995 nostraque
896 2922 1170 2979 voluntate
1200 2938 1312 2978 non
1341 2922 1717 2979 occidentibus
1746 2922 1891 2979 casi-

272 3012 366 3068 bus
392 3022 449 3069 et
480 3012 901 3070 calamitatibus
931 3027 1195 3068 aerumna.

337 3105 503 3159 Beati
532 3117 841 3175 pauperes.
877 3101 1281 3157 Sententiarum
1311 3116 1573 3155 numerus
1593 3099 1886 3173 diligenter

276 3200 353 3247 est
379 3190 785 3247 attendendus.
835 3190 1028 3262 Incipit
1075 3189 1221 3245 enim
1258 3189 1533 3245 beatitudo
1576 3189 1646 3244 ab
1682 3188 1899 3243 humili-

285 3288 406 3337 tate.

350 3368 582 3439 alma.)
604 3369 768 3424 Beati
781 3383 1059 3440 pauperes
1078 3369 1305 3439 spiritu.
1325 3366 1461 3435 Quia
1478 3381 1587 3421 non
1601 3365 1901 3422 necessitas

284 3459 378 3513 sed
405 3458 585 3527 ﬁdes,
618 3465 675 3511 et
713 3456 932 3511 devotio
972 3456 1311 3526 paupertatis
1350 3455 1541 3509 beatos
1578 3454 1726 3525 facit,
1768 3462 1898 3525 etc.,

285 3563 463 3618 usque
494 3546 570 3601 ad
600 3545 744 3601 sicut
772 3544 986 3598 initium
1017 3543 1300 3615 sapientiae
1333 3543 1494 3598 timor
1525 3542 1775 3612 Domini,
1824 3542 1904 3599 sic

276 3642 585 3707 paupertas
615 3642 701 3689 est
732 3632 1061 3705 principium
1096 3631 1469 3699 beatitudinis.

350 3740 701 3813 (Causea)
733 3740 1014 3809 Pauperes
1046 3738 1239 3809 spiritu
1270 3745 1396 3792 sunt
1423 3736 1656 3792 humiles
1685 3744 1739 3791 et
1767 3751 1904 3792 con-

289 3830 397 3885 triti
432 3829 626 3886 corde.
680 3828 944 3899 Spiritum
975 3835 1157 3883 autem
1185 3826 1275 3883 hic
1308 3826 1549 3881 animam
1578 3834 1632 3880 et
1662 3826 1907 3881 volunta-

288 3925 399 3974 tem
429 3918 587 3973 dixit.
622 3916 898 3986 Quoniam
937 3924 1120 3971 autem
1157 3915 1314 3970 multi
1353 3923 1478 3970 sunt
1518 3915 1753 3969 humiles
1797 3930 1908 3969 non

294 4007 607 4079 spontanei,
661 4006 760 4062 sed
806 4004 1011 4062 astricti
1067 4004 1392 4061 necessitate
1416 4047 1430 4075 ,
1489 4005 1696 4075 primos
1752 4010 1912 4060 vocat

290 4097 507 4153 beatos.

354 4187 532 4241 Vnus.
566 4185 620 4239 4.
654 4214 724 4224 -
754 4185 914 4240 Beati
940 4185 1128 4240 mites.
1154 4183 1313 4239 Mites
1340 4189 1466 4237 sunt
1488 4181 1581 4254 qui
1601 4182 1763 4238 malis
1792 4198 1913 4238 mo-

301 4274 457 4330 ribus
485 4272 843 4330 dominantur
877 4291 891 4328 :
921 4271 1168 4344 perfecta
1214 4271 1391 4328 virtus
1420 4278 1504 4327 est
1531 4287 1749 4327 morum
1792 4287 1919 4343 pos-

295 4379 488 4420 888510.

364 4470 670 4543 (Τηεορη.)
713 4467 873 4525 Mites
902 4475 1060 4537 sunt,
1100 4483 1210 4524 non
1244 4466 1335 4540 qui
1363 4483 1591 4539 prorsus
1620 4483 1732 4523 non
1760 4466 1898 4522 iras-

297 4568 514 4629 cuntur,
559 4566 689 4629 etc.,
732 4574 907 4631 usque
937 4558 1010 4614 ad
1038 4557 1118 4614 sic
1149 4557 1400 4614 doctrina
1430 4557 1533 4614 viri
1562 4574 1662 4629 per
1689 4556 1899 4629 patien-

302 4648 430 4704 tiam
458 4648 821 4723 dignoscitur.

372 4737 740 4794 Possidebunt
756 4740 991 4792 terram.
1006 4734 1197 4808 (Ασθ.)
1210 4734 1365 4790 Illam
1381 4741 1590 4790 terram
1606 4748 1711 4807 ego
1731 4733 1899 4789 credo

304 4825 376 4881 de
397 4843 499 4897 qua
516 4826 571 4881 in
591 4825 813 4881 Psalmo
832 4824 1031 4881 dicitur
1054 4843 1067 4880 :
1093 4826 1223 4898 Spes
1242 4840 1370 4881 mea
1389 4840 1446 4880 es
1469 4828 1549 4891 tu,
1570 4824 1755 4896 portio
1775 4839 1901 4879 mea

315 4917 379 4969 in
407 4920 558 4971 terra
590 4916 906 4971 viventium
935 4915 1110 4985 (Psal.
1144 4914 1313 4985 CLXI).

378 5022 543 5077 Vens.
569 5025 623 5077 5.
647 5052 719 5062 —
741 5023 901 5077 Beati
920 5023 1015 5094 qui
1036 5023 1248 5093 lugent.
1281 5020 1389 5077 Pro
1411 5019 1524 5075 suis
1553 5019 1638 5076 vel
1669 5018 1901 5075 aliorum

321 5111 573 5182 peccatis,
607 5110 701 5182 qui
732 5118 816 5165 est
846 5109 916 5164 ab
945 5108 1153 5183 irriguo
1182 5108 1445 5179 inferiori,
1498 5109 1594 5163 sed
1626 5108 1718 5180 qui
1749 5107 1806 5162 ﬁt
1835 5108 1904 5163 ab

327 5198 528 5272 irriguo
566 5197 841 5270 superiori
884 5206 968 5252 est
1010 5214 1073 5253 ex
1112 5197 1386 5254 desiderio
1429 5197 1667 5253 cmlestis
1695 5197 1902 5268 patriae.

318 5286 417 5343 Ille
436 5287 576 5343 lavat
596 5294 903 5359 praesentes
924 5287 1135 5356 sordes,
1158 5287 1245 5343 hic
1266 5286 1515 5343 accendit
1535 5286 1717 5343 acrius
1746 5295 1904 5341 aeter-

318 5390 507 5431 norum
537 5385 834 5432 amatores.
859 5375 965 5445 Qui
985 5383 1165 5431 autem
1186 5384 1410 5447 peccata
1430 5374 1700 5446 deposuit,
1725 5392 1909 5431 mores

320 5467 727 5521 mansuetudine
748 5465 1007 5535 correxit,
1040 5464 1186 5520 ﬂevit
1215 5465 1399 5535 etiam,
1431 5465 1543 5534 jam
1576 5473 1755 5536 potest
1785 5481 1907 5520 esu-

329 5553 430 5611 rire
460 5564 511 5613 et
538 5555 693 5612 sitire
717 5554 1002 5626 justitiam,
1036 5554 1182 5626 quod
1210 5554 1362 5627 prius
1392 5570 1503 5610 non
1521 5561 1753 5627 poterat.
1782 5555 1912 5611 Haec

1986 1743 2040 1791 et
2069 1736 2203 1790 Deo.
2244 1736 2374 1790 Hac
2400 1734 2612 1803 'justitia
2654 1751 2765 1790 non
2814 1735 2975 1805 plene
3028 1735 3364 1807 implebitur,
3414 1737 3593 1794 donec

1987 1824 2135 1878 Deus
2192 1823 2261 1876 sit
2287 1822 2472 1878 omnia
2524 1823 2581 1876 in
2636 1822 2890 1877 omnibus
2923 1841 2937 1877 :
2970 1823 3094 1878 ideo
3150 1823 3242 1880 hic
3289 1840 3585 1895 possumus

1988 1910 2218 1981 esurire,
2233 1927 2341 1966 non
2362 1911 2614 1965 saturari.
2629 1911 2859 1967 Iustitia
2876 1911 3060 1967 lumen
3075 1920 3159 1967 est
3177 1910 3579 1984 misericordia,

1987 2000 2381 2057 misericordiae
2408 2000 2581 2055 virtus
2616 2000 2866 2069 justitia;
2898 2001 3017 2056 haec
3045 2000 3427 2056 misericordia
3455 2009 3588 2074 eget

1989 2088 2182 2159 spiritu
2211 2088 2457 2158 consilii,
2506 2088 2623 2143 sine
2654 2105 2761 2160 quo
2791 2105 2952 2144 nemo
2983 2089 3380 2159 circumspecte
3423 2089 3588 2145 mise-

1987 2185 2157 2232 retur.
2203 2176 2421 2231 Initium
2459 2184 2542 2232 est
2582 2178 2666 2231 sui
2709 2177 2995 2247 misereri,
3038 2176 3161 2232 finis
3205 2184 3289 2233 est
3332 2184 3435 2249 pro
3478 2178 3587 2234 alio

1987 2266 2146 2321 mori.
2183 2264 2334 2320 Ordo
2365 2265 2510 2320 enim
2541 2273 2626 2320 est
2656 2266 2954 2322 miserendi
2973 2273 3031 2321 ut
3050 2266 3426 2338 unusquisque
3456 2266 3592 2322 inci-

1985 2354 2100 2424 piat
2127 2369 2161 2408 a
2189 2370 2267 2408 se.
2302 2354 2489 2409 Finem
2521 2354 2776 2409 Christus
2804 2355 3062 2425 insinuat,
3085 2371 3188 2426 pro
3207 2354 3593 2427 peccatoribus

1987 2448 2235 2498 mortuus
2264 2458 2331 2497 ex
2359 2442 2758 2498 misericordia.

2059 2548 2230 2603 Vnus.
2267 2550 2321 2603 ’7.
2346 2578 2415 2588 —
2436 2551 2597 2603 Beati
2625 2549 3034 2605 misericordes.
3068 2548 3442 2605 Misericordia
3471 2564 3595 2605 nas-

1989 2636 2131 2693 citur
2158 2638 2226 2692 de
2245 2636 2702 2708 praecedentibus,
2750 2637 2875 2707 quia
2895 2636 2940 2690 si
2959 2637 3305 2708 praecesserit
3333 2654 3468 2694 vera
3484 2639 3599 2694 hu-‘

1989 2725 2191 2780 militas
2230 2734 2284 2780 et
2321 2725 2533 2780 animus
2580 2733 2945 2795 mansuescat,
2987 2733 3041 2780 et
3083 2742 3212 2781 suos
3258 2733 3311 2781 et
3360 2726 3594 2783 aliorum

1992 2829 2153 2870 casus
2182 2813 2330 2883 ﬂeat,
2373 2821 2427 2869 et
2464 2814 2728 2883 justitiam
2758 2814 2978 2883 esuriat,
3022 2822 3146 2885 post
3184 2814 3428 2871 nascitur
3464 2832 3596 2871 vera

1990 2902 2388 2958 misericordia.
2421 2904 2572 2959 Tunc
2602 2903 2747 2957 enim
2775 2902 3026 2957 miserias
3047 2903 3250 2958 alienas
3287 2903 3449 2959 faciet
3471 2920 3598 2960 suas

1920 3014 1969 3077 Ο
2000 2998 2054 3047 et
2083 3008 2186 3063 pro
2216 2991 2425 3047 viribus
2451 2991 2660 3060 juvabit
2690 3009 2703 3045 :
2738 2999 2791 3046 et
2822 2992 2867 3045 si
2890 2991 3115 3061 juvandi
3144 2991 3374 3047 facultas
3403 2992 3594 3063 deest,

1999 3081 2305 3152 compassio
2334 3096 2445 3135 non
2475 3080 2650 3136 deerit
2684 3098 2698 3135 :
2732 3082 2921 3138 Estote
2950 3080 3341 3138 misericordes
3361 3083 3510 3137 sicut
3541 3087 3598 3138 et

1998 3173 2171 3225 Pater
2200 3174 2384 3225 vester
2412 3172 2736 3227 misericors
2757 3175 2842 3224 est
2862 3169 3014 3240 (Luc.
3040 3170 3141 3241 γι),
3173 3169 3229 3223 id
3259 3177 3361 3239 est,
3394 3170 3464 3224 ad
3494 3170 3600 3227 hoc

1998 3258 2367 3314 misereamini
2387 3259 2458 3313 ad
2478 3259 2624 3330 quod
2646 3267 2699 3313 et
2720 3259 2888 3328 Deus,
2922 3265 2981 3313 ut
3000 3258 3217 3313 bonitas
3249 3258 3515 3315 redundet
3542 3258 3601 3314 in

2000 3348 2254 3403 omnibus
2286 3366 2300 3402 :
2334 3347 2716 3403 misericordia
2746 3348 2863 3403 sine
2888 3347 3097 3416 justitia
3126 3347 3378 3402 remissio
3398 3356 3451 3402 et
3472 3346 3602 3418 tepi-

2001 3436 2143 3491 ditas
2169 3455 2183 3503 ;
2208 3436 2419 3505 justitia
2449 3436 2565 3491 sine
2595 3435 2973 3492 misericordia
3002 3436 3264 3493 severitas
3293 3444 3348 3492 et
3376 3435 3601 3492 austeri-

2003 3533 2084 3581 tas
2116 3525 2334 3581 dicitur.
3530 3572 3547 3608 ι

2073 3632 2244 3687 Vnus.
2278 3636 2330 3687 9.
2363 3662 2432 3672 —
2480 3634 2637 3688 Beati
2678 3632 2923 3704 paciﬁci.
2976 3631 3164 3704 (ΚΑΒ.)
3210 3630 3432 3688 Paciﬁci
3476 3639 3603 3687 sunt

2005 3720 2100 3791 qui
2128 3736 2319 3776 omnes
2348 3727 2529 3775 motus
2558 3720 2723 3774 animi
2762 3728 3095 3790 componunt
3124 3728 3178 3774 et
3208 3720 3406 3775 rationi
3435 3720 3603 3789 subji-

2006 3809 2174 3877 ciunt,
2208 3809 2333 3879 quia
2362 3808 2447 3862 his
2477 3808 2609 3862 nihil
2639 3816 2907 3881 repugnat
2927 3807 3020 3879 qui
3039 3807 3245 3863 similes
3272 3807 3435 3879 patri,
3469 3816 3599 3879 etc.,

2007 3913 2179 3970 usque
2210 3897 2281 3952 ad
2310 3912 2435 3952 cum
2464 3904 2646 3951 autem
2676 3898 2824 3951 Deus
2872 3896 2976 3951 erit
3014 3895 3194 3951 omnia
3229 3896 3287 3951 in
3325 3895 3599 3968 omnibus,

2009 3992 2137 4042 tunc
2167 3986 2445 4041 beatitudo
2475 3986 2781 4056 adoptionis
2811 3985 3050 4040 dabitur.

2082 4093 2249 4148 Vens.
2277 4095 2363 4146 10.
2378 4123 2447 4132 -
2460 4095 2619 4147 Beati
2638 4094 2733 4165 qui
2749 4093 3221 4165 persecutionem.
3245 4092 3304 4145 In
3324 4091 3606 4163 prmdictis

2012 4189 2221 4253 septem
2267 4188 2351 4237 est
2394 4180 2747 4252 perfectionis
2794 4180 3036 4236 ostensio
3084 4187 3139 4235 et
3182 4180 3447 4251 probatio.
3501 4180 3608 4250 Qui

2010 4270 2274 4342 praedicta
2320 4270 2548 4339 habent,
2591 4269 2704 4341 pati
2750 4277 2979 4341 possunt
3016 4268 3453 4341 persecutionem
3496 4287 3511 4325 :
3553 4277 3609 4325 et

1920 4388 1972 4447 Ι)
2012 4367 2161 4416 recte
2190 4366 2340 4415 tenet
2366 4358 2626 4430 praedicta
2653 4376 2775 4431 qua:
2793 4358 3003 4431 accepit
3026 4357 3119 4429 qui
3153 4373 3256 4428 pro
3277 4358 3357 4414 eis
3386 4365 3609 4430 paratus

2008 4457 2092 4505 est
2121 4448 2280 4504 mori.

2072 4555 2243 4611 Vens.
2270 4558 2355 4611 11.
2372 4556 2613 4611 -—Beati
2632 4556 2768 4611 estis
2788 4570 2919 4610 cum
2940 4552 3373 4609 maledixerint.
3396 4553 3605 4609 Hucus-

2002 4660 2108 4717 que
2136 4644 2470 4717 generaliter
2501 4642 2799 4698 sententias
2830 4641 3014 4712 posuit
3046 4640 3201 4713 quasi
3230 4642 3301 4697 ad
3328 4642 3605 4713 absentes,

2003 4748 2127 4792 cum
2159 4741 2213 4787 et
2244 4732 2313 4787 ad
2346 4738 2653 4802 praisentes
2683 4729 3046 4802 pertinerent,
3076 4745 3223 4786 nunc
3242 4731 3311 4785 ad
3331 4746 3428 4786 eos
3446 4732 3617 4787 verba

2004 4821 2248 4879 converti
2280 4819 2554 4892 (quamvis
2574 4821 2752 4875 ethoc
2774 4818 2895 4875 aliis
2927 4818 3260 4893 conveniat),
3294 4820 3602 4891 praedicens

2005 4918 2208 4984 quanta
2237 4926 2338 4981 pro
2369 4909 2588 4965 nomine
2619 4909 2737 4978 ejus
2758 4916 2943 4965 essent
2972 4908 3191 4980 passuri
3222 4926 3236 4962 :
3272 4908 3401 4980 quia
3426 4908 3608 4982 digni-

2006 5008 2171 5057 tatem
2210 4999 2416 5073 gradus
2456 5014 2649 5054 eorum
2687 4998 2767 5053 eis
2806 4997 3062 5053 intimare
3112 4996 3331 5053 volebat
3368 4996 3559 5054 dicens
3594 5016 3607 5053 :

2011 5093 2113 5147 Vos
2136 5091 2269 5145 estis
2290 5089 2375 5144 sal
2398 5092 2583 5154 terrae,
2606 5104 2699 5145 vos
2720 5090 2855 5143 estis
2883 5089 2987 5143 tua:
3005 5087 3246 5156 mundi;
3276 5094 3335 5141 ut
3355 5103 3423 5142 ex
3441 5084 3611 5141 tristi-

2008 5180 2110 5234 bus
2138 5176 2515 5246 humilitatem,
2550 5193 2616 5232 ex
2646 5175 2784 5232 laetis
2814 5176 3128 5247 acciperent
3152 5175 3606 5231 consolationem.

2084 5284 2500 5341 Maledixerint.
2524 5282 2759 5355 Antiqua
2780 5282 3063 5338 translatio
3082 5282 3247 5337 habet
3278 5299 3291 5335 :
3330 5283 3469 5339 Cum
3490 5282 3611 5339 ode-

2009 5377 2133 5433 rint
2152 5390 2243 5430 vos
2264 5373 2535 5439 homines,
2560 5377 2616 5429 et
2637 5374 2896 5429 dixerint
2915 5389 3079 5429 omne
3098 5373 3334 5438 malum,
3359 5376 3416 5427 et
3439 5388 3612 5443 expu-

2013 5465 2205 5521 lerint.
2241 5463 2392 5518 Idem
2419 5471 2603 5518 tamen
2634 5478 2827 5517 sensus
2847 5462 2901 5516 in
2924 5469 3135 5532 nostra,
3165 5477 3289 5517 cum
3318 5459 3603 5515 maledicta

2011 5570 2078 5610 ex
2123 5552 2250 5609 odio
2298 5552 2481 5609 cordis
2530 5551 2679 5608 ﬁant.
2713 5550 2818 5622 Qui
2846 5551 3082 5625 gloriam
3119 5550 3243 5608 C(Bli
3285 5556 3451 5622 optat,
3496 5563 3608 5606 non
