4000 6182
410 168 471 222 91
936 169 1341 228 WALAFRIDI
1380 170 1625 229 STRABI
1662 172 1861 228 FULD.
1900 169 2072 229 MON.
2115 167 2269 226 OPP.
2309 169 2485 226 PARS
2523 171 2566 225 Ι.
2607 200 2677 212 -
2713 171 3181 230 THEOLOGICA.
3631 181 3702 236 92

412 289 567 347 timet
614 293 971 364 opprobrium
1017 295 1075 348 in
1123 303 1309 362 terra;
1361 304 1622 367 quantum
1668 295 1898 367 quisque
1941 295 2010 351 de
2037 296 2094 359 A
2114 293 2300 349 lamini
2328 310 2397 349 ne
2418 310 2517 351 vos
2535 295 2903 353 abscondatis.
2926 298 3049 353 Non
3069 297 3215 353 enim
3232 296 3466 363 facultas
3485 299 3704 355 subter-

412 378 579 436 laude
610 381 892 438 hominum
918 384 1152 453 laetatur,
1187 392 1397 439 tantum
1417 385 1485 441 de
1505 384 1802 455 opprobrio
1831 384 2013 439 trista-

411 474 517 524 tur.
563 468 738 539 Quem
776 470 896 527 laus
938 472 1163 541 extollit,
1208 472 1532 543 vituperatio
1570 472 1823 544 deprimit
1863 491 1876 527 :
1919 472 2012 527 ubi

417 557 538 629 quis
570 560 763 631 quaerit
789 560 999 615 laudari
1042 568 1251 616 tantum
1290 562 1434 631 apud
1475 562 1668 630 Deum,
1720 576 1829 617 non
1860 561 2011 616 timet

410 646 669 703 confundi
713 649 769 703 in
816 657 1113 720 conspectu
1151 649 1451 704 hominum.
1494 651 1848 705 Mentientes.
1893 650 2009 706 Hoc

410 734 560 789 addit
589 752 658 791 ne
689 736 956 809 glorietur
976 738 1044 792 de
1067 753 1175 808 quo
1205 753 1335 792 vere
1355 736 1500 791 mala
1520 737 1793 795 dicuntur.
1825 736 2007 792 Etiam

409 822 560 878 addit
593 840 606 878 :
638 827 877 897 Pr0pter
901 841 1019 894 me,
1064 824 1191 896 quia
1239 825 1534 896 aliquando
1565 825 1701 880 falsa
1730 824 2003 896 dicuntur,

411 912 557 982 quod
578 912 789 968 accedit
805 914 1106 968 temeritate
1127 913 1427 982 hominum,
1446 929 1558 968 non
1578 920 1760 969 tamen
1781 921 2007 985 propter

411 998 687 1055 Christum
714 1002 820 1057 hoc
847 1001 1143 1072 patiuntur,
1178 1018 1343 1074 quem
1372 1017 1490 1062 non.
1514 1010 1831 1074 sequuntur.

479 1122 650 1178 Vens.
687 1126 773 1180 12.
807 1155 877 1164 -
909 1125 1186 1192 Quoniam
1214 1142 1429 1182 merces
1460 1129 1647 1183 vestra
1675 1127 1897 1199 copiosa
1918 1130 2005 1182 est

405 1211 471 1266 in
500 1212 673 1266 caelis.
704 1211 829 1267 Non
848 1212 905 1267 in
925 1213 1274 1283 volubilibus,
1299 1229 1424 1269 cum
1443 1230 1554 1268 non
1572 1214 1628 1267 in
1648 1214 1814 1269 rebus
1842 1214 2003 1269 volu-

408 1297 609 1354 bilibus
637 1315 856 1356 merces
885 1308 1090 1356 aeterna
1118 1318 1240 1356 esse
1271 1302 1488 1371 debeat,
1548 1303 1646 1357 sed
1674 1301 1729 1356 in
1760 1301 2006 1372 spiritua-

406 1385 551 1442 libus
597 1387 972 1459 ﬁrmamentis,
1023 1389 1115 1444 ubi
1162 1390 1371 1445 habitat
1412 1391 1741 1461 sempiterna
1773 1390 1997 1459 justitia.

408 1475 530 1531 Jam
560 1492 696 1550 ergo
727 1478 963 1532 sentiunt
992 1479 1134 1534 hanc
1162 1479 1475 1534 mercedem
1507 1479 1599 1550 qui
1630 1478 2002 1549 spiritualibus

409 1563 569 1618 bonis
598 1566 857 1639 gaudent.
892 1567 1001 1622 Sed
1029 1565 1342 1637 perﬁcietur
1372 1583 1495 1623 cum
1527 1567 1756 1622 mortale
1786 1568 1891 1623 hoc
1918 1567 2002 1621 in-

2108 380 2355 455 fugiendi
2393 383 2480 438 vel
2518 384 2659 439 clam
2716 384 2919 457 aliquid
2961 386 3230 453 faciendi;
3280 386 3406 442 ideo
3451 387 3703 445 subditos

2108 471 2537 527 misericorditer
2564 473 2709 527 intus
2737 474 2965 530 consilio
2995 475 3191 548 regite,
3232 482 3286 530 et
3325 483 3481 531 extra
3509 484 3705 533 contra

2108 559 2457 615 adversarios
2492 576 2593 631 pro
2623 561 2834 630 justitia
2874 564 3171 637 pugnando
3199 562 3474 620 defendite
3506 583 3521 619 :
3554 565 3703 638 quod

2105 647 2340 719 pertinet
2368 648 2439 703 ad
2469 648 2718 719 spiritum
2739 649 2951 706 consilii
2980 659 3033 705 et
3060 650 3412 707 fortitudinis.

2176 754 2347 809 Vnus.
2373 758 2458 809 15.
2474 756 2736 827 —Neque
2756 756 3074 813 accendunt
3097 758 3411 814 lucernam.
3434 758 3704 815 Domesti-

2105 840 2185 897 cis
2214 841 2480 912 exemplis
2507 843 2686 913 docet,
2720 860 2789 899 ne
2819 844 2997 899 celent
3023 844 3203 901 lucem
3230 846 3385 901 verbi
3416 846 3518 901 sibi
3549 863 3703 904 com-

2103 929 2348 985 missam.
2401 931 2525 986 Non
2555 931 2880 1001 accendunt,
2931 932 2987 988 id
3016 941 3118 1001 est,
3167 949 3280 988 non
3305 934 3431 990 ideo
3457 934 3590 991 data
3617 944 3703 992 est

2103 1018 2354 1074 doctrina
2400 1019 2809 1090 praedicationis
2847 1028 2905 1075 ut
2947 1021 3126 1077 celent
3161 1037 3283 1076 eam
3320 1029 3374 1078 et
3411 1023 3705 1092 subjiciant

2104 1107 2352 1162 servituti
2398 1107 2664 1178 corporis,
2706 1109 2835 1163 dum
2874 1108 3058 1180 aliqua
3094 1109 3304 1165 timent.
3348 1111 3460 1166 Sed
3496 1126 3702 1183 corpus

2102 1211 2262 1249 suum
2308 1195 2612 1251 ministerio
2659 1196 2760 1251 Dei
2807 1197 3116 1266 subjiciunt,
3165 1204 3225 1252 ut
3268 1214 3369 1269 per
3414 1214 3610 1256 vocem
3647 1208 3706 1257 et

2103 1291 2310 1339 caetera
2337 1284 2585 1354 corporis
2605 1283 2784 1339 ofﬁcia
2803 1285 2892 1339 lux
2914 1285 3270 1341 excellentior
3288 1287 3504 1343 caeteris
3524 1302 3702 1359 appa-

2102 1379 2238 1427 reat.
2263 1372 2418 1429 Unde
2439 1373 2638 1428 dicitur
2659 1374 2709 1445 (Ι
2726 1376 2847 1430 Cor.
2872 1374 2957 1444 Ix)
2981 1392 2994 1427 :
3024 1375 3244 1447 Castigo
3265 1392 3466 1448 corpus
3485 1393 3699 1448 meum,

2102 1466 2206 1515 etc.
2255 1459 2374 1529 Vel,
2419 1460 2665 1515 Christus
2704 1460 2986 1517 lucernam
3025 1462 3293 1533 accendit,
3334 1463 3466 1518 dum
3501 1472 3703 1520 testam

2101 1547 2353 1602 humanae
2380 1556 2591 1603 naturae
2634 1549 2857 1603 flamma
2902 1566 3027 1604 suae
3070 1550 3365 1606 divinitatis
3404 1552 3651 1623 implevit
3682 1571 3698 1609 :

407 1652 538 1708 duet
565 1636 1047 1709 inmortalitatem:
1083 1656 1172 1713 Sic
1202 1658 1356 1711 enim
1379 1658 1683 1729 persecuti,
1717 1664 1821 1712 etc.
1845 1657 2002 1711 Tem-
2022 1654 2075 1715 B
2103 1651 2265 1707 quam
2293 1650 2401 1729 ne":
2428 1636 2778 1729 οιίθάθΠῖ-ίδυδ
2807 1636 3113 1729 ἓδὲθοηᾷίίν
3161 1654 3275 1729 ne?
3293 1639 3496 1729 Ψοάξον
3514 1641 3588 1729 νίά
3608 1650 3705 1729 re“

404 1749 565 1813 perat
594 1743 844 1814 exemplo
887 1743 1131 1816 rigorem
1166 1744 1458 1814 passionis.
1505 1744 1703 1800 Tribus
1737 1745 1916 1801 modis
1944 1743 2003 1800 ﬁt

405 1830 719 1902 persecutio
752 1849 766 1886 :
798 1831 926 1887 odio
955 1832 1158 1902 cordis,
1190 1833 1370 1902 dictis,
1402 1832 1580 1888 factis.

477 1936 649 1992 Vens.
686 1940 771 1993 13.
804 1968 874 1977 -—
917 1939 1011 1994 Vos
1042 1940 1178 1994 estis
1207 1940 1294 1994 sal
1326 1943 1511 1994 terra.
1547 1938 1647 1994 Hic
1669 1939 1782 2008 jam
1810 1946 1999 1994 osten-

407 2023 555 2080 ditur
592 2025 967 2096 apostolorum
1005 2025 1269 2096 oﬁicium,
1321 2027 1529 2083 scilicet
1570 2028 1716 2099 quod
1755 2035 1880 2094 sunt
1919 2028 2000 2083 sal

404 2119 570 2168 terrae
620 2122 674 2168 et
721 2113 812 2168 lux
842 2114 1048 2169 mundi.
1097 2116 1213 2171 Hoc
1261 2115 1570 2185 specialiter
1595 2116 1663 2171 ad
1700 2116 1995 2187 apostolos,

406 2200 499 2273 qui
527 2202 804 2273 praedictis
838 2202 1146 2272 virtutibus,
1178 2211 1501 2275 paupertate
1539 2203 1747 2261 scilicet
1775 2214 1828 2259 et
1856 2205 1996 2274 aliis,

405 2289 608 2345 debent
635 2291 841 2362 ornari,
873 2299 933 2347 ut
962 2293 1068 2347 sint
1098 2292 1179 2347 sal
1210 2293 1473 2363 optimum
1517 2293 1833 2348 condientes
1861 2293 1999 2347 alios

404 2379 674 2450 doctrina,
723 2387 777 2435 et
821 2381 947 2436 vitae
976 2398 1090 2437 sua:
1121 2382 1401 2453 exemplo.
1437 2382 1548 2451 Sal,
1600 2380 1748 2436 salus
1796 2399 1829 2436 a
1876 2397 1999 2437 cor-

405 2467 676 2539 ruptione.
693 2469 848 2525 Unde
867 2471 1165 2540 propheta:
1182 2473 1352 2528 Posui
1371 2475 1424 2526 te
1444 2472 1506 2525 in
1526 2472 1708 2526 lucem
1717 2471 1993 2543 gentium,

400 2560 472 2613 ut
499 2559 579 2612 si:
609 2559 766 2613 salus
794 2574 921 2613 mea
950 2575 1125 2631 usque
1153 2559 1226 2614 ad
1254 2563 1515 2615 extrema
1545 2564 1732 2615 terrae.

473 2681 624 2748 Quod
652 2683 702 2737 si
732 2683 839 2752 sal,
874 2690 979 2737 etc.
1015 2682 1074 2737 Id
1095 2690 1196 2752 est,
1222 2682 1268 2737 si
1289 2698 1406 2752 vos,
1440 2699 1542 2753 per
1572 2699 1709 2753 quos
1739 2682 1830 2736 alii
1861 2698 1997 2738 con-

400 2767 586 2823 diendi
629 2778 771 2838 sunt,
814 2770 1062 2825 adversis
1101 2770 1188 2825 vel
1228 2771 1510 2841 prosperis
1540 2771 1816 2827 cesseritis
1852 2788 1865 2825 :
1898 2787 1999 2842 per

402 2873 540 2928 quos
569 2872 604 2912 a
633 2857 788 2913 vobis
820 2875 978 2913 error
1006 2858 1302 2929 auferetur,
1344 2874 1469 2914 cum
1498 2875 1597 2915 vos
1627 2861 1774 2914 Deus
1803 2859 1997 2913 tollere

399 2944 519 3001 aliis
564 2945 849 3018 elegerit?
895 2947 977 3001 Ad
1025 2946 1252 3000 nihilum
1299 2947 1443 3002 valet
1488 2966 1501 3002 :
1552 2947 1680 3019 quia
1726 2948 1807 3019 (ut
1854 2948 1993 3002 alius

400 3035 740 3107 evangelista
780 3035 875 3105 ait)
916 3050 1017 3091 nec
1056 3042 1218 3090 terrae
1254 3034 1399 3089 utilis
1439 3043 1521 3090 est
1565 3052 1729 3106 quam
1770 3053 1869 3091 suo
1909 3036 1991 3090 in-

392 3122 542 3192 jectu
573 3123 885 3195 germinare
915 3123 1186 3194 prohibet,
1218 3139 1320 3179 nec
1350 3123 1690 3195 sterquilinio
1712 3125 1856 3196 quod
1887 3141 1998 3179 non

399 3210 697 3267 fecundare
717 3212 861 3266 sinit.
892 3212 982 3267 Sic
1009 3210 1099 3283 qui
1131 3220 1276 3266 retro
1300 3212 1464 3281 vadit,
1489 3228 1591 3268 nec
1619 3213 1738 3282 ipse
1769 3212 2005 3268 fructum

397 3298 520 3371 fert,
552 3316 655 3356 nec
684 3301 821 3356 alios
850 3301 995 3356 valet
1024 3300 1295 3371 excolere,
1330 3302 1427 3356 scd
1461 3302 1531 3355 ab
1563 3302 1815 3357 Ecclesia
1850 3302 2002 3371 ejici-

399 3396 507 3456 tur,
540 3397 592 3444 et
620 3389 676 3443 in
705 3391 822 3445 hinc
853 3390 1018 3445 verba
1039 3389 1249 3444 ridetur
1282 3408 1295 3444 :
1328 3392 1428 3445 Hic
1456 3390 1617 3447 homo
1638 3392 1803 3463 coepit
1827 3391 2002 3460 aediﬁ-

398 3494 546 3544 care,
583 3482 640 3533 et
666 3494 782 3533 non
808 3479 997 3550 potuit
1027 3495 1440 3535 consummare.
1495 3480 1552 3535 Si
1585 3481 1673 3534 sal
1703 3481 2002 3534 evanuerit

401 3566 557 3638 (Luc.
591 3566 695 3637 IV.)
728 3566 788 3620 Id
816 3574 918 3634 est,
952 3566 997 3619 si
1019 3566 1212 3621 timore
1235 3566 1321 3621 vel
1341 3567 1593 3636 cupidine
1615 3567 1807 3622 doctor
1839 3583 2001 3637 sapo-

397 3670 518 3709 rem
566 3653 845 3725 sapientia:
893 3654 1173 3725 omiserit,
1242 3671 1342 3725 per
1389 3671 1551 3725 quem
1610 3654 1833 3709 fatuitas
1880 3656 1998 3725 ejus

397 3742 825 3799 emendabitur?
873 3744 987 3798 Hoc
1036 3742 1166 3798 solis
1210 3743 1472 3813 apostolis
1503 3744 1757 3800 convenit
1790 3762 1803 3799 :
1837 3742 1998 3812 Quod

396 3832 662 3904 sequitur,
677 3832 930 3887 omnibus
952 3831 1257 3905 magistris:
1276 3833 1357 3887 Ad
1376 3833 1626 3889 nihilum
1647 3834 1796 3889 valet
1816 3834 1994 3888 ultra‘

395 3928 500 3978 etc.
535 3921 597 3975 In
628 3920 734 3976 ﬁne
766 3922 835 3976 de
865 3921 1118 3976 omnibus
1139 3920 1414 3977 concludit
1433 3921 1512 3976 sic
1544 3939 1557 3975 :
1592 3923 1713 3977 Nisi
1743 3921 1995 3976 abunda-

393 4011 540 4066 verit
557 4011 811 4080 justitia,
846 4017 950 4064 etc.

465 4133 537 4188 Et
557 4132 921 4238 canculcetur
940 4130 1006 4230 ab
1029 4130 1367 4238 hominibus.
1384 4130 1617 4187 Sanctus
1636 4138 1688 4186 et
1708 4147 1871 4238 verus
1892 4131 1993 4186 mi-
2079 4130 2223 4220 feda
2252 4130 2710 4233 perﬁ'cianmlg‘ct
2739 4130 3147 4238 Signifi'cggt‘ia;

394 4219 569 4275 nister
598 4219 815 4289 Christi,
849 4227 901 4274 et
931 4219 976 4273 si
1005 4235 1035 4273 a
1066 4218 1225 4273 malis
1256 4217 1483 4288 ridetur,
1534 4219 1847 4276 conculcari
1881 4236 1992 4275 non

393 4316 594 4381 potest,
632 4309 759 4380 quia
785 4315 966 4363 mente
997 4306 1136 4362 ﬁxus
1166 4308 1222 4361 in
1251 4307 1391 4363 coelo
1419 4315 1620 4364 manet.

464 4416 636 4472 VEns.
674 4416 759 4470 14.
799 4446 868 4456 -
905 4417 997 4473 Vos
1018 4416 1155 4471 estis
1180 4416 1283 4470 lux
1302 4415 1523 4470 mundi.
1547 4413 1705 4468 Prius
1726 4414 1807 4469 sal
1830 4431 1995 4487 quam

397 4505 509 4574 lux,
553 4504 681 4576 quia
717 4504 870 4575 prius
909 4504 1020 4559 vita
1059 4519 1222 4575 quam
1261 4502 1512 4558 doctrina
1545 4520 1558 4556 :
1593 4502 1703 4557 vita
1741 4503 1888 4558 ducit
1928 4504 1999 4558 ad

395 4593 680 4649 scientiam
727 4593 991 4649 veritatis.
1046 4591 1151 4661 Qui
1188 4592 1363 4646 Deum
1407 4590 1578 4660 timet,
1622 4590 1849 4647 scientia
1890 4607 2002 4646 non

410 4688 580 4738 caret.

465 4789 594 4844 Lux
623 4787 842 4843 mundi.
866 4786 984 4842 Alia
1014 4802 1180 4843 causa
1202 4795 1284 4843 est
1300 4802 1470 4860 quare
1501 4801 1610 4841 non
1639 4785 1840 4842 debent
1867 4785 2002 4842 deﬁ-

397 4891 523 4935 cere
560 4895 573 4930 :
607 4875 735 4948 quia
762 4874 1051 4930 illuminati
1080 4892 1114 4930 a
1142 4876 1358 4931 Christo
1406 4876 1575 4931 verbo
1614 4883 1667 4931 et
1697 4875 1947 4945 exemplo
1982 4892 1996 4928 :

403 4980 734 5038 quocunque
776 4963 912 5019 illati
951 4964 1243 5019 mundanis
1282 4965 1460 5021 lucem
1502 4963 1628 5020 ﬁdei
1667 4972 1721 5019 et
1764 4963 2005 5019 scientia:

396 5054 599 5110 debent
637 5052 969 5109 ministrare.
1012 5054 1085 5107 Et
1122 5053 1260 5108 sicut
1300 5053 1452 5125 (quia
1493 5060 1615 5108 sunt
1656 5053 1760 5125 sal)
1799 5052 2002 5107 debent

396 5141 805 5213 corruptionem
832 5141 1039 5213 pellere
1075 5160 1089 5198 :
1125 5141 1204 5198 sic
1224 5149 1276 5197 et
1295 5142 1552 5198 tenebras
1572 5141 1722 5214 (quia
1742 5141 1834 5196 lux
1855 5141 2001 5212 sunt)

400 5230 616 5304 fugare.

470 5355 592 5412 Non
618 5358 802 5427 potest
832 5356 1052 5424 civitas,
1086 5360 1189 5411 etc.
1224 5352 1365 5423 Quia
1395 5353 1623 5425 apostoli
1643 5352 2000 5409 fundamenta

404 5451 550 5515 sunt,
582 5450 708 5515 apte
736 5443 928 5501 civitas
958 5443 1224 5500 dicuntur.
1287 5444 1471 5516 Supra
1500 5447 1769 5500 montem.
1822 5444 1998 5499 Locus

404 5541 647 5593 montem
670 5531 894 5604 justitiae
921 5532 1114 5603 innuit,
1148 5531 1239 5606 qui
1267 5532 1518 5591 excelsus
1539 5540 1642 5606 est,
1666 5548 1774 5605 quo
1793 5547 1995 5606 propa-

2102 1739 2358 1779 mensura
2386 1723 2545 1795 legis,
2579 1724 2667 1780 vel
2687 1725 2930 1780 terminis
2950 1726 3110 1781 unius
3130 1727 3309 1797 gentis
3329 1727 3565 1783 inclusit.
3591 1728 3703 1786 Sed

2103 1828 2270 1883 super
2290 1812 2695 1883 candelabrum,
2728 1812 2783 1868 id
2803 1821 2904 1884 est,
2928 1814 3235 1870 Ecclesiam
3264 1814 3428 1870 ﬁdem
3459 1833 3584 1873 suae
3617 1817 3701 1873 in-

2102 1900 2436 1957 carnationis
2465 1900 2649 1970 afﬁxit,
2683 1901 2775 1957 ubi
2806 1918 2998 1957 omnes
3027 1903 3241 1973 possint
3269 1903 3487 1974 intueri,
3521 1905 3615 1976 qui
3644 1905 3703 1960 in

2101 1989 2284 2060 domo,
2318 1989 2374 2045 id
2403 1997 2504 2059 est,
2529 1989 2779 2046 Ecclesia
2809 1998 2933 2045 sunt
2951 1990 3038 2047 vel
3056 1991 3278 2046 mundo.
3303 1992 3456 2048 Unde
3477 1992 3659 2048 subdit
3683 2012 3699 2050 :

2101 2079 2191 2135 Sic
2214 2080 2535 2144 luceat,etc.
2564 2078 2997 2135 Candelabrum.
3014 2079 3165 2136 Sicut
3184 2079 3411 2135 lucerna
3430 2080 3696 2151 Christus,

2101 2166 2470 2221 candelabrun
2511 2182 2645 2222 crux
2674 2174 2778 2237 est,
2829 2183 2993 2238 super
3034 2182 3199 2239 quam
3244 2176 3363 2222 erat
3409 2167 3697 2224 levandus.

2101 2255 2503 2310 Candelabrum
2534 2254 2808 2327 Ecclesia,
2843 2272 2967 2327 quae
2985 2256 3216 2312 verbum
3243 2255 3366 2313 vitae
3404 2257 3703 2328 praesentis

2101 2343 2325 2412 bajulat.

2170 2450 2339 2505 Vnus.
2379 2453 2463 2504 16.
2498 2479 2567 2490 -
2610 2452 2699 2507 Sic
2732 2451 2938 2520 luceat,
2982 2457 3087 2506 etc.
3127 2450 3200 2504 Et
3238 2451 3370 2507 haec
3406 2450 3592 2507 omnia
3626 2451 3701 2507 ita

2010 2570 2012 2573 -
2099 2537 2265 2609 agite,
2310 2545 2368 2592 ut
2396 2554 2505 2593 non
2544 2537 2709 2593 ﬁnem
2747 2539 2875 2594 boni
2913 2538 3097 2609 operis
3136 2539 3191 2594 in
3230 2538 3485 2595 laudibus
3522 2541 3699 2596 homi-

2097 2643 2229 2681 num
2258 2626 2618 2682 constituatis.
2657 2629 2722 2683 Ut
2754 2628 3001 2697 videant,
3024 2634 3131 2683 etc.
3156 2626 3340 2698 Opera
3370 2627 3613 2698 requiro,
3637 2638 3697 2683 ut

2097 2715 2403 2784 videantur,
2428 2723 2479 2770 et
2500 2714 2579 2771 sic
2599 2714 2848 2771 doctrina
2864 2714 3218 2772 conﬁrmetur
3252 2735 3265 2771 :
3299 2724 3351 2772 et
3370 2716 3476 2774 hoc
3495 2733 3607 2772 non
3627 2717 3699 2773 ad

2099 2802 2335 2874 gloriam
2365 2811 2626 2859 vestram.

2167 2909 2336 2963 Vens.
2374 2911 2459 2964 l7.
2482 2940 2551 2949 —
2572 2911 2753 2967 Nolite
2772 2913 2997 2982 putare.
3021 2910 3320 2980 Postquam
3338 2909 3589 2966 hortatus
3608 2919 3694 2968 est

2017 3008 2066 3072 ο
2097 2997 2280 3052 omnia
2306 2998 2419 3067 pati
2447 3014 2548 3068 pro
2577 2998 2826 3067 veritate,
2874 3004 2928 3052 et
2973 3014 3083 3052 non
3111 2998 3320 3067 celare,
3375 3007 3430 3054 et
3458 3000 3696 3072 gloriam

2108 3086 2209 3141 Dei
2236 3085 2419 3141 facere
2438 3127 2452 3156 ,
2504 3085 2689 3156 incipit
2719 3087 2919 3142 docere
2950 3086 3079 3157 quid
3107 3086 3320 3143 docturi
3350 3086 3477 3142 sint.
3528 3087 3699 3157 Quasi

2106 3173 2313 3228 diceret
2337 3192 2349 3228 :
2374 3174 2515 3243 Quid
2536 3181 2617 3229 est
2639 3175 2783 3246 quod
2813 3181 2963 3229 vetas
2983 3174 3266 3244 abscondi,
3289 3192 3390 3245 pro
3411 3191 3520 3247 quo
3536 3176 3700 3245 jubes

2105 3261 2288 3316 omnia
2315 3263 2474 3332 pati?
2502 3278 2573 3317 an
2602 3270 2684 3317 est
2712 3262 2915 3332 aliquid
2946 3270 3139 3318 contra
3165 3263 3348 3335 legem
3368 3265 3396 3319 ?
3426 3265 3548 3321 Non
3570 3268 3702 3321 veni

2104 3352 2314 3406 solvere
2365 3352 2558 3422 legem,
2606 3351 2700 3405 sed
2747 3351 3076 3422 adimplere,
3124 3350 3212 3405 vel
3252 3351 3503 3408 faciendo
3550 3353 3701 3425 quod

2104 3438 2253 3508 dicit,
2298 3438 2386 3494 vel
2431 3438 2733 3509 supplendo
2779 3438 2926 3510 quod
2966 3439 3158 3494 deerat
3204 3446 3259 3494 et
3313 3438 3699 3512 imperfectum

2105 3534 2242 3582 erat.

2171 3633 2342 3686 Vens.
2377 3636 2461 3687 18.
2495 3664 2563 3673 -
2592 3634 2730 3689 Iota.
2775 3633 2997 3703 (BEDA.)
3043 3631 3143 3688 Hic
3172 3633 3494 3705 ostenditur,
3546 3636 3699 3707 quod

2104 3737 2226 3793 qua)
2254 3722 2479 3777 minima
2508 3730 2766 3793 putantur
2794 3722 2851 3776 in
2876 3722 3021 3795 lege,
3055 3724 3412 3778 sacramentis
3442 3723 3694 3795 spiritua-

2096 3810 2240 3865 libus
2269 3811 2433 3881 plena
2462 3819 2604 3880 sunt,
2639 3820 2691 3867 et
2719 3811 2921 3880 omnia,
2955 3819 3084 3880 etc.,
3118 3828 3291 3883 usque
3320 3814 3391 3868 ad
3421 3812 3548 3883 quia
3573 3812 3688 3867 iota

2096 3900 2288 3955 decem
2318 3898 2608 3972 signiﬁcat,
2659 3899 2715 3955 id
2745 3908 2829 3955 est
2857 3899 3203 3972 decalogum,
3254 3900 3407 3971 cujus
3438 3916 3579 3972 apex
3608 3909 3696 3956 est

2087 3987 2379 4059 Evangelii
2399 3987 2684 4057 perfectio.

2160 4077 2363 4131 Omnia
2392 4076 2554 4144 ﬁant.
2592 4076 2958 4147 Spiritualiter
2987 4078 3334 4149 impleantur,
3367 4076 3454 4132 vel
3485 4077 3686 4149 imper-

3171 4167 3227 4221 id
3242 4174 3326 4221 est
3343 4165 3681 4237 impletione,

2087 4260 2554 4309 consummentur.

2028 4363 2082 4423 D
2154 4360 2326 4414 Vens.
2364 4363 2450 4414 19.
2485 4390 2553 4399 -
2585 4359 2692 4426 Qui
2720 4375 2849 4431 ergo
2879 4361 3127 4429 solverit,
3161 4368 3266 4416 etc.
3308 4360 3526 4415 Minima
3556 4369 3689 4415 sunt

2103 4463 2237 4504 crux
2267 4447 2468 4502 Christi
2496 4456 2551 4503 et
2580 4448 2784 4518 passio,
2822 4466 2982 4520 quam
3014 4449 3105 4521 qui
3136 4449 3411 4504 erubescit
3438 4448 3700 4504 minimus

2103 4543 2212 4603 est;
2262 4536 2353 4608 qui
2392 4535 2682 4591 conﬁtetur
2725 4552 2978 4610 magnus.
3026 4538 3127 4592 Vel
3164 4538 3469 4593 Phariszeos
3515 4546 3692 4607 notat,

2103 4625 2195 4696 qui
2224 4624 2478 4679 mandata
2508 4624 2608 4679 Dei
2637 4624 2960 4680 dimiserunt
2999 4642 3100 4696 pro
3141 4625 3254 4680 suis
3292 4626 3698 4695 traditionibus,

2103 4730 2223 4785 qua:
2262 4714 2395 4767 nihil
2435 4713 2637 4783 valent,
2681 4715 2811 4768 dum
2848 4714 2938 4769 vel
2973 4714 3277 4790 minimum,
3312 4713 3458 4787 quod
3486 4715 3543 4768 in
3570 4714 3700 4787 lege

2101 4810 2185 4857 est
2212 4810 2561 4874 praetereunt.
2619 4803 2898 4858 Moraliter
2924 4810 3108 4858 autem
3137 4803 3299 4859 solvit
3327 4803 3419 4875 qui
3448 4819 3559 4858 non
3586 4803 3699 4858 im-

2100 4890 2231 4961 plet,
2266 4891 2362 4945 sed
2395 4898 2540 4945 tenet
2569 4890 2708 4947 sicut
2736 4889 2966 4945 infirmis
2994 4892 3122 4946 data
3150 4900 3294 4947 sunt.
3328 4892 3429 4947 Vel
3459 4891 3550 4964 qui
3580 4907 3695 4947 non

2101 4977 2354 5051 intelligit
2386 4978 2757 5049 spiritualiter.
2793 4978 3037 5048 Solvere,
3079 4996 3191 5035 non
3220 4988 3303 5036 est
3330 4997 3517 5054 agere,
3551 4980 3702 5052 quod

2101 5076 2249 5123 recte
2280 5066 2552 5140 intelligit,
2586 5067 2673 5122 vel
2702 5084 2810 5123 non
2840 5068 3145 5142 intelligere
3178 5069 3323 5142 quod
3355 5086 3464 5124 non
3491 5070 3703 5141 depra-

2099 5163 2221 5226 vat,
2299 5163 2393 5210 aut
2472 5155 2719 5212 minuere
2800 5157 3170 5232 integritatem
3236 5156 3702 5230 superadditionis

2103 5244 2320 5301 Christi.

2168 5352 2434 5407 Minimus
2463 5352 2771 5421 vocabitur,
2805 5360 2907 5409 etc.
2942 5354 3004 5408 In
3032 5368 3207 5426 regno
3238 5353 3506 5410 ccelorum
3531 5353 3689 5408 mini-

2096 5456 2218 5495 mus
2247 5439 2533 5496 vocabitur
2560 5440 2653 5512 qui
2682 5440 2785 5496 erit
2814 5439 2869 5494 in
2897 5458 2962 5497 eo
2990 5441 3268 5516 indignus,
3301 5442 3359 5497 in
3379 5457 3486 5515 quo
3517 5441 3703 5498 nullus

2095 5529 2371 5600 minimus,
2405 5530 2503 5587 sed
2533 5545 2723 5588 omnes
2751 5530 2956 5604 magni.
