4000 6182
285 134 363 188 93
1200 125 1469 183 GLOSSA
1507 125 1909 207 oanmimi.

2027 162 2028 165 η
2064 129 2329 188 EVANG.
2368 131 2624 187 ΜΑΤἸἮ.
3542 140 3609 195 94

371 254 478 322 Qui
508 257 711 309 autem
738 252 964 324 fecerit.
998 249 1105 319 Qui
1135 267 1244 307 non
1274 251 1518 319 solverit,
1566 260 1620 308 et
1668 252 1747 308 sic
1794 252 1899 307 do-
1931 252 1987 313 A
2005 253 2095 324 pie
2126 254 2395 328 intelligit,
2429 255 2786 329 intelligendo
2820 258 3025 325 obedit,
3059 266 3111 314 et
3156 259 3227 314 ad
3274 260 3611 332 implendum

294 351 404 411 cet,
436 357 553 397 non
584 340 869 409 minimus,
920 355 1031 396 non
1076 347 1261 395 tamen
1307 355 1590 411 magnus:
1642 340 1740 395 sed
1786 340 1918 396 facit

294 429 447 504 quod
477 430 667 486 docet.
706 430 826 487 Soli
883 430 1038 485 enim
1083 430 1329 499 factores
1388 430 1526 500 legis
1573 431 1724 501 justi
1778 436 1915 486 sunt

290 520 445 593 apud
472 520 675 575 Deum.
715 518 909 588 (Rom.'
926 518 1009 587 ιι).

379 641 559 697 Vens.
594 644 685 699 20.
718 669 789 682 —
816 641 951 697 Dico
980 643 1174 695 autem
1218 639 1387 696 vobis.
1440 639 1575 693 Cum
1623 638 1717 707 ait,
1766 638 1910 710 dico,

296 744 570 802 magnam
643 728 755 785 vim
813 735 868 783 et
940 727 1269 799 profundam
1314 726 1727 799 intelligentiam
1757 728 1915 799 cogi-

293 818 455 874 tandi
489 816 776 873 incussit:
829 816 1067 871 ostendit
1122 816 1396 887 quomodo
1454 815 1788 886 superaddit.
1847 817 1917 870 Et

295 923 409 963 non
440 922 567 977 quae
598 905 749 977 prius
780 904 1159 972 mandaverat,
1194 903 1446 959 absolvit.
1480 904 1609 957 Plus
1639 904 1803 958 etiam
1834 911 1917 959 est

293 994 536 1065 diligere
594 991 848 1049 inimicos
897 1007 1063 1064 quam
1107 1008 1218 1047 non
1275 991 1503 1047 odisse:
1538 1007 1650 1046 non
1679 1007 1911 1063 cupere,

288 1098 463 1155 quam
492 1097 609 1138 non
636 1080 941 1137 adulterari
975 1097 989 1134 :
1021 1096 1133 1136 non
1164 1080 1350 1149 irasci,
1388 1095 1563 1151 quam
1612 1095 1722 1136 non
1761 1080 1913 1137 occi-

291 1172 453 1228 dere.

366 1278 514 1343 Nisi,
548 1283 657 1331 etc.
708 1274 770 1329 Id
818 1280 922 1341 est,
957 1289 1067 1330 non
1098 1274 1276 1330 solum
1322 1272 1546 1328 minima
1574 1273 1714 1344 legis
1765 1289 1914 1345 prae-

290 1373 455 1437 cepta
482 1362 869 1435 impleveritis,
904 1362 1003 1417 sed
1032 1370 1085 1417 et
1116 1377 1183 1418 ea
1235 1378 1357 1434 quae
1390 1361 1536 1417 addo
1569 1380 1582 1416 :
1625 1362 1752 1433 quia
1782 1362 1914 1421 dum

292 1453 429 1508 ﬁunt
459 1453 655 1508 addita
709 1452 780 1507 ad
826 1449 1219 1522 perfectionem
1247 1492 1261 1519 ,
1315 1450 1480 1505 etiam
1527 1451 1644 1506 haec
1700 1451 1914 1520 plenius

295 1550 544 1615 aguntur
574 1556 697 1613 quae
726 1540 1015 1611 praemissa
1045 1547 1170 1594 sunt
1200 1538 1270 1593 ad
1300 1538 1704 1594 inchoationem
1738 1556 1750 1592 :
1779 1538 1907 1610 quia

296 1631 389 1703 qui
418 1646 536 1686 non
589 1630 738 1685 videt
766 1628 1055 1683 mulierem
1083 1627 1155 1681 ad
1201 1625 1701 1698 concupiscendum
1757 1643 1898 1697 eam,

295 1735 399 1776 nec
429 1717 743 1775 fornicatur
776 1734 791 1770 :
824 1731 928 1773 nec
956 1715 1156 1772 occidit
1186 1715 1278 1786 qui
1314 1731 1425 1770 non
1453 1714 1726 1771 irascitur.

363 1826 613 1882 Iustitia
640 1828 849 1880 vestra.
872 1822 1143 1877 Justitiam
1172 1821 1574 1876 Pharisaeorum
1602 1828 1761 1878 vocat
1790 1836 1902 1877 om-

294 1912 385 1969 nia
416 1914 515 1968 illa
544 1912 620 1967 ad
650 1911 857 1967 cultum
887 1909 987 1965 Dei
1018 1910 1303 1966 actualiter
1345 1918 1623 1980 praecepta
1654 1927 1667 1964 :
1702 1926 1800 1965 seu
1830 1909 1900 1964 ﬁ-

300 2017 574 2075 gurarum
604 2000 840 2072 mystica
870 2007 1079 2054 tantum
1101 1998 1171 2053 ad
1198 1998 1436 2053 litteram
1466 1998 1728 2053 instituta.

365 2108 542 2163 Vsus.
578 2110 670 2165 2i.
704 2137 775 2148 —
804 2105 1074 2173 Audistis,
1110 2112 1213 2161 etc.
1245 2104 1485 2174 Exponit
1532 2121 1652 2177 quae
1683 2111 1763 2159 est
1778 2105 1901 2173 jus-

301 2196 414 2252 titia
462 2194 892 2261 Pharisaeorum,
944 2208 1109 2265 quam
1150 2193 1242 2265 qui
1273 2192 1534 2264 adimplet
1581 2210 1690 2249 non
1722 2193 1902 2248 statim

298 2302 551 2357 magnus,
589 2284 688 2339 sed
717 2283 956 2354 aliquem
985 2281 1219 2353 gradum
1249 2281 1587 2338 conscendit.

367 2393 543 2446 Vnus.
607 2394 699 2448 22.
763 2420 832 2430 —
879 2392 989 2461 Ego
1045 2392 1239 2445 autem
1272 2430 1285 2457 ,
1337 2397 1442 2445 etc.
1508 2388 1905 2445 Perfectionem

297 2497 465 2553 quam
493 2479 646 2536 venit
677 2477 907 2549 implere
953 2476 1143 2548 incipit
1189 2476 1505 2548 explanare,
1542 2484 1594 2532 et
1631 2477 1906 2549 quomodo

293 2569 501 2639 justitia
533 2583 728 2624 eorum
760 2566 958 2621 debeat
996 2565 1467 2637 superabundare.

369 2676 574 2732 Omnis
603 2675 700 2747 qui
722 2674 1012 2729 irascitur.
1048 2671 1189 2740 Quia
1208 2671 1527 2728 nesciebant
1554 2671 1909 2728 homicidium

306 2781 425 2820 esse
496 2762 610 2817 nisi
656 2760 1091 2833 peremptionem
1133 2779 1146 2814 :
1207 2760 1382 2831 aperit
1429 2777 1645 2815 omnem
1707 2769 1917 2817 motum

294 2853 461 2908 animi
491 2851 567 2907 ad
598 2851 928 2918 nocendum,
961 2849 1018 2906 in
1045 2850 1398 2905 homicidium
1429 2850 1750 2920 computari.
1777 2852 1922 2906 Man-

2023 358 2120 399 cor
2139 344 2319 416 erigit.

2086 432 2256 488 Vens.
2315 435 2405 491 25.
2472 463 2540 474 —
2594 436 2726 490 Esto
2754 437 3133 491 consentiens.
3169 435 3318 492 Sicut
3343 436 3456 505 jam
3476 453 3613 508 prae-

2016 520 2159 591 cepit
2188 520 2342 575 fratri
2364 521 2705 577 reconciliari
2734 530 2787 576 et
2815 530 2938 593 post
2959 523 3114 591 jubet
3155 523 3405 580 inimicos
3434 525 3610 597 diligi,

2013 606 2089 663 ita
2117 608 2205 664 hic
2235 609 2366 663 dum
2395 609 2664 665 currimus
2693 609 2747 664 in
2776 610 2866 665 via
2894 611 3053 679 hujus
3085 612 3289 680 saeculi,
3323 612 3392 667 ad
3420 627 3615 684 pacem

2017 705 2073 750 et
2104 697 2453 751 concordiam
2481 698 2746 765 hortatur,
2781 698 2920 753 sicut
2950 698 3174 754 dicitur:
3209 701 3268 756 Si
3286 700 3413 769 ﬁeri
3429 705 3615 773 potest

2017 784 2164 856 quod
2191 800 2266 839 ex
2298 785 2443 840 vobis
2473 790 2557 840 est
2586 802 2716 842 cum
2745 786 3001 842 omnibus
3051 786 3369 844 hominibus
3414 805 3616 861 pacem

2017 871 2285 927 habentes
2316 874 2491 941 (Rom.
2526 874 2652 943 xu).
2686 874 2751 928 Et
2780 889 2881 944 pro
2940 874 3287 930 consentiens
3318 892 3385 931 ex
3415 876 3614 934 Graeco

2018 960 2252 1015 habetur
2280 960 2550 1031 benignus
2579 961 2665 1016 vel
2694 961 3013 1016 benevolus.
3069 964 3209 1031 Cito,
3262 980 3331 1019 ne
3386 963 3611 1025 differas

2016 1046 2073 1101 in
2122 1047 2458 1103 crastinum:
2518 1051 2665 1104 Dum
2695 1064 2751 1105 es
2800 1051 2862 1105 in
2910 1052 3021 1120 via,
3070 1050 3201 1106 dum
3250 1051 3430 1109 adhuc
3481 1052 3609 1111 licet

2016 1151 2268 1207 operare.

2086 1241 2143 1297 Si
2174 1240 2400 1297 fratrem
2428 1241 2633 1310 laesisti,
2668 1242 3025 1299 reconciliare
3055 1243 3124 1299 ei.
3177 1244 3235 1300 Si
3262 1245 3607 1304 adversarius

2014 1328 2295 1397 exstiterit,
2330 1338 2446 1385 esto
2476 1330 2793 1399 benevolus,
2827 1336 2885 1385 ut
2914 1330 3007 1386 ﬁat
3033 1332 3260 1388 amicus.

2085 1419 2149 1473 In
2178 1421 2268 1474 via
2298 1436 2427 1475 cum
2457 1435 2535 1475 eo.
2568 1419 2759 1474 Sermo
2780 1419 3014 1488 divinus,
3074 1420 3359 1477 nobiscum
3414 1430 3498 1478 est
3551 1424 3609 1480 in

2015 1506 2213 1560 Christi
2263 1506 2368 1561 via.
2401 1507 2765 1562 Adversarius
2820 1508 3107 1564 nobiscum
3159 1508 3218 1563 in
3264 1510 3352 1565 via
3399 1510 3606 1567 saeculi.

1929 1605 1983 1664 Β
2014 1595 2207 1650 Sermo
2236 1594 2451 1651 divinus
2480 1596 2639 1650 nobis
2670 1596 2757 1651 via
2788 1604 2870 1650 est
2900 1612 3010 1668 qua
3056 1597 3346 1653 currimus.
3397 1599 3557 1655 Unde
3591 1615 3606 1655 :

2010 1685 2165 1740 Viam
2196 1685 2597 1741 mandatorum
2631 1689 2859 1741 tuorum
2894 1687 3145 1752 cucurri,
3181 1703 3311 1742 cum
3341 1687 3610 1746 dilatasti

2001 1788 2098 1830 cor
2124 1788 2316 1828 meum
2347 1772 2529 1842 (Psal.
2578 1773 2797 1843 cxvm).

2070 1878 2148 1932 Ne
2176 1880 2322 1949 forte
2356 1879 2567 1933 tradat.
2631 1878 2721 1934 Sic
2770 1877 3110 1950 temperavit,
3164 1887 3220 1934 ut
3276 1880 3607 1951 poenitentiae

2002 1965 2183 2021 locum
2216 1982 2327 2022 non
2356 1966 2547 2021 afferet
2572 1984 2585 2020 :
2617 1975 2898 2037 putaretur
2926 1967 3090 2037 enim,
3127 1968 3274 2039 quod
3305 1969 3351 2023 si
3379 1969 3608 2026 obiisset

2004 2054 2359 2110 adversarius
2418 2062 2471 2109 et
2499 2071 2609 2109 non
2637 2063 2825 2125 posset
2853 2055 2903 2109 ei
2924 2056 2978 2109 in
3011 2056 3098 2111 via
3128 2073 3251 2112 esse
3283 2057 3603 2128 benevolus,

2003 2143 2320 2199 necessario
2345 2143 2516 2212 judici
2546 2144 2874 2199 traderetur.
2910 2144 3017 2200 Sed
3047 2153 3100 2199 et
3127 2146 3305 2201 locum
3334 2146 3609 2217 poeniten-

2006 2232 2093 2285 tize
2126 2232 2363 2303 reliquit,
2398 2240 2451 2286 et
2478 2232 2905 2302 impcenitentem
2920 2233 3089 2301 judici
3113 2234 3345 2304 tradidit,
3381 2235 3604 2291 dicens:

2006 2320 2180 2374 Judex
2211 2319 2392 2374 tradat
2413 2327 2464 2374 te
2487 2320 2756 2375 ministro.
2798 2322 3019 2389 Tradat,
3053 2322 3109 2376 id
3159 2331 3260 2391 est,
3323 2338 3493 2379 causa
3541 2325 3610 2379 sit

2010 2423 2110 2464 cur
2140 2408 2375 2462 tradaris
2406 2408 2459 2461 in
2490 2424 2685 2462 manus
2717 2409 2935 2477 Christi,
2972 2410 3059 2465 cui
3097 2411 3259 2465 Pater
3303 2427 3465 2467 omne
3506 2414 3601 2482 ju-

2009 2497 2210 2552 dicium
2241 2496 2408 2551 dedit.
2445 2496 2693 2552 Christus
2724 2496 2990 2565 ministro,
3023 2497 3079 2552 id
3110 2506 3190 2552 est
3245 2500 3462 2571 angelo,
3515 2500 3607 2572 qui

2015 2584 2236 2656 colliget
2263 2585 2484 2639 zizania.

2081 2675 2250 2728 Vens.
2274 2677 2362 2731 26.
2379 2704 2447 2713 —
2468 2675 2842 2730 Nouissimam
2863 2675 3258 2746 quadrantem.
3292 2677 3353 2731 Id
3380 2683 3481 2748 est,
3503 2677 3606 2734 mi-

2010 2770 2141 2817 nuta
2168 2770 2413 2833 peccata,
2448 2762 2576 2833 quia
2621 2761 2755 2816 nihil
2802 2762 2906 2818 erit
2951 2763 3292 2835 impunitum.
3352 2766 3451 2821 Vel
3504 2783 3607 2838 per

2014 2852 2355 2923 quadranten
2385 2851 2760 2919 novissimum,
2813 2850 3193 2922 signiﬁcantur
3222 2861 3440 2910 terrena
3466 2870 3604 2926 pec-

298 2942 484 2997 datum
519 2940 727 2997 Christi
756 2956 866 2995 non
923 2946 1006 2993 est
1036 2938 1373 2994 contrarium
1430 2938 1560 3008 legi,
1595 2938 1692 2993 sed
1754 2938 1968 3029 latiusC
2012 2948 2152 3009 cata,
2187 2940 2311 3011 quia
2340 2940 2513 3010 prima
2542 2956 2672 3011 pars
2703 2940 2889 2995 mundi
2918 2941 3153 3008 ccelum;
3186 2942 3446 3010 secunda,
3470 2959 3605 3012 aer;

295 3030 477 3103 legem
536 3029 598 3084 in
656 3046 716 3084 se
772 3027 1075 3085 continens.
1138 3026 1244 3095 Qui
1298 3042 1408 3082 non
1464 3026 1737 3097 irascitur,
1798 3026 1949 3082 non'
2001 3028 2187 3095 tertia,
2220 3044 2399 3099 aqua;
2432 3035 2644 3100 quarta,
2679 3028 2974 3083 novissima
3033 3037 3199 3085 terra.
3224 3032 3372 3102 Ergo
3428 3031 3605 3089 donec

300 3118 517 3176 occidit.
553 3117 667 3173 Sed
696 3133 807 3172 non
836 3124 1081 3184 econtra,
1141 3116 1361 3172 licentia
1415 3114 1689 3170 irascendi
1736 3131 1905 3171 causa

299 3206 598 3265 homicidii.
633 3206 788 3261 Tolle
817 3205 974 3273 iram,
1010 3212 1061 3260 et
1090 3204 1442 3260 homicidium
1471 3219 1579 3259 non
1610 3202 1687 3258 ﬁt.

369 3333 544 3387 Vitas.
578 3333 672 3387 23.
706 3359 775 3369 —
802 3330 862 3386 Si
890 3345 1019 3400 ergo
1048 3329 1211 3399 offers
1240 3345 1450 3384 munus
1481 3333 1664 3383 tuum.
1696 3327 1903 3398 Expla-

301 3427 389 3475 nat
407 3419 742 3490 ampliorem
757 3417 1019 3485 justitiam
1048 3417 1387 3472 ostendendo
1415 3416 1561 3487 quod
1577 3417 1622 3471 si
1644 3433 1751 3473 non
1782 3417 1907 3472 licet

302 3508 446 3565 fratri
496 3507 690 3572 irasci,
723 3506 895 3561 multo
923 3506 1101 3560 minus
1121 3506 1177 3559 in
1206 3505 1388 3560 animo
1418 3506 1653 3561 retinere
1676 3506 1821 3577 quod
1843 3506 1896 3560 in

301 3598 477 3655 odium
508 3603 731 3668 quaerat
764 3595 1028 3651 converti.
1080 3594 1137 3651 Si
1185 3594 1481 3666 quidquam
1530 3594 1657 3648 mali
1715 3603 1908 3650 contra

302 3687 606 3758 proximum
625 3685 686 3739 in
724 3684 909 3739 animo
956 3684 1242 3751 habemus,
1297 3684 1413 3738 Deo
1460 3683 1657 3753 placite
1705 3681 1906 3737 offerre

306 3792 404 3830 non
422 3790 746 3846 possumus.
771 3775 828 3830 Si
854 3789 983 3844 ergo
1012 3772 1193 3843 offers.
1220 3772 1530 3827 Secundum
1543 3771 1774 3825 litteram
1804 3772 1909 3826 hoc

306 3864 601 3918 absurdum
633 3869 750 3917 est:
786 3863 885 3916 Est
913 3877 1049 3932 ergo
1077 3861 1131 3914 in
1152 3859 1395 3915 interiori
1419 3860 1620 3929 templo
1640 3860 1828 3927 altare,
1854 3859 1910 3913 id

315 3961 387 4007 est
411 3950 572 4019 ﬁdes,
598 3950 691 4007 cui
721 3949 1004 4022 quodlibet
1024 3966 1239 4017 munus,
1264 3948 1319 4003 id
1341 3956 1442 4017 est,
1464 3949 1725 4019 psalmus,
1760 3949 1915 4018 hym-

306 4056 418 4107 nus,
442 4039 644 4109 oratio,
673 4048 725 4094 et
747 4037 1076 4108 hujusmodi,
1100 4037 1203 4091 nisi
1226 4037 1293 4091 sit
1314 4037 1555 4091 innixum
1576 4054 1683 4091 non
1702 4045 1784 4092 est
1805 4039 1919 4092 Deo

303 4127 644 4199 placiturum.
680 4129 749 4182 Et
780 4127 873 4195 ibi,
908 4135 1035 4195 etc.,
1070 4126 1126 4180 id
1158 4134 1259 4194 est,
1296 4141 1418 4181 cum
1464 4143 1519 4180 in
1551 4126 1718 4181 corde
1750 4125 1921 4196 (quod

308 4226 384 4270 est
411 4217 679 4288 templum
710 4215 964 4285 interius)
996 4214 1102 4269 tale
1132 4231 1329 4269 munus
1351 4214 1634 4270 oblaturus
1664 4231 1743 4282 es,
1779 4214 1824 4268 si
1855 4214 1908 4267 in

2008 3118 2211 3172 reddas
2238 3117 2594 3172 novissimum
2626 3118 3007 3189 quadrantem,
3044 3117 3100 3173 id
3130 3127 3229 3189 est,
3264 3120 3440 3177 donec
3485 3120 3606 3177 luas

2006 3214 2233 3277 peccata
2266 3223 2386 3277 qua:
2417 3207 2484 3261 de
2514 3215 2665 3261 terra
2695 3206 3033 3263 contraxisti.

2080 3312 2249 3366 Vens.
2284 3314 2372 3368 27.
2406 3342 2475 3352 ——
2504 3314 2754 3368 Audistis
2787 3313 2977 3385 (ΗΑΒ.)
3027 3313 3219 3370 Adhuc
3267 3313 3361 3385 qui
3415 3313 3547 3369 dixit
3590 3332 3605 3370 :

2007 3401 2127 3456 Non
2160 3402 2287 3456 veni
2315 3402 2523 3456 solvere
2556 3404 2750 3472 legem,
2786 3403 2888 3458 sed
2923 3402 3233 3475 adimplere
3262 3402 3453 3473 (Marc.
3496 3403 3603 3475 χι).

2009 3488 2175 3544 Addit
2206 3507 2219 3542 :
2255 3497 2510 3560 quantum
2558 3491 2751 3545 debeat
2797 3491 3097 3559 abundare,
3151 3498 3279 3560 etc.,
3330 3509 3501 3565 usque
3535 3493 3607 3549 ad

2011 3578 2227 3648 quando
2257 3578 2439 3632 anima
2470 3577 2655 3634 relicta
2683 3580 2950 3648 superiori
2980 3582 3123 3650 lege,
3158 3578 3301 3652 turpi
3330 3580 3605 3638 voluntate

2010 3665 2330 3720 inferiorum
2358 3666 2639 3735 prostituta
2670 3668 3045 3737 corrumpitur.

2090 3771 2296 3827 Viderit
2324 3772 2643 3826 mulierem.
2704 3772 2924 3843 (BEDA.)
2970 3774 3171 3843 Magna
3215 3772 3602 3843 superadditio.

2012 3860 2172 3914 Visus
2202 3859 2417 3929 ponitur
2446 3875 2542 3929 pro
2564 3859 2711 3915 omni
2731 3868 2880 3914 motu
2911 3861 3004 3931 qui
3034 3869 3135 3929 est,
3170 3869 3296 3930 etc.,
3330 3878 3504 3934 usque
3533 3863 3606 3919 ad

2013 3949 2136 4019 quia
2165 3964 2275 4003 non
2306 3949 2607 4004 secundum
2638 3950 2783 4020 quod
2815 3948 3046 4020 quisque
3092 3950 3264 4020 potuit
3293 3957 3346 4005 et
3391 3966 3501 4006 non
3532 3950 3603 4006 li-

2012 4038 2140 4104 cuit,
2174 4038 2272 4091 sed
2303 4038 2602 4093 secundum
2660 4038 2807 4109 quod
2864 4039 3031 4093 voluit
3089 4046 3142 4094 et
3198 4039 3479 4111 proposuit
3534 4057 3601 4097 ex

2012 4126 2344 4183 conscientia
2373 4134 2658 4183 accusatur
2686 4127 2772 4181 vel
2802 4126 3128 4183 defenditur.

2084 4234 2167 4287 Ad
2194 4234 2720 4305 concupiscendum.
2754 4234 2823 4288 Ut
2852 4242 3089 4289 transeat
3118 4235 3173 4288 in
3200 4233 3453 4291 allectum
3482 4250 3604 4293 cor-

322 4315 553 4360 memem
586 4304 801 4360 venerit
833 4303 978 4393 (ἰυρά
1009 4303 1185 4393 imi???
1209 4312 1332 4393 imis
1381 4304 1551 4393 Ahabe‘
1586 4302 1790 4393 aliquid
1821 4302 1973 4383 ad'D
2005 4320 2107 4390 dis,
2142 4329 2199 4375 ut
2231 4302 2406 4377 facere
2438 4322 2706 4392 disponat,
2742 4322 2835 4376 ubi
2882 4339 2991 4378 non
3021 4324 3174 4378 deest
3202 4324 3468 4393 voluntas,
3503 4325 3603 4381 sed

311 4410 523 4449 versum
547 4404 619 4459 te,
646 4409 810 4465 quem
833 4400 889 4446 tu
910 4391 1113 4447 liDSlSll.
1135 4391 1192 4446 Si
1211 4391 1356 4446 enim
1377 4391 1491 4462 ipse
1515 4400 1565 4446 te
1597 4392 1752 4459 laesit,
1776 4408 1906 4445 non-

317 4481 451 4553 ipse,
486 4483 585 4537 sed
616 4491 673 4537 tu
704 4481 875 4536 habes
905 4480 1171 4535 adversus
1202 4496 1327 4535 eum
1361 4498 1372 4533 :
1407 4496 1509 4535 nec
1539 4488 1666 4535 tunc
1696 4488 1910 4550 oportet

322 4579 374 4625 te
407 4571 618 4626 veniam
647 4579 861 4643 petere,
897 4569 995 4625 sed
1022 4569 1156 4624 dare
1187 4568 1326 4625 sicut
1354 4569 1435 4623 vis
1464 4568 1555 4622 tibi
1585 4568 1797 4622 dimitti.

386 4693 547 4749 Vatis.
580 4697 670 4753 24.
707 4724 777 4735 —
810 4696 1085 4766 Relinque
1127 4693 1223 4761 ibi,
1274 4700 1377 4748 etc.
1430 4693 1553 4747 Non
1610 4692 1685 4747 ait
1714 4691 1860 4747 refer
1890 4710 1903 4747 :

305 4782 439 4854 quia
465 4784 603 4854 quod
636 4792 786 4839 recte
817 4781 1045 4837 offertur
1070 4781 1347 4836 immutari
1377 4796 1487 4836 non
1516 4780 1661 4836 licet.
1688 4781 1795 4837 Sed
1828 4798 1909 4836 rc-

306 4870 511 4942 linque,
545 4872 725 4928 donec
758 4870 1084 4942 placabilius
1115 4869 1354 4926 oﬂ'eras:
1388 4886 1497 4925 non
1529 4869 1676 4926 enim
1713 4886 1908 4925 munus

306 4959 540 5030 repellit,
574 4960 673 5015 sed
705 4960 1032 5016 charitatem
1060 4960 1295 5031 proximi
1352 4959 1564 5031 quaerit,
1628 4959 1745 5014 sine
1803 4976 1909 5030 qua

300 5064 466 5103 nemo
494 5049 562 5103 ad
591 5048 916 5107 charitatem
950 5049 1049 5103 Dei
1080 5048 1348 5119 pervenit.
1376 5048 1531 5104 Unde
1556 5065 1570 5101 :
1605 5048 1762 5102 Prius
1785 5050 1909 5103 cha-

306 5137 521 5192 ritatem
546 5137 801 5209 proximo
833 5137 1077 5193 exsolvat
1104 5137 1198 5208 qui
1226 5153 1423 5192 munus
1456 5153 1615 5191 suum
1648 5138 1763 5192 Deo
1782 5137 1906 5208 pla-

302 5233 458 5281 ceret
487 5234 651 5297 optat.
693 5226 852 5282 Vade.
877 5227 998 5281 Non
1027 5226 1279 5297 pedibus,
1305 5226 1403 5281 sed
1423 5225 1602 5282 animo
1631 5225 1908 5281 humiliter

304 5314 357 5369 ei
386 5324 703 5385 prosternas
732 5315 788 5369 in
819 5322 1113 5387 conspectu
1156 5315 1299 5369 illius
1356 5315 1443 5371 cui
1491 5316 1774 5371 oblaturus
1822 5332 1900 5370 es.

304 5402 405 5457 Vel
435 5404 668 5474 petendo
698 5404 915 5459 veniam
945 5403 991 5458 si
1019 5420 1265 5475 praesens
1294 5413 1395 5473 est,
1428 5404 1644 5474 offeres.
1680 5405 1795 5461 Hoc
1838 5421 1903 5460 ex

2010 4409 2273 4465 occasio:
2333 4411 2480 4481 quod
2526 4412 2708 4481 passio
2757 4412 2972 4479 dicitur,
3027 4428 3146 4481 qum
3205 4419 3287 4465 est
3344 4428 3491 4467 mors
3546 4413 3602 4469 in

2010 4498 2193 4553 domo.
2227 4499 2517 4568 Propassio
2547 4508 2630 4554 est
2658 4499 2821 4553 animi
2853 4500 3062 4553 subitus
3093 4498 3320 4555 affectus
3350 4501 3437 4556 vel
3473 4501 3586 4571 ire,

2010 4587 2098 4642 vel
2127 4587 2350 4641 amoris.
2384 4588 2569 4641 Passio
2599 4596 2680 4641 est
2708 4587 2871 4641 animi
2927 4587 3098 4642 forma
3126 4588 3214 4645 vel
3269 4588 3590 4649 deliberatio

2012 4691 2077 4729 ex
2108 4691 2398 4731 consensu.
2465 4675 2617 4730 Unde
2674 4675 2870 4732 dicitur
2925 4676 3118 4748 aliquis
3174 4676 3466 4734 iracundus
3514 4680 3602 4735 vel

1982 4812 1987 4819 ,
2011 4773 2240 4820 amator.

2082 4853 2266 4923 (lsm.)
2289 4851 2343 4907 Si
2365 4850 2747 4923 contemplatio
2794 4854 3020 4909 vertitur
3064 4854 3120 4909 in
3148 4854 3367 4910 taedium
3425 4856 3514 4912 vel
3543 4855 3600 4912 in

2010 4941 2386 5013 arrogantiam,
2436 4941 2645 4996 dimitte
2704 4958 2841 5006 eam,
2895 4951 2947 4998 et
2994 4944 3157 4999 transi
3204 4944 3273 4999 ad
3319 4944 3598 5002 activam:

2011 5030 2138 5102 quia
2165 5030 2357 5085 melius
2389 5039 2471 5085 est
2498 5048 2597 5102 per
2623 5032 2853 5088 activam
2875 5032 3088 5102 salvari,
3124 5048 3287 5104 quam
3316 5049 3414 5104 per
3451 5050 3592 5092 con-

2011 5119 2375 5190 templativam
2408 5120 2603 5190 perire.

2081 5226 2249 5281 Vaas.
2283 5228 2372 5283 29.
2404 5256 2474 5267 —
2493 5228 2640 5282 Erue
2660 5227 2909 5282 eum.Ad
2938 5226 3170 5283 litteram
3189 5227 3398 5283 nullum
3428 5245 3599 5286 mem-

2007 5314 2163 5369 brum
2190 5314 2307 5369 erui
2338 5314 2674 5387 praacipitur,
2711 5316 2808 5370 sed
2838 5315 3065 5371 interior
3096 5317 3243 5372 visus
3263 5317 3357 5388 qui
3386 5318 3594 5385 dexter,

2008 5412 2061 5459 et
2091 5404 2326 5460 exterior
2355 5405 2447 5476 qui
2478 5405 2693 5459 sinister
2723 5404 2937 5473 dicitur,
2971 5422 3070 5478 per
3128 5406 3364 5461 studium
3411 5407 3486 5477 pii
3514 5406 3596 5461 la-

296 5492 497 5562 spiritu
526 5493 744 5565 pietatis
789 5509 897 5566 quo
954 5493 1099 5549 mitis
1156 5492 1251 5564 fit,
1303 5501 1356 5549 et
1399 5492 1644 5551 divinum
1673 5493 1901 5550 verbum
2006 5493 2158 5549 boris
2188 5493 2234 5549 si
2263 5502 2423 5552 nocet
2453 5502 2535 5552 est
2573 5494 2911 5552 revocandus
2966 5495 3053 5553 vel
3108 5494 3467 5552 removendus
3498 5510 3514 5549 :
3544 5500 3599 5550 et
