4000 6182
414 183 483 237 95
1016 182 1420 247 WALAFRIDI
1459 160 1702 241 STRABI
1740 184 1938 241 FULD.
1979 182 2150 241 MON.
2193 184 2345 241 OPP.
2386 186 2562 243 PARS
2600 187 2642 241 Ι.
2676 217 2745 230 -
2774 188 3245 247 THEOLOGICA.
3641 198 3711 250 96

415 307 578 363 etiam
606 308 772 379 longe
800 307 1113 378 faciendus,
1168 316 1225 362 ut
1273 309 1446 365 silicet
1490 325 1595 365 nec
1650 309 1707 363 in
1750 308 2011 364 memoria
2039 310 2096 371 A
2181 312 2292 367 Per
2319 314 2540 368 caelum.
2574 313 2655 367 Illi
2692 314 2779 369 vel
2825 315 3027 370 cmlum
3064 315 3186 387 plus
3215 315 3421 388 aliquid
3450 319 3703 390 suspica-

414 396 691 452 habeatur.
726 397 951 452 Eruitur
979 398 1170 453 oculus
1201 413 1324 453 cum
1355 397 1623 469 frangitur
1648 398 1822 451 malus
1852 414 2003 453 usus.

413 485 715 554 Projicitur,
748 501 874 543 cum
903 502 969 541 ex
997 494 1111 542 toto
1140 486 1480 555 annihilatur,
1513 500 1615 541 nec
1647 485 1848 541 intrare
1876 503 2006 557 per-

414 572 659 629 mittitur.

484 681 656 735 Vans.
690 684 778 735 30.
811 711 881 721 --
910 683 1160 737 Dextera
1188 697 1396 736 manus
1426 685 1545 736 tua.
1578 680 1848 750 Prospera
1876 695 2006 751 ope-

415 767 573 836 ratio,
607 769 695 825 vel
730 768 926 840 aliquis
956 769 1173 837 adjutor
1203 777 1452 823 strenuus
1500 768 1637 822 intra
1659 769 1783 824 vita)
1827 785 2005 840 nego-

412 857 522 911 tia:
557 857 649 927 qui
680 857 727 910 si
756 857 1069 913 scandalum
1100 863 1182 911 est
1209 855 1264 909 in
1292 857 1415 927 lege
1447 857 1547 911 Dei
1577 857 1771 911 melius
1803 864 1885 911 est
1914 857 2006 911 illo

410 944 641 1015 praeciso
671 945 882 1013 salvari,
926 961 1087 1015 quam
1134 960 1259 1000 cum
1294 944 1386 999 illo
1418 945 1680 999 damnari.
1732 944 2006 1001 Abscinde

412 1048 557 1100 eam,
592 1040 697 1089 etc.
732 1032 789 1087 Si
818 1032 939 1103 quis
969 1034 1074 1087 hoc
1100 1032 1360 1103 praedicat
1390 1033 1459 1087 de
1489 1032 1772 1101 membris,
1808 1031 2005 1089 ali'ectu

409 1120 623 1190 pietatis
654 1136 764 1175 non
793 1120 956 1175 debet
984 1120 1179 1175 audiri.
1210 1120 1317 1175 Sed
1337 1128 1393 1174 ut
1438 1120 1753 1191 improbitas
1793 1137 2005 1175 morum

412 1216 466 1263 et
495 1208 732 1279 pravitas
787 1208 1065 1265 actionum
1095 1209 1223 1264 inde
1252 1218 1547 1277 resecetur,
1572 1218 1629 1262 ut
1660 1210 1922 1281 quidquid
1951 1209 2007 1263 in

410 1297 570 1354 oculo
598 1297 797 1352 mentis
826 1298 895 1352 de
924 1297 1010 1353 via
1032 1297 1255 1365 justitiaa
1284 1304 1337 1352 et
1365 1313 1579 1352 morum
1609 1298 1871 1367 probitate
1903 1314 2005 1352 nos

419 1385 702 1453 subvertit,
736 1392 789 1440 et
819 1384 1081 1456 quidquid
1129 1382 1315 1441 contra
1347 1386 1719 1456 operationem
1747 1386 2004 1441 virtutum

412 1481 563 1530 extra
590 1474 786 1544 pulsat,
818 1474 1009 1544 procul
1037 1474 1283 1544 pellatur.
1316 1475 1380 1529 In
1420 1475 1759 1546 gehennam.
1792 1476 2006 1531 Nomen

409 1564 675 1635 gehennae
694 1562 751 1615 in
778 1562 1055 1617 veteribus
1104 1578 1215 1617 non
1262 1562 1568 1617 invenitur:
1614 1563 1712 1618 sed
1763 1563 1916 1633 prius
1972 1579 2005 1618 a

2104 398 2313 467 bantur,
2346 400 2431 454 vel
2462 417 2559 471 per
2586 402 2719 455 illud
2742 403 2989 471 jurantes
3018 420 3129 459 non
3157 405 3415 475 putabant
3454 423 3515 462 se
3541 408 3702 476 jura-

2104 495 2289 542 mento
2317 488 2491 543 teneri
2524 506 2537 543 :
2570 488 2695 544 ideo
2725 492 3047 548 sententiam
3085 492 3182 560 ,sic
3228 501 3512 564 temperat,
3564 504 3623 550 ut
3650 505 3707 552 et

2105 576 2304 632 coelum
2333 584 2584 632 creatura
2613 578 2712 631 Dei
2741 580 3013 647 credatur,
3047 596 3155 635 non
3185 580 3309 650 plus
3355 582 3562 653 aliquid
3595 602 3609 637 :
3646 593 3701 639 et

2106 663 2231 736 quia
2259 666 2486 720 thronus
2525 665 2643 734 ejus
2672 675 2755 721 est
2783 668 3081 737 perjurium
3109 668 3376 724 timeatur.
3427 670 3518 726 Sic
3547 679 3601 727 et
3628 672 3699 729 de

2104 759 2265 821 terra,
2301 753 2429 823 quia
2487 754 2784 809 scabellum
2832 756 3033 825 pedum
3062 755 3193 824 ejus.
3247 756 3353 826 Qui
3409 774 3544 831 ergo
3599 777 3702 831 per

2105 849 2410 896 creaturam
2470 842 2646 911 jurat,
2706 842 2763 896 ili
2810 843 2971 898 debet
3020 844 3386 913 juramentum
3444 848 3536 918 qui
3583 865 3706 904 eam

2105 930 2304 985 creavit
2325 938 2376 984 et
2406 930 2563 1001 regit,
2597 946 2699 986 nec
2726 931 2818 985 alii
2847 940 2992 988 recte
3030 941 3249 1003 putatur
3277 934 3453 989 reddi.

2171 1019 2295 1072 Non
2316 1018 2561 1086 juremus
2590 1036 2689 1090 per
2714 1029 2991 1075 creaturas
3019 1029 3077 1074 ut
3116 1038 3441 1078 veneremur
3471 1039 3566 1079 eas
3600 1024 3692 1079 ul-

2104 1113 2187 1161 tra
2218 1122 2380 1179 quam
2411 1107 2674 1163 debemus
2720 1125 2818 1179 per
2846 1125 2960 1177 eas,
2995 1117 3052 1163 ut
3099 1110 3235 1165 viles
3283 1111 3656 1168 existimemus
3681 1157 3696 1183 ,

2104 1202 2161 1249 ut
2191 1194 2398 1251 scilicet
2427 1212 2552 1251 cum
2581 1213 2681 1267 per
2709 1213 2801 1252 eas
2828 1198 3075 1265 juremus
3132 1199 3265 1255 nihil
3306 1200 3490 1269 jurare
3535 1209 3699 1272 pute-

2104 1299 2245 1337 mus.

2146 1390 2358 1471 .Neque
2411 1406 2515 1463 per
2545 1395 2777 1447 terram.
2808 1391 2913 1446 Alii
2956 1408 3059 1463 per
3105 1392 3332 1448 salutem
3380 1394 3694 1465 Pharaonis,

2105 1476 2198 1548 qui
2227 1476 2326 1533 Dei
2352 1478 2558 1546 judicio
2587 1479 2798 1550 positus
2829 1488 2910 1535 est
2938 1480 2994 1534 in
3023 1479 3242 1535 inﬁmis.
3283 1483 3406 1539 Non
3453 1488 3539 1539 est
3588 1502 3697 1558 po-

2103 1569 2255 1621 estas
2282 1568 2401 1622 nisi
2429 1585 2464 1622 α
2492 1570 2600 1624 Deo
2630 1569 2806 1639 (Rom.
2829 1568 2958 1640 xm)
2984 1587 2997 1623 :
3029 1577 3083 1624 et
3103 1570 3159 1624 in
3179 1571 3285 1626 hoc
3310 1571 3485 1626 Deum
3514 1573 3690 1641 juras.

408 1650 642 1706 Domino
672 1650 906 1720 ponitur.
968 1650 1132 1718 Cujus
1161 1650 1395 1705 nominis
1423 1651 1640 1707 occasio
1670 1660 1770 1705 est.
1794 1652 2004 1706 Idolum
2032 1673 2086 1733 Β
2177 1656 2378 1727 Neque,
2413 1662 2516 1711 etc.
2554 1655 2713 1724 Quod
2744 1673 2853 1712 non
2883 1665 2966 1712 est
2995 1665 3145 1713 tuum
3192 1676 3349 1730 opus,
3402 1660 3500 1716 sed
3546 1661 3647 1716 Dei
3681 1679 3696 1715 :

410 1739 539 1795 Baal
564 1738 664 1793 fuit
693 1739 843 1807 juxta
872 1739 1173 1794 Jerusalem
1220 1739 1289 1792 ad
1320 1739 1559 1795 radicem
1607 1740 1808 1794 montis
1837 1740 2003 1796 Moria

409 1827 503 1883 ubi
533 1827 679 1882 Siloe
702 1826 819 1881 fuit.
852 1828 981 1883 Haec
1002 1827 1158 1883 vallis
1189 1827 1389 1899 irrigua
1416 1827 1514 1882 fuit
1536 1836 1589 1883 et
1616 1844 1903 1884 nemorosa
1950 1835 2003 1883 et

406 1917 568 1988 plena
596 1915 826 1983 deliciis,
861 1923 915 1971 et
943 1916 1096 1972 locus
1118 1916 1174 1970 in
1193 1931 1256 1971 ea
1284 1916 1443 1971 idolis
1474 1926 1825 1973 consecratus
1859 1935 1871 1971 :
1904 1933 2002 1987 po-

405 2006 567 2077 pulus
596 2012 777 2060 autem
807 2004 979 2059 Israel
1007 2005 1144 2059 adeo
1174 2004 1428 2059 insanivit
1446 2047 1460 2073 ,
1495 2013 1553 2060 ut
1583 2007 1770 2062 relicto
1799 2007 2002 2076 templo

405 2093 483 2151 ibi
510 2093 871 2160 immolarent,
905 2100 957 2147 et
986 2092 1126 2148 filios
1158 2110 1287 2149 suos
1309 2093 1663 2150 incenderent
1692 2094 1995 2150 daemoniis.

403 2182 474 2238 Et
503 2182 780 2239 dicebatur
821 2181 973 2238 locus
1030 2181 1130 2237 iste
1189 2181 1509 2251 Geliennon,
1573 2183 1629 2237 id
1687 2191 1788 2251 est,
1848 2183 2002 2239 vallis

406 2272 621 2327 Ennon.
657 2269 1027 2326 Comminatur
1055 2278 1235 2325 autem
1273 2272 1420 2325 Deus
1450 2287 1509 2326 se
1538 2271 1884 2341 impleturum
1913 2272 1999 2327 lo-

406 2374 532 2416 cum
559 2359 711 2413 illum
742 2358 1114 2427 cadaveribus,
1148 2367 1205 2414 ut
1237 2367 1462 2415 vocetur
1508 2360 1884 2430 polyandrum,
1944 2361 2001 2415 id

405 2456 506 2517 est,
558 2448 794 2503 tumulus
834 2455 1214 2503 mortuorum:
1248 2448 1407 2516 hujus
1455 2464 1587 2519 ergo
1643 2447 1751 2504 loci
1779 2447 1999 2504 nomine

403 2536 579 2593 futura
608 2534 872 2607 supplicia
896 2536 1287 2613 designantur.

474 2643 644 2697 Vens.
680 2646 766 2697 3t.
801 2673 870 2683 --
899 2643 1005 2697 Det
1061 2643 1153 2697 illi
1192 2642 1384 2712 (Ave.)
1416 2641 1643 2713 Scripsit
1671 2643 1886 2713 Moyses
1942 2642 1999 2696 in

403 2729 847 2795 Deuteronomio,
882 2730 1028 2800 quod
1050 2730 1095 2783 si
1126 2746 1261 2784 uxor
1289 2746 1398 2785 non
1428 2731 1605 2801 placet
1635 2730 1749 2786 viro
1780 2739 1998 2801 propter

401 2819 640 2889 aliquam
698 2818 1012 2885 foeditatem,
1074 2818 1307 2872 dimittat
1355 2834 1493 2872 eam.
1545 2817 1705 2886 Quod
1752 2819 1997 2874 Christus

401 2906 639 2978 exponit,
674 2914 801 2975 etc.,
861 2922 1033 2978 usque
1062 2906 1133 2961 ad
1163 2906 1302 2961 sicut
1355 2905 1530 2976 diligit
1558 2904 1854 2975 inimicum,
1888 2923 1997 2963 non

2104 1751 2157 1798 et
2186 1743 2262 1798 ita
2291 1743 2345 1797 in
2366 1742 2605 1799 minimis
2633 1746 2805 1800 Deum
2828 1746 3061 1814 jurando
3091 1747 3386 1817 perjurium
3413 1747 3696 1805 incurrere

2101 1839 2278 1903 potes.

2174 1920 2280 1988 Qui
2310 1938 2412 1991 per
2440 1929 2600 1992 caput
2638 1922 2796 1992 jurat,
2829 1922 2907 1987 illi
2935 1922 3099 1979 debet
3130 1924 3282 1994 cujus
3310 1910 3480 1997 figura
3509 1933 3563 1982 et
3589 1942 3694 1998 po-

2101 2016 2268 2064 testas
2297 2009 2354 2063 in
2383 2026 2449 2065 eo
2479 2018 2678 2066 manet.

2171 2116 2341 2171 Vsus.
2367 2119 2454 2170 36.
2488 2148 2558 2157 —
2589 2118 2731 2184 Quia
2759 2134 2874 2174 non
2903 2123 3079 2191 potes,
3131 2126 3235 2175 etc.
3269 2119 3399 2176 Haec
3425 2121 3683 2191 praedicta

2099 2217 2226 2259 cum
2255 2204 2361 2258 sint
2389 2205 2561 2260 ardua
2589 2215 2642 2260 et
2671 2205 2928 2275 difficilia,
2961 2223 3122 2262 nemo
3152 2207 3270 2263 sine
3301 2208 3493 2279 spiritu
3540 2209 3695 2265 forti-

2099 2292 2301 2346 tudinis
2331 2301 2533 2348 servat.
2567 2294 2854 2365 Compellit
2882 2296 2950 2351 ad
2978 2295 3387 2367 perfectionem,
3420 2298 3553 2352 dum
3589 2298 3694 2354 tol-

2099 2379 2159 2434 lit
2182 2381 2395 2450 jurandi
2424 2383 2789 2439 occasionem.

2170 2488 2339 2542 Vens.
2373 2488 2459 2542 37.
2494 2520 2562 2528 ——
2616 2491 2732 2554 Est,
2765 2494 2850 2545 est
2880 2510 2898 2557 ,-
2928 2506 3064 2557 non,
3096 2506 3231 2547 non.
3266 2492 3396 2547 Ideo
3425 2492 3511 2547 bis
3541 2492 3693 2564 dicit,

2098 2582 2157 2629 ut
2185 2577 2329 2646 quod
2359 2592 2452 2631 ore
2500 2576 2656 2645 dicis,
2717 2578 2973 2647 operibus
3019 2579 3237 2648 probes.
3291 2579 3448 2648 Quod
3506 2580 3693 2637 verbis

2098 2680 2290 2734 negas,
2324 2663 2481 2719 factis
2508 2682 2617 2719 non
2647 2666 2973 2736 comprobes
3002 2667 3090 2721 vel
3121 2666 3436 2723 conﬁrmes.

2165 2753 2288 2807 Non
2315 2753 2529 2823 penitus
2552 2754 2735 2822 jurare
2765 2754 3056 2825 prohibuit,
3093 2757 3189 2810 sed
3220 2753 3513 2813 occasione
3558 2774 3693 2829 per-

2090 2840 2236 2909 jurii.
2270 2841 2428 2909 Quod
2458 2841 2748 2912 perfectius
2779 2851 2861 2898 est
2891 2844 3076 2899 docuit
3104 2846 3399 2900 ostendens
3430 2847 3577 2917 quod
3604 2846 3695 2901 'ul-

2094 2929 2265 2983 terius
2296 2938 2378 2983 est
2408 2947 2437 2984 a
2466 2931 2607 2986 malo
2656 2948 2797 2986 esse.
2847 2932 3142 3003 Apostolus
3181 2934 3348 3002 jurat,
3415 2942 3474 2988 ut
3530 2933 3697 2989 ﬁdem

400 2996 456 3051 in
485 2997 590 3051 hoc
620 2994 1045 3094 (IPOd‘inimicus
1075 3001 1128 3048 οῖ
1157 2994 1349 3063 malus:
1386 2995 1483 3049 sed
1525 2997 1672 3066 (μιοά
1718 2998 1882 3051 homo
1939 3005 1997 3052 ιη
2026 3019 2419 3094 Cpersuadeat
2454 3037 2467 3073 :
2519 3020 2764 3075 Ecclesia
2814 2994 2973 3075 etiam
3030 3038 3128 3092 pro
3177 2994 3379 3078 icedere
3427 3023 3579 3093 pacis
3625 3024 3696 3078 ad

404 3100 591 3141 secum
623 3083 692 3137 sit
722 3083 922 3137 salvus.

471 3188 835 3263 (Cnnrsosr.)
869 3187 1113 3242 Permisit
1134 3190 1349 3259 Moyses
1379 3189 1499 3244 dari
1560 3189 1801 3245 libellum
1830 3207 1997 3262 repu-

403 3279 497 3348 dii,
521 3294 592 3333 ne
622 3286 845 3348 propter
873 3276 1059 3331 odium
1126 3277 1443 3332 funderetur
1472 3278 1711 3349 sanguis.
1747 3279 2000 3335 Permisit

400 3366 521 3422 ﬁeri
550 3367 708 3433 mala,
734 3374 862 3434 etc.,
894 3381 1068 3437 usque
1098 3367 1169 3421 ad
1199 3366 1328 3436 quia
1354 3366 1526 3421 malas
1556 3367 1838 3422 hominum
1896 3385 1998 3424 vo-

398 3442 729 3511 luntates-ad
758 3455 987 3525 plenum
1011 3454 1303 3524 prohibere
1332 3470 1442 3509 non
1471 3471 1783 3526 possumus.

471 3562 641 3617 Vnus.
677 3565 763 3619 32.
797 3592 867 3601 -
901 3562 1082 3618 Causa
1128 3562 1551 3631 fornicationis.
1608 3563 1745 3630 Quia
1793 3562 1849 3616 in
1897 3563 2001 3620 hoc

398 3651 539 3707 ﬁdes
570 3649 829 3706 castitatis
859 3657 912 3704 et
942 3649 1198 3705 connubii
1221 3649 1489 3720 rumpitur
1512 3668 1525 3704 :
1550 3658 1601 3705 et
1630 3651 1718 3706 ille
1738 3668 1849 3706 non
1870 3636 2004 3708 facit

401 3757 523 3798 eam
552 3739 837 3806 mcechari,
874 3739 971 3793 sed
1000 3737 1117 3809 ipsa
1148 3754 1309 3793 causa
1349 3747 1430 3794 est
1462 3748 1646 3794 reatus
1679 3740 1780 3795 sui.
1816 3741 1870 3796 Si
1901 3758 2001 3795 au-

399 3837 509 3886 tem
538 3844 637 3901 pro
666 3827 1020 3883 fornicatione
1064 3827 1300 3895 dimittit,
1351 3844 1382 3881 a
1428 3827 1783 3885 fornicatione
1841 3830 2004 3886 debet

406 3935 529 3976 esse
558 3917 834 3985 immunis,
868 3931 971 3971 nec
999 3916 1157 3969 aliam
1189 3916 1393 3971 ducere
1414 3916 1541 3972 licet
1572 3918 1702 3971 dum
1732 3918 1820 3972 illa
1850 3918 1998 3973 vivit.

400 4008 814 4064 Fornicationis
870 4020 1059 4059 causa.
1128 4004 1384 4071 Femina,
1438 4022 1559 4075 qua;
1606 4006 1872 4061 fornicata
1899 4014 1999 4075 est,

408 4095 498 4151 vel
525 4094 628 4149 viri
648 4109 717 4147 ne
748 4091 1059 4159 fornicatur,
1094 4090 1303 4146 scilicet
1331 4092 1375 4145 si
1404 4108 1543 4147 uxor
1572 4101 1732 4164 cogat
1791 4094 1859 4147 ad
1887 4094 2005 4149 ido-

402 4181 688 4249 lolatriam,
722 4180 809 4237 vel
837 4180 907 4233 ad
940 4178 1235 4246 avaritiam,
1261 4179 1348 4234 vel
1376 4180 1445 4235 ad
1472 4180 1607 4235 alias
1636 4182 1851 4237 illicitas
1882 4199 2007 4238 con-

412 4268 943 4342 cupiscentias.Non
970 4266 1115 4322 enim
1146 4266 1430 4323 fornicatio
1459 4277 1542 4323 est
1562 4276 1769 4325 tantum
1799 4272 1992 4342 stupri,

401 4359 499 4417 sed
528 4357 859 4448 generaliter
888 4373 1010 4428 quae
1037 4372 1071 4448 ιι
1110 4356 1234 4448 lege
1265 4355 1364 4448 Dei
1420 4357 1673 4448 aberrare
1721 4358 1865 4415 facit.
1917 4362 1988 4415 Et
2007 4388 2059 4448 D

400 4451 514 4522 qui,
549 4455 653 4504 etc.
711 4443 1073 4517 (Cnarsosr.)
1107 4444 1230 4499 Non
1272 4444 1423 4500 dicas
1452 4446 1707 4517 quoniam
1736 4447 1821 4503 vir
1867 4464 1997 4503 suus

401 4554 522 4594 eam
550 4536 771 4605 dimisit,
806 4534 930 4608 quia
960 4534 1121 4590 etiam
1150 4541 1440 4605 postquam
1489 4534 1717 4590 dimissa
1760 4544 1862 4605 est,
1913 4553 1997 4592 re-

406 4632 589 4681 manet
617 4623 935 4679 dimittentis
966 4638 1119 4678 uxor.

474 4732 645 4787 Vnus.
677 4733 764 4785 33.
798 4760 866 4770 —
893 4733 1101 4788 Reddes
1135 4737 1346 4789 autem.
1381 4730 1437 4786 Si
1463 4731 1646 4801 jurare
1659 4731 1949 4804 contigerit
1980 4750 1994 4787 :

403 4836 505 4892 per
546 4819 857 4874 Creatorem
898 4820 1149 4888 jurabis:
1195 4836 1306 4876 non
1351 4836 1452 4890 per
1498 4820 1829 4875 Creaturam.
1881 4822 1998 4878 Hoc

401 4908 548 4965 enim
577 4924 675 4979 per
703 4908 849 4979 quod
872 4908 991 4976 jura
1048 4908 1271 4980 quilibet
1309 4916 1601 4964 veneratur
1633 4927 1646 4963 :
1678 4910 1784 4965 hoc
1830 4918 1991 4979 amat,

402 4998 510 5055 hoc
536 4997 709 5052 timet.
744 4996 872 5052 Ideo
902 4997 990 5052 lex
1022 4997 1265 5068 praecipit
1293 5005 1352 5052 ut
1380 5014 1491 5053 non
1513 4998 1722 5067 juretur
1748 4999 1854 5054 nisi
1900 5015 1997 5070 per
2062 5032 2076 5045 ο

405 5087 600 5143 Deum.

475 5194 586 5264 Ego
616 5195 828 5260 autem,
863 5199 966 5248 etc.
1000 5193 1173 5249 Docet
1211 5192 1287 5246 nil
1327 5199 1435 5246 tam
1480 5193 1586 5249 vile
1630 5194 1687 5248 in
1732 5196 1995 5251 creaturis

404 5280 552 5353 quod
570 5279 691 5352 quis
721 5281 964 5351 pejerare
993 5281 1206 5350 debeat,
1266 5281 1395 5336 dum
1425 5298 1454 5335 a
1485 5299 1697 5339 summo
1726 5300 1900 5355 usque
1927 5285 1997 5340 ad

403 5368 591 5438 imum,
619 5368 984 5438 juramentum
1015 5377 1175 5439 vetat,
1223 5369 1278 5423 id
1309 5378 1408 5439 est,
1454 5387 1484 5425 a
1515 5372 1655 5427 ccelo
1701 5390 1875 5445 usque
1924 5374 1995 5428 ad

405 5458 681 5530 capillum.
717 5458 778 5512 In
808 5459 981 5514 Deum
1011 5459 1257 5529 pejerare
1277 5459 1631 5529 convincitur,
1666 5462 1817 5532 cujus
1847 5464 1995 5518 thro-

405 5563 509 5604 nus
539 5555 622 5605 est
650 5546 868 5618 coelum,
903 5556 957 5605 et
986 5547 1141 5617 cujus
1171 5547 1536 5622 estjquidquid
1565 5557 1665 5606 est.

2096 3104 2221 3161 ﬁdei
2254 3122 2382 3162 suos
2405 3109 2583 3177 jurare
2614 3109 2883 3165 concedit.
2918 3110 3026 3163 Sed
3083 3110 3329 3165 Christus
3379 3112 3526 3182 quod
3573 3128 3697 3182 per-

2095 3193 2289 3251 fectius
2319 3205 2401 3251 est
2438 3197 2641 3267 docuit,
2691 3199 2837 3268 quod
2885 3197 3205 3254 inﬁrmitatis
3251 3199 3493 3269 indulsit,
3545 3200 3696 3272 quod

2097 3285 2532 3357 superstitiosum
2561 3286 2848 3342 resecavit.

2171 3387 2381 3442 Veritas
2408 3388 2689 3457 Evangelii
2728 3388 3094 3456 juramentum
3151 3404 3262 3444 non
3320 3390 3529 3461 recipit,
3593 3392 3695 3447 sed

2098 3475 2320 3530 alterius
2349 3474 2631 3529 infirmitas
2661 3476 2715 3530 id
2744 3477 2922 3547 cogit,
2954 3478 3085 3532 dum
3115 3478 3323 3533 veritati
3352 3495 3463 3533 non
3491 3480 3690 3535 credit.

2168 3565 2211 3619 Α
2243 3567 2392 3620 malo
2419 3569 2522 3620 est.
2554 3565 2677 3619 Non
2707 3564 2926 3635 quidem
2969 3566 3190 3635 malum,
3242 3566 3367 3637 quia
3423 3567 3524 3622 etsi
3580 3584 3693 3623 non

2098 3653 2317 3721 bonum,
2353 3661 2533 3708 tamen
2559 3654 2952 3723 necessarium,
3005 3655 3103 3709 sed
3147 3670 3180 3709 a
3225 3655 3368 3710 malo
3427 3664 3528 3723 est,
3579 3673 3692 3711 non

2103 3749 2194 3797 tuo
2225 3742 2322 3797 sed
2349 3742 2492 3796 illius
2521 3758 2551 3795 a
2573 3758 2679 3813 quo
2724 3743 2943 3813 cogeris
2983 3743 3182 3812 jurare,
3216 3742 3272 3798 id
3302 3752 3403 3813 est,
3434 3744 3502 3798 ab
3531 3743 3692 3799 inﬁr-

2103 3832 2286 3886 mitate
2313 3831 2458 3886 illius
2490 3848 2612 3901 quae
2640 3831 2845 3885 malum
2876 3839 2977 3886 est.

2175 3938 2342 3991 Vsus.
2377 3941 2463 3992 38.
2496 3966 2566 3978 —-
2593 3937 2863 3993 Audistis.
2915 3938 3107 4009 (Λυσι.)
3146 3938 3255 3993 Lex
3284 3938 3507 3995 modum
3527 3939 3689 3996 ultio-

2103 4025 2188 4079 nis
2216 4024 2442 4080 instituit
2476 4043 2489 4079 :
2523 4026 2740 4081 oculum
2771 4043 2869 4097 pro
2917 4027 3097 4082 oculo.
3132 4026 3292 4095 Quod
3336 4028 3385 4082 si
3428 4028 3538 4084 dici
3594 4044 3694 4099 po-

2104 4121 2227 4181 test,
2261 4121 2388 4183 etc.,
2420 4131 2591 4186 usque
2621 4114 2693 4169 ad
2721 4116 2817 4169 sed
2847 4131 2949 4185 pro
2981 4114 3273 4171 dilectione
3296 4116 3538 4185 justitiae,
3559 4116 3686 4185 jus-

2102 4209 2215 4257 tum
2245 4219 2341 4273 pro
2370 4202 2586 4271 injusto,
2621 4202 2765 4274 quod
2812 4210 2895 4258 cst
2940 4204 3144 4259 bonum
3192 4220 3292 4275 pro
3339 4204 3505 4272 malo,
3541 4204 3691 4277 quod

2104 4291 2263 4347 etiam
2287 4291 2454 4360 judex
2483 4291 2627 4348 facit.

2161 4397 2319 4467 Quod
2339 4399 2486 4467 dicit,
2521 4401 2747 4457 oculum
2764 4416 2867 4472 pro
2887 4402 3065 4467 oculo,
3092 4392 3319 4457 dentem
3340 4417 3440 4473 pro
3468 4401 3636 4456 dente
3662 4417 3682 4452 :

2101 4504 2211 4543 non
2237 4489 2467 4543 alterum
2497 4488 2609 4544 vult
2638 4489 2844 4557 tollere,
2880 4489 2977 4543 sed
3006 4496 3295 4560 utrumque
3333 4504 3683 4559 conservare,

2098 4577 2228 4632 dum
2255 4577 2491 4631 minatur
2519 4577 2791 4632 talionem.
2827 4576 3002 4645 Quam
3033 4578 3195 4632 etiam
3224 4593 3349 4634 cum
3405 4576 3569 4633 modo
3599 4576 3688 4633 fa-

2099 4663 2190 4735 cit,
2222 4674 2278 4720 ut
2306 4666 2559 4734 injuriam
2588 4665 2823 4721 vindicta
2855 4682 2966 4720 non
3020 4673 3257 4721 transeat
3290 4674 3380 4721 :et
3428 4666 3547 4722 hmo
3602 4673 3689 4722 est

2097 4754 2247 4825 pacis
2268 4754 2559 4822 inchoatio,
2593 4762 2647 4810 et
2678 4755 2837 4826 quasi
2859 4753 3084 4823 justitiae
3113 4753 3391 4825 incmptio.

2169 4862 2339 4916 Vsus.
2374 4864 2460 4915 39.
2494 4891 2563 4901 —
2621 4862 2740 4916 Non
2796 4862 3078 4917 resistere.
3111 4860 3322 4915 Iustitia
3351 4859 3493 4932 legis
3522 4859 3689 4916 rudes

2099 4949 2315 5004 instruit
2346 4949 2401 5003 in
2430 4949 2583 5004 initio
2609 4949 2848 5019 justitiae,
2901 4949 2958 5004 id
2987 4956 3088 5018 est,
3122 4965 3232 5004 non
3258 4949 3379 5020 plus
3412 4965 3577 5021 quam
3606 4956 3690 5005 est

2096 5038 2301 5092 illatum
2334 5038 2585 5093 reddere.
2618 5038 2830 5092 Justitia
2850 5038 3134 5109 Evangelii
3163 5039 3310 5110 (quae
3336 5038 3485 5093 ducit
3513 5037 3689 5093 homi-

2096 5143 2195 5182 nes
2222 5127 2291 5181 ad
2322 5126 2572 5197 regnum)
2602 5134 2683 5182 est
2711 5143 2823 5181 non
2851 5126 3111 5183 resistere
3141 5127 3286 5182 malo
3320 5144 3333 5180 :
3359 5128 3480 5183 Non
3511 5128 3688 5182 resis-

2098 5221 2215 5273 tere
2239 5234 2252 5269 :
2285 5223 2340 5269 ut
2369 5215 2487 5286 ipse
2516 5214 2663 5269 idem
2695 5233 2708 5269 :
2741 5217 2952 5271 Discite
2981 5234 3017 5271 a
3045 5233 3152 5281 me,
3187 5217 3320 5288 quia
3347 5217 3507 5271 mitis
3536 5232 3685 5281 sum,

2095 5309 2152 5359 et
2183 5306 2416 5360 humilis
2446 5304 2607 5360 corde
2636 5303 2834 5373 (Math.
2875 5304 2959 5377 χι)
2996 5306 3061 5359 Et
3107 5304 3283 5359 David
3313 5323 3332 5358 :
3362 5305 3423 5361 Si
3467 5303 3693 5360 reddidi

2094 5394 2536 5450 retribuentibus
2575 5393 2721 5448 mihi
2749 5395 2903 5449 mala
2965 5394 3117 5465 (Psal
3174 5393 3297 5463 vn).
3348 5393 3551 5447 Jerem.
3614 5394 3688 5446 Et

2095 5483 2401 5538 maxillam
2433 5481 2561 5537 dedi
2588 5484 2937 5554 percutienti
2964 5482 3191 5554 (Thren.
3225 5480 3329 5553 ιιι).
3364 5482 3509 5537 Ecce
3539 5480 3687 5536 idem

2099 5570 2365 5628 Dominus
2394 5571 2534 5643 legis
2562 5579 2616 5628 et
2643 5571 2944 5643 Evangelii.
