4000 6182
274 311 344 364 9'7
743 303 747 309 ’
1159 298 1429 355 GLOSSA
1467 293 1878 352 ORDINARIA.
1919 321 1988 332 —-
2026 289 2292 346 EVANG.
2334 287 2590 342 MATTH.
3293 291 3298 296 '
3526 283 3593 333 98

353 429 543 486 Prwbe
576 429 689 482 illi.
724 426 850 481 Non
890 433 1100 480 tantum
1132 439 1241 479 non
1291 421 1646 492 repercutias,
1699 419 1795 473 sed
1846 416 1888 470 si
1913 416 1967 476 Α
2001 431 2243 504 Singulis
2278 429 2496 502 Singula
2527 433 2893 498 opponuntur,
2936 432 2994 478 ιιι
3021 438 3210 478 omnes
3242 429 3428 492 partes
3473 435 3597 474 ma-

284 520 400 576 vult
428 518 669 572 alteram
700 514 888 578 ferire,
922 514 1194 584 patienter
1225 511 1372 566 feras
1407 529 1420 565 :
1453 512 1556 564 hoc
1587 510 1654 562 de
1703 505 1900 575 injuria

291 607 565 678 corporis.
602 607 682 660 De
712 603 1046 659 necessariis
1076 610 1259 656 autem
1292 601 1337 653 si
1368 597 1677 669 perdideris
1709 611 1896 659 unum,

290 697 410 751 sine
441 694 559 749 tolli
589 701 644 748 et
673 693 975 762 reliquum.
1011 690 1155 758 Quid
1186 704 1323 761 ergo
1354 689 1422 742 de
1456 683 1749 756 superfluis
1768 683 1795 736 ἲ

367 785 644 838 Alteram.
675 780 1045 850 (Cnnrsosr.)
1079 777 1320 832 Primum
1351 775 1576 846 indigna
1599 788 1688 826 res
1719 779 1804 826 est
1845 778 1905 824 ut

296 887 462 927 nomo
499 869 681 924 ﬁdelis
711 876 818 923 stet
849 868 904 921 in
928 866 1136 935 judicio
1166 872 1292 919 ante
1323 869 1679 932 conspectum
1702 859 1905 928 judicis

299 958 559 1014 inﬁdelis.
595 957 734 1011 Nam
772 964 826 1009 et
858 955 902 1008 si
933 952 1188 1018 inﬁdelis,
1216 959 1346 1016 etc.,
1370 965 1545 1021 usque
1565 949 1636 1002 ad
1658 947 1714 1003 Si
1736 945 1906 1001 semel

295 1049 353 1103 in
376 1047 647 1116 judicium
678 1045 969 1116 ingressus
999 1041 1189 1106 fueris,
1224 1055 1334 1094 non
1375 1041 1491 1108 jam
1539 1036 1824 1092 desideras
1851 1040 1910 1088 ut

297 1137 507 1192 veritas
547 1150 730 1190 causae
778 1138 1063 1204 appareat,
1122 1129 1220 1184 sed
1263 1135 1322 1182 ut
1372 1141 1696 1199 quocunque
1741 1123 1907 1178 modo

299 1226 482 1282 victor
516 1225 748 1280 existas.

365 1333 545 1387 Vens.
572 1333 663 1384 40.
686 1359 755 1368 -
775 1329 845 1383 Et
862 1329 914 1382 ei
929 1327 1041 1398 qui,
1067 1332 1173 1380 etc.
1197 1321 1492 1377 Consilium
1513 1328 1596 1375 est
1617 1326 1911 1389 antequam

296 1419 630 1477 contendas.
664 1417 815 1472 Licet
847 1415 1070 1486 quidem
1103 1410 1332 1467 inﬁmis
1365 1426 1464 1464 sua
1494 1415 1764 1478 repetere,
1813 1405 1911 1460 sed

293 1525 405 1564 non
419 1507 783 1563 contendere.
807 1505 982 1558 Lucas
996 1516 1300 1557 econverso
1326 1518 1339 1552 :
1363 1498 1468 1566 Qui
1488 1496 1666 1552 aufert
1679 1503 1885 1550 vestem
1896 1537 1908 1559 ,

295 1598 464 1653 etiam
495 1595 740 1651 tunicam
759 1593 872 1648 noli
901 1590 1217 1662 prohibere.
1245 1588 1405 1657 Quod
1428 1602 1538 1640 non
1559 1586 1628 1640 de
1649 1584 1734 1638 his
1757 1582 1910 1648 solis,

304 1686 404 1741 sed
430 1687 502 1740 de
515 1684 777 1739 omnibus
788 1679 1184 1751 temporalibus
1196 1675 1506 1733 faciendum
1520 1682 1622 1730 est.
1644 1675 1912 1729 Tunicam

1999 522 2126 576 litiae
2158 519 2399 575 bonitate
2431 518 2735 572 vincantur.
2771 515 3035 570 Videntur
3083 518 3274 568 contra
3323 526 3445 564 esse
3490 509 3597 562 im-

1998 609 2346 682 precationes
2393 608 2786 678 prOphetarum
2843 619 2962 675 quae
3007 617 3116 658 non
3171 601 3426 656 dicuntur
3473 604 3601 652 voto

2003 698 2328 768 optantium,
2365 697 2462 749 sed
2494 694 2684 764 spiritu
2715 690 3151 762 praevidentium.

2077 788 2262 842 Orate.
2285 784 2477 856 (AUG.)
2508 783 2630 836 Non
2663 781 2736 835 ait
2767 783 2871 834 hoc
2901 796 3003 850 pro
3034 776 3298 834 fratribus
3327 776 3383 830 in
3404 774 3602 846 quibus

2006 883 2130 930 sunt
2192 872 2482 944 aliquando
2529 878 2757 941 peccata
2820 867 3206 938 persecutione
3252 864 3598 920 inimicorum

2007 963 2285 1036 graviora,
2319 971 2448 1025 etc.,
2483 975 2654 1030 usque
2685 958 2755 1012 ad
2785 972 2906 1011 cum
2937 964 2990 1010 et
3021 956 3067 1009 si
3096 969 3360 1025 peccasse
3391 952 3601 1007 fatean-

2007 1061 2114 1117 tur,
2148 1059 2201 1105 et
2231 1050 2425 1105 fecisse
2447 1047 2594 1102 mala
2613 1048 2964 1100 vehementer
2995 1060 3091 1098 eos
3111 1043 3392 1114 paeniteat,
3418 1049 3601 1095 tamen

2007 1138 2317 1208 hujusmodi
2347 1136 2660 1191 affectiones
2707 1133 2906 1188 mentis
2952 1132 3153 1186 habent
3200 1139 3258 1184 ut
3287 1146 3348 1185 se
3377 1145 3487 1184 non
3506 1131 3606 1183 hu-

2008 1228 2218 1282 milient
2249 1227 2318 1280 ad
2347 1225 2641 1295 petendam
2671 1221 2907 1276 veniam.

2081 1335 2298 1388 Movere
2329 1338 2508 1386 autem
2538 1335 2737 1399 potest,
2764 1327 2911 1398 quod
2927 1327 3165 1380 Joannes
3187 1324 3240 1377 in
3261 1323 3511 1395 Epistola
3530 1323 3601 1378 de

2011 1422 2299 1478 dilectione
2331 1419 2430 1474 Dei
2460 1426 2514 1473 et
2541 1415 2774 1488 proximi
2823 1423 3032 1468 tantum
3081 1429 3304 1468 monere
3353 1412 3598 1477 videtur,

2011 1520 2068 1565 ut
2096 1511 2291 1566 fratres
2323 1508 2635 1580 diligamus,
2669 1521 2791 1560 cum
2821 1503 3082 1558 Dominus
3112 1502 3256 1556 dicat
3286 1509 3334 1555 et
3367 1516 3467 1572 pro
3498 1499 3606 1553 ini-

2011 1600 2166 1656 micis
2198 1599 2491 1653 orandum.
2528 1596 2636 1649 Sed
2666 1594 2866 1648 fratres
2894 1592 3272 1663 intelliguntur
3289 1606 3396 1643 non
3431 1589 3607 1643 solum

2013 1689 2104 1759 qui
2129 1689 2243 1756 jam
2273 1687 2523 1750 credunt,
2558 1684 2657 1738 sed
2689 1682 2780 1753 qui
2812 1679 3076 1736 credituri
3105 1686 3250 1744 sunt,
3283 1694 3385 1748 pro
3408 1676 3607 1748 quibus

299 1779 484 1830 εαανη·
523 1772 644 1836 Ῡθιν
677 1771 861 1825 “mica
889 1777 973 1824 θεῖ
1001 1767 1202 1832 anima,
1253 1781 1415 1838 quam
1446 1764 1491 1818 Si
1523 1763 1644 1834 (illis
1673 1760 1907 1833 Perdere
1926 1773 1977 1831 Β
2005 1778 2274 1832 orandum
2305 1782 2407 1839 est,
2441 1781 2499 1826 ut
2530 1772 2774 1826 fraterno
2805 1769 3013 1824 fcedere
3043 1767 3202 1822 nobis
3233 1767 3532 1821 socientur.

296 1861 562 1925 noluerit,
597 1860 833 1914 dimittat
862 1857 1106 1928 pallium,
1137 1855 1195 1909 id
1226 1851 1348 1920 est,‘
1366 1868 1568 1923 corpus
1598 1851 1670 1906 ad
1700 1856 1906 1918 marty-

302 1951 467 2005 rium.
506 1948 896 2018 Spiritualiter,
931 1947 1120 2000 doctor
1150 1943 1388 1997 tunicam
1423 1939 1580 2004 tollit,
1615 1954 1739 1994 cum
1770 1938 1907 1992 inte-

305 2040 455 2094 riora
484 2038 623 2092 vitia
652 2036 780 2092 facit
813 2033 1081 2098 conﬁteri,
1114 2040 1172 2086 ut
1202 2039 1286 2086 est
1305 2029 1528 2094 invidia,
1553 2026 1828 2098 superbia,
1854 2033 1909 2080 et

305 2126 640 2196 hujusmodi.
688 2124 783 2178 Ille
833 2123 984 2178 addit
1017 2139 1030 2176 :
1063 2123 1132 2176 Et
1177 2120 1458 2192 pallium;
1510 2117 1602 2190 qui
1652 2124 1707 2171 et
1751 2121 1907 2171 exte-

304 2217 474 2280 riora,
526 2222 589 2270 ut
632 2213 839 2269 furtum
886 2219 942 2266 et
987 2208 1424 2273 fornicationem,
1473 2220 1584 2260 non
1630 2203 1907 2260 erubescit

306 2303 580 2360 conﬁteri.

377 2394 554 2447 Vens.
589 2393 678 2445 H.
710 2421 779 2431 —
809 2390 959 2444 Mille
986 2402 1206 2460 passus.
1241 2385 1358 2440 Hoc
1386 2390 1471 2439 est
1520 2382 1624 2436 iter
1672 2379 1906 2445 sabbati,

312 2497 419 2554 quo
451 2480 780 2552 designatur
810 2476 1074 2548 perfectio
1105 2473 1405 2546 spiritualis
1439 2489 1452 2526 :
1488 2470 1615 2542 quia
1643 2484 1754 2524 non
1783 2467 1911 2523 licet

310 2571 364 2624 in
395 2569 636 2624 sabbato
668 2567 866 2622 servile
897 2581 1033 2635 Opus
1063 2563 1267 2618 facere.
1301 2562 1430 2616 Alia
1474 2559 1602 2615 duo.
1655 2557 1815 2612 Vadit
1858 2563 1912 2612 et

309 2660 418 2713 alia
446 2659 564 2713 duo
594 2655 688 2727 qui
719 2657 849 2710 dum
883 2669 1115 2724 corpore
1149 2659 1357 2706 tantum
1386 2650 1442 2703 in
1472 2647 1788 2703 servitutem
1817 2660 1911 2698 re-

308 2747 531 2818 digitur,
569 2744 760 2814 spiritu
791 2750 846 2798 et
875 2742 1075 2807 anima,
1100 2741 1157 2794 id
1187 2737 1516 2804 est,ratione
1538 2743 1592 2792 et
1611 2734 1908 2799 voluntate,

313 2835 494 2906 redigi
525 2841 610 2888 est
645 2839 892 2904 paratus.

385 2942 562 2995 Vens.
598 2943 685 2996 42.
720 2969 788 2978 -
818 2940 902 2993 Da
932 2938 1001 2993 ei.
1036 2935 1171 3003 Qua:
1191 2935 1419 2988 honeste
1450 2939 1505 2988 et
1519 2930 1666 2999 juste
1684 2933 1915 3000 possunt

317 3030 453 3085 dari.
489 3028 548 3084 Si
578 3028 737 3083 deest
765 3024 1020 3090 facultas,
1057 3025 1125 3078 da
1156 3021 1410 3078 affectum
1442 3018 1612 3075 verbo
1644 3017 1732 3072 vel
1753 3016 1915 3072 obse-

2075 1867 2245 1919 Vens.
2282 1866 2370 1917 45.
2394 1892 2462 1902 —
2483 1863 2634 1916 Filii.
2669 1859 2791 1913 Non
2812 1859 3141 1930 degeneres.
3166 1855 3334 1924 Quasi
3355 1855 3564 1909 diceret
3589 1870 3604 1907 :

2005 1958 2246 2024 Accepta
2274 1959 2544 2022 potestate
2577 1948 2836 2019 operibus
2865 1946 3012 2018 agite
3044 1953 3102 1998 ut
3133 1944 3251 1998 sitis
3281 1943 3377 1997 filii
3408 1957 3608 1998 renas-

2005 2043 2179 2099 cendo
2205 2058 2306 2111 per
2346 2038 2685 2095 charitatem.
2734 2038 2944 2092 Patris.
2997 2036 3119 2088 Jam
3168 2033 3368 2088 dicitur
3426 2039 3606 2101 pater.

2007 2132 2201 2186 Videte
2230 2137 2289 2184 ut
2318 2128 2435 2182 sitis
2465 2126 2560 2181 ﬁlii
2598 2125 2770 2180 renati
2817 2141 2884 2178 ex
2913 2125 3029 2178 Deo
3080 2121 3172 2193 qui
3205 2129 3290 2175 est
3344 2120 3604 2176 charitas.

2011 2221 2114 2287 Qui
2151 2221 2343 2275 solem.
2379 2217 2534 2272 Hunc
2564 2214 2852 2269 visibilem.
2903 2212 3045 2266 Nam
3093 2209 3340 2280 inquiunt
3387 2208 3441 2262 in
3469 2207 3611 2262 libro

2010 2307 2338 2372 Salomonis,
2371 2308 2461 2361 Sol
2475 2306 2722 2378 justitia:
2752 2319 2867 2358 non
2895 2302 3101 2356 illuxit
3150 2300 3305 2354 nobis
3338 2298 3490 2368 (Sap.
3525 2297 3606 2366 v).

2008 2397 2078 2451 Et
2107 2397 2174 2451 de
2204 2395 2390 2465 pluvia
2419 2393 2681 2450 doctrinm
2703 2392 2974 2461 propheta
2993 2387 3136 2451 .dicit
3171 2405 3184 2440 :
3217 2388 3398 2456 Super
3427 2401 3606 2441 unam

2011 2487 2301 2540 civitatem
2332 2484 2500 2552 pluit,
2538 2484 2592 2533 et
2623 2495 2736 2532 non
2759 2495 2929 2549 super
2950 2478 3214 2530 alteram.
3239 2476 3422 2528 Solem
3441 2490 3611 2528 suum

2013 2572 2200 2641 (Amos
2240 2570 2340 2639 IV),
2384 2576 2489 2623 etc.
2525 2567 2692 2634 Quasi
2713 2566 2860 2620 dicat
2893 2582 2906 2618 :
2939 2564 3114 2632 Quem
3136 2562 3282 2628 fecit,
3308 2561 3462 2629 cujus
3481 2576 3611 2632 pro-

2011 2660 2128 2730 prie
2162 2665 2286 2711 sunt
2305 2656 2488 2712 omnia
2511 2671 2631 2726 qua:
2653 2655 2720 2708 de
2737 2653 2906 2706 nihilo
2927 2650 3153 2707 creavit.
3181 2650 3325 2719 Quid
3345 2665 3483 2721 ergo
3505 2662 3607 2704 nos

2014 2748 2276 2804 faciemus
2306 2745 2374 2800 de
2405 2740 2489 2798 his
2519 2759 2640 2813 qua:
2669 2743 2736 2796 de
2769 2757 2996 2795 munere
3028 2740 3146 2807 ejus
3176 2738 3490 2808 accepimus
3512 2738 3540 2791 ?

2085 2838 2256 2890 Vens.
2291 2837 2378 2888 46.
2411 2864 2480 2873 -
2511 2833 2823 2887 Publicani.
2874 2830 3178 2883 Exactores
3211 2827 3603 2892 Romanorum,

2016 2941 2154 2996 quos
2181 2923 2352 2978 Judaei
2384 2923 2464 2976 sic
2495 2928 2710 2985 vocant,
2745 2919 2872 2989 quia
2901 2919 2969 2972 de
2992 2916 3277 2987 republica
3296 2930 3486 2970 curam
3509 2931 3607 2987 ge-

2014 3014 2227 3070 rebant.
2263 3012 2528 3067 Dicuntur
2557 3018 2610 3063 et
2638 3024 2838 3062 nomen
2864 3007 3098 3061 traxisse
3131 3021 3164 3060 a
3194 3004 3384 3059 Publio
3407 3003 3605 3060 Roma-

317 3120 459 3190 quio.
495 3120 580 3172 Da
609 3120 682 3181 ei,
718 3117 816 3180 lta,
866 3113 1092 3179 scilicet,
1143 3119 1203 3165 ut
1248 3125 1352 3166 nec
1399 3108 1495 3164 tibi
1548 3113 1757 3170 noceat,
1813 3117 1981 3191 necc
2020 3119 2091 3158 no
2123 3118 2277 3174 rege,
2312 3100 2403 3170 qui
2431 3098 2584 3170 prius
2615 3113 2710 3152 eos
2749 3095 3040 3151 ordinavit.

313 3208 402 3262 alii
435 3225 448 3261 :
481 3203 774 3277 pensanda
803 3211 887 3257 est
917 3202 1061 3258 enim
1084 3199 1314 3270 justitia.
1350 3198 1430 3252 lta
1459 3195 1603 3252 enim
1637 3193 1784 3249 omni
1811 3207 1915 3262 pe-

311 3297 441 3352 tenti
471 3293 658 3358 dabis,
693 3301 746 3347 et
778 3292 824 3345 si
854 3306 964 3344 non
992 3289 1049 3344 id
1079 3287 1227 3360 quod
1258 3285 1410 3356 petit,
1447 3285 1545 3339 sed
1576 3282 1772 3337 melius
1791 3297 1915 3335 cum

312 3385 510 3454 injuste
543 3389 823 3454 petentem
852 3377 1180 3435 correxeris.
1206 3377 1276 3430 Et
1307 3375 1536 3429 volenti.
1565 3372 1685 3426 Duo
1707 3383 1918 3442 genera

311 3471 618 3543 praestandi
648 3467 1049 3539 complectitur.
1082 3463 1184 3519 Vel
1212 3461 1357 3518 enim
1391 3459 1656 3515 benevole
1697 3458 1912 3520 damus,

313 3563 399 3618 vel
418 3561 716 3616 reddituro
736 3555 1168 3613 commodamus.
1181 3552 1252 3606 Et
1273 3550 1601 3623 quandoque
1623 3547 1714 3619 qui
1727 3546 1912 3609 donat,

313 3667 420 3708 non
451 3648 576 3704 vult
607 3646 983 3709 commodare,
1017 3641 1170 3713 quasi
1201 3639 1333 3694 nihil
1363 3636 1636 3692 mercedis
1667 3635 1722 3688 in
1751 3649 1818 3689 eo
1848 3632 1920 3686 sit

318 3755 439 3796 cum
467 3753 592 3792 rem
623 3743 907 3805 acceptam
938 3731 1154 3786 debitor
1183 3726 1468 3799 persolvit.
1523 3724 1633 3780 Sed
1662 3739 1793 3780 vere
1825 3720 1917 3777 ille

315 3829 404 3900 qui
433 3827 606 3883 etiam
637 3825 742 3879 hoc
765 3822 939 3891 jubet,
974 3817 1246 3874 retribuit.
1282 3815 1424 3870 Dicit
1444 3829 1580 3885 ergo
1615 3829 1630 3867 :
1662 3812 1738 3866 Ne
1760 3826 1917 3865 aver-

321 3919 478 3981 teris,
515 3914 573 3968 id
605 3921 709 3978 est,
745 3925 849 3966 nec
879 3909 1085 3964 alienes
1115 3905 1452 3962 voluntatem
1473 3909 1643 3956 tuam.
1666 3900 1919 3954 Hilarem

317 4007 469 4060 enim
502 4003 766 4058 datorem
796 3999 981 4069 diligit
1011 3999 1156 4050 Deus
1189 3994 1264 4062 (II
1295 3994 1415 4048 Cor.
1450 3990 1554 4058 1x),
1589 3988 1666 4044 sic
1715 3994 1770 4042 et
1801 3985 1916 4056 spi—

321 4091 530 4148 ritualis
561 4091 759 4146 doctor
789 4085 944 4143 verbi
974 4083 1142 4139 divini
1172 4081 1349 4136 foenus
1381 4077 1723 4134 auditoribus
1755 4074 1920 4129 debet

322 4179 765 4242 accommodare,
799 4182 858 4229 ut
887 4173 1015 4228 boni
1045 4171 1231 4242 Operis
1262 4167 1680 4224 retributionem
1709 4163 1780 4218 ab
1809 4161 1918 4217 illis

322 4269 493 4338 possit
522 4267 800 4336 accipere,
835 4271 890 4317 et
918 4278 952 4317 a
984 4263 1098 4315 Deo
1130 4258 1445 4314 mercedem
1476 4268 1720 4324 sperare.

389 4375 563 4429 Vens.
600 4375 688 4426 43.
711 4401 780 4410 —
800 4369 1072 4423 Audistis.
1099 4365 1204 4434 Qui
1218 4344 1405 4436 legem
1426 4361 1655 4432 implere
1676 4357 1841 4423 venit,
1863 4356 1919 4410 in

322 4462 423 4519 ﬁne
455 4464 528 4517 ad
559 4460 885 4516 charitatem
913 4457 1131 4527 plenam
1161 4451 1433 4525 perducit,
1458 4465 1579 4522 qua;
1607 4455 1692 4504 est
1722 4445 1914 4517 imple-
1936 4490 1990 4549 D

327 4552 398 4606 tio
435 4550 599 4606 legis.

435 4568 487 4605 ie
553 4568 599 4602 s.

399 4568 548 4712 Odi:l
588 4655 828 4709 habebis.
881 4648 1129 4705 Forsitan
1176 4644 1593 4718 intelligendum
1640 4648 1724 4695 est
1765 4640 1918 4708 juxta

329 4746 431 4800 hoc
458 4743 610 4816 quod
641 4756 810 4811 supra
842 4757 856 4793 :
895 4739 1134 4794 Oculum
1162 4751 1265 4807 pro
1295 4735 1474 4798 oculo,
1509 4739 1617 4788 etc.
1652 4728 1752 4784 Vel
1781 4727 1917 4782 sub—

331 4831 595 4888 trahendo
626 4828 806 4884 ofﬁcia
832 4824 1207 4882 humanitatis.

395 4939 568 4993 Vens.
602 4937 691 4991 44.
715 4963 785 4975 -
806 4933 1052 5003 Diligite.
1086 4930 1289 4985 Contra
1316 4923 1624 4981 Ecclesiam
1642 4929 1920 4994 pugnatur

330 5025 498 5080 tribus
525 5023 710 5080 modis
742 5040 756 5077 :
790 5020 937 5085 odio,
970 5017 1176 5083 verbis,
1211 5014 1457 5072 cruciatu
1487 5011 1754 5082 corporis.
1806 5009 1918 5064 Ec-

332 5113 495 5169 clesia
522 5106 753 5170 econtra
791 5107 987 5180 diligit,
1022 5103 1312 5169 benefacit,
1345 5109 1486 5158 orat.
1541 5102 1657 5156 Hoc
1686 5105 1770 5154 est
1815 5112 1918 5152 no-

332 5217 455 5256 vum
483 5200 825 5264 mandatum,
859 5197 965 5252 hoc
1001 5195 1071 5251 de
1117 5193 1243 5248 ﬁliis
1269 5192 1367 5246 irae
1414 5189 1544 5246 facit
1590 5187 1731 5243 ﬁlios
1781 5185 1918 5251 Dei;

333 5290 471 5346 unde
503 5288 750 5360 sequitur
782 5303 796 5340 :
833 5287 898 5342 Ut
931 5285 1058 5340 sitis
1087 5283 1218 5352 ﬁlii.
1251 5277 1489 5350 Adoptio
1537 5276 1772 5333 ﬁliorum
1802 5274 1921 5330 sola

336 5378 594 5435 charitate
641 5374 964 5449 acquiritur.

401 5486 744 5556 Bene/‘acite.
768 5477 1126 5536 Ministrando
1142 5475 1324 5534 cibum
1333 5473 1532 5530 mentis
1551 5471 1640 5530 vel
1650 5470 1916 5542 corporis.

337 5572 489 5642 Quod
518 5571 833 5630 facitetiam
864 5568 954 5639 qui
981 5565 1116 5622 dicit
1133 5581 1258 5622 eum
1286 5561 1597 5632 hujusmodi
1619 5577 1720 5616 nec
1739 5559 1920 5615 cibum

343 5678 569 5722 sumere.
605 5658 807 5720 Omnia
836 5657 981 5715 enim
1007 5670 1078 5713 ea
1118 5660 1385 5727 spectant,
1417 5658 1476 5709 ut
1519 5649 1718 5707 fratres
1767 5646 1917 5704 ﬁant.

2090 3209 2262 3262 Vens.
2297 3207 2384 3262 47.
2409 3235 2478 3246 —-
2498 3206 2567 3260 Et
2595 3205 2645 3258 si
2665 3203 3075 3258 salutaveritis.
3100 3199 3156 3256 Si
3176 3215 3278 3271 pro
3300 3197 3385 3254 his
3404 3206 3613 3253 tantum

2015 3295 2325 3358 oraveritis,
2359 3293 2451 3364 qui
2481 3293 2665 3362 aliqua
2695 3290 2952 3344 afﬁnitate
2982 3289 3138 3345 vobis
3169 3288 3277 3342 sint
3311 3288 3606 3356 conjuncti,

2017 3385 2146 3457 quid
2177 3383 2410 3454 amplius
2439 3383 2604 3436 habet
2634 3378 2958 3434 beneﬁcium
2990 3385 3229 3432 vestrum
3266 3393 3434 3448 quam
3479 3375 3612 3430 infi-

2016 3474 2220 3529 delium
2239 3474 2266 3526 ‘P
2297 3471 2526 3542 Oportet
2554 3469 2757 3524 fratres
2793 3466 3043 3538 diligere,
3077 3474 3131 3520 et
3161 3465 3439 3522 humiliter
3468 3465 3616 3522 salu-

2021 3571 2140 3617 tare
2173 3581 2186 3616 :
2221 3561 2319 3616 sed
2353 3575 2549 3630 parum
2584 3565 2684 3612 est.

2087 3650 2259 3704 Vens.
2284 3652 2371 3704 48.
2404 3677 2473 3687 -
2503 3647 2768 3716 Per/“ceti.
2792 3644 2855 3697 In
2874 3643 3140 3698 charitate
3163 3642 3262 3698 Dei
3283 3650 3335 3697 et
3356 3642 3610 3714 proximi.

1995 3737 2280 3794 Cumulus
2325 3734 2676 3807 perfectionis
2722 3732 2957 3803 diligere
3005 3731 3170 3785 etiam
3218 3730 3508 3798 inimicos,
3561 3738 3615 3786 et

2017 3842 2179 3882 orare
2206 3841 2308 3896 pro
2337 3824 2463 3890 illis,
2496 3823 2636 3879 sicut
2663 3829 2718 3877 et
2749 3819 3000 3876 Christus
3030 3817 3177 3874 fecit.

2623 3997 2847 4054 CAPUT
2913 3996 3003 4052 Vl.

2089 4163 2260 4216 Vens.
2287 4164 2337 4214 1.
2361 4189 2429 4199 -
2449 4160 2758 4224 Attendite,
2791 4165 2899 4213 etc.
2923 4156 3028 4226 Qui
3050 4157 3333 4227 hucusque
3354 4157 3616 4227 praecepit

2016 4250 2085 4305 de
2114 4247 2512 4312 misericordia,
2546 4263 2690 4302 nunc
2719 4246 2966 4317 przecipit
2995 4245 3064 4300 de
3111 4244 3294 4299 cordis
3345 4245 3613 4300 munditia

2019 4354 2126 4409 qua
2157 4339 2303 4391 Deus
2334 4336 2565 4390 videtur.
2602 4335 2658 4389 Si
2688 4335 2834 4389 enim
2872 4350 2982 4387 non
3031 4332 3263 4402 simplici
3311 4332 3610 4387 intentione

2021 4427 2118 4480 sed
2145 4442 2246 4495 pro
2276 4424 2556 4479 hominum
2585 4422 2768 4487 laude,
2802 4438 2910 4475 non
2929 4421 3234 4490 probantur
3253 4435 3285 4473 a
3307 4421 3422 4474 Deo
3443 4435 3614 4490 opera

2019 4513 2426 4569 misericordiae.
2461 4513 2602 4566 Laus
2650 4509 2928 4564 hominum
2967 4524 3075 4561 non
3104 4506 3485 4576 debetappeti,
3519 4507 3618 4562 sed

2023 4601 2303 4672 subsequi,
2336 4609 2392 4654 ut
2423 4598 2672 4668 exemplo
2704 4597 2840 4650 alios
2872 4595 3076 4649 invitet.
3111 4595 3386 4649 Hactenus
3413 4595 3483 4649 de
3496 4595 3615 4663 jus-

2019 4691 2132 4745 titia
2163 4689 2468 4761 Evangelii,
2503 4703 2622 4757 quia
2654 4692 2739 4740 est
2785 4699 2950 4753 super
2973 4682 3241 4751 justitiam
3291 4683 3612 4738 Scribarum

2019 4786 2074 4834 et
2102 4779 2520 4832 Pharisaeorum.
2555 4774 2714 4828 Nunc
2744 4787 2852 4842 qua
2881 4770 3150 4825 munditia
3189 4771 3372 4826 cordis
3420 4772 3614 4827 eadem

2013 4866 2223 4936 justitia
2250 4865 2448 4919 debeat
2467 4860 2682 4932 impleri
2707 4878 2719 4913 :
2746 4859 2892 4931 quod
2911 4859 2970 4913 in
2989 4859 3342 4930 eleemosyna
3365 4869 3614 4916 servatur

2021 4963 2074 5010 et
2101 4953 2365 5008 oratione.
2400 4951 2525 5005 Non
2554 4949 2698 5004 enim
2726 4957 2912 5003 monet
2943 4947 3030 5002 hic
3061 4947 3148 5003 vel
3179 4963 3341 5002 orare
3363 4948 3448 5003 vel
3471 4948 3615 5004 elee-

2020 5057 2305 5113 mosynam
2336 5039 2519 5094 facere
2555 5057 2568 5092 :
2603 5038 2699 5092 sed
2731 5053 2838 5108 quo
2871 5036 3053 5090 animo
3100 5036 3364 5092 debemus
3411 5035 3611 5092 facere.

2021 5132 2216 5204 Agitur
2248 5129 2392 5186 enim
2423 5128 2511 5183 hic
2539 5127 2608 5182 de
2638 5125 2952 5180 mundando
2983 5124 3169 5180 corde.
3205 5125 3366 5196 Apud
3385 5128 3618 5182 Patrem

2022 5225 2290 5276 vestrum.
2342 5217 2506 5285 Cujus
2566 5215 2801 5288 gloriam
2851 5212 2946 5267 filii
2995 5229 3242 5284 quaerere
3289 5213 3510 5282 debent,
3563 5223 3616 5271 et

2023 5309 2208 5365 omnia
2237 5307 2381 5361 bona
2413 5306 2482 5360 ad
2514 5307 2618 5360 hoc
2648 5311 2704 5358 ut
2732 5304 2987 5374 placeant
3031 5301 3103 5367 ei,
3135 5301 3362 5358 referre.

2095 5399 2265 5451 Vens.
2298 5400 2358 5452 2.
2400 5425 2468 5434 —
2502 5395 2638 5449 Cum
2669 5409 2814 5465 ergo,
2852 5399 2958 5447 etc.
2992 5392 3038 5445 A
3071 5398 3183 5445 toto
3231 5391 3287 5444 in
3318 5399 3524 5462 partes,
3556 5399 3615 5445 ut

2023 5493 2258 5557 exponat
2289 5500 2410 5555 quae
2447 5485 2590 5538 bona
2619 5498 2730 5537 non
2761 5481 2867 5536 sint
2896 5497 2996 5551 pro
3028 5480 3310 5535 hominum
3339 5480 3501 5535 laude
3529 5479 3618 5534 fa—

2023 5575 2234 5632 cienda.
2289 5574 2433 5630 Tuba
2479 5588 2702 5629 canere.
2756 5570 3007 5626 Forsitan
3055 5569 3392 5626 convocandi
3439 5569 3620 5641 gratia

2024 5666 2129 5722 hoc
2157 5663 2406 5722 fecerunt
2439 5681 2452 5718 :
2487 5670 2546 5720 ut
2574 5677 2766 5719 omnes
2785 5659 2929 5719 irent
2950 5657 3108 5731 quasi
3128 5659 3198 5715 ad
3220 5657 3614 5731 spectaculum.
