4000 6182
339 229 406 279 99
852 223 1258 278 WALAFRIDI
1297 222 1540 278 STRABI
1578 221 1775 277 FULD.
1817 218 1989 275 MON.
2032 217 2185 275 OPP.
2227 218 2403 276 PARS
2442 221 2484 273 Ι.
2525 250 2594 260 -
2631 217 3103 276 THEOLOG'ICA.

3529 222 3637 274 100

343 349 494 403 Ante
528 351 603 403 te.
638 349 777 402 Ante
811 362 869 401 se
901 346 1032 400 tuba
1061 346 1208 402 canit
1238 344 1330 417 qui
1359 353 1484 399 ante
1515 344 1652 399 alios
1682 343 1795 399 vult
1815 343 1939 397 lau-
1968 342 2025 403 A
2115 342 2477 415 (Cnnrsosr.)
2510 343 2565 398 Si
2594 344 2784 414 paucis
2815 344 3085 399 orandum
3115 349 3219 408 est,
3255 356 3355 398 cur
3385 341 3636 413 parabo-

340 436 461 491 dari
495 454 508 490 :
541 444 599 490 ut
631 442 898 507 appareat
927 435 1104 502 major
1134 433 1260 488 illis.
1312 436 1678 505 Receperunt.
1729 434 1776 485 Α
1823 432 1939 486 Deo

341 524 525 579 cordis
558 524 877 594 inspectore
907 521 1137 577 fallaciae
1160 521 1486 592 supplicium
1505 521 1572 574 de
1596 519 1793 591 quibus
1812 519 1941 575 dici-

346 621 434 664 tur
472 629 485 665 :
518 612 777 667 Recedite
808 629 843 666 α
873 628 979 677 me,
1015 612 1261 682 operarii
1290 609 1467 666 dolosi
1497 628 1515 663 :
1548 625 1755 665 nomen
1786 610 1941 664 enim

340 715 535 755 meum
567 700 844 755 habuistis
876 719 894 754 :
925 698 1020 753 sed
1050 715 1218 771 opera
1247 713 1374 752 mea
1402 713 1518 753 non
1544 699 1784 767 fecistis.

414 788 586 843 Vens.
636 791 688 841 3.
724 818 792 827 -—
821 788 1067 842 Nesciet.
1120 785 1373 850 Sinistra,
1423 784 1555 840 vitia
1608 803 1621 838 :
1671 785 1937 851 dextera,

342 875 592 931 virtutes.
631 874 789 944 Quod
821 889 955 947 ergo
985 873 1099 945 agit
1129 871 1323 939 virtus,
1356 873 1567 930 nesciat
1618 872 1801 939 elatio,
1853 872 1941 928 vel

344 978 489 1019 vana
520 962 719 1036 gloria,
754 979 850 1016 seu
880 961 1104 1032 aliquod
1123 961 1313 1017 vitium
1344 980 1358 1015 :
1395 962 1494 1017 sed
1511 961 1605 1016 lux
1625 969 1789 1017 rectae
1809 976 1942 1032 ope-

344 1051 577 1106 rationis
605 1050 758 1123 fuget
786 1050 1043 1105 tenebras
1075 1050 1306 1120 peccati.

422 1157 592 1212 Vnns.
626 1157 679 1209 4.
712 1186 781 1195 -
812 1157 877 1211 In
907 1156 1249 1212 abscondito.
1281 1156 1344 1209 In
1366 1154 1689 1211 abscondito
1711 1155 1943 1211 eleemo—

347 1259 485 1316 syna
515 1242 594 1310 fit,
627 1261 749 1315 quae
769 1243 932 1298 nullis
950 1243 1212 1301 miscetur
1232 1243 1474 1298 tenebris
1508 1261 1521 1298 :
1552 1243 1645 1298 lux
1661 1243 1806 1298 intus
1834 1252 1938 1311 est,

344 1333 590 1388 tenebrae
621 1340 792 1387 extra.
836 1333 989 1388 Videt
1016 1335 1079 1387 in
1108 1332 1448 1388 abscondito.
1501 1332 1700 1389 Videre
1730 1331 1831 1387 Dei
1860 1339 1943 1387 est

349 1421 680 1492 approbare.
714 1420 813 1475 Illa
845 1428 1028 1474 autem
1073 1427 1282 1474 tantum
1330 1420 1599 1491 approbat
1647 1436 1767 1492 qua:
1816 1427 1944 1474 sunt

349 1509 691 1576 abscondita,
726 1524 847 1581 quae
876 1516 1032 1564 extra
1062 1516 1187 1563 sunt
1216 1524 1326 1563 non
1342 1508 1563 1579 placent
1582 1507 1633 1564 ei
1651 1524 1831 1580 neque
1850 1523 1944 1579 ap-

348 1596 565 1667 probat.

2039 431 2149 485 lam
2178 430 2463 502 praposuit
2492 432 2667 487 Lucas
2697 433 2768 487 ad
2795 440 3036 487 montem
3069 446 3288 501 semper
3319 446 3444 485 esse
3472 445 3635 485 oran-

2041 520 2192 585 dum,
2224 527 2355 585 etc.,
2387 536 2562 593 usque
2592 521 2664 576 ad
2693 520 2752 576 Si
2781 520 3002 591 quidem
3030 526 3085 575 et
3115 519 3368 575 Christus
3398 526 3453 574 et
3482 520 3633 574 Pau-

2039 606 2125 662 lus
2148 608 2311 677 jussit
2338 608 2556 675 breves,
2588 609 2687 664 sed
2707 609 2934 665 crebras
2962 607 3083 664 fieri
3102 608 3383 665 orationes
3413 623 3481 663 ex
3500 623 3631 679 pau-

2040 695 2120 752 cis
2175 695 2496 752 intervallis.
3362 718 3365 723 ·

2110 801 2323 874 (Cass)
2353 802 2548 858 Utilius
2575 809 2803 859 censent
2849 800 3114 874 (PArnns)
3162 801 3359 857 breves
3410 799 3637 873 quidem

2041 890 2456 957 orationes,sed
2487 890 3021 959 creberrirnas,etc.,
3054 905 3229 964 usque
3258 890 3331 947 ad
3359 889 3644 947 succincta

2041 978 2306 1035 brevitate
2345 979 2598 1035 vitemus.

2111 1070 2330 1123 Putant
2360 1070 2533 1123 enim.
2568 1068 2826 1123 Putantes
2856 1067 3003 1139 quod
3032 1065 3487 1137 persuasibilibus
3506 1083 3633 1124 ver-

2039 1155 2124 1210 bis
2154 1157 2303 1211 Deus
2331 1156 2656 1211 mulceatur.
2694 1156 2792 1211 Vel
2821 1156 2865 1211 si
2897 1157 3100 1211 absens
3130 1163 3214 1211 est
3260 1163 3491 1212 vocetur
3528 1173 3543 1211 :
3579 1162 3636 1212 et

2042 1244 2188 1315 quod
2217 1244 2411 1311 nescit,
2444 1246 2739 1301 verborum
2770 1244 3097 1317 ambagibus
3133 1244 3416 1300 doceatur.

2112 1333 2282 1388 Vens.
2318 1338 2368 1387 8.
2401 1362 2471 1373 —
2499 1334 2683 1389 Nolite
2712 1349 2838 1405 ergo
2865 1333 3181 1388 assimilari
3209 1335 3313 1389 eis.
3343 1333 3469 1388 Non
3487 1332 3636 1388 enim

2041 1420 2187 1492 apud
2216 1422 2392 1476 Deum
2420 1422 2697 1493 agendum
2726 1428 2811 1477 est
2839 1421 3044 1487 verbis,
3078 1421 3175 1475 sed
3203 1422 3396 1489 rebus,
3449 1420 3636 1477 inten-

2040 1508 2186 1565 tione
2215 1509 2419 1576 cordis,
2453 1509 2652 1565 aﬂ‘ectu
2672 1509 2921 1581 simplici.
2949 1509 3082 1578 Quae
3102 1525 3229 1565 cum
3247 1509 3501 1577 dicimus,
3525 1525 3637 1566 non

2042 1613 2169 1653 eum
2197 1598 2480 1665 docemus,
2514 1598 2612 1654 sed
2640 1614 2741 1653 nos
2758 1606 3004 1669 tempore
3024 1598 3220 1654 orandi
3240 1598 3633 1655 recordamur.

421 1703 593 1757 VERS,
627 1704 678 1756 ες,
713 1731 783 1743 _.
810 1703 882 1757 Et
908 1719 1039 1759 cum
1068 1704 1266 1759 θνατίε,
1299 1702 1383 1757 Ad
1414 1700 1701 1773 superiora
1720 1701 1942 1771 conjun.
1960 1696 2015 1756 Β
2043 1688 2160 1743 Scit
2188 1690 2343 1743 enim
2370 1691 2556 1759 pater.
2589 1688 2700 1742 Cur
2718 1702 2854 1760 ergo
2884 1687 3077 1743 scienti
3094 1686 3413 1758 loquimur?
3431 1688 3558 1742 Non
3574 1693 3638 1741 ut

350 1790 499 1863 gitur
527 1791 645 1846 haec
675 1790 961 1860 sententia,
990 1806 1155 1861 supra
1175 1791 1426 1846 dixerat:
1450 1791 1740 1847 Attendite
1769 1806 1841 1845 ne
1853 1793 1946 1863 ju-

349 1881 572 1935 stitiam
592 1883 838 1935 vestram
868 1881 1100 1949 faciatis
1131 1896 1321 1935 coram
1342 1880 1666 1947 homnibus;
1696 1878 1787 1935 hic
1806 1879 1942 1939 sub?

350 1967 428 2022 dit
451 1986 465 2022 :
487 1969 708 2023 Etcum
728 1968 925 2023 oratis.
951 1967 1073 2021 Non
1094 1958 1350 2037 prohibet
1365 1983 1550 2034 orare,
1575 1967 1674 2023 sed
1693 1967 1750 2021 in
1779 1982 1943 2023 oran-

350 2055 421 2112 do
450 2054 748 2126 hypocritis
798 2054 1004 2110 similes
1053 2071 1196 2111 esse.
1230 2057 1296 2111 In
1317 2057 1563 2127 angulis.
1599 2055 1771 2125 Quasi
1808 2056 1943 2111 abs-

246 2200 253 2203 .
314 2199 320 2204 ,
353 2159 617 2201 consores
643 2159 892 2215 precum,
924 2151 979 2200 et
1007 2149 1190 2198 tamen
1220 2143 1275 2198 in
1303 2144 1498 2215 plateis
1528 2151 1587 2200 ut
1632 2144 1940 2211 videantur,

351 2240 405 2288 et
432 2248 534 2304 per
562 2233 668 2289 hoc
688 2232 922 2303 amplior
940 2232 1138 2305 gloria.
1161 2232 1492 2305 Allegorice.
1516 2234 1579 2288 In
1599 2233 1802 2305 angulo
1822 2240 1945 2288 orat

351 2321 445 2393 qui
471 2321 529 2376 in
556 2321 879 2377 abscondito
909 2336 969 2377 se
988 2336 1152 2377 orare
1173 2320 1394 2376 simulat
1426 2338 1439 2375 :
1473 2328 1527 2377 et
1547 2329 1731 2377 tamen
1748 2321 1804 2376 in
1823 2321 1943 2393 pla-

348 2416 439 2466 tea
465 2424 592 2466 cum
620 2409 824 2465 famam
852 2416 1054 2481 captat.
1089 2409 1290 2482 Anguli
1320 2409 1625 2481 platearum
1672 2418 1797 2464 sunt
1849 2409 1943 2464 ubi

348 2497 438 2555 via
462 2514 564 2570 per
589 2498 881 2554 transitum
908 2498 1009 2554 viae
1039 2497 1275 2565 ducitur,
1312 2505 1368 2554 et
1415 2498 1762 2570 quadrivium
1809 2497 1943 2553 red-

346 2586 442 2642 dit.
474 2587 602 2643 Non
629 2586 777 2642 enim
804 2586 960 2642 nefas
988 2594 1071 2641 est
1100 2586 1295 2653 videri,
1331 2586 1429 2641 sed
1457 2593 1718 2657 appetere
1739 2585 1935 2643 videri.

347 2677 717 2748 Receperunt.
752 2676 814 2730 In
840 2674 927 2730 his
956 2690 1068 2730 non
1097 2674 1277 2729 solum
1324 2690 1457 2730 vera
1501 2689 1718 2730 merces
1760 2688 1933 2744 prava

356 2761 656 2819 intentione
683 2770 983 2818 evacuatur
1014 2779 1029 2817 :
1062 2761 1161 2818 sed
1189 2761 1379 2819 vitium
1410 2760 1777 2817 simulationis
1798 2768 1852 2817 et
1870 2761 1945 2816 ir-

356 2850 578 2906 risionis
609 2857 802 2907 contra
828 2851 1005 2905 Deum
1034 2857 1285 2922 augetur.

422 2957 591 3013 Vens.
628 2960 680 3011 6.
715 2986 785 2999 -—
820 2959 898 3012 Tu
935 2960 1147 3012 autem.
1199 2956 1316 3011 Hoc
1362 2953 1682 3027 simpliciter
1727 2954 1945 3012 intelle-

2040 1783 2242 1830 nostrae
2268 1775 2536 1832 faciamus
2564 1776 2824 1832 indicium
2853 1775 3165 1843 voluntatis,
3198 1776 3298 1831 sed
3334 1782 3396 1831 ut
3420 1776 3630 1833 excite-

2040 1880 2164 1919 mus
2192 1864 2296 1935 pia;
2327 1864 2635 1921 devotionis
2683 1864 3027 1937 obsequium.

2112 1970 2282 2025 Vens.
2318 1973 2370 2025 9.
2403 1972 2576 2027 Pater
2604 1974 2817 2027 noster.
2851 1969 3075 2043 (BEDA.)
3106 1969 3255 2026 Inter
3273 1976 3475 2027 caetera
3495 1968 3640 2025 salu-

2042 2057 2185 2114 taria
2210 2059 2419 2114 monita
2446 2066 2501 2115 et
2527 2058 2732 2127 divina,
2767 2059 2965 2132 quibus
2993 2058 3235 2115 consulit
3254 2058 3630 2127 credentibus,

2042 2146 2275 2203 formam
2306 2146 2502 2202 orandi
2528 2146 2834 2219 proposuit,
2867 2155 2997 2215 etc.,
3029 2163 3204 2220 usque
3233 2147 3306 2203 ad
3335 2154 3389 2202 et
3416 2147 3473 2202 hi
3510 2154 3638 2203 sunt

2040 2236 2157 2290 veri
2187 2236 2529 2302 adoratores,
2564 2235 2657 2306 qui
2688 2235 2806 2290 Filii
2832 2251 2934 2308 per
2963 2235 3199 2309 gratiam
3238 2235 3473 2292 adorant
3524 2236 3635 2292 Pa-

2043 2331 2184 2379 trem
2212 2322 2271 2379 in
2299 2322 2492 2395 spiritu
2521 2329 2577 2379 et
2603 2324 2853 2381 veritate.

2111 2429 2278 2485 Nulla
2304 2429 2480 2485 oratio
2509 2429 2689 2502 magis
2722 2427 3019 2501 spiritualis
3050 2436 3135 2486 est
3182 2444 3344 2502 quam
3371 2428 3468 2485 illa
3515 2440 3639 2501 quae

2044 2534 2112 2573 ex
2139 2534 2237 2575 ore
2266 2517 2406 2584 Filii,
2432 2518 2525 2589 qui
2548 2526 2633 2574 est
2651 2518 2888 2585 Veritas,
2911 2518 3204 2591 processit.
3227 2520 3402 2574 Pater
3419 2522 3634 2575 noster.

2045 2606 2145 2661 Cui
2173 2621 2283 2661 non
2310 2605 2529 2672 timore,
2580 2606 2677 2663 sed
2725 2620 2915 2662 amore
2962 2605 3298 2662 hereditatis
3345 2606 3636 2663 servimus.

2045 2695 2187 2750 Dum
2216 2695 2379 2749 Pater
2405 2693 2623 2762 dicitur,
2656 2693 2724 2750 de
2746 2693 3037 2766 adoptione
3056 2694 3383 2767 cogitemus,
3405 2702 3467 2749 ut
3491 2693 3643 2750 Patri

2042 2781 2195 2853 pium
2222 2781 2478 2839 aﬂ'ectum
2496 2783 2883 2854 rependamus.
2908 2784 3049 2838 Dum
3072 2783 3273 2840 dicitur
3289 2786 3501 2849 noster,
3526 2781 3642 2838 fra-

2045 2870 2316 2925 ternitatis
2363 2871 2688 2926 admonetur
2708 2913 2724 2938 ,
2772 2886 2899 2927 cum
2948 2871 3018 2926 sit
3066 2871 3372 2927 communis
3418 2868 3642 2942 adoptio

2051 2958 2323 3014 omnibus.
2356 2959 2532 3015 Nemo
2563 2959 2709 3016 dicat
2734 2975 2912 3027 meus,
2947 2960 3094 3031 quod
3121 2958 3345 3031 proprie
3374 2957 3487 3015 ﬁlio
3508 2974 3644 3015 con-

352 3053 519 3113 ctum,
552 3046 713 3105 docet
742 3060 941 3102 vanam
971 3044 1208 3117 gloriam
1235 3044 1424 3099 mundi
1451 3043 1789 3117 fugiendam.
1838 3044 1948 3101 Sed
1968 3051 2018 3116 ο
2047 3047 2216 3115 venit,
2248 3047 2337 3105 cui
2362 3056 2521 3119 pater
2549 3056 2633 3103 est
2659 3064 2760 3118 per
2786 3056 3060 3103 naturam.
3092 3047 3249 3104 Unde
3281 3045 3413 3103 alibi
3445 3064 3462 3102 :
3501 3046 3645 3105 Vada

350 3134 532 3207 magis
567 3134 782 3190 videtur
826 3132 1071 3205 praecipi,
1105 3140 1183 3200 ut,
1214 3132 1426 3189 inclusa
1461 3132 1703 3203 pectoris
1733 3132 1948 3206 cogita-

352 3223 500 3279 tione
526 3222 798 3294 labiisque
827 3221 1183 3293 compressis,
1232 3229 1350 3277 oret
1380 3222 1574 3276 Deum.
1625 3221 1949 3278 Cubiculum

356 3319 538 3367 autem
566 3319 651 3368 est
679 3310 865 3368 cordis
898 3318 1192 3367 secretum.
1226 3309 1460 3377 Ostium,
1492 3309 1733 3367 carnalis
1753 3326 1950 3366 sensus

352 3417 455 3472 per
484 3417 647 3472 quem
675 3401 795 3456 haec
840 3399 1117 3456 exteriora
1160 3398 1411 3469 improbe
1460 3414 1520 3454 se
1566 3398 1846 3472 ingerunt,
1896 3405 1952 3454 et

285 3521 289 3525 ~
354 3488 528 3544 turbae
555 3490 998 3560 phantasmatum
1026 3488 1312 3543 orantibus
1354 3487 1695 3558 obstrepunt.
1748 3489 1952 3544 Parum

356 3585 440 3633 est
467 3593 604 3650 ergo
634 3578 945 3634 cubiculum
974 3578 1202 3644 intrare,
1236 3577 1284 3631 si
1312 3576 1640 3648 importunis
1658 3576 1947 3648 cogitatio-

353 3666 516 3722 nibus
545 3666 746 3723 ostium
774 3674 942 3739 patet.
977 3665 1086 3722 Sed
1105 3664 1474 3722 resistendum
1493 3673 1577 3721 est
1597 3665 1807 3721 carnali
1822 3681 1948 3721 sen-

356 3754 460 3823 sui,
492 3763 551 3810 ut
579 3756 757 3812 oratio
792 3754 1092 3827 spiritualis
1121 3771 1189 3810 ex
1216 3754 1421 3810 intimis
1453 3754 1638 3811 cordis
1674 3754 1949 3827 dirigatur

357 3843 428 3899 ad
458 3844 652 3900 Deum.
692 3845 891 3901 Clauso
923 3846 1085 3900 ostio.
1120 3843 1386 3899 Sensibus
1418 3842 1642 3909 clausis,
1675 3858 1744 3897 ne
1774 3843 1947 3897 turbae

354 3933 795 4004 phantasmatum
825 3931 1156 3988 exteriorum
1185 3939 1496 3995 occurrant,
1517 3930 1605 3986 vel
1633 3930 1832 3984 ostium
1862 3945 1954 3986 vo-

358 4029 448 4078 cat
481 4037 727 4076 amorem
754 4020 842 4077 vel
871 4020 1123 4074 timorem
1151 4019 1313 4087 hujus
1354 4018 1558 4074 saeculi.
1609 4017 1760 4073 Sicut
1805 4017 1952 4072 enim

362 4124 524 4165 omne
552 4109 757 4164 bonum
786 4123 853 4162 ex
880 4106 1080 4162 timore
1108 4114 1162 4162 et
1189 4121 1379 4161 amore
1411 4113 1495 4161 est
1524 4104 1645 4172 Dei,
1678 4104 1760 4160 sic
1788 4120 1950 4162 omne

361 4196 569 4252 malum
597 4213 667 4253 ex
696 4210 885 4252 amore
914 4202 968 4252 et
986 4194 1184 4251 timore
1203 4194 1407 4251 saeculi.
1433 4192 1529 4250 His
1548 4192 1772 4260 clausis,
1792 4192 1850 4250 id
1868 4200 1952 4250 est

364 4284 582 4353 ablatis,
623 4299 743 4341 ora.

2051 3136 2124 3191 ad
2151 3138 2382 3193 Patrem
2410 3153 2601 3192 meum
2630 3137 2815 3207 (Joan.
2849 3136 2972 3208 vn),
3006 3135 3320 3208 specialiter
3345 3151 3448 3207 per
3476 3144 3645 3192 natu-

2047 3238 2168 3279 ram
2199 3242 2213 3279 :
2247 3232 2301 3279 et
2328 3232 2591 3290 vestrum,
2624 3225 2974 3294 conjunctum
3010 3239 3111 3296 per
3159 3224 3413 3298 gratiam.
3468 3226 3648 3280 Pater

2048 3316 2242 3369 noster
2261 3313 2491 3378 dicitur,
2516 3311 2663 3384 quod
2684 3328 2973 3369 commune
2993 3312 3265 3382 omnibus,
3300 3327 3463 3369 nemo
3494 3311 3649 3368 dicat

2048 3417 2205 3457 meus
2236 3419 2250 3455 :
2285 3402 2430 3472 quod
2461 3401 2639 3456 solum
2669 3401 2886 3457 Christo
2915 3401 3189 3469 convenit,
3233 3400 3328 3473 qui
3374 3398 3540 3456 ﬁilius
3560 3406 3646 3456 est

2047 3505 2149 3561 per
2177 3498 2467 3559 naturam;
2500 3489 2621 3545 aliis
2650 3490 2973 3548 conceditur
3000 3489 3306 3546 communis
3334 3489 3516 3562 gratia
3545 3487 3648 3545 ad-

2050 3578 2305 3650 optionis.

2121 3684 2310 3757 (ΒΑΗ.)
2338 3684 2589 3741 Monetur
2625 3683 2825 3741 nobilis
2872 3690 2926 3740 et
2972 3683 3128 3742 dives
3172 3699 3286 3740 non
3334 3681 3643 3755 superbire,

2051 3780 2180 3839 etc.,
2213 3789 2388 3847 usque
2416 3773 2489 3829 ad
2537 3772 2680 3842 Quid
2725 3771 2953 3847 negabit
2998 3771 3147 3840 filiis,
3197 3770 3292 3846 qui
3331 3772 3448 3843 jam
3493 3770 3649 3828 dedit

2051 3861 2199 3934 quod
2226 3869 2387 3933 pater
2419 3860 2547 3915 est?

2122 3948 2314 4021 (Λυσι.)
2344 3950 2631 4020 Nusquam
2659 3947 2935 4005 invenitur
2959 3955 3296 4021 praeceptum
3323 3945 3528 4021 populo
3559 3947 3647 4002 Is-

2050 4037 2187 4103 rael,
2220 4044 2279 4092 ut
2306 4036 2515 4092 diceret
2547 4054 2561 4092 :
2593 4039 2767 4093 Pater
2796 4042 3008 4106 noster,
3044 4045 3139 4094 aut
3167 4044 3373 4105 oraret,
3407 4044 3537 4103 etc.,
3559 4052 3651 4092 us-

2050 4141 2154 4199 que
2183 4124 2256 4180 ad
2284 4124 2331 4179 si
2362 4125 2434 4179 ab
2464 4125 2580 4195 ejus
2600 4126 2872 4181 mandatis
2892 4143 3003 4182 non
3024 4127 3367 4183 aberrarent.
3393 4124 3545 4183 Sicut
3565 4131 3652 4181 est

2049 4212 2186 4270 illud
2218 4229 2234 4268 :
2265 4214 2438 4269 Filios
2465 4215 2637 4285 genui
2667 4218 2724 4269 et
2753 4216 3013 4271 exaltan
3061 4215 3196 4287 (Isa.
3229 4215 3293 4288 ι),
3325 4222 3431 4271 etc.

2120 4315 2186 4370 In
2215 4316 2389 4371 caelis.
2425 4314 2831 4386 Spiritualibus,
2882 4322 2942 4372 ut
2989 4315 3059 4371 ad
3102 4315 3542 4389 spiritualitatem
3590 4315 3651 4370 in

435 4390 798 4466 (Cunrsos'r.)
828 4388 972 4460 Quid
1001 4404 1157 4463 ergo,
1189 4386 1370 4459 inquis
1390 4389 1418 4444 ?
1446 4386 1504 4442 in
1540 4385 1794 4444 Ecclesia
1840 4401 1947 4443 non

2063 4417 2162 4475 qua
2188 4402 2419 4471 habitat,
2450 4385 2709 4460 festinare
2738 4404 3035 4474 discamus,
3070 4385 3148 4460 etV
3169 4403 3418 4462 coelestia
3462 4403 3535 4460 ab
3584 4416 3652 4460 eo

368 4489 585 4553 oportet
612 4495 774 4536 orare
793 4479 822 4534 ‘P
847 4478 918 4533 Et
945 4477 1105 4535 valde
1138 4476 1378 4550 quidem,
1414 4476 1512 4531 sed
1541 4490 1668 4531 cum
1714 4476 1819 4531 hac
1848 4492 1951 4532 vo-

364 4570 572 4625 luntate
602 4576 660 4624 ut
687 4568 842 4623 illum
875 4583 1045 4622 unum
1070 4565 1356 4634 intuearis,
1399 4563 1492 4637 qui
1519 4564 1684 4620 habet
1713 4563 1953 4621 donandi

368 4658 514 4730 quod
542 4656 767 4729 petieris
796 4664 1138 4727 potestatem.
1173 4654 1388 4727 Ubique
1434 4654 1579 4710 enim
1625 4654 1793 4721 Deus,
1845 4667 1953 4726 quo

368 4745 576 4819 aliquid
604 4744 775 4801 facias
803 4743 1017 4812 intuitu,
1051 4751 1277 4817 spectat.

440 4855 693 4911 Patrem.
742 4851 920 4921 Quem
963 4850 1110 4905 intus
1153 4848 1327 4906 habes
1354 4864 1455 4921 per
1504 4845 1708 4916 ﬁdem;
1739 4845 1884 4905 unde
1937 4864 1951 4902 :

368 4941 531 5015 Apud
557 4958 648 4998 me
674 4942 857 5000 oratio
885 4942 995 4997 Deo
1023 4940 1155 4996 vitae
1182 4954 1321 4995 mea:
1351 4938 1528 5009 (Psal.
1558 4936 1699 5006 xu).

439 5047 610 5105 Vsus.
644 5048 699 5104 '1.
732 5077 802 5090 --
836 5048 1075 5104 Orantes
1105 5049 1319 5102 autem.
1352 5044 1505 5101 Sicut
1539 5040 1956 5115 hypocritarum

373 5143 457 5192 est
487 5135 703 5193 ostendi
720 5144 785 5192 et
810 5135 1034 5207 placere
1061 5133 1393 5201 hominibus,
1425 5132 1501 5189 ita
1543 5132 1828 5207 gentilium
1873 5141 1961 5190 est

364 5224 787 5296 multiloquium,
838 5242 872 5280 a
893 5224 1092 5297 quibus
1110 5231 1165 5280 et
1185 5223 1365 5293 ccepit.
1386 5222 1455 5278 Hi
1474 5221 1618 5277 enim
1638 5222 1959 5278 exercenda:

365 5312 566 5388 linguae
594 5313 775 5386 magis
802 5328 1029 5386 operam
1047 5312 1198 5380 dant,
1221 5326 1387 5385 quam
1406 5310 1576 5367 menti
1592 5310 1957 5367 mundandae:

365 5409 425 5457 ut
452 5403 559 5460 hoc
585 5402 863 5476 nugatorii
891 5402 1055 5458 ofﬁcii
1083 5418 1280 5475 genus,
1312 5400 1478 5457 etiam
1508 5400 1579 5456 ad
1601 5401 1776 5457 Deum
1794 5414 1961 5472 prece

364 5489 696 5548 flectendum
725 5490 1079 5557 transferant,
1111 5497 1368 5563 putantes
1396 5490 1543 5562 quod
1583 5489 1726 5547 sicut
1770 5496 1963 5547 orator

328 5658 329 5663 η
361 5579 631 5652 iudicem,
655 5581 735 5640 ita
762 5588 817 5639 et
844 5580 950 5654 ipsi
978 5581 1157 5639 Deum
1202 5579 1424 5639 ﬂectere
1454 5584 1675 5652 queant.

2056 4507 2386 4563 quaeramus.

2125 4580 2528 4650 Sanctiﬁcetur
2552 4595 2762 4637 nomen
2793 4583 2978 4635 tuum.
3028 4577 3278 4636 Videnda
3324 4586 3409 4636 est
3452 4579 3654 4635 harum

2055 4667 2331 4725 distinctio
2361 4677 2568 4740 septem
2597 4668 2939 4739 petitionum.
2971 4666 3115 4723 Nam
3145 4683 3273 4725 cum
3301 4668 3416 4725 vita
3460 4675 3655 4724 nostra

2056 4757 2432 4830 temporaliter
2452 4757 2635 4829 agitur
2654 4765 3016 4829 spcraturque
3047 4763 3273 4824 aeterna,
3295 4757 3485 4828 priora
3504 4763 3652 4823 sunt,

2058 4852 2188 4913 etc.,
2217 4862 2390 4918 usque
2420 4845 2493 4899 ad
2516 4844 2768 4900 liberatio
2800 4844 2947 4901 enim
2994 4844 3125 4902 facit
3162 4845 3387 4913 liberos,
3444 4844 3501 4900 id
3546 4852 3650 4912 est,

2058 4932 2221 5001 ﬁlios,
2253 4941 2312 4989 ut
2339 4933 2586 4990 dicamus
2615 4933 2809 5005 spiritu
2838 4933 3168 5005 adoptionis,
3207 4934 3369 4990 Abba
3397 4934 3579 4990 Pater.

2128 5040 2326 5106 Amen,
2361 5038 2633 5112 signiﬁcat
2651 5039 2707 5094 in
2740 5039 2995 5095 omnibus
3014 5040 3098 5094 his
3128 5039 3481 5112 petitionibus
3501 5038 3657 5096 induo

2060 5128 2296 5184 bitanter
2324 5143 2359 5183 a
2400 5127 2635 5183 Domino
2682 5128 2849 5184 tribui
2896 5130 3044 5202 quod
3088 5129 3308 5201 petitur,
3358 5131 3405 5186 si
3451 5128 3659 5184 ultimae

2061 5216 2389 5276 conditionis
2415 5224 2635 5287 pactum
2666 5233 2889 5273 servare
2934 5234 3047 5274 non
3090 5219 3445 5292 negligimus.
3496 5218 3658 5275 Unde

2059 5306 2245 5364 subdit
2278 5324 2290 5359 :
2324 5307 2383 5361 Si
2411 5304 2764 5373 dimiseritis,
2790 5314 2920 5373 etc.,
2953 5308 3376 5375 Sanctiﬁcetur,
3412 5315 3519 5364 etc.
3553 5307 3659 5363 Hic

2064 5395 2316 5467 Spiritum
2344 5394 2625 5466 sapientia;
2654 5410 2897 5463 oramus,
2927 5411 2997 5451 ne
3025 5411 3061 5452 a
3088 5395 3518 5475 sanctiﬁcatione
3548 5411 3657 5452 no-

2065 5484 2230 5541 minis
2256 5484 2467 5557 primus
2494 5483 2551 5539 in
2579 5484 2764 5558 aliquo
2794 5486 3174 5557 discrepemus
3205 5503 3221 5541 :
3252 5486 3350 5543 sed
3367 5484 3540 5561 patris
3560 5499 3662 5542 no-

2066 5591 2197 5634 men
2221 5572 2281 5634 in
2308 5572 2437 5633 ﬁliis
2462 5574 2711 5634 moribus
2738 5581 2796 5633 et
2820 5574 2936 5635 vita
2963 5575 3306 5634 ostendatur.
