4000 6182
276 289 364 339 101
1205 285 1476 339 GLOSSA
1514 283 1870 339 ORDINARL

1988 313 2033 322 —
2071 282 2339 337 EVANG.
2387 283 2641 336 ΜΛΤΤΗ.

3460 285 3560 338 102

342 408 563 462 Nomen
590 407 763 478 patris
793 407 850 460 in
878 407 1034 462 nobis
1055 415 1158 473 est,
1190 408 1280 478 qui
1301 406 1394 462 lilii
1414 407 1645 463 dicimur
1679 426 1691 461 :
1725 407 1868 478 quod
1897 406 1952 468 Α
1974 421 2196 460 oramus
2231 423 2244 460 :
2277 407 2476 460 Panem
2535 414 2782 461 nostrum
2841 405 3212 477 quotidianum
3255 405 3328 460 da
3355 406 3515 461 nobis
3548 425 3562 461 :

277 495 516 568 petimus
565 494 915 550 sanctiﬁcari.
967 497 1087 549 Non
1136 504 1191 549 ut
1221 497 1338 565 ipse
1385 497 1624 552 sanctior
1654 496 1740 561 sit,
1777 497 1873 550 sed

277 595 334 639 ut
353 585 409 639 in
431 584 595 638 nobis
616 593 876 654 operetur
889 593 1239 654 augmentum
1261 601 1372 638 sum
1395 585 1870 640 sanctiﬁcationis:

279 687 407 727 nam
458 670 817 727 sanctificatio
853 671 1088 727 ﬁliorum
1121 673 1328 726 nomini
1375 673 1490 741 ejus
1537 673 1869 728 attribuitur.

278 762 357 815 Ita
387 760 592 816 dicitur
638 759 970 816 sanctiﬁcari
1015 761 1155 815 sicut
1193 759 1500 825 clariﬁcari,
1535 770 1588 816 et
1617 759 1872 832 magniﬁ-

277 849 391 906 cari
436 849 493 902 in
544 849 704 904 nobis
737 866 751 901 :
784 850 1222 917 Sanctiﬁcetur,
1255 849 1311 904 id
1357 858 1460 913 est,
1492 850 1567 904 ita
1616 850 1754 905 sicut
1781 857 1865 904 est

278 946 548 1002 sanctum,
582 937 850 991 habeatur
896 937 1204 991 hominibus
1237 955 1250 992 :
1285 945 1336 992 et
1367 937 1440 992 ita
1469 938 1773 994 innotescat
1801 937 1872 992 il-

277 1025 343 1080 lis
371 1027 546 1091 Deus,
581 1033 640 1079 ut
666 1041 777 1080 non
806 1033 992 1095 putent
1011 1025 1212 1097 aliquid
1242 1026 1501 1082 sanctius.

350 1132 526 1185 Vnus.
565 1134 651 1186 10.
684 1161 753 1171 -
783 1131 1057 1186 Adveniat
1091 1149 1325 1204 regnum
1358 1136 1542 1188 tuum.
1578 1132 1677 1187 Hic
1708 1130 1874 1202 spiri-

279 1228 368 1274 tus
398 1219 776 1289 intelligentia:
808 1220 1036 1290 petitur,
1075 1237 1182 1292 quo
1210 1221 1502 1275 mundatur
1532 1237 1624 1276 cor
1651 1228 1708 1274 ut
1727 1221 1877 1274 Deus

276 1307 553 1363 videatur.
587 1308 797 1361 Duritia
843 1315 895 1362 et
940 1317 1181 1380 potestas
1228 1309 1429 1363 diaboli
1471 1309 1790 1374 excluditur,
1823 1317 1877 1364 et

277 1396 331 1450 in
363 1395 555 1450 futuro
586 1395 902 1466 perfectius,
937 1413 1058 1451 cum
1089 1398 1434 1452 evacuaverit
1473 1414 1688 1453 omnem
1718 1397 1874 1468 prin-

277 1485 520 1555 cipatum
582 1494 634 1538 et
679 1492 1042 1555 potestatem,
1095 1494 1148 1540 et
1191 1487 1436 1540 tradetur
1484 1502 1714 1556 regnum
1760 1487 1874 1541 Deo

273 1572 447 1627 Patri.
483 1573 740 1643 Congrue
773 1573 1032 1645 sequitur,
1058 1580 1115 1627 ut
1133 1581 1256 1644 post
1276 1574 1623 1645 adoptionem
1643 1574 1875 1630 ﬁliorum

274 1677 512 1732 regnum
543 1669 792 1731 petamus
823 1662 967 1733 quod
997 1661 1120 1716 ﬁliis
1149 1662 1398 1718 debetur.

1975 494 2091 548 sine
2121 510 2227 566 quo
2259 494 2401 549 fame
2432 511 2792 550 moreremur.

2046 600 2225 665 Panis,
2277 617 2475 672 corpus
2519 601 2717 655 Christi
2765 609 2878 666 est,
2913 600 3000 655 vel
3049 601 3276 656 verbum
3320 599 3443 666 Dei,
3477 601 3564 655 vel

1973 689 2090 759 ipse
2148 689 2294 743 Deus
2325 706 2432 760 quo
2481 690 2717 760 quotidie
2748 706 2993 760 egemus,
3028 689 3115 745 vel
3145 689 3236 761 qui
3295 698 3375 743 est
3406 705 3568 759 super

1974 793 2164 831 omnes
2195 778 2536 832 substantias.
2562 780 2660 833 Hic
2691 783 2774 833 est
2802 781 2971 850 panis
3002 781 3158 833 vivus
3207 780 3302 850 qui
3335 779 3400 834 de
3435 780 3569 835 caelo

1975 866 2263 920 descendit
2293 868 2475 934 (Joan.
2510 868 2610 935 vr),
2661 867 2813 934 cujus
2833 874 3040 922 natura:
3078 866 3384 922 sublimitas
3406 882 3572 938 super

1977 968 2168 1009 omnes
2217 954 2549 1008 substantias
2571 962 2672 1008 est.

2047 1061 2330 1115 Nostrum.
2366 1059 2500 1128 Quia
2529 1059 2760 1114 christus
2792 1068 2978 1115 noster
3006 1068 3088 1115 est
3119 1059 3310 1126 factus,
3345 1068 3399 1116 et
3420 1061 3568 1115 Deus

1977 1149 2133 1202 Pater
2181 1165 2301 1204 cum
2351 1148 2560 1202 Christo
2607 1149 2785 1203 omnia
2814 1149 2972 1204 nobis
3001 1149 3238 1204 donavit.
3273 1150 3402 1204 Ideo
3433 1164 3566 1204 ora-

1976 1253 2097 1290 mus
2127 1244 2180 1290 ut
2209 1237 2352 1307 quod
2381 1245 2626 1292 nostrum
2655 1246 2739 1293 est
2765 1253 2865 1309 per
2894 1237 3114 1305 donum,
3139 1237 3377 1310 quotidie
3406 1239 3567 1294 detur

1976 1341 2076 1395 per
2105 1324 2372 1380 effectum.

2045 1415 2680 1485 Supersubstantialem.
2724 1414 2824 1469 Vel
2871 1415 3258 1486 quotidianum.
3301 1414 3441 1483 Quia
3469 1417 3566 1488 qui

1977 1502 2153 1558 edunt
2180 1519 2270 1557 me
2301 1503 2482 1557 adhuc
2521 1505 2776 1558 esurient
2815 1505 2991 1573 (Eccl.
3022 1503 3204 1573 κων.)
3247 1504 3346 1557 Hic
3382 1503 3564 1574 quoti-

1977 1589 2208 1656 dianus,
2243 1589 2296 1644 in
2343 1589 2517 1659 patria
2565 1599 2820 1645 wternus.
2874 1591 2971 1646 Hic
3017 1591 3174 1660 panis
3214 1591 3434 1645 assidue
3465 1608 3566 1661 per

1979 1677 2141 1733 ﬁdem
2189 1686 2241 1732 et
2287 1679 2605 1733 charitatem
2654 1679 2879 1733 interius
2926 1678 3150 1734 reﬁcere
3201 1679 3364 1734 debet
3397 1697 3411 1733 :
3443 1679 3566 1750 quia

344 1767 605 1838 Regnum
638 1768 736 1823 Dei
767 1784 986 1839 semper
1016 1776 1098 1823 est
1130 1786 1143 1822 :
1178 1769 1275 1823 sed
1310 1768 1509 1834 veniat,
1543 1768 1596 1822 id
1629 1777 1730 1835 est,
1754 1786 1873 1824 ma-
1893 1760 1947 1820 B
1978 1766 2093 1820 sine
2127 1782 2190 1820 eo
2221 1782 2380 1821 nemo
2410 1767 2595 1822 vivere
2626 1775 2824 1838 potest.
2859 1766 2956 1821 Vel
2985 1768 3142 1838 panis
3171 1767 3420 1822 dicuntur
3447 1768 3564 1838 spi-

277 1855 571 1911 nifestetur
599 1856 913 1911 hominibus
945 1873 978 1911 a
1007 1857 1199 1928 quibus
1228 1865 1285 1911 ut
1316 1857 1404 1911 lux
1436 1857 1595 1913 caecis
1643 1874 1751 1912 non
1794 1858 1873 1912 vi-

277 1944 456 2010 detur,
492 1943 644 2016 quod
681 1945 863 1999 nullus
892 1945 1149 2016 ignorare
1195 1945 1411 2016 poterit,
1445 1962 1567 1999 cum
1599 1946 1766 2000 Filius
1789 1946 1877 2014 ju-

277 2031 463 2088 dicare
485 2032 720 2088 venerit.
745 2034 805 2087 In
827 2049 934 2104 quo
955 2033 1261 2105 regnabant
1286 2042 1338 2087 et
1364 2033 1556 2098 sancti,
1576 2042 1632 2088 ut
1657 2033 1870 2102 dicitur,

279 2123 567 2195 Percipite
596 2137 836 2193 regnum
864 2122 1004 2195 quod
1021 2123 1166 2178 vobis
1178 2126 1449 2194 paratum
1479 2123 1868 2193 (Matth.xxv),

279 2218 381 2266 etc.

345 2315 560 2388 Spiritu
590 2313 963 2386 intelligentiae
988 2331 1220 2388 regnum
1249 2315 1487 2372 futurum
1517 2315 1875 2388 ingredienti-

278 2405 378 2459 bus
410 2403 766 2471 declaratur,
801 2412 854 2458 et
891 2405 1155 2459 munditia
1201 2406 1384 2460 cordis
1414 2407 1742 2472 attribuitur,
1774 2421 1874 2476 per

278 2507 437 2564 quam
468 2493 621 2546 Deus
651 2491 854 2546 ibidem
882 2509 1124 2562 regnans
1153 2492 1291 2548 sicut
1320 2502 1404 2548 est
1445 2493 1718 2548 videbitur
1738 2537 1750 2559 ,
1782 2493 1873 2548 ubi

276 2580 499 2651 spiritus
531 2579 812 2651 sapientia:
850 2580 1212 2651 complebitur
1243 2583 1472 2652 septima
1519 2581 1872 2638 sanctiﬁcatio

277 2667 516 2724 nominis
546 2669 683 2736 ejus.
718 2668 778 2722 In
815 2667 1146 2738 perfectione
1191 2669 1390 2723 senarii
1422 2670 1685 2725 adventus
1714 2669 1872 2742 regni

277 2757 554 2827 poscitur,
587 2764 647 2810 ut
687 2771 968 2810 curramus
1010 2773 1200 2811 omnes
1231 2757 1285 2811 in
1314 2757 1490 2811 virum
1520 2758 1818 2828 perfectum
1855 2776 1868 2812 :

276 2844 474 2900 deinde
505 2843 564 2898 in
595 2859 662 2898 eo
691 2844 1092 2916 quiescentibus
1114 2843 1478 2900 sanctiﬁcetur
1497 2846 1615 2915 ipse
1640 2846 1695 2899 in
1715 2846 1872 2900 nobis

277 2931 402 2986 dum
453 2947 560 2986 nos
606 2931 664 2986 in
718 2931 813 2986 illo
863 2931 1278 2989 sanctiﬁcamur.
1319 2933 1452 3002 Ejus
1482 2932 1725 3005 requiem
1750 2934 1872 3002 jure

276 3021 553 3092 possimus
584 3020 641 3074 in
669 3020 826 3076 nobis
857 3021 1200 3092 sanctiﬁcari,
1249 3030 1308 3076 ut
1352 3022 1660 3092 perenniter
1705 3022 1759 3074 in
1807 3038 1870 3077 eo

1974 1853 2184 1908 ritualia
2211 1863 2512 1926 praecepta,
2547 1871 2666 1928 qua
2703 1871 2922 1926 semper
2965 1864 3088 1910 sunt
3132 1856 3434 1912 exercenda
3477 1856 3565 1912 vel

1973 1943 2366 1998 conservanda.

2045 2031 2216 2086 Vsus.
2257 2035 2341 2086 12.
2375 2061 2444 2071 -
2474 2033 2542 2087 Et
2601 2031 2854 2097 dimitte,
2888 2039 2994 2088 etc.
3042 2032 3168 2088 Post
3206 2033 3387 2088 cibum
3432 2033 3567 2103 petit

1973 2118 2185 2172 veniam
2213 2126 2562 2190 peccatorum
2582 2160 2596 2187 ,
2631 2127 2688 2173 ut
2719 2119 2810 2190 qui
2839 2135 2871 2173 a
2902 2121 3017 2175 Deo
3041 2120 3280 2192 pascitur
3299 2162 3313 2190 ,
3362 2121 3417 2175 in
3448 2122 3563 2176 Deo

1972 2207 2134 2275 vivat,
2167 2215 2221 2262 et
2248 2207 2317 2262 ad
2346 2207 2509 2264 vitam
2539 2215 2799 2262 aeternam
2829 2209 3130 2278 perveniat.

2043 2295 2176 2348 Cum
2205 2295 2438 2350 dicimus
2471 2313 2485 2349 :
2518 2298 2753 2352 Dimitte
2783 2298 2940 2352 nobis
2970 2297 3156 2352 debita
3175 2302 3374 2353 nostra
3403 2317 3424 2353 :
3456 2298 3566 2368 spi-

1971 2382 2134 2436 ritum
2164 2384 2406 2438 scientize
2446 2399 2705 2455 rogamus
2729 2426 2742 2452 ,
2778 2401 2886 2454 quo
2933 2385 3130 2440 delicta
3178 2385 3556 2456 intelligimus,

1928 2491 1943 2502 ο
1973 2487 2093 2540 qua:
2124 2471 2240 2524 sine
2273 2471 2464 2542 spiritu
2497 2471 2737 2526 scientiae
2785 2488 2893 2526 non
2942 2472 3334 2544 intelliguntur.
3369 2475 3560 2529 Scien-

1971 2558 2042 2612 tia
2073 2559 2272 2629 quippe
2303 2559 2374 2613 ad
2405 2575 2564 2612 usum
2592 2559 2971 2629 temporalium
3002 2560 3255 2630 pertinet,
3290 2578 3410 2632 quae
3442 2562 3561 2616 vir-

1971 2653 2058 2700 tus
2087 2654 2189 2715 est,
2225 2646 2278 2701 in
2309 2646 2542 2702 vitandis
2569 2647 2725 2702 malis
2769 2655 2822 2702 et
2851 2647 3100 2718 petendis
3131 2647 3308 2718 bonis,
3341 2656 3401 2703 ut
3429 2664 3565 2705 nos-

1971 2742 2053 2789 tra
2083 2743 2137 2789 et
2166 2734 2399 2790 aliorum
2429 2736 2682 2807 contagia
2711 2735 3010 2805 ploremus,
3045 2737 3187 2791 bona
3219 2738 3521 2808 cupiamus.

2041 2842 2217 2896 Sicut.
2252 2841 2396 2897 Ecce
2445 2857 2552 2912 qua
2599 2841 2848 2897 cautione
2897 2841 3341 2915 constringimur,
3374 2843 3430 2898 in
3459 2861 3565 2916 qua

1971 2929 2136 2982 etiam
2166 2944 2266 2983 nos
2297 2929 2366 2983 ad
2397 2929 2630 2985 invicem
2659 2929 2730 2985 ad
2757 2931 3192 2986 misericordiam
3223 2931 3470 3002 inﬂectit,
3507 2941 3562 2988 et

1969 3017 2321 3086 peccantibus
2350 3017 2408 3071 in
2437 3034 2497 3072 se
2527 3017 2745 3074 veniam
2784 3004 3075 3092 promittit,
3111 3027 3164 3076 et
3191 3019 3351 3076 nobis
3381 3029 3434 3076 et
3461 3036 3564 3094 per

281 3108 604 3165 sanctiﬁcati
680 3108 1106 3181 requiescamus,
1170 3110 1228 3164 in
1295 3125 1403 3182 qua
1448 3108 1870 3166 sanctiﬁcatione
1892 3111 1941 3174 α
1972 3121 2073 3160 nos
2103 3105 2465 3160 aliisveniam
2498 3107 2780 3176 promittit.

275 3213 381 3268 pax
411 3197 768 3253 beatitudinis
795 3197 1038 3253 ﬁrmatur
1067 3207 1120 3254 et
1149 3197 1311 3270 plena
1328 3197 1597 3270 sapientia
1616 3199 1866 3254 donatur.

347 3288 479 3342 Fias
525 3288 790 3343 voluntas
831 3291 950 3344 tua.
997 3287 1094 3342 Hic
1135 3287 1336 3358 petitur
1375 3288 1595 3358 Spiritus
1636 3287 1867 3357 consilii,

278 3391 374 3446 per
402 3392 570 3448 quem
616 3375 865 3432 voluntas
912 3376 1013 3432 Dei
1056 3376 1345 3449 inquiritur
1368 3419 1381 3443 ,
1415 3385 1532 3432 uta
1561 3377 1718 3432 nobis
1761 3376 1868 3430 im-

276 3464 506 3534 pleatur.

343 3569 616 3626 Voluntas
661 3569 762 3624 Dei
809 3568 866 3624 in
915 3569 1074 3624 terris
1125 3568 1264 3625 sicut
1342 3569 1400 3624 in
1466 3569 1625 3636 cmlo,
1678 3569 1870 3642 spiritu

278 3658 488 3712 consilii
562 3657 790 3729 regitur.
867 3656 1039 3710 Nobis
1107 3657 1267 3711 etiam
1340 3673 1476 3728 opus
1535 3667 1617 3713 est
1678 3658 1870 3728 spiritu

280 3746 491 3801 consilii
523 3763 537 3799 :
570 3752 632 3799 ut
658 3744 903 3800 voluntas
934 3744 1033 3800 Dei
1076 3745 1344 3816 dirigatur
1385 3746 1440 3800 in
1467 3747 1644 3812 nobis,
1676 3754 1734 3802 ut
1762 3747 1869 3802 mi-

282 3833 587 3890 sericordes
619 3832 674 3888 in
702 3848 763 3888 re
794 3849 917 3887 esse
956 3833 1248 3904 possimus.
1284 3834 1541 3889 Voluntas
1588 3833 1687 3889 Dei
1719 3850 1870 3890 sem-

277 3938 373 3992 per
400 3920 459 3976 ﬁt
493 3939 507 3975 :
545 3921 642 3976 sed
673 3936 892 3976 oramus
918 3929 976 3976 ut
1004 3905 1231 3978 libertas
1259 3923 1430 3978 nostri
1459 3923 1666 3978 arbitrii
1689 3923 1869 3979 socie-

277 4018 359 4064 tur
384 4027 491 4082 per
519 4009 756 4082 gratiam
787 4026 900 4065 suae
929 4010 1208 4078 voluntati,
1242 4029 1361 4084 qua:
1411 4021 1491 4068 est
1521 4011 1870 4068 sanctiﬁcatio

278 4107 465 4154 nostra
494 4107 548 4154 et
595 4098 704 4153 vita
752 4106 977 4157 aeterna.
1029 4100 1292 4157 Voluntas
1320 4100 1422 4157 Dei
1451 4109 1534 4156 est
1561 4109 1869 4173 praecepto-

279 4201 396 4242 rum
424 4187 544 4256 ejus
573 4187 840 4243 custodia.

347 4293 508 4350 Sicut
539 4296 604 4349 in
636 4295 790 4350 caelo.
827 4293 978 4350 Sicut
1006 4294 1061 4348 in
1091 4293 1322 4368 angelis,
1356 4295 1429 4350 ita
1455 4295 1511 4350 in
1538 4294 1866 4351 hominibus.

280 4379 375 4436 Vel
405 4382 549 4437 sicut
591 4381 772 4450 justis,
806 4383 881 4437 ita
925 4383 982 4437 in
1019 4384 1398 4454 peccatoribus
1439 4385 1740 4442 conversis.
1771 4382 1871 4438 Vel

2041 3211 2224 3282 Culpaa
2254 3212 2471 3266 veniam
2503 3227 2613 3267 non
2642 3212 2908 3268 debemus
2928 3229 3135 3285 negare
3161 3232 3174 3280 ;
3208 3214 3352 3270 unde
3386 3231 3400 3269 :
3427 3215 3566 3272 Cum

1969 3301 2163 3364 oratis,
2197 3302 2478 3355 remittite
2497 3302 2548 3355 si
2569 3301 2702 3373 quid
2735 3303 2952 3357 habetis
2973 3301 3240 3368 adversus
3278 3304 3526 3376 aliquem
3547 3324 3565 3361 :

1967 3388 2140 3443 aliter
2169 3389 2323 3443 enim
2352 3390 2524 3444 Pater
2542 3394 2727 3446 vester
2745 3406 2861 3446 non
2881 3390 3134 3446 dimittet
3153 3392 3302 3448 vobis
3318 3397 3555 3464 peccata

1969 3479 2177 3531 vestra.

2040 3564 2332 3620 Pecuniam
2362 3563 2523 3619 alicui
2554 3573 2804 3637 repetere
2861 3567 3196 3634 conceditur,
3257 3568 3354 3624 sed
3382 3569 3568 3626 debita

1967 3661 2314 3723 peccatorum
2354 3654 2556 3724 petenti
2615 3655 2828 3710 veniam
2902 3672 3181 3728 nunquam
3205 3656 3348 3726 juste
3388 3675 3566 3731 nega-

1967 3757 2109 3796 mus.

2039 3829 2211 3884 Vnus.
2266 3833 2350 3883 13.
2402 3857 2472 3869 -
2520 3830 2591 3884 Et
2646 3844 2718 3886 ne
2747 3845 2850 3886 nos
2897 3830 3136 3887 inducas
3197 3832 3306 3887 Sed
3372 3834 3566 3905 spiritu

1969 3916 2210 3972 scientias
2240 3916 2469 3986 illustra,
2503 3924 2560 3971 ut
2589 3917 2828 3974 sciamus
2877 3918 3074 3989 quibus
3122 3920 3280 3975 malis
3329 3921 3566 3978 involvi-

1968 4021 2110 4074 mur,
2162 4012 2216 4058 et
2271 4012 2331 4059 ut
2368 4004 2622 4075 lacrymze
2675 4005 2888 4076 prosint
2934 4022 3197 4079 rogamus
3256 4026 3270 4064 :
3329 4011 3566 4068 Dimitte

1967 4094 2125 4149 nobis
2155 4093 2340 4148 debita
2369 4098 2586 4150 nostra.
2618 4097 2688 4149 Et
2718 4111 2790 4150 ne
2819 4112 2939 4161 nos,
2976 4102 3081 4152 etc.
3117 4097 3241 4152 Non
3281 4099 3427 4169 quod
3447 4099 3567 4171 ipse

1969 4180 2208 4250 inducat,
2241 4182 2339 4236 sed
2370 4181 2494 4253 quia
2523 4182 2730 4238 deserit
2761 4191 2815 4238 et
2841 4183 2924 4238 ire
2966 4185 3246 4256 permittit.
3280 4187 3405 4242 Non
3432 4204 3568 4246 vero

1967 4277 2227 4340 precatur
2272 4286 2382 4326 non
2431 4271 2648 4341 tentari,
2699 4271 2798 4327 sed
2845 4287 2948 4329 nec
2996 4273 3066 4328 ad
3095 4275 3370 4331 modicum
3400 4277 3565 4333 vinci.

1968 4356 2213 4412 Tentatio
2245 4360 2390 4414 enim
2420 4367 2504 4415 est
2521 4361 2841 4416 necessaria
2871 4362 2940 4416 ad
2962 4377 3238 4417 coronam.
3260 4365 3328 4418 Et
3349 4380 3420 4419 ne
3441 4381 3562 4433 nos,

279 4469 411 4525 sicut
441 4470 500 4524 in
529 4446 767 4538 Christo,
798 4471 871 4525 ita
891 4470 946 4525 in
972 4446 1241 4528 Ecclesia.
1262 4473 1361 4529 Vel
1389 4473 1528 4530 sicut
1542 4481 1720 4530 mente
1737 4488 1853 4529 ser-
1882 4468 1935 4529 D
1979 4453 2109 4516 etc"
2142 4446 2409 4538 ᾲθδίῗτθηδ
2437 4448 2492 4502 in
2533 4449 2838 4538 testati“?
2869 4449 3016 4504 δίηθδ
3045 4450 3190 4506 Vind
3223 4468 3237 4506 ³
3268 4459 3322 4507 et
3343 4451 3390 4508 εί
3418 4451 3565 4507 Sin”

278 4557 366 4612 vio
394 4558 509 4630 legi
537 4559 655 4626 Dei,
689 4559 764 4614 ita
794 4565 847 4614 et
887 4559 943 4613 in
971 4575 1156 4616 carne.

349 4645 660 4701 Secundum
713 4647 961 4718 spiritum
1009 4649 1238 4716 coelum,
1292 4649 1590 4706 secundum
1647 4666 1869 4708 carnem

276 4740 424 4789 terra
452 4751 661 4790 sumus.
697 4735 930 4791 Oramus
969 4751 1104 4808 ergo
1143 4745 1200 4791 ut
1231 4737 1367 4793 sicut
1397 4737 1452 4792 in
1485 4738 1644 4805 cmlo,
1678 4739 1734 4794 id
1764 4749 1864 4809 est,

278 4822 334 4874 in
364 4823 578 4894 spiritu,
612 4823 688 4878 ita
714 4822 773 4878 in
803 4831 952 4878 terra
981 4824 1074 4879 ﬁat
1104 4825 1354 4880 voluntas
1387 4843 1401 4880 :
1433 4834 1490 4881 ut
1519 4842 1648 4882 caro
1669 4837 1721 4882 et
1751 4830 1868 4900 spi-

274 4910 410 4964 ritus
441 4911 511 4966 sit
539 4912 705 4966 homo
735 4910 1030 4982 spiritualis
1060 4913 1129 4968 de
1161 4929 1266 4985 quo
1287 4913 1480 4969 dicitur
1513 4932 1526 4968 :
1563 4917 1664 4972 Cor
1679 4934 1868 4974 meum

273 5002 331 5054 et
360 5015 493 5054 caro
547 5016 678 5056 mea
724 5001 1166 5058 exsultaverunt
1196 5004 1258 5057 in
1287 5004 1466 5058 Deum
1516 5005 1721 5061 vivum.
1753 5006 1869 5062 Nec

270 5093 482 5141 tantum
511 5095 700 5143 oratur
724 5095 783 5142 ut
811 5088 955 5144 bona
999 5089 1256 5156 velimus,
1291 5090 1387 5145 sed
1418 5089 1508 5145 ﬁat
1536 5093 1782 5148 voluntas
1812 5094 1868 5149 in

269 5175 453 5240 nobis,
484 5183 542 5229 ut
571 5175 818 5230 vivamus
847 5177 962 5244 tibi,
996 5193 1104 5233 non
1133 5166 1311 5233 nobis.
1356 5179 1487 5234 Haec
1517 5180 1619 5236 tria
1646 5181 1866 5252 perfec-

269 5263 380 5318 tius
426 5263 694 5319 habentur
735 5263 792 5319 in
842 5265 1055 5333 futuro,
1089 5267 1188 5322 sed
1230 5267 1317 5322 hic
1357 5267 1573 5322 interim
1616 5287 1680 5324 ex
1711 5280 1867 5341 parte

268 5365 517 5416 oramus,
570 5361 624 5409 ut
675 5361 869 5425 postea
912 5354 1202 5426 perfectius
1251 5355 1572 5412 habeantur.
1625 5357 1867 5426 Quatuor

269 5442 555 5514 sequentia
582 5442 872 5514 praesentis
901 5443 1024 5499 vitae
1054 5451 1176 5499 sunt
1235 5445 1508 5516 praesidia.

343 5547 519 5604 Vens.
554 5552 640 5604 11.
672 5578 745 5591 -
773 5552 1008 5606 Panem.
1042 5551 1268 5607 Esuries
1293 5552 1513 5620 justitiae
1543 5561 1602 5608 ut
1630 5553 1697 5610 ad
1719 5561 1865 5611 satu-

269 5634 491 5694 ritatem
517 5637 814 5712 pertingat,
854 5637 1072 5698 fulcitur
1114 5639 1306 5712 spiritu
1350 5640 1700 5702 fortitudinis.
1735 5644 1865 5703 Ideo

1970 4534 2189 4605 tentari,
2227 4535 2344 4592 sine
2375 4552 2484 4608 qua
2514 4537 2694 4592 nullus
2722 4537 2983 4608 probatus
3013 4546 3114 4592 est.

2039 4641 2144 4696 Sed
2194 4643 2366 4698 libera
2413 4658 2514 4698 nos
2544 4660 2579 4697 a
2609 4643 2778 4698 malo.
2812 4642 2940 4697 Haec
2969 4659 3074 4697 una
3092 4643 3311 4715 petitio,
3348 4652 3558 4703 tantum

1970 4728 2210 4784 continet
2241 4738 2500 4801 quantum
2529 4745 2721 4785 omnes
2751 4731 3084 4800 superiores.

2042 4836 2110 4891 Ut
2139 4836 2329 4906 spiritu
2361 4835 2570 4890 timoris
2600 4835 2700 4891 Dei
2730 4836 2912 4892 omnia
2951 4837 3109 4893 noxia
3139 4838 3284 4895 intus
3313 4848 3367 4896 et
3414 4849 3562 4899 exte-

1969 4923 2082 4978 rius
2129 4924 2401 4994 pellantur
2433 4941 2446 4978 :
2481 4932 2534 4980 et
2566 4925 2667 4979 sub
2719 4933 3040 4997 paupertate
3090 4927 3248 4983 beate
3296 4929 3558 4986 vivamus.

1968 5012 2071 5066 Sed
2104 5013 2277 5069 libera
2304 5029 2424 5069 nos.
2461 5014 2522 5067 In
2554 5014 2701 5068 illam
2745 5031 2865 5086 quae
2913 5016 3154 5070 nondum
3203 5025 3287 5072 est
3316 5035 3384 5074 ne
3415 5018 3563 5075 sinas

1967 5089 2189 5170 induci,
2224 5110 2277 5156 et
2325 5102 2394 5156 ab
2444 5117 2510 5156 ea
2539 5102 2596 5156 in
2642 5119 2750 5173 qua
2779 5119 2968 5158 sumus
2997 5104 3165 5174 ducti,
3197 5106 3373 5162 libera
3408 5126 3422 5162 :
3455 5125 3563 5180 quo

1968 5187 2111 5244 facto
2161 5189 2292 5243 nihil
2342 5198 2425 5245 est
2465 5192 2846 5260 metuendum,
2879 5192 3012 5246 nihil
3052 5201 3226 5250 restat
3272 5197 3560 5253 orandum.

2037 5295 2077 5349 Α
2111 5297 2280 5361 malo,
2315 5297 2482 5366 omni,
2543 5297 2742 5353 visibili
2772 5305 2825 5352 et
2854 5299 3129 5355 invisibili.
3164 5301 3293 5358 Haec
3314 5303 3563 5360 liberatio

1968 5383 2209 5453 quotidie
2257 5387 2573 5441 necessaria
2619 5393 2738 5456 est,
2770 5387 2899 5442 dum
2931 5389 3048 5444 sine
3095 5390 3240 5447 malo
3287 5393 3481 5448 animae
3511 5401 3563 5448 et

1967 5472 2216 5542 corporis
2237 5490 2346 5528 non
2367 5475 2584 5546 vivitur,
2610 5476 2708 5532 scd
2729 5477 2785 5531 in
2806 5476 2912 5532 ﬁne
2936 5479 3317 5550 complebitur,
3343 5481 3562 5554 quando

1965 5559 2306 5618 immortales
2318 5571 2371 5619 et
2387 5564 2754 5636 impassibiles
2767 5567 2990 5622 erimus.
3017 5568 3097 5624 De
3117 5569 3242 5625 imis
3258 5571 3327 5624 ad
3349 5587 3563 5628 summa

1964 5650 2240 5721 gradatim
2271 5653 2351 5710 sic
2381 5655 2714 5713 ascenditur.
2746 5658 2794 5714 A
2823 5657 2971 5715 malo
3000 5674 3101 5731 per
3130 5659 3380 5732 Spiritum
3407 5661 3563 5719 timo-
