4000 6182
391 269 490 320 103

885 266 1287 321 WALAFRIDI
1319 267 1570 367 .STRABI
1610 267 1806 322 FULD.
1848 264 2021 320 MON.
2064 263 2217 320 OPP.
2259 267 2436 322 PARS
2475 268 2515 321 Ι.
2559 297 2627 307 -
2663 265 3134 322 THEOLOGICA.

3572 269 3679 321 104

391 389 468 444 ris
499 389 796 444 liberamur
828 407 841 443 :
873 389 1000 444 inde
1030 390 1243 444 liberati
1272 407 1543 460 pauperes
1588 391 1780 460 spiritu
1809 398 1862 444 et
1892 406 1986 443 re—
2006 388 2062 449 A
2161 391 2276 445 Deo
2299 392 2508 459 jejunat
2529 393 2619 462 qui
2642 408 2742 462 pro
2763 407 2950 447 amore
2969 391 3086 460 ejus
3108 406 3166 446 se
3188 397 3434 446 macerat
3453 397 3506 446 et
3526 391 3676 462 quod

394 477 496 531 bus
528 494 649 532 esse
681 478 948 548 cupimus,
997 479 1127 531 dum
1157 478 1408 534 dicimus.
1477 479 1558 532 Ne
1606 494 1706 532 nos
1757 478 1984 533 inducas

393 565 448 619 in
479 565 872 620 tentationem..
919 566 1177 636 Spiritum
1225 567 1440 636 pietatis
1491 582 1768 639 rogamus,
1802 575 1858 620 ut
1888 568 1984 621 ho-

392 669 483 708 mo
514 654 742 709 interior
772 663 1120 710 mansuescat
1152 662 1205 710 et
1235 655 1380 708 mitis
1411 654 1523 723 ﬁat,
1571 671 1640 710 ne
1689 654 1984 710 tentatione

392 752 696 798 moveatur.

466 850 636 904 Vens.
674 851 758 902 14.
792 851 934 904 —Si
955 851 1108 904 enim
1158 850 1510 904 dimiseritis.
1534 849 1789 904 Formam
1819 850 1986 920 impo-

397 937 503 990 suit
533 937 767 1008 qualiter
796 937 1025 992 velimus
1057 937 1312 1004 judicari.
1366 938 1519 992 Unde
1575 937 1985 1008 indulgentibus

397 1040 582 1080 coram
614 1027 729 1079 Deo
759 1024 955 1080 ﬁducia
1000 1026 1297 1095 respondet
1343 1026 1672 1095 impetrandi
1707 1044 1721 1080 :
1754 1027 1984 1098 exigen-

398 1120 480 1168 tes
536 1129 668 1168 vero
688 1155 701 1181 ,
734 1129 897 1183 paena
927 1114 1204 1168 remordet
1232 1114 1450 1168 ultionis
1482 1113 1568 1168 vel
1598 1114 1981 1169 damnationis.

464 1219 634 1272 Vens.
672 1221 758 1272 15.
794 1220 933 1274 —Si
963 1224 1156 1274 autem
1184 1236 1299 1275 non
1320 1221 1673 1275 dimiseritis.
1707 1221 1872 1274 Nulla
1893 1237 1985 1275 ex—

2086 479 2189 532 sibi
2219 480 2488 534 subtrahit
2516 480 2674 534 alteri
2704 480 2952 552 largitur.

2157 586 2326 640 Vens.
2363 589 2447 640 18.
2482 617 2551 625 —
2582 587 2650 639 Et
2678 592 2835 656 pater
2865 594 3006 640 tuus.
3042 586 3204 640 Pater
3221 601 3324 655 per
3344 583 3509 639 ﬁdem
3529 583 3677 639 intus

2086 682 2167 728 est
2200 692 2212 728 :
2246 683 2298 728 et
2329 682 2644 730 remunerat
2673 675 2728 728 in
2758 674 3077 730 abscondito
3109 673 3270 728 facta.
3305 672 3385 727 Ibi
3433 688 3568 745 ergo
3591 673 3677 740 je-

2080 763 2383 830 junandum
2414 779 2521 834 quo
2551 763 2668 833 ipse
2699 763 2898 817 videat.
2933 763 3002 816 Et
3043 777 3274 818 necesse
3303 769 3386 815 est
3433 767 3492 815 ut
3535 760 3679 829 jeju-

2086 867 2224 905 nans
2253 851 2332 907 sic
2353 852 2582 921 jejunet,
2607 859 2665 906 ut
2695 851 2746 906 ei
2774 852 2990 922 placeat
3016 867 3179 921 quem
3207 850 3264 905 in
3293 856 3519 920 pectore
3546 865 3680 920 por-

2085 947 2180 994 tat.

2157 1046 2329 1101 Vens.
2365 1050 2451 1100 19.
2485 1076 2554 1086 -
2599 1047 2779 1102 Nolite
2803 1046 3211 1102 thesaurizare.
3245 1043 3330 1100 Ad
3358 1042 3682 1099 munditiam

2087 1134 2270 1189 cordis
2302 1143 2522 1190 terrena
2552 1135 2773 1208 erogari
2816 1134 3082 1205 praecipit.

2159 1242 2328 1296 Vens.
2359 1245 2448 1298 20.
2482 1272 2550 1281 -
2602 1243 3000 1296 Thcsaurimre
3031 1244 3242 1295 autem.
3295 1237 3463 1307 Quasi
3499 1256 3512 1293 :
3545 1238 3683 1294 Cum

395 1307 1501 1400 cusatiogreliequfwriqujaﬁnesfiuisqge
1520 1308 1823 1400 secundum
1845 1309 1987 1400 hane
2081 1329 2338 1397 jejunatis
2367 1337 2458 1383 aut
2489 1329 2692 1400 aliquid
2724 1329 2852 1383 boni
2889 1329 3073 1398 Operis
3112 1328 3275 1400 agitis
3308 1345 3321 1381 ε
3354 1327 3431 1381 ibi
3475 1341 3680 1383 recon-

397 1395 718 1486 Senlemlam
747 1395 1389 1486 in_f01l1T0‘j‘{(i_iCA€lbilur-
1425 1397 1506 1486 Εἴ(
1537 1397 1642 1451 hoc
1671 1405 1819 1467 Ρεὶιθί
1840 1397 1986 1468 (ἰσοά
2085 1395 2197 1471 dite
2230 1417 2322 1471 ubi
2355 1395 2633 1486 corruptio
2663 1432 2773 1470 non
2803 1395 2976 1486 possit
3003 1395 3289 1471 accedere.

393 1484 770 1553 unusquisque
802 1483 856 1537 in
886 1500 986 1537 sua
1015 1483 1332 1537 inﬁdelitate
1354 1485 1768 1538 condemnatur.

469 1601 637 1654 Vens.
688 1603 774 1653 16.
827 1631 895 1639 -
948 1601 1084 1655 Cum
1126 1603 1428 1672 jejunatis.
1480 1603 1776 1674 Postquam
1803 1602 1988 1658 docuit

2159 1525 2223 1577 In
2253 1525 2406 1579 coelo.
2442 1523 2502 1577 Id
2535 1532 2636 1591 est,
2671 1539 2891 1577 omnem
2909 1538 3063 1593 spem
3084 1523 3139 1576 in
3159 1521 3474 1577 coelestibus
3497 1520 3682 1591 ponite

2089 1611 2196 1665 ﬁde
2227 1612 2562 1683 gradientes,
2616 1612 2936 1667 charitatem
2966 1611 3378 1681 amplectantes.
3415 1610 3478 1663 In
3525 1610 3683 1678 caelo,

396 1687 669 1785 quomodo
691 1688 1064 1798 o'randurnsn,
1088 1688 1258 1788 docet-
1277 1689 1345 1744 de
1375 1691 1582 1758 jejunio
1624 1692 1769 1762 quod
1789 1691 1986 1745 iterum
2011 1740 2064 1798 B
2097 1699 2151 1754 id
2183 1708 2283 1769 est,
2319 1701 2370 1752 in
2401 1700 2670 1770 spirituali
2701 1700 3043 1754 ﬁrmamento
3077 1717 3090 1753 :
3125 1698 3272 1769 quod
3303 1714 3412 1752 non
3439 1696 3635 1751 transit
3669 1715 3683 1751 :

395 1777 630 1845 pertinet
660 1776 729 1830 ad
758 1777 1077 1830 munditiam
1111 1778 1312 1846 cordis,
1346 1795 1415 1833 ne
1447 1796 1556 1834 non
1577 1780 1646 1833 sit
1669 1779 1897 1850 simplex
1919 1781 1990 1834 ad

396 1863 590 1932 Deum,
625 1865 755 1918 dum
785 1866 854 1918 ad
886 1865 1154 1920 exteriora
1193 1867 1420 1936 rapitur.
1455 1869 1639 1922 Nolite
1687 1869 1832 1936 ﬁeri.
1866 1869 1989 1924 Non

395 1953 649 2021 prohibet
678 1953 950 2020 virtutem,
985 1955 1082 2007 sed
1112 1954 1294 2010 ﬁctam
1325 1955 1538 2008 virtutis
1570 1956 1830 2026 speciem.

468 2077 676 2133 Bonum
719 2086 800 2131 est
841 2077 1047 2146 jejunio
1094 2095 1196 2148 pro
1244 2079 1484 2148 peccatis
1532 2080 1716 2134 tristes
1765 2097 1888 2136 esse
1921 2082 1991 2136 ad

398 2165 791 2237 paenitentiam,
827 2174 878 2219 et
909 2167 1196 2221 humiliare
1234 2167 1474 2222 animam
1495 2177 1770 2236 nostram;
1804 2171 1948 2225 unde
1975 2189 1989 2225 :

405 2256 508 2310 Cor
536 2256 850 2310 contritum
879 2259 934 2310 et
966 2256 1353 2322 humiliatum,
1380 2259 1544 2323 Deus,
1581 2274 1695 2313 non
1718 2259 1991 2330 despicies

399 2343 576 2412 (Psal.
610 2343 687 2413 ι).
721 2343 831 2396 Sed
863 2342 1136 2398 tristitiam
1167 2361 1286 2414 qua:
1318 2361 1418 2414 pro
1465 2345 1625 2399 laude
1673 2354 1774 2414 est,
1808 2346 1993 2416 prohi-

399 2430 508 2485 bet.
542 2430 696 2486 Unde
726 2447 837 2486 non
867 2431 940 2485 ait
971 2431 1290 2501 simpliciter
1321 2450 1334 2486 :
1367 2433 1548 2488 Nolite
1573 2435 1842 2504 jejunare,
1896 2436 1994 2490 sed

399 2519 548 2574 addit
581 2537 594 2573 :
629 2519 768 2574 sicut
799 2520 1119 2591 hypocriten,
1144 2521 1347 2576 tristes.

464 2627 894 2682 Exter-minaut.
948 2627 1008 2681 Id
1057 2635 1176 2697 est,
1231 2637 1383 2682 extra
1431 2629 1696 2683 terminos
1743 2630 1996 2685 humanae

396 2714 724 2770 conditionis
753 2715 1050 2770 obducunt.
1086 2715 1238 2770 Sicut
1287 2717 1355 2769 de
1387 2716 1564 2770 nitore
1615 2717 1848 2771 vestium
1874 2719 1997 2785 jac-

399 2803 569 2858 tantia
597 2811 679 2856 est
711 2820 725 2856 :
759 2803 837 2857 sic
865 2802 934 2856 de
968 2803 1135 2856 nimio
1159 2803 1417 2873 squalore
1439 2812 1492 2858 et
1513 2805 1709 2860 macie.
1734 2806 2001 2860 Demoliri

398 2898 480 2945 est
509 2890 666 2960 quasi
695 2889 961 2959 dissipare
994 2907 1006 2943 :
1041 2899 1094 2944 et
1123 2900 1458 2945 venustatem
1502 2893 1680 2946 vultus
1725 2893 1883 2964 quasi
1931 2895 2002 2949 ad

399 2977 626 3032 nihilum
682 2978 956 3049 redigere.
1009 2981 1199 3034 Facies
1231 2997 1386 3036 suas.
1418 2981 1702 3036 Luctuosis
1748 2982 2001 3037 sordibus

401 3067 458 3121 in
489 3067 686 3137 quibus
729 3066 890 3121 etiam
928 3067 1192 3134 jactantia
1221 3076 1304 3123 est
1337 3087 1350 3122 :
1385 3077 1438 3124 et
1466 3070 1644 3142 magis
1674 3070 1775 3130 sub
1806 3072 1990 3142 specie
2035 3094 2083 3157 ρ

401 3155 683 3226 religionis
712 3154 1007 3225 decipiunt.

471 3272 610 3325 Nota
639 3287 749 3326 non
778 3270 983 3326 debere
1004 3287 1135 3326 oves
1164 3272 1340 3342 pelles
1371 3287 1496 3328 suas
1545 3274 1844 3345 deponere,
1890 3275 1989 3330 sed

400 3359 608 3429 vestiri,
643 3360 690 3415 si
717 3359 1013 3430 aliquando
1040 3360 1155 3430 lupi
1184 3361 1264 3415 eis
1294 3377 1353 3416 se
1383 3369 1703 3434 contegunt.

473 3474 646 3528 Vens.
681 3474 767 3526 17.
800 3503 868 3512 —-
903 3475 1049 3544 Unge
1091 3479 1264 3546 caput
1285 3478 1468 3530 tuum.
1503 3475 1780 3546 Spirituali
1809 3475 1994 3532 laetitia

401 3569 644 3616 mentem
690 3560 856 3616 reﬁce
904 3561 1097 3615 diebus
1144 3562 1487 3617 abstinentize
1511 3573 1550 3618 ἐ
1601 3572 1660 3619 ut
1688 3563 1995 3620 dilectionis

404 3649 543 3705 odor
579 3649 788 3722 fragret
805 3649 860 3702 in
876 3649 1134 3720 Operibus
1154 3651 1565 3707 misericordiae.
1595 3653 1995 3708 Conscientiam

403 3739 526 3794 lava
555 3738 810 3810 lacrymis
848 3757 861 3793 :
892 3746 950 3792 ut
979 3739 1048 3792 sit
1077 3740 1280 3794 munda
1311 3756 1499 3796 coram
1529 3741 1666 3796 Deo.
1698 3743 1823 3796 Non
1853 3741 1997 3796 enim

408 3827 603 3883 suﬂicit
632 3844 770 3897 opus
801 3827 1197 3882 misericordiae
1227 3828 1346 3882 sine
1390 3829 1595 3883 munda
1625 3830 1956 3886 conscientia
1983 3849 1996 3886 :

403 3932 507 3972 nec
535 3917 640 3972 hoc
670 3916 785 3970 sine
815 3915 926 3970 illo.
965 3915 1267 3970 Palaestinis
1311 3933 1430 3971 mos
1474 3925 1592 3970 erat
1622 3917 1677 3970 in
1708 3917 1860 3972 festis
1909 3933 2000 3974 ca-

407 4012 504 4074 put
522 4019 732 4075 ungere
768 4021 781 4056 :
815 4019 949 4070 ergo
997 4012 1159 4071 caput
1207 4020 1351 4073 unge
1375 4046 1389 4073 ,
1423 4004 1479 4057 id
1527 4012 1628 4072 est,
1664 4004 1918 4059 festivum
1950 4014 2003 4060 et

404 4091 641 4145 hilarem
661 4098 714 4143 te
736 4089 930 4143 exhibe
964 4106 977 4143 :
1014 4098 1067 4143 et
1090 4098 1329 4144 mentem
1353 4091 1620 4160 spirituali
1645 4092 1768 4146 oleo
1793 4093 1959 4148 reﬁce
1985 4112 1998 4149 :

407 4187 461 4233 et
489 4179 558 4232 de
582 4177 791 4246 jejunio
819 4193 930 4230 non
959 4193 1173 4247 quaeras
1205 4178 1423 4232 laudem
1455 4181 1710 4234 exterius.
1733 4181 1842 4236 Sed
1878 4182 2005 4252 quia

407 4267 488 4323 sic
514 4283 550 4322 a
578 4267 779 4322 saeculo
809 4267 1095 4335 averteris,
1132 4282 1318 4321 coram
1348 4268 1464 4323 Deo
1513 4269 1755 4340 gaudeas
1793 4289 1806 4324 :
1840 4277 1893 4326 et
1927 4271 2006 4327 sic

403 4355 620 4425 faciem,
656 4355 711 4408 id
759 4362 860 4424 est,
917 4371 1014 4410 cor
1046 4355 1337 4408 mundabis
1385 4371 1420 4410 a
1469 4358 1725 4412 sordibus
1760 4377 1773 4414 :
1809 4359 2006 4430 quibus

408 4446 652 4515 remotis,
674 4445 847 4499 Deum
863 4443 1051 4498 videre
1069 4444 1270 4499 licebit.
1296 4447 1440 4515 Ungc
1462 4451 1633 4517 caput
1652 4452 1833 4503 tuum.
1853 4449 1999 4504 Ecce
2024 4455 2076 4515 D

408 4535 649 4589 nondum
696 4533 880 4588 omnia
937 4533 992 4585 in
1040 4548 1180 4586 novo
1223 4533 1572 4588 Testamento
1623 4535 1691 4588 ad
1738 4536 1994 4591 litteram.

408 4621 641 4677 Ridiculi
672 4622 816 4674 enim
847 4629 1031 4675 essent
1059 4621 1113 4675 in
1129 4621 1336 4689 jejunio
1361 4623 1483 4676 oleo
1503 4623 1729 4676 delibuti
1762 4641 1778 4678 :
1811 4625 1909 4678 sed
1929 4625 1998 4680 de

409 4710 601 4780 spiritu
668 4710 872 4763 amoris
930 4711 1262 4780 ejus,cujus
1324 4711 1672 4781 passionibus
1735 4712 1999 4766 debemus

409 4797 739 4868 participare
769 4813 870 4851 nos
900 4800 1308 4869 macerandum,
1341 4817 1497 4856 mens
1537 4801 1700 4855 debet
1729 4799 1918 4873 inungi
1949 4809 2002 4856 et

409 4903 520 4943 non
549 4887 670 4942 oleo
700 4885 1067 4941 adulationis:
1099 4887 1258 4942 aliter
1288 4904 1429 4943 vana
1473 4898 1598 4943 sunt
1620 4889 1847 4958 jejunia.

482 5006 728 5060 Christus
758 5005 935 5062 factus
966 5012 1049 5060 est
1081 5014 1418 5077 unguentum
1450 5008 1606 5061 nobis
1643 5027 1654 5061 :
1691 5007 1836 5078 quod
1869 5006 2002 5062 etfu-

411 5111 531 5150 sum
580 5111 679 5164 per
724 5094 1037 5164 passionem
1084 5095 1276 5149 mortis
1323 5096 1630 5150 Ecclesiam
1695 5112 1851 5151 suam
1904 5112 2003 5151 suo

411 5183 582 5239 odore
611 5183 872 5254 implevit.
907 5184 1036 5238 Ideo
1068 5199 1178 5237 non
1207 5184 1432 5238 alterius
1454 5185 1886 5253 causajejunare
1908 5186 2003 5240 de-

411 5273 652 5327 bemus:
689 5273 786 5327 sed
817 5273 932 5341 ejus
982 5271 1190 5342 perfusi
1238 5273 1429 5342 spiritu
1478 5291 1578 5343 per
1624 5274 2005 5329 abstinentiam

412 5370 755 5418 macerantes
787 5347 1017 5417 carneni
1038 5361 1156 5429 ejus
1185 5361 1426 5432 passioni
1457 5361 1868 5432 participemus.
1905 5363 2005 5418 lllo

410 5467 547 5524 ergo
577 5467 850 5524 ungamur
885 5469 896 5504 :
929 5459 986 5504 ut
1017 5466 1187 5520 opera
1206 5451 1598 5506 misericordiae
1623 5452 2003 5508 cumulentur:

409 5548 462 5595 et
492 5540 731 5596 charitas
759 5539 986 5593 interius
1017 5538 1351 5593 diffundatur
1385 5557 1397 5593 :
1433 5540 1561 5609 quia
1592 5541 1709 5595 sine
1740 5541 1834 5598 illo
1865 5541 2007 5598 calix

409 5629 582 5686 nostri
605 5628 795 5701 jejunii
825 5644 936 5685 non
962 5627 1267 5687 inebriatur
1293 5626 1496 5687 affectu
1523 5628 1760 5701 pietatis.
1831 5655 1834 5658 -

2099 1790 2307 1845 Cwlum
2337 1793 2392 1844 et
2424 1793 2577 1843 terra
2611 1790 2938 1844 transibunt
2967 1807 2986 1843 :
3021 1788 3184 1842 verba
3204 1791 3397 1842 autem
3419 1802 3548 1841 mea
3567 1801 3687 1840 non

2093 1878 2440 1932 transibunt.
2477 1876 2534 1930 Si
2563 1893 2697 1948 ergo
2730 1892 2826 1931 cor
2875 1884 2957 1930 est
2985 1876 3042 1930 in
3069 1875 3230 1945 coelo,
3284 1874 3548 1928 mundum
3579 1881 3683 1942 est,

2091 1966 2218 2036 quia
2248 1966 2451 2021 munda
2496 1973 2620 2018 sunt
2651 1965 2914 2020 coelestia.
2948 1965 3004 2018 Si
3051 1972 3232 2019 autem
3261 1964 3317 2017 in
3345 1962 3671 2026 terra‘volu-

2091 2062 2236 2108 tatur
2261 2097 2273 2124 ,
2309 2055 2582 2125 quomodo
2599 2054 2860 2108 mundum
2891 2054 3020 2107 est?
3047 2054 3106 2107 [d
3122 2060 3222 2119 est,
3259 2053 3304 2105 si
3337 2051 3466 2123 quid
3487 2050 3688 2123 agit'ut

2087 2151 2301 2197 terrena
2321 2150 2705 2214 consequatur,
2755 2142 3027 2213 quomodo
3050 2141 3312 2196 mundum
3343 2148 3426 2194 est
3445 2140 3472 2192 ‘?
3505 2138 3562 2193 Si
3577 2145 3687 2193 ete-

2093 2231 2206 2285 nim
2235 2231 2329 2285 illa
2355 2230 2411 2284 in
2442 2248 2647 2304 genere
2678 2245 2776 2284 suo
2809 2231 3013 2284 munda
3058 2237 3241 2284 tamen
3291 2227 3562 2282 sordescit
3588 2241 3682 2280 res

2093 2318 2313 2392 dignior
2342 2319 2472 2374 dum
2501 2319 2748 2374 inferiori
2778 2319 3039 2375 miscetur
3073 2336 3085 2374 :
3118 2326 3177 2373 ut
3205 2333 3403 2373 aurum
3423 2321 3678 2388 argento,

2095 2416 2387 2481 argentum
2416 2407 2660 2478 plumbo.

2167 2515 2337 2570 Vens.
2369 2519 2458 2572 21.
2492 2545 2562 2556 -
2592 2515 2687 2571 Ubi
2715 2517 2870 2571 enim
2897 2518 2984 2570 est
3007 2514 3329 2571 thesaurus.
3354 2511 3411 2568 Si
3439 2511 3494 2566 in
3515 2518 3684 2580 terra,

2097 2617 2194 2659 cor
2224 2611 2306 2657 est
2335 2602 2631 2670 deorsum;
2667 2603 2714 2658 si
2740 2602 2798 2658 in
2818 2600 3152 2672 etelestibus,
3177 2615 3276 2659 cor
3293 2608 3376 2657 est
3392 2599 3451 2656 in
3470 2598 3688 2655 Christo

2098 2689 2282 2746 ﬁxum.

2169 2780 2340 2834 Vens.
2371 2782 2460 2836 22.
2511 2809 2582 2820 -
2628 2781 2907 2836 Lucerna.
2960 2777 3319 2850 Prosequitur
3367 2774 3690 2831 munditiam

2101 2866 2300 2923 cordis.
2337 2868 2489 2923 Sicut
2517 2867 2708 2923 oculus
2737 2868 2987 2923 membra
3016 2867 3088 2922 ad
3118 2865 3459 2937 Operandum
3479 2863 3687 2935 dirigit,

2103 2955 2180 3010 sic
2211 2956 2436 3010 intentio
2468 2965 2521 3010 et
2549 2957 2639 3010 lux
2669 2955 2796 3011 ﬁdei
2825 2972 3017 3011 omnes
3047 2955 3295 3011 virtutes.
3329 2955 3578 3009 Lucerna
3608 2957 3696 3006 est

2104 3043 2290 3098 lumen
2316 3045 2372 3098 in
2401 3051 2558 3113 testa,
2594 3045 2675 3101 sic
2703 3045 2943 3100 charitas
2973 3043 3029 3098 in
3059 3042 3188 3098 ﬁde.
3236 3043 3372 3097 Cum
3401 3041 3540 3096 ﬁdes
3568 3055 3691 3095 ces-

2112 3132 2271 3201 sabit,
2324 3133 2442 3187 sola
2488 3133 2727 3188 charitas
2772 3133 2864 3187 lux
2913 3133 3032 3187 erit.
3082 3133 3162 3186 De
3209 3129 3484 3198 exteriori,
3533 3128 3696 3182 docet

2096 3220 2334 3276 oﬁicium
2360 3221 2639 3278 interioris
2669 3221 2924 3290 hominis,
2945 3219 3246 3276 intentione
3278 3217 3475 3273 mentis
3497 3224 3550 3272 et
3567 3217 3693 3271 luce

2093 3307 2222 3364 ﬁdei
2253 3326 2444 3365 omnes
2473 3309 2701 3365 virtutes
2731 3309 3093 3379 illustrantur,
3118 3316 3178 3364 ut
3198 3307 3431 3363 reddant
3451 3305 3694 3362 lucidum

2097 3413 2317 3469 corpus.

2168 3505 2305 3561 Item
2333 3504 2405 3560 ad
2433 3503 2756 3560 munditiam
2785 3502 2967 3560 cordis
3012 3519 3114 3574 per
3145 3518 3204 3558 se
3232 3502 3358 3572 hoc,
3391 3498 3696 3571 capitulum

2097 3600 2199 3662 est,
2235 3592 2322 3650 vel
2366 3593 2543 3666 gratia
2589 3593 2836 3664 priorum
2881 3607 3111 3664 operum
3158 3607 3279 3663 quae
3306 3589 3491 3662 palam
3519 3602 3694 3660 appa-

2100 3689 2242 3736 rent.

2170 3771 2228 3825 Si
2255 3771 2437 3841 fuerit
2483 3772 2716 3836 oculus,
2771 3777 2874 3825 etc.
2910 3768 2968 3824 Si
3013 3783 3154 3840 pura
3199 3766 3520 3834 intentione,
3570 3780 3696 3836 qua:

2101 3865 2259 3929 potes
2290 3858 2434 3913 bona
2483 3858 2623 3931 agis,
2657 3873 2828 3928 opera
2876 3865 3000 3912 sunt
3029 3856 3187 3924 lucis,
3239 3854 3452 3910 etiamsi
3482 3869 3594 3910 non
3620 3852 3698 3909 ita

2102 3945 2414 4001 hominibus
2454 3946 2721 4001 videatur.
2757 3945 2815 4000 Si
2844 3961 3108 4016 perversa
3156 3943 3382 3999 intentio
3413 3950 3515 4012 est,
3566 3957 3698 4014 pra-

2104 4051 2232 4089 vum
2262 4042 2344 4088 est
2363 4034 2626 4106 quidquid
2656 4034 2857 4106 agitur,
2893 4043 2945 4089 et
2975 4035 3022 4090 si
3051 4033 3300 4089 videatur
3331 4040 3563 4088 rectum.

2178 4121 2382 4178 Oculus
2411 4138 2551 4177 unus
2581 4131 2634 4178 et
2664 4123 2894 4192 simplex
2924 4131 3025 4190 est,
3063 4121 3268 4178 scilicet
3289 4121 3548 4189 charitas,
3573 4133 3695 4192 quae

2106 4211 2269 4267 modo
2299 4211 2445 4267 lucet
2472 4211 2528 4265 in
2558 4211 2664 4266 ﬁde
2695 4212 2834 4266 sicut
2862 4211 2917 4264 in
2947 4219 3106 4266 testa.

2179 4300 2350 4356 Vens.
2384 4303 2473 4356 23.
2527 4329 2596 4340 —-
2641 4301 2700 4354 Si
2747 4303 2941 4354 autem
2985 4299 3202 4354 oculus.
3235 4296 3293 4351 Si
3323 4294 3551 4350 intentio
3582 4309 3698 4350 non

2108 4395 2189 4443 est
2220 4405 2285 4442 ex
2314 4386 2441 4456 ﬁde,
2473 4396 2617 4442 totus
2646 4388 2810 4442 homo
2840 4387 3066 4441 interior
3087 4385 3410 4440 tenebrosus
3431 4392 3531 4439 est.
3558 4382 3699 4451 Quia

2107 4477 2254 4547 quod
2275 4492 2383 4530 non
2405 4485 2488 4530 est
2509 4493 2574 4529 ex
2595 4474 2721 4544 ﬁde,
2745 4483 3030 4545 peccatum
3053 4482 3154 4528 est.
3177 4475 3541 4530 Tenebrosum
3559 4473 3694 4526 erit.

2107 4564 2563 4635 Quandoquidem
2628 4563 2850 4618 intentio
2919 4579 3155 4633 sequens
3221 4578 3358 4632 opus
3412 4560 3692 4615 informat.

2106 4653 2257 4725 Ergo
2288 4653 2334 4706 si
2364 4653 2506 4707 bona
2538 4669 2657 4723 quae
2688 4651 2828 4724 agis,
2862 4651 2989 4721 quia
3021 4651 3167 4704 mala
3194 4649 3491 4704 intentione
3538 4647 3694 4716 ﬁunt,

2107 4742 2347 4796 tenebrae
2377 4749 2519 4809 sunt,
2555 4741 2685 4812 quid
2715 4757 2782 4794 ea
2802 4755 2921 4810 quae
2944 4755 3044 4809 per
3065 4755 3123 4793 se
3143 4739 3290 4792 mala
3310 4745 3453 4806 sunt,
3479 4744 3531 4791 et
3551 4735 3701 4790 mala

2107 4829 2402 4883 intentione
2433 4827 2612 4882 ﬁunt?
2639 4830 2698 4883 Si
2727 4845 2852 4899 ergo
2885 4829 3096 4882 lumen.
3148 4825 3378 4880 Intentio
3425 4840 3535 4895 qua
3565 4822 3699 4878 faci—

2107 4935 2228 4971 mus
2259 4917 2642 4988 quodcunque,
2677 4933 2797 4986 quae
2825 4916 2882 4969 in
2911 4915 3071 4969 nobis
3102 4923 3184 4970 est
3213 4921 3362 4983 nota,
3396 4911 3582 4966 lumen
3613 4909 3698 4964 di-

2107 5006 2282 5072 citur;
2319 5005 2493 5060 exitus
2524 5020 2656 5061 vero
2686 5005 2767 5059 rei
2796 5004 3038 5060 incertus
3069 5010 3170 5073 est,
3204 5009 3265 5056 ut
3292 5017 3417 5057 cum
3448 4999 3579 5071 quid
3607 4997 3702 5054 ali-

2108 5094 2195 5149 cui
2223 5095 2294 5149 do
2323 5094 2412 5149 vel
2440 5109 2548 5165 ago
2570 5093 2756 5151 nescio
2778 5100 2958 5147 utrum
2980 5091 3141 5148 cedat
3160 5091 3210 5146 ei
3230 5091 3376 5147 bono
3408 5104 3479 5143 an
3509 5086 3655 5141 malo
3680 5104 3695 5140 :

2108 5191 2160 5238 et
2189 5183 2312 5237 ideo
2341 5183 2599 5237 tenebras
2629 5189 2808 5238 vocat.
2841 5181 2985 5237 Dicit
3014 5197 3148 5254 ergo
3181 5199 3194 5234 :
3229 5179 3285 5233 Si
3332 5175 3559 5232 intentio
3590 5189 3702 5247 qua

2108 5270 2242 5326 facis
2272 5273 2417 5342 (qua:
2447 5271 2543 5325 tibi
2574 5278 2702 5326 nota
2732 5271 2837 5340 est)
2870 5271 3112 5340 appetitu
3160 5266 3548 5338 temporalium
3577 5280 3702 5318 sor-

2107 5359 2325 5416 didatur
2358 5379 2372 5414 :
2405 5368 2607 5431 quanto
2635 5361 2814 5433 magis
2839 5360 3018 5429 ipsum
3065 5358 3269 5414 factum
3298 5357 3452 5425 cujus
3499 5353 3702 5408 dubius

2108 5457 2190 5504 est
2222 5449 2396 5504 exitus
2416 5450 2443 5504 ?
2477 5449 2605 5520 quia
2632 5449 2732 5504 etsi
2762 5449 2900 5503 bene
2931 5447 3091 5504 cedat
3120 5446 3231 5511 alii,
3259 5445 3404 5516 quod
3423 5459 3533 5498 non
3555 5443 3702 5496 bona

2105 5536 2404 5593 intentione
2431 5538 2587 5607 facis,
2620 5537 2755 5592 nihil
2814 5537 2908 5592 tibi
2938 5534 3184 5606 proderit
3219 5552 3232 5588 :
3268 5532 3395 5604 quia
3424 5529 3702 5603 quomodo

2023 5667 2038 5678 .
2106 5625 2305 5687 feceris
2334 5626 2431 5688 tibi
2459 5627 2776 5700 imputatur,
2806 5641 2918 5685 non
2955 5622 3229 5697 quomodo
3257 5621 3337 5683 illi
3365 5618 3631 5682 evenerit.
