4000 6182
246 257 340 310 105

1040 251 1311 309 GLOSSA
1349 251 1760 308 ORDINARIA.
1802 283 1870 293 —
1907 251 2174 308 EVANG.
2217 252 2472 308 MATTH.

3437 259 3540 311 106

309 376 466 432 Vers.
499 377 593 434 24.
626 405 696 416 -
725 377 896 432 Nemo
923 381 1128 448 potest,
1180 384 1284 432 etc.
1339 376 1506 444 Quasi
1540 394 1553 432 :
1589 393 1697 432 non
1733 392 1837 448 po-
1861 377 1917 438 A
1946 376 2007 430 In
2034 375 2119 430 his
2165 376 2451 446 promissis
2501 377 2742 432 veritatis
2774 394 2933 436 nemo
2977 378 3184 437 dubitet
3217 397 3230 435 :
3265 381 3332 434 sit
3371 383 3538 438 homo

240 466 409 520 teritis
456 465 527 520 ad
578 464 803 520 oculum
831 464 1109 520 hominum
1141 465 1282 520 bona
1310 481 1499 538 agere,
1551 473 1604 520 et
1647 482 1714 520 ex
1757 465 1842 520 his

241 556 353 610 Deo
381 554 626 624 placere.
661 554 788 609 Non
818 553 978 608 simul
1016 554 1073 608 in
1101 553 1243 608 coelo
1273 561 1326 608 et
1353 553 1410 606 in
1441 562 1586 609 terra
1616 554 1841 608 thesau-

239 643 433 711 rizare,
451 656 559 699 nec
587 649 642 696 et
671 641 817 697 vitiis
836 649 888 697 et
907 641 1194 697 virtutibus
1229 641 1532 698 deservire.
1604 640 1843 713 Quiquid

242 729 394 799 iacis,
429 730 517 786 vel
551 747 617 786 ex
645 745 834 785 amore
863 729 983 799 Dei,
1017 729 1104 784 vel
1134 729 1394 784 servitute
1439 729 1660 785 diaboli.

308 819 448 874 Cum
477 833 718 892 regnum
764 817 866 872 Dei
913 825 967 872 et
1012 817 1213 873 diaboli
1253 817 1553 872 dissideant
1583 817 1727 872 inter
1757 832 1838 887 se,

243 907 299 962 in
342 916 584 978 utroque
631 921 796 962 nemo
843 913 1023 977 potest
1071 905 1228 960 simul
1279 905 1512 960 militare
1537 923 1550 960 :
1575 906 1719 961 unde
1751 905 1842 977 qui

244 995 612 1069 baptizantur,
643 993 862 1067 diabolo
892 993 1271 1050 abrenuntiant
1315 1001 1369 1048 et
1411 994 1672 1064 operibus
1701 995 1838 1064 ejus.

312 1085 427 1141 Aut
459 1086 620 1141 enim
648 1100 831 1140 unum
851 1083 993 1140 odio.
1017 1082 1163 1137 Nihil
1193 1089 1276 1138 est
1305 1082 1566 1138 medium.
1604 1082 1843 1154 Quiquid

243 1173 387 1230 enim
417 1171 577 1241 facis,
625 1180 716 1227 aut
759 1187 828 1228 ex
856 1186 1042 1228 amore
1071 1171 1192 1239 Dei,
1223 1169 1312 1227 vel
1342 1186 1408 1226 ex
1439 1170 1699 1228 servitute
1729 1170 1844 1227 dia-

243 1260 374 1317 boli.

309 1375 508 1446 (Aue.)
539 1373 803 1430 Diabolus
834 1373 980 1429 enim
1009 1388 1230 1444 semper
1259 1381 1343 1428 est
1361 1373 1488 1429 odio
1519 1373 1839 1429 habendus:

243 1463 390 1520 Deus
417 1477 582 1531 vero,
631 1469 761 1531 etc.,
813 1477 987 1534 usque
1033 1461 1107 1517 ad
1151 1461 1250 1516 sed
1296 1468 1684 1531 contemnunt,
1718 1459 1847 1518 victi

244 1550 692 1622 concupiscentia
718 1565 816 1604 sua
844 1557 898 1606 et
926 1549 1281 1620 persuasione
1309 1549 1596 1606 diabolica.

312 1641 430 1696 Aut
461 1655 648 1694 unum
677 1638 1002 1694 sustinebit.
1035 1637 1198 1708 (Id.)
1226 1637 1352 1694 Non
1382 1637 1604 1710 quidem
1632 1637 1845 1710 diligit:

243 1743 406 1784 nemo
439 1727 591 1783 enim
618 1725 896 1782 diabolum
925 1725 1122 1799 diligit,
1157 1726 1257 1782 sed
1287 1742 1386 1782 sua
1414 1726 1708 1798 cupiditate
1737 1725 1846 1782 im-

245 1816 500 1886 plicatus,
534 1822 664 1884 etc.,
696 1831 870 1888 usque
898 1816 970 1871 ad
1016 1822 1072 1870 et
1117 1814 1165 1870 si
1191 1830 1304 1871 non
1329 1823 1475 1872 amet
1501 1815 1656 1872 illum
1694 1815 1848 1885 cujus

248 1903 505 1960 ancillam
553 1903 750 1975 diligit.

315 2022 586 2100 Altgrum
613 2024 958 2077 contemnet.
991 2020 1116 2076 Non
1142 2020 1364 2093 quidem
1400 2020 1528 2078 odio
1571 2020 1833 2078 habebit:

248 2109 453 2166 nullius
500 2108 651 2164 enim
695 2109 1029 2166 conscientia
1063 2109 1238 2164 Deum
1265 2117 1447 2181 potest
1473 2109 1658 2166 odisse
1702 2108 1850 2182 quod

248 2197 564 2254 retractavit
591 2197 742 2253 idem
799 2198 1164 2270 Augustinus,
1215 2198 1407 2254 dicens
1457 2216 1472 2254 :
1521 2199 1646 2254 Non
1688 2197 1849 2254 video

246 2287 414 2343 fuisse
436 2286 754 2342 dicendum.
780 2286 932 2340 Multi
949 2286 1096 2341 enim
1129 2293 1254 2341 sunt
1273 2287 1343 2342 de
1365 2286 1564 2358 quibus
1585 2287 1849 2358 scriptum

251 2383 333 2431 est
355 2395 370 2430 :
393 2376 671 2448 Superbia
690 2391 884 2431 eorum
905 2377 1001 2447 qui
1022 2379 1076 2431 te
1095 2375 1337 2432 oderunt
1379 2376 1557 2445 (Psal.
1583 2376 1700 2446 III),
1737 2379 1845 2432 etc.

320 2466 392 2520 Et
443 2480 802 2520 mammonae.
837 2463 1139 2518 Mammona
1160 2505 1174 2532 ,
1209 2464 1344 2534 Syra
1374 2463 1592 2537 lingua,
1625 2463 1846 2532 divitiae,

253 2553 456 2625 quibus
483 2551 694 2608 servire
722 2552 898 2606 Deum
927 2567 1133 2624 negare
1162 2561 1264 2606 est.
1297 2552 1421 2607 Non
1449 2551 1578 2608 dicit
1605 2551 1808 2607 habere
1833 2569 1846 2606 :

252 2641 403 2714 quod
435 2638 556 2696 ﬁeri
585 2639 712 2695 licet
739 2647 798 2694 ut
827 2640 967 2695 bene
995 2640 1295 2711 dispenset,
1320 2640 1418 2695 sed
1440 2639 1669 2709 servire,
1704 2639 1851 2711 quod

251 2737 334 2785 est
352 2728 528 2785 avari.
553 2728 762 2784 Dicitur
781 2728 887 2784 hoc
908 2743 1109 2784 nomen
1138 2743 1262 2784 esse
1292 2727 1558 2783 damonis
1587 2727 1679 2799 qui
1709 2744 1850 2799 pras-

253 2826 336 2874 est
365 2815 593 2886 divitiis,
624 2831 737 2872 non
765 2816 912 2886 quod
941 2815 998 2869 in
1027 2816 1145 2884 ejus
1162 2815 1366 2871 ditione
1398 2823 1560 2871 sunt:
1584 2815 1683 2870 sed
1705 2815 1852 2887 quod

251 2906 337 2961 his
388 2904 562 2960 utitur
605 2904 674 2959 ad
703 2903 1108 2976 decipiendum,
1141 2904 1439 2961 irretiendo
1468 2903 1679 2976 laqueis
1706 2903 1851 2960 divi-

252 2995 475 3051 tiarum.

321 3110 491 3166 Yers.
524 3111 613 3165 25.
647 3138 717 3150 -—
745 3108 869 3166 Ideo
917 3109 1038 3165 dico
1085 3109 1258 3174 vobis,
1298 3114 1403 3164 etc.
1439 3107 1580 3175 Quia
1608 3123 1724 3164 non
1751 3121 1856 3180 ρο-
1877 3086 1927 3150 C
1956 3059 2364 3180 crefnabunmltr

256 3201 425 3256 testis
452 3199 564 3254 Deo
593 3199 804 3252 servire
851 3201 909 3252 et
954 3213 1311 3253 mammonae.
1345 3196 1427 3250 Ne
1466 3195 1584 3250 sitis
1615 3194 1853 3265 solliciti,

257 3287 408 3359 quod
456 3294 542 3341 est
589 3286 800 3340 servire
848 3284 1064 3340 divitiis.
1127 3285 1510 3356 Contemptum
1569 3283 1754 3340 saeculi
1803 3291 1858 3339 et

255 3374 515 3431 ﬁduciam
546 3373 854 3428 futurorum
883 3380 993 3428 toto
1024 3388 1278 3428 sermone
1306 3372 1594 3444 praecepit,
1645 3373 1775 3427 dum
1804 3379 1859 3427 et

258 3463 400 3518 mala
421 3462 696 3517 sustinere
719 3469 900 3517 etnon
921 3461 1130 3531 ulcisci,
1155 3469 1209 3516 et
1227 3461 1479 3517 inimicos
1498 3461 1732 3534 diligere
1747 3461 1860 3529 jus-

262 3551 346 3621 sit,
372 3559 426 3606 et
455 3552 751 3605 humanam
780 3549 1010 3622 gloriam
1042 3548 1253 3621 fugere.
1287 3549 1445 3606 Nunc
1491 3549 1604 3604 vult
1650 3548 1856 3605 conﬁr-

261 3655 410 3694 mare
441 3655 544 3709 per
573 3637 741 3692 ﬁdem
769 3638 825 3692 in
855 3654 951 3708 spe
980 3647 1330 3706 aeternorum,
1365 3639 1489 3709 quia
1518 3638 1706 3708 plures
1735 3646 1860 3692 sunt

261 3743 396 3798 quos
424 3742 584 3782 amor
613 3726 966 3798 praesentium
994 3733 1048 3782 et
1075 3725 1386 3798 desperatio
1416 3725 1725 3782 futurorum
1754 3733 1861 3781 tor-

262 3823 454 3886 pentes
487 3814 636 3871 facit.

331 3930 391 3985 In
412 3930 619 3985 sudore
639 3926 820 3984 vultus
841 3936 1063 4000 paratur
1082 3928 1237 4000 panis
1253 3971 1268 3998 ,
1292 3930 1390 3985 sed
1412 3930 1566 3986 labor
1596 3937 1679 3984 est
1709 3945 1862 3985 exer-

266 4019 468 4075 cendus
489 4060 504 4087 ,
557 4016 867 4073 sollicitudo
897 4018 1135 4074 tollenda
1166 4026 1276 4088 est,
1310 4035 1430 4090 qum
1458 4026 1696 4072 mentem
1727 4034 1861 4089 per-

266 4108 441 4162 turbat
476 4125 490 4161 :
524 4107 658 4162 dum
705 4107 859 4162 timet
907 4123 976 4161 ne
1025 4115 1118 4162 aut
1144 4122 1402 4178 possessa
1430 4107 1744 4178 dispereant
1771 4113 1863 4161 aut

267 4195 540 4252 elaborata
570 4210 682 4249 non
712 4194 1046 4268 contingant.

337 4285 557 4340 Animae
577 4287 798 4340 vestrae.
841 4283 902 4338 ld
947 4291 1030 4338 est
1057 4281 1370 4337 animalitati
1400 4282 1488 4338 cui
1516 4283 1635 4338 haec
1663 4297 1863 4338 neces-

269 4373 407 4428 saria
438 4381 584 4426 sunt.
619 4371 810 4426 Totam
838 4387 994 4442 spem
1023 4371 1128 4426 deo
1157 4371 1502 4441 committite,
1557 4371 1681 4442 quia
1709 4369 1864 4440 nihil,

1944 463 2089 535 quod
2119 480 2240 520 esse
2271 465 2466 530 debet,
2517 480 2650 520 mox
2695 467 2967 524 adduntur
3015 469 3064 525 ei
3107 469 3285 524 omnia
3314 477 3540 541 propter

1943 568 2108 624 quem
2150 561 2276 607 sunt
2313 552 2470 608 facta.

2015 658 2184 713 Vens.
2235 661 2325 715 26.
2358 687 2427 698 --
2455 661 2751 731 Respicite.
2808 661 2925 718 Hoc
2969 663 3040 718 ad
3086 678 3288 720 escam.
3351 663 3535 720 Sancti

1942 745 2139 801 merito
2167 754 2552 817 comparantur
2579 748 2798 819 avibus,
2851 751 2976 822 quia
3013 751 3217 808 coelum
3243 759 3451 823 petunt,
3487 759 3542 810 et

1945 833 2164 904 quidam
2209 835 2282 888 ita
2328 835 2522 890 remoti
2567 843 2693 890 sunt
2720 853 2751 891 a
2780 839 3012 909 mundo,
3065 847 3124 894 ut
3147 841 3261 909 jam
3289 839 3347 894 in
3375 839 3539 896 terris

1946 921 2022 976 nil
2054 930 2244 994 agant,
2279 923 2378 978 sed
2409 923 2524 979 sola
2552 925 3009 996 contemplatione
3031 927 3149 996 jam
3177 929 3234 984 in
3264 927 3407 985 ccelo
3435 929 3540 986 de-

1943 1018 2097 1082 gunt.
2132 1011 2214 1066 De
2245 1010 2441 1082 quibus
2473 1011 2671 1070 dicitur
2694 1032 2708 1068 :
2733 1014 2837 1082 Qui
2865 1020 3003 1072 sunt
3033 1016 3111 1083 hi,
3145 1019 3242 1090 qui
3272 1021 3339 1074 ut
3366 1019 3541 1076 nubes

1944 1099 2138 1155 volant
2163 1103 2186 1154 .9
2216 1099 2348 1169 (Isa.
2379 1101 2477 1171 ιι)
2495 1141 2510 1171 ,
2545 1109 2650 1158 etc.

2019 1207 2149 1264 Haec
2178 1209 2426 1280 exempla
2454 1226 2565 1266 non
2591 1211 2883 1282 prohibent
2928 1214 3328 1285 providentiam
3357 1231 3428 1272 ne
3455 1217 3542 1273 la-

1949 1297 2125 1366 boret,
2159 1297 2259 1353 sed
2288 1297 2710 1356 sollicitudinem
2729 1341 2746 1370 ,
2777 1308 2838 1357 ut
2883 1308 2994 1358 tota
3023 1302 3219 1360 ﬁducia
3258 1312 3440 1362 vestra
3472 1305 3543 1362 sit

1945 1384 2004 1439 in
2036 1385 2173 1456 Deo,
2205 1401 2333 1442 cum
2363 1394 2417 1443 et
2443 1404 2574 1446 aves
2603 1389 2721 1445 sine
2750 1405 2885 1446 cura
2913 1390 3118 1447 vivant.

2019 1502 2090 1556 Et
2115 1506 2282 1573 pater
2329 1507 2532 1560 vester.
2565 1505 2877 1578 Exaggerat
2923 1503 3176 1563 fiduciam
3222 1505 3462 1563 ﬁliorum
3491 1515 3548 1565 et

1949 1588 2234 1644 confirmat
2257 1607 2270 1644 :
2295 1591 2420 1662 quia
2450 1591 2498 1646 si
2528 1592 2740 1648 bonitas
2762 1593 2936 1648 Patris
2965 1595 3128 1649 etiam
3159 1595 3232 1652 ad
3252 1595 3344 1652 illa
3377 1612 3438 1653 se
3460 1611 3552 1654 ex-

1950 1677 2142 1747 tendit,
2167 1686 2366 1750 quanto
2397 1680 2573 1753 magis
2605 1681 2674 1736 ad
2705 1679 2846 1738 ﬁlios
2874 1682 3227 1754 adoptionis?

1869 1731 1923 1793 Β
2024 1731 2201 1821 νιεέεῖ
2228 1769 2318 1824 27.
2344 1797 2414 1809 -
2436 1731 2568 1836 (2δὶ8
2589 1773 2782 1826 autem
2805 1731 3074 1838 vestrul-Wm,
3108 1780 3214 1829 etc.
3249 1772 3337 1828 Illi
3365 1781 3548 1832 autem

1947 1869 2136 1910 curam
2164 1856 2395 1928 regendi
2425 1858 2676 1929 corporis
2695 1858 3006 1932 relinquite,
3030 1859 3123 1932 qui
3152 1860 3289 1918 illud
3315 1861 3384 1919 ad
3402 1862 3545 1920 hanc

1948 1959 2261 2000 mensuram
2288 1944 2418 2002 fecit
2446 1947 2759 2018 pervenire.

2021 2057 2190 2113 Vens.
2224 2061 2314 2115 28.
2337 2060 2498 2114 —Et
2544 2059 2612 2115 de
2640 2061 3015 2117 vestimentis.
3049 2061 3174 2118 Non
3205 2063 3353 2134 quod
3381 2063 3541 2120 labo-

1948 2159 2072 2201 rare
2101 2153 2156 2201 et
2182 2146 2476 2216 providere
2504 2148 2611 2203 hoc
2639 2163 2750 2204 non
2779 2147 2997 2215 deceat,
3050 2149 3148 2205 sed
3177 2150 3356 2206 omnis
3385 2150 3543 2208 solli-

1949 2234 2133 2289 citudo
2160 2234 2461 2304 abjicienda
2509 2243 2593 2290 est
2639 2244 2695 2292 et
2741 2253 2870 2306 spes
2895 2236 2953 2291 in
2981 2238 3098 2293 Deo
3143 2238 3393 2294 habenda
3436 2246 3539 2296 est.

1953 2322 2311 2379 Considerate
2335 2325 2460 2379 lilia
2480 2325 2622 2395 agri.
2656 2325 3101 2381 Exhortationem
3121 2325 3192 2382 de
3219 2326 3540 2386 indumento

1951 2409 2079 2464 satis
2109 2424 2358 2483 congruo
2385 2410 2673 2468 confirmat
2709 2412 2980 2484 exemplo.

2021 2517 2191 2571 Vens.
2223 2519 2313 2572 29.
2353 2545 2423 2558 —
2453 2515 2730 2584 Quoniam
2774 2533 2879 2574 nec
2925 2518 3220 2588 Salomon,
3256 2528 3361 2578 etc.
3404 2521 3542 2591 Qum

1950 2619 2192 2675 purpura
2238 2620 2468 2677 regum,
2521 2621 2642 2676 qute
2670 2604 2881 2676 pictura
2909 2606 3198 2664 textricum
3224 2617 3405 2680 potest
3432 2609 3542 2668 ﬁo-

1952 2692 2105 2748 ribus
2149 2693 2502 2764 comparari?
2546 2693 2670 2764 Ipse
2716 2693 2870 2750 color
2914 2694 3111 2752 dicitur
3141 2696 3542 2768 operimentum

1953 2779 2170 2851 ﬂorum,
2202 2781 2342 2837 sicut
2369 2780 2602 2838 dicimus
2625 2799 2640 2837 :
2663 2781 2879 2854 operuit
2907 2783 3071 2839 istum
3098 2784 3289 2841 rubor.

2025 2883 2194 2938 Vens.
2228 2887 2316 2938 30.
2339 2913 2408 2924 —
2427 2884 2486 2940 Si
2515 2886 2671 2940 enim
2699 2887 2902 2956 fenum
2929 2889 3071 2959 agri.
3106 2886 3164 2944 Si
3191 2886 3295 2944 ista
3324 2903 3446 2961 quae
3473 2889 3544 2946 ad

1955 2987 2115 3026 usum
2144 2979 2271 3026 sunt
2317 2972 2580 3044 temporis
2609 2980 2845 3044 tantum,
2879 2981 2934 3031 et
2979 2975 3089 3031 cito
3133 2974 3364 3034 decidua
3411 2977 3543 3052 igne

2395 3061 2546 3116 Deus
2581 3069 2692 3118 tam
2711 3069 2940 3120 venuste
2968 3063 3214 3121 edomat.

2029 3177 2164 3233 Cras
2188 3194 2291 3250 pro
2320 3178 2504 3235 futuro
2530 3180 2752 3251 ponitur
2779 3179 2836 3236 in
2867 3181 3182 3253 Scripturis,
3213 3182 3431 3239 dicente
3455 3181 3546 3239 Ja-

1958 3266 2062 3322 cob
2114 3285 2128 3321 :
2164 3267 2460 3324 'Exaudiet
2486 3285 2575 3324 me
2604 3285 2732 3326 cras
2754 3271 2992 3342 justitia
3036 3287 3163 3326 mea
3181 3271 3341 3341 (Gen.
3376 3270 3547 3345 xxx.)

2029 3355 2093 3409 In
2122 3356 2410 3412 clibanum
2439 3359 2714 3413 mittitur.
2746 3356 2851 3412 Alii
2871 3357 2998 3412 libri
3026 3357 3228 3413 habent
3251 3377 3264 3413 :
3287 3359 3342 3413 in
3361 3358 3550 3431 ignem

1961 3441 2047 3498 vel
2076 3442 2134 3498 in
2161 3458 2418 3500 acervum
2449 3444 2542 3516 qui
2587 3445 2752 3501 habet
2795 3445 3039 3518 speciem
3075 3445 3292 3503 clibani.
3331 3447 3552 3514 Quanto

1958 3535 2137 3604 magis
2168 3549 2288 3598 vos,
2341 3532 2549 3589 scilicet
2596 3534 2829 3602 vestiet;
2881 3542 2934 3590 et
2981 3535 3106 3590 ideo
3147 3535 3326 3590 omnis
3355 3533 3553 3590 ﬁducia

1960 3619 2014 3673 in
2062 3635 2129 3675 eo
2176 3621 2463 3689 habenda;
2513 3623 2660 3692 quod
2707 3622 2752 3676 si
2800 3637 2904 3677 nec
2947 3623 3017 3677 de
3063 3623 3148 3677 his
3189 3623 3423 3678 fidentes
3453 3639 3552 3678 su-

1959 3724 2110 3774 mus,
2163 3709 2438 3780 quomodo
2484 3708 2774 3764 invisibilia
2839 3711 3171 3780 speramus?
3234 3711 3554 3768 Permodica

1960 3795 2098 3850 ﬁdes
2147 3804 2257 3866 est,
2311 3812 2432 3867 quae
2477 3813 2580 3853 nec
2628 3797 2697 3851 de
2727 3797 2965 3852 minimis
3012 3805 3162 3853 certa
3208 3806 3310 3852 est.
3344 3799 3474 3854 Ideo
3503 3805 3558 3856 et

1965 3884 2036 3939 de
2081 3884 2300 3939 internis
2345 3884 2545 3957 ingerit
2574 3883 2856 3954 fiduciam,
2902 3893 2956 3940 et
3003 3885 3328 3942 condemnat
3355 3885 3556 3942 inﬁde-

1960 3971 2183 4027 litatem.
2218 3973 2438 4028 Modica:
2465 3973 2613 4042 ﬁdei.
2654 3973 2976 4045 Quicunque
3015 3973 3072 4028 in
3114 3973 3294 4045 aliqua
3321 3973 3558 4044 promis-

1963 4061 2116 4116 sione
2144 4060 2370 4127 dubitat,
2405 4061 2654 4118 modicus
2685 4070 2769 4118 est
2797 4061 2942 4132 ﬁdei,
2977 4070 3032 4117 et
3060 4071 3260 4134 quanto
3293 4062 3420 4134 plus
3448 4061 3558 4118 du-

1965 4149 2122 4219 bitat,
2174 4157 2320 4205 tanto
2367 4149 2548 4205 minus
2574 4150 2780 4207 invenit
2809 4167 2871 4207 ea
2901 4167 3004 4222 pro
3051 4151 3250 4224 quibus
3292 4151 3560 4208 sollicitus

1965 4236 2082 4292 fuit.

2038 4351 2208 4408 Vens.
2242 4355 2329 4407 3t.
2353 4382 2423 4394 --
2442 4355 2624 4410 Nolite
2655 4369 2781 4426 ergo
2808 4355 3068 4420 solliciti,
3104 4361 3210 4410 etc.
3233 4353 3452 4409 Plenius
3480 4353 3557 4410 in-

268 4461 371 4516 nisi
400 4461 548 4534 quod
579 4459 826 4516 decrevit
868 4439 994 4531 ille,
1035 4461 1262 4532 potestis
1290 4439 1590 4532 acquirere
1605 4459 1692 4516 vel
1731 4439 1854 4516 reti?

1973 4439 2140 4496 sulcat
2169 4448 2220 4496 et
2249 4441 2497 4511 revolvit,
2531 4442 2678 4513 quod
2695 4459 2726 4496 a
2753 4441 3022 4514 principio
3051 4441 3322 4498 sermonis
3350 4441 3560 4513 docuit,

269 4565 421 4605 nere.

341 4638 536 4694 Anima
565 4635 656 4694 hic
703 4635 924 4708 ponitur
970 4651 1074 4709 pro
1102 4637 1239 4708 vita,
1287 4652 1408 4709 quae
1437 4636 1560 4694 cibo
1591 4643 1865 4693 sustenta-

269 4737 378 4795 tur,
409 4734 467 4781 ut
497 4725 574 4781 ibi
607 4743 622 4780 :
657 4725 764 4794 Qui
792 4729 950 4784 amat
977 4727 1234 4783 animam
1262 4741 1454 4793 suam,
1498 4725 1697 4799 perdet
1740 4741 1868 4783 eam

269 4815 455 4884 (Joan.
493 4815 623 4885 an).

339 4931 661 4988 Animalitas
709 4930 831 4987 cibe
879 4929 1040 4985 alitur
1063 4948 1076 4985 :
1099 4937 1154 4985 et
1199 4929 1418 5002 ponitur
1463 4929 1554 4986 hic
1581 4945 1684 5002 pro
1711 4929 1867 4984 vita:

269 5020 402 5076 vivit
419 5036 546 5077 cum
565 5015 883 5092 pecoribus.
917 5017 1093 5087 Quam
1114 5019 1206 5090 qui
1227 5019 1406 5089 perdit
1424 5028 1650 5090 propter
1676 5017 1869 5074 Chris-

270 5118 416 5178 tum,
466 5108 747 5164 invenient
795 5122 916 5162 eam
947 5106 1284 5178 spiritualem
1311 5107 1368 5161 in
1395 5108 1560 5162 vitam
1588 5116 1868 5162 aeternam.

338 5198 538 5253 Nonne
566 5199 766 5252 anima
791 5200 816 5251 ?
843 5203 948 5252 etc.
981 5196 1106 5251 Non
1135 5195 1242 5250 vita
1270 5203 1497 5266 propter
1524 5210 1736 5265 escam,
1768 5207 1872 5250 nec

268 5299 475 5356 corpus
504 5292 734 5356 propter
766 5283 1176 5353 vestimentum,
1211 5284 1308 5339 sed
1337 5291 1579 5340 econtra.
1613 5283 1742 5338 Ideo
1762 5297 1873 5338 non

270 5372 340 5428 sit
389 5371 658 5429 sollicitus
705 5372 918 5428 animus
937 5414 952 5442 ,
1004 5381 1062 5428 ut
1092 5371 1357 5444 percipiat
1385 5373 1530 5445 quod
1559 5379 1785 5444 propter
1812 5385 1874 5427 se

271 5469 518 5516 creatum
547 5469 649 5516 est.

343 5547 518 5618 Quasi
565 5549 711 5606 dicat
741 5567 756 5604 :
791 5548 897 5618 Qui
945 5547 1096 5604 dedit
1140 5549 1379 5619 majora,
1429 5547 1488 5604 id
1517 5554 1602 5603 est
1628 5546 1793 5604 vitam
1821 5553 1877 5604 et

275 5650 513 5708 corpus,
561 5636 713 5692 dabit
757 5645 812 5692 et
858 5636 1100 5708 minora,
1145 5637 1202 5694 id
1244 5644 1328 5695 est
1355 5636 1559 5696 victum
1587 5643 1642 5693 et
1667 5642 1871 5695 vestes.

562 5743 807 5802 PA'raOL.
840 5742 1032 5800 CXIV.

1965 4536 2023 4584 ut
2050 4529 2257 4602 absque
2287 4529 2651 4586 sollicitudine
2679 4529 2943 4585 vivamus.
2976 4531 3180 4600 Nolite,
3213 4538 3319 4587 etc.
3352 4530 3452 4587 Hic
3481 4529 3560 4588 vi-

1966 4618 2163 4673 dentur
2189 4618 2345 4692 argui
2392 4619 2449 4674 hi
2495 4619 2616 4691 qui,
2663 4626 2848 4689 spreto
2877 4617 3021 4674 victu
3051 4618 3140 4674 vel
3169 4618 3367 4674 vestitu
3405 4634 3558 4676 com-

1965 4707 2134 4773 muni,
2166 4706 2393 4763 lautiora
2423 4706 2528 4762 sibi
2569 4705 2659 4762 vel
2687 4704 2989 4762 austeriora
3018 4723 3134 4778 prae
3163 4707 3250 4763 his
3279 4723 3405 4764 cum
3435 4707 3556 4780 qui-

1967 4795 2070 4851 bus
2098 4795 2304 4865 vivunt,
2335 4795 2589 4850 alimenta
2621 4803 2872 4867 quierunt
2900 4795 2988 4852 vel
3017 4795 3352 4852 indumenta.
3383 4797 3556 4853 Solli-

1966 4886 2070 4941 citi
2097 4900 2234 4941 esse.
2269 4883 2586 4940 Sollicitudo
2614 4883 2842 4941 suﬁ'ocat
2870 4885 3100 4942 verbum
3128 4884 3259 4956 Dei,
3303 4900 3373 4942 ne
3402 4883 3557 4942 fruc-

1969 4979 2096 5116 :iuml
2128 4971 2364 5043 referat,
2412 4979 2467 5028 et
2513 4971 2646 5030 facit
2689 4973 2924 5031 similem
2971 4972 3199 5048 gentili,
3248 4971 3306 5030 id
3353 4979 3440 5031 est
3463 4972 3554 5030 in-

2007 5060 2075 5116 de
2101 5076 2206 5116 em.
3117 5103 3125 5111 .

2007 5060 2206 5116 delem.

2040 5174 2212 5230 Vnus.
2235 5177 2324 5232 32.
2345 5203 2416 5216 —
2434 5175 2560 5232 Haec
2588 5176 2744 5232 enim
2761 5176 2973 5232 omnia.
2997 5173 3143 5244 Quid
3171 5189 3308 5248 ergo
3327 5173 3561 5247 amplius

1970 5261 2130 5318 habet
2158 5278 2189 5317 a
2218 5262 2408 5336 gentili
2445 5281 2461 5318 :
2495 5264 2652 5332 cujus
2688 5261 2978 5320 inﬁdelitas
3007 5262 3248 5318 animum
3285 5261 3560 5333 sollicitat,

1973 5357 2026 5406 et
2046 5349 2193 5408 curis
2212 5351 2506 5421 vitmhujus
2526 5349 2753 5424 fatigat?
2784 5351 3006 5408 Gentes.
3041 5349 3342 5420 Quibusde
3362 5348 3560 5406 futuris

1972 5453 2104 5496 cura
2132 5455 2242 5495 non
2271 5447 2383 5510 est,
2416 5440 2514 5496 sed
2534 5439 2771 5494 filiorum
2791 5446 2875 5494 est
2896 5455 3145 5511 quaerere
3165 5455 3418 5513 regnum.
3441 5438 3561 5495 Scit

1972 5531 2146 5586 enim.
2179 5527 2403 5585 Provisa
2431 5536 2558 5584 sunt
2582 5529 2704 5585 haec
2728 5545 2762 5584 a
2789 5529 2928 5599 Deo,
2961 5527 3055 5601 qui
3082 5528 3232 5584 novit
3260 5527 3418 5584 nobis
3446 5527 3568 5582 haec

1973 5617 2118 5675 invia
2145 5632 2242 5674 sua
2273 5632 2398 5675 esse
2425 5617 2755 5675 necessaria.
2787 5619 2962 5675 Pater
2987 5621 3190 5675 vester.
3213 5616 3306 5674 Sic
3333 5613 3476 5673 ﬁlios
3496 5613 3568 5672 de

3251 5723 3288 5778 4
