4028 6178
441 302 543 354 107

1001 295 1404 353 VVALAFRIDI
1445 293 1689 350 STRABI
1727 290 1925 347 FULD.
1964 287 2137 344 MON.
2180 286 2332 342 OPP.
2375 287 2549 343 PARS
2586 287 2628 341 l.
2663 318 2730 326 —
2759 283 3226 340 THEOLOGICA.

3631 284 3732 335 108

446 427 682 482 bonitate
713 433 765 479 et
785 420 1123 494 providentia
1150 418 1566 491 patris'securos
1586 414 1794 485 reddit,
1826 413 2033 483 absque
2053 414 2110 473 Α
2208 411 2360 465 Juste
2402 409 2494 480 qui
2514 409 2842 464 aeternaliter
2869 415 3093 478 peccato
3111 404 3321 476 perfrui
3349 403 3555 472 volunt,
3579 412 3734 458 aeter-

443 531 574 572 cura
605 513 830 569 scilicet.

514 603 685 658 Vens.
721 604 806 654 33.
841 629 910 638 —
943 598 1184 664 Quaerite
1214 610 1359 666 ergo.
1411 593 1511 648 Hic
1556 598 1746 662 aperte
1793 588 2032 645 ostendit

441 693 545 747 ista
574 705 685 744 non
713 703 837 743 esse
865 685 1098 757 petenda
1117 692 1374 753 tanquam
1394 681 1536 736 bona
1564 686 1770 748 nostra,
1804 677 1907 732 etsi
1935 692 2030 731 ne-

2129 515 2254 554 nam
2283 514 2499 568 pcenam
2531 507 2583 552 et
2613 497 2928 551 inveniunt:
2953 511 3187 566 quorum
3216 493 3468 547 voluntas
3503 508 3614 546 non
3645 493 3734 545 ha-

2131 587 2246 642 buit
2293 585 2458 641 finem
2501 585 2795 656 peccandi,
2827 599 2929 639 nec
2958 582 3176 637 habebit
3205 580 3371 634 finem
3413 579 3724 650 torquendi.

2203 693 2372 748 Vens.
2409 694 2459 746 3.
2493 721 2562 732 -
2598 690 2738 758 Quid
2767 694 2959 745 autem
2988 689 3157 744 vides.
3200 687 3345 742 Ecce
3375 685 3729 740 moderamen

443 779 698 837 οθδδᾶτίθσ
734 777 986 848 Regnum
1003 781 1184 828 autem
1211 769 1312 825 Dei
1340 768 1636 840 Petendum
1665 774 1769 836 θεῖν
1801 773 1855 820 ει
1881 765 1937 819 in
1966 780 2032 819 eo
2127 780 2351 849 judicii,
2403 787 2455 834 et
2495 786 2806 850 praeventus
2834 776 3151 845 majoribus,
3185 775 3351 829 alium
3389 789 3497 828 non
3524 773 3734 842 judicet

443 870 567 925 ﬁnis
595 875 782 923 Ποδῐθΐ
811 872 892 920 θεῖ
922 860 1244 934 Ροηθηάυεν
1293 865 1520 929 Propter
1548 872 1712 927 quem
1740 854 1920 909 omnia
1948 852 2032 907 Ῑδ·
2131 869 2201 923 de
2243 868 2564 924 minoribus.
2616 866 2768 922 Multi
2798 866 2942 922 enim
2983 863 3248 936 prazventi
3292 862 3618 932 majoribus,
3651 861 3730 917 le-
3771 905 3784 915 .

447 959 653 1016 ciamus
694 973 708 1009 :
749 953 902 1010 verbi
945 950 1118 1024 gratia
1168 965 1182 1004 :
1228 946 1614 1003 Manducamus
1661 951 1718 999 ut
1759 941 2034 1014 evangeli-

446 1063 649 1115 zemus,
682 1059 794 1100 non
840 1039 1278 1112 evangelizamus
1323 1043 1383 1090 ut
1438 1033 1849 1090 manducemus.
1899 1031 2036 1085 Cum

446 1137 576 1192 dicit
606 1134 861 1205 primum,
897 1127 1168 1202 significat
1193 1127 1298 1181 hoc
1316 1123 1611 1196 posterius,
1633 1137 1745 1177 non
1763 1128 2033 1191 tempore,

446 1225 546 1280 sed
572 1222 854 1296 dignitate.
887 1217 1029 1273 Illud
1059 1215 1207 1271 enim
1235 1213 1532 1286 petendum
1561 1217 1662 1282 est,
1681 1211 1786 1268 hoc
1811 1215 2037 1280 propter

444 1313 581 1368 illud
622 1308 994 1366 necessarium
1029 1324 1042 1360 :
1076 1320 1214 1376 ergo
1259 1302 1495 1373 primum
1538 1299 1766 1372 quaerite
1803 1312 2039 1369 regnum

444 1402 565 1471 Dei,
598 1400 653 1454 id
683 1407 784 1466 est,
818 1394 1118 1466 praeponite
1167 1389 1420 1448 omnibus
1462 1389 1632 1445 rebus
1660 1385 1893 1444 caeteris.

516 1491 586 1543 Et
617 1488 731 1541 haec
762 1485 973 1540 omnia.
1008 1480 1147 1550 Quia
1178 1479 1358 1536 omnia
1388 1485 1514 1534 sunt
1542 1477 1779 1532 filiorum
1798 1492 1812 1528 :
1833 1480 1886 1528 et
1915 1473 2039 1528 ideo

443 1579 563 1632 haec
611 1572 791 1630 omnia
835 1570 1188 1640 adjicientur,
1240 1568 1402 1623 etiam
1462 1582 1572 1621 non
1632 1562 2037 1636 quaerentibus,

449 1665 646 1736 quibus
695 1662 741 1717 si
790 1659 1212 1728 subtrahuntur,
1263 1656 1332 1711 ad
1378 1653 1755 1726 probationem
1814 1659 1935 1716 est;
1996 1649 2044 1702 si

2133 957 2287 1013 viora
2317 957 2374 1011 in
2403 956 2569 1011 fratre
2615 955 2791 1028 magis
2819 954 3008 1010 volunt
3036 952 3346 1022 vituperare
3377 959 3430 1006 et
3467 951 3728 1005 damnare

2136 1061 2299 1117 quam
2327 1045 2638 1100 emendare.
2664 1044 2734 1099 Ut
2756 1042 2801 1096 si
2829 1041 2977 1114 pleni
2997 1041 3124 1096 odio
3145 1039 3233 1095 vel
3263 1039 3482 1109 invidia,
3505 1038 3595 1094 vel
3615 1053 3731 1092 ma-

2137 1134 2276 1203 litia,
2310 1134 2568 1189 damnent
2596 1132 2653 1186 in
2701 1147 2766 1186 eo
2798 1130 2944 1202 quod
2974 1127 3238 1200 delinquit
3281 1127 3362 1182 ira
3411 1143 3531 1198 quae
3561 1134 3645 1181 est
3674 1134 3733 1180 ut
3797 1128 3802 1132 ’

2138 1222 2362 1289 festuca,
2396 1222 2602 1290 odium,
2633 1228 2693 1275 ut
2720 1219 2890 1274 trabs.
2922 1218 3098 1273 Iratus
3117 1216 3279 1272 alicui
3299 1215 3414 1272 vult
3441 1214 3731 1286 aliquando

2136 1328 2262 1368 eum
2292 1310 2534 1382 corrigi;
2578 1309 2671 1380 qui
2700 1307 2814 1363 odit
2832 1308 2936 1361 hoc
2967 1305 3110 1360 velle
3141 1304 3328 1376 nequit
3353 1322 3367 1358 :
3392 1312 3446 1358 et
3474 1303 3598 1358 ideo
3630 1303 3731 1357 im-

2138 1399 2400 1471 possibile
2448 1396 2648 1454 dicitur
2679 1404 2738 1451 ut
2768 1395 3032 1451 festucam
3063 1392 3215 1448 fratri
3245 1392 3460 1458 demat,
3494 1391 3587 1462 qui
3617 1398 3732 1445 tra-

2142 1487 2266 1543 bem
2296 1494 2510 1560 gestat;
2541 1485 2696 1556 prius
2727 1499 2863 1556 ergo
2892 1483 3042 1537 trabs
3071 1481 3201 1550 odii,
3233 1480 3470 1549 invidiae,
3504 1479 3725 1534 simula-

2141 1576 2302 1631 tionis
2333 1584 2387 1630 et
2415 1575 2580 1630 totius
2606 1573 2825 1628 malitia:
2853 1569 3149 1640 rejicienda
3178 1576 3280 1638 est,
3311 1576 3370 1623 ut
3398 1568 3480 1623 sic
3507 1567 3730 1623 miseri-

2145 1665 2386 1722 corditer
2414 1671 2670 1735 respectu
2701 1661 2821 1730 Dei,
2844 1676 2954 1715 non
2982 1658 3175 1728 nostri,
3208 1657 3434 1712 fratrem
3460 1657 3734 1728 possimus

447 1755 664 1822 damur:
699 1750 766 1804 ad
799 1749 1101 1822 gratiarum
1131 1745 1404 1801 “tionem
1428 1762 1442 1811 ἱ
1476 1741 1602 1814 quia
1630 1739 1814 1796 omnia
1843 1752 2044 1808 οοοΡθ·
2074 1763 2127 1822 Β
2148 1755 2435 1825 increpare
2469 1771 2483 1808 :
2515 1759 2602 1821 ut,
2652 1751 2768 1806 sive
2797 1749 2973 1820 prosit
2999 1748 3078 1802 illi
3107 1744 3407 1816 correctio,
3459 1746 3574 1802 sive
3601 1761 3733 1812 non,

448 1851 636 1897 rantur
664 1841 722 1895 in
750 1839 973 1894 bonum.

519 1934 689 1987 Vens.
723 1930 809 1983 34.
843 1957 913 1966 -
941 1925 1202 1982 Solliciti.
1225 1921 1464 1988 Timore,
1487 1932 1744 1987 mcerore,
1779 1923 1831 1971 et
1859 1914 2040 1970 anxie-

451 2032 557 2078 tate
588 2033 862 2086 curarum,
897 2030 1018 2086 quae
1047 2017 1286 2066 mentem
1334 2006 1644 2078 pertubant.

515 2111 578 2164 In
608 2108 928 2164 crastinum
956 2100 1146 2172 (AUG.)
1177 2099 1238 2152 In
1266 2097 1538 2163 futurum,
1571 2093 1641 2148 de
1665 2091 2037 2164 praesentibus

444 2195 696 2255 concedit
720 2213 734 2248 :
756 2191 900 2247 unde
922 2187 1218 2260 Apostulus
1241 2203 1254 2240 :
1279 2186 1447 2241 Nocte
1471 2200 1537 2238 ac
1560 2182 1649 2237 die
1670 2180 2040 2252 aperabamur

446 2305 516 2344 ne
537 2302 699 2359 quem
721 2292 1083 2355 gravaremus
1103 2275 1164 2346 (1
1181 2275 1336 2330 Thes.
1363 2271 1456 2343 ιι).
1483 2271 1566 2326 De
1590 2269 1786 2324 futuris
1809 2283 1930 2339 quae
1950 2267 2039 2321 di-

445 2354 568 2431 vina
589 2354 844 2444 procurat
875 2363 1162 2433 ordinatio,
1186 2377 1296 2416 non
1317 2359 1593 2428 convenit,
1619 2365 1749 2427 etc.,
1773 2371 1946 2428 usque
1969 2354 2042 2410 ad

447 2464 573 2536 quia
593 2443 691 2516 ille
731 2457 824 2529 qui
856 2457 961 2510 hoc
980 2450 1242 2525 praecepit
1278 2448 1367 2504 cui
1413 2446 1794 2502 ministrabant
1835 2443 2037 2515 angeli,

447 2532 674 2626 propter
690 2549 798 2604 hoc
818 2541 1128 2613 exemplum
1149 2537 1390 2594 dandum
1409 2535 1622 2592 loculos
1648 2532 1869 2588 habuit:
1897 2532 2041 2586 unde

446 2619 760 2698 necessaria
773 2634 964 2690 usibus
979 2629 1252 2701 prazberet
1265 2641 1500 2697 quorum
1515 2630 1702 2679 custos
1721 2629 1838 2677 erat
1851 2621 1880 2672 J
1884 2619 2037 2674 udas.

521 2733 668 2786 Dies.
698 2725 824 2780 Non
843 2735 1007 2792 quem
1035 2716 1162 2772 fecit
1191 2713 1486 2780 Dominus,
1523 2710 1623 2766 sed
1652 2709 1741 2765 cui
1767 2707 2044 2763 maledixit

451 2820 553 2875 Job
603 2825 657 2871 et
699 2809 993 2877 Jeremias,
1042 2803 1252 2860 scilicet
1299 2817 1462 2872 quem
1511 2797 1761 2854 diabolus
1815 2795 2040 2852 invenit.

453 2905 690 2976 Suﬂicit.
713 2901 781 2956 Et
799 2897 923 2968 quia
944 2909 1074 2950 cura
1092 2888 1353 2963 praesenti
1372 2893 1589 2942 mentes
1617 2884 1868 2942 obruitur
1882 2925 1897 2952 ,
1935 2898 2045 2938 non

452 2995 616 3051 debet
644 2983 942 3064 germinari
971 2980 1174 3038 malitia
1211 2977 1330 3033 Dei.

1036 3176 1262 3234 CAPUT
1291 3173 1406 3230 VII.

523 3379 694 3436 Vens.
719 3378 770 3428 l.
793 3398 863 3410 -—
882 3367 1062 3424 Nolite
1075 3362 1357 3435 judicare.
1380 3357 1462 3412 De
1485 3353 1689 3423 dubiis,
1705 3351 1832 3425 quia
1853 3350 1921 3406 de
1941 3364 2048 3402 ma-

454 3467 667 3526 nifestis
690 3460 996 3532 judicatur,
1047 3459 1101 3506 et
1148 3465 1259 3504 non
1307 3447 1377 3502 de
1406 3445 1514 3500 illis
1543 3444 1613 3498 de
1644 3441 1840 3514 quibus
1869 3438 2048 3494 incer-

455 3569 572 3615 tum
600 3528 818 3621 estvquo
847 3545 1028 3600 animo
1056 3539 1187 3595 ﬁant
1218 3555 1232 3591 :
1264 3536 1333 3591 dc
1365 3535 1562 3607 quibus
1593 3545 1756 3587 nemo
1789 3528 1906 3584 sine
1953 3541 2048 3596 pe-

455 3645 630 3702 riculo
654 3638 878 3710 judicat.

467 3767 471 3771 -
529 3703 797 3787 Iudicium
826 3718 1177 3778 temerarium
1206 3721 1289 3770 est
1309 3711 1554 3785 quando,
1577 3707 1775 3780 quibus
1796 3703 2050 3762 commis-

460 3839 582 3879 sum
609 3835 721 3874 non
750 3822 851 3881 est,
879 3809 1141 3880 judicant,
1175 3804 1291 3859 sive
1321 3802 1390 3856 sit
1439 3801 1508 3854 de
1554 3794 1884 3864 manifestis,
1935 3791 2051 3847 sive

459 3915 528 3970 de
558 3905 807 3966 occultis.
841 3896 1206 3956 Committitur
1234 3899 1414 3946 autem
1425 3887 1690 3958 judicium
1734 3883 1823 3940 vel
1849 3881 2052 3954 magis-

459 3969 559 4058 tris
590 3993 851 4053 Ecclesite
882 3987 968 4043 vel
1006 3981 1348 4055 principibus
1379 3986 1561 4031 terrae.
1599 3975 1667 4027 I-Ii
1715 3987 1850 4043 ergo
1883 3970 1930 4024 si
1983 3969 2053 4058 de

461 4055 763 4144 manifestis
788 4076 1031 4147 judicent
1056 4113 1069 4141 ,
1105 4085 1226 4141 quae
1260 4066 1470 4122 scilicet
1499 4071 1623 4117 sunt
1653 4060 1930 4127 convicta,
1965 4055 2054 4112 vel

463 4174 736 4239 confessa,
767 4145 879 4222 non
897 4173 1104 4218 temere
1126 4157 1408 4227 judicant;
1440 4154 1484 4206 si
1516 4159 1696 4206 autem
1715 4149 1784 4204 de
1808 4145 2051 4217 incertis,

465 4275 675 4321 temere
699 4255 942 4328 judicant
976 4267 988 4303 :
1030 4249 1147 4301 haec
1171 4242 1374 4313 judicia
1422 4239 1694 4311 prohibet.

537 4378 709 4434 Vens.
741 4376 795 4429 2.
826 4397 895 4407 -
928 4366 992 4418 In
1021 4375 1125 4433 quo
1156 4358 1331 4413 enim.
1409 4352 1578 4422 Quasi
1607 4351 1818 4407 diceret
1837 4367 1851 4404 :
1870 4349 1932 4403 In
1951 4362 2056 4417 qua

467 4467 744 4526 voluntate
771 4448 1134 4516 benefeceris,
1169 4445 1224 4498 in
1253 4460 1317 4499 ea
1344 4440 1706 4507 liberaberis;
1755 4447 1810 4494 et
1853 4437 1910 4492 in
1953 4450 2058 4506 qua

468 4522 643 4620 male,
694 4548 752 4602 in
798 4543 988 4598 eadem
1031 4531 1295 4620 punieris.
1346 4528 1578 4620 Demhii
1605 4527 1751 4582 enim
1796 4525 1975 4620 agitur
2002 4522 2058 4620 in

695 4596 1351 4677 v'e1temcre‘judicantes
1381 4597 1707 4655 offendimus
1726 4640 1740 4667 ,
1791 4596 1880 4651 vel
1906 4601 2057 4675 recte

467 4689 695 4786 agentes
717 4714 1039 4762 excusamur
1061 4714 1078 4764 ;
1110 4701 1163 4749 et
1190 4692 1314 4747 ideo
1342 4689 1490 4744 addit
1515 4706 1529 4742 :
1553 4689 1617 4742 In
1637 4703 1745 4758 qua
1764 4699 2054 4740 mensura.

465 4772 536 4859 Εἷ
575 4800 720 4869 juste
771 4804 1005 4865 quorum
1049 4782 1298 4841 voluntas
1340 4793 1450 4833 non
1497 4774 1684 4830 habuit
1729 4772 1893 4827 finem
1929 4783 2058 4840 pec-

468 4858 647 4958 candi,
680 4858 927 4956 quamvis
973 4889 1098 4931 cum
1127 4869 1233 4924 fine
1281 4864 1656 4938 peccaverint,
1704 4877 1816 4916 non
1860 4858 2060 4914 habent

469 4946 645 5034 finem,
663 4946 925 5035 ultionis;
974 4971 1028 5019 et
1056 4959 1254 5032 quibus
1279 4953 1545 5025 judicium
1573 4951 1671 5006 fuit
1701 4950 1817 5006 sine
1844 4946 2058 5004 miseri-

471 5065 658 5124 cordia
675 5104 689 5132 ,
741 5060 860 5115 sine
873 5124 885 5135 .
897 5045 1276 5108 misericordia
1299 5041 1704 5112 iudicabuntur.

540 5156 608 5210 In
637 5125 746 5224 qua
772 5125 1061 5202 mensura.
1102 5138 1286 5191 Potest
1313 5131 1370 5184 in
1416 5131 1518 5184 hac
1566 5142 1823 5183 mensura
1868 5125 1925 5180 in
1955 5139 2058 5196 qua

470 5241 619 5300 aliud
636 5212 1010 5296 mensuratum
1029 5233 1146 5293 est,
1178 5230 1238 5277 ut
1265 5219 1525 5286 triticum,
1564 5216 1711 5271 aliud
1731 5212 2058 5283 mensurari,

471 5342 530 5389 ut
574 5328 888 5386 hordeum:
921 5327 975 5375 et
1015 5315 1118 5371 alia
1166 5309 1434 5382 quantitas
1481 5313 1540 5360 ut
1585 5304 1632 5359 si
1675 5320 1817 5360 unus
1845 5301 2061 5358 modius

470 5423 541 5478 de
556 5435 665 5475 uno
681 5459 695 5486 ,
732 5419 952 5470 centum
969 5406 1039 5461 de
1058 5401 1183 5457 alio.
1207 5399 1286 5454 Ita
1303 5396 1430 5453 facit
1457 5397 1627 5463 Deus,
1658 5401 1715 5450 et
1738 5408 1850 5450 non
1875 5391 2060 5463 inique

471 5519 530 5567 ut
557 5507 638 5564 illi
665 5506 723 5561 in
750 5510 1036 5558 eternum.

541 5599 611 5655 Et
628 5596 748 5668 ipsa
783 5584 1024 5652 infamia,
1061 5577 1151 5636 vel
1169 5574 1372 5633 malum
1393 5569 1540 5645 quod
1559 5568 1774 5639 tuleris,
1795 5579 1960 5624 causa
1977 5568 2063 5623 est

468 5704 567 5744 cur
594 5694 813 5757 poenam
841 5673 1078 5733 debitam
1105 5668 1373 5724 incurras.

2137 1860 2240 1899 nos
2269 1851 2450 1897 tamen
2478 1842 2548 1897 de
2579 1839 2920 1911 simplicitate
2949 1837 3121 1893 nostri
3151 1835 3296 1893 oculi
3323 1834 3494 1890 simus
3531 1833 3731 1891 securi.

2209 1949 2310 2005 Vix
2337 1948 2630 2003 invenitur
2675 1944 2872 2016 aliquis
2917 1945 2985 1998 ab
3013 1945 3118 1998 hoc
3149 1940 3278 1999 vitio
3321 1939 3557 2009 alienus,
3605 1940 3735 2012 quia

2143 2037 2490 2109 unusquique
2542 2035 2654 2090 suis
2685 2034 2902 2102 favens,
2953 2031 3128 2087 aliena
3160 2029 3318 2087 facile
3346 2028 3734 2107 reprehendit:

2140 2137 2193 2183 et
2220 2127 2396 2181 aliena
2425 2124 2648 2198 gravius
2679 2122 2960 2179 tolerando
2990 2137 3152 2192 quam
3184 2135 3308 2189 sua,
3361 2118 3526 2174 sumit
3551 2125 3738 2174 aucto-

2142 2217 2358 2270 ritatem
2387 2213 2656 2286 arguendi
2677 2211 2795 2266 sine
2827 2209 3077 2280 exemplo
3102 2225 3215 2264 suae
3244 2205 3655 2264 emendationis.

2219 2321 2460 2376 Salutem
2492 2319 2550 2374 in
2581 2334 2646 2374 eo
2679 2317 2826 2390 quod
2852 2324 3061 2372 temere
3087 2313 3335 2383 judicant
3361 2313 3419 2368 in
3449 2311 3608 2368 oculo
3636 2313 3737 2367 ha-

2140 2409 2269 2464 bent
2298 2408 2530 2464 trabem.

2211 2526 2382 2580 Vens.
2415 2526 2467 2578 4.
2500 2553 2569 2563 -—
2599 2523 2711 2577 Aut
2741 2520 3006 2594 quo-modo
3029 2519 3168 2575 dicis
3189 2517 3364 2588 fratri
3394 2518 3508 2572 tuo.
3543 2513 3603 2569 Id
3651 2521 3736 2568 est

2139 2629 2250 2669 non
2281 2612 2489 2684 poteris
2517 2611 2698 2665 minus
2718 2611 2807 2681 (ut
2835 2609 3002 2680 iram)
3032 2607 3089 2662 in
3109 2606 3274 2662 fratre
3305 2601 3615 2670 emendare,
3646 2602 3744 2657 do-

2139 2718 2244 2758 nec
2272 2701 2464 2771 majus,
2499 2700 2557 2755 id
2589 2707 2671 2755 est
2702 2698 2907 2768 odium,
2959 2697 3047 2752 vel
3077 2694 3332 2751 invidiam
3363 2690 3639 2764 pepuleris
3668 2689 3738 2745 de

2143 2790 2309 2847 corde
2343 2797 2455 2845 tuo.

2176 2928 2180 2932 ι
2214 2905 2384 2960 Vens.
2418 2906 2471 2958 5.
2514 2931 2584 2942 --
2618 2903 2938 2974 Hypoerita,
2975 2900 3132 2970 ejice.
3157 2896 3224 2951 Hi
3254 2895 3399 2950 enim
3428 2893 3554 2948 odio
3585 2898 3638 2946 et
3664 2887 3737 2944 li-

2144 3009 2278 3048 vore
2331 2990 2634 3061 suscipiunt
2680 2989 2862 3044 omnia
2909 3001 3195 3054 accusare,
3249 2990 3302 3038 et
3347 2982 3534 3038 volunt
3559 2979 3736 3036 videri

2145 3079 2489 3137 consultores
2539 3077 2656 3132 sine
2707 3075 2958 3146 exemplo
3005 3070 3397 3129 emendationis
3426 3086 3558 3124 sua).
3609 3067 3734 3122 Non

2148 3168 2292 3224 enim
2323 3175 2405 3222 est
2435 3166 2665 3221 idoneus
2695 3164 2890 3220 doctor
2916 3163 3007 3217 alii
3035 3159 3273 3230 mederi,
3306 3158 3396 3230 qui
3411 3157 3653 3213 nondum
3681 3169 3743 3210 se

2147 3256 2438 3311 sanaverit.
3161 3242 3172 3249 ’

2217 3373 2386 3427 Vens.
2422 3374 2473 3425 6.
2507 3399 2576 3410 —
2607 3370 2790 3425 Nolite
2822 3370 3123 3435 sanctum,
3157 3372 3262 3420 etc.
3295 3364 3530 3435 Purgato
3559 3357 3740 3428 oculo,

2146 3469 2374 3532 possunt
2403 3459 2810 3529 dispensatores
2843 3455 3108 3512 Ecclesiae
3137 3453 3276 3508 alios
3304 3451 3573 3522 castigare
3593 3491 3607 3519 ,
3641 3446 3742 3503 sed

2148 3565 2256 3604 non
2286 3555 2532 3603 sanctum
2565 3547 2790 3603 canibus
2823 3545 2993 3610 dare;
3044 3542 3169 3614 quia
3206 3541 3345 3597 sicut
3373 3536 3744 3610 periculosum

2149 3646 2232 3692 est
2287 3636 2647 3705 abscondere,
2679 3635 2752 3690 ita
2764 3633 3060 3704 prodigum
3090 3638 3173 3686 est
3202 3628 3426 3686 canibus
3455 3626 3605 3681 dare.
3637 3623 3743 3678 Ta-

2147 3727 2291 3782 libus
2320 3725 2547 3797 mystica
2576 3738 2685 3779 non
2713 3729 2838 3777 sunt
2873 3719 3185 3790 aperienda,
3217 3718 3316 3772 sed
3354 3714 3477 3772 velo
3507 3711 3746 3785 tegenda

2151 3824 2334 3871 sancta
2382 3822 2731 3869 sanctorum:
2781 3809 3057 3880 apertiora
3086 3823 3218 3862 vero
3268 3814 3323 3860 et
3369 3803 3521 3876 quasi
3550 3801 3744 3857 viliora

2151 3904 2258 3960 dici
2303 3910 2549 3973 possunt.
2603 3901 2805 3956 Nolite.
2874 3897 3082 3952 Eadem
3127 3895 3323 3950 dicitur
3382 3899 3632 3947 sanctum
3689 3897 3745 3944 et

2151 3989 2466 4062 margarita,
2500 3987 2555 4043 id
2586 3995 2668 4042 est
2712 3984 3076 4056 Evangelium
3106 3990 3159 4037 et
3188 3988 3533 4037 sacramenta
3563 3975 3745 4033 eccle—

2154 4079 2392 4133 siastica.
2424 4078 2718 4145 Sanctum,
2751 4073 2878 4146 quia
2927 4080 3118 4127 natura
3145 4069 3475 4139 inviolabile,
3507 4081 3612 4122 nec
3639 4063 3744 4120 de-

2154 4155 2246 4222 bet
2273 4167 2340 4221 ab
2369 4165 2552 4237 aliquo
2582 4161 2880 4232 corrumpi.
2916 4161 3241 4232 Margarita,
3276 4173 3398 4229 qua
3427 4156 3484 4210 in
3513 4154 3749 4209 abscon-

2154 4254 2269 4309 dito
2299 4254 2428 4308 latet
2452 4271 2465 4307 :
2490 4260 2543 4308 et
2571 4252 2640 4307 de
2670 4249 2883 4322 ﬁguris,
2917 4248 3070 4320 quasi
3098 4245 3304 4318 apertis
3333 4241 3556 4300 conchis
3589 4241 3743 4296 erui-

2153 4351 2261 4411 tur,
2295 4357 2512 4413 gemma
2540 4348 2624 4395 est
2662 4337 2902 4410 pretiosa
2931 4352 3054 4408 quae
3082 4350 3192 4390 non
3221 4340 3401 4405 potest
3442 4329 3744 4400 corrumpi.

2159 4430 2334 4486 Canes
2365 4445 2492 4484 vere
2524 4435 2648 4484 sunt
2668 4427 2760 4499 qui
2788 4425 3078 4491 oblatrant,
3112 4431 3166 4478 et
3185 4421 3332 4493 quod
3351 4421 3628 4491 integrum
3663 4425 3750 4472 est

2159 4518 2493 4584 dilacerant;
2543 4515 2696 4587 porci
2744 4513 3082 4585 vilipendunt
3127 4519 3181 4565 et
3227 4508 3549 4565 conculcant
3599 4523 3614 4559 :
3663 4505 3754 4560 vel

2161 4623 2325 4663 canes
2357 4606 2427 4661 ad
2456 4603 2717 4661 vomitum
2748 4601 2987 4670 reversi,
3020 4598 3175 4672 porci
3202 4597 3446 4654 nondum
3473 4593 3748 4662 conversi,

2160 4695 2258 4752 sed
2286 4694 2344 4750 in
2371 4693 2486 4750 luto
2515 4692 2768 4766 vitiorum
2815 4688 3035 4746 versati.

2229 4817 2300 4871 Et
2347 4815 2622 4872 conversi.
2672 4813 2757 4867 Ne
2799 4809 2940 4865 forte
2970 4808 3151 4864 adhuc
3178 4805 3384 4878 aliquid
3412 4802 3603 4860 audire
3629 4799 3751 4857 dis-

2160 4911 2435 4973 rumpant,
2465 4917 2576 4957 non
2621 4899 2946 4973 margaritas
2975 4911 3112 4969 quas
3142 4894 3492 4963 conculcant,
3525 4891 3624 4947 sed
3652 4905 3753 4946 vos

2158 4981 2552 5064 indignatione.
2584 4987 2707 5043 Non
2735 4987 2880 5042 enim
2910 4985 3069 5042 facile
3097 4992 3277 5056 potest
3325 4977 3556 5038 inveniri
3605 4977 3753 5050 quod

2160 5079 2357 5134 talibus
2386 5085 2603 5151 gratum
2631 5075 2720 5129 sit.

2231 5185 2403 5240 Vens.
2438 5185 2492 5239 '7.
2523 5213 2594 5224 —
2621 5182 2826 5238 Petite.
2857 5180 2955 5236 His
2983 5175 3246 5253 gradibus
3275 5173 3380 5245 via,
3429 5175 3664 5243 veritas,
3697 5180 3755 5228 et

2161 5273 2270 5331 vita
2288 5271 2533 5344 legitime
2554 5269 2909 5340 certantibus,
2932 5275 3222 5340 praestatur
3247 5283 3262 5320 :
3285 5263 3535 5320 Christus
3564 5269 3648 5318 est
3665 5261 3759 5317 via

2162 5379 2268 5434 qua
2313 5360 2622 5416 ambulatur
2667 5359 2869 5416 veritas
2917 5373 3022 5428 qua
3067 5354 3368 5424 invenitur,
3427 5351 3629 5408 ostium
3683 5350 3757 5406 ad

2162 5449 2310 5521 quod
2336 5449 2606 5520 pulsatur,
2639 5456 2699 5504 ut
2725 5448 2794 5503 ad
2823 5447 3001 5518 ipsum
3021 5460 3122 5515 per
3149 5444 3330 5514 ipsum
3354 5438 3753 5512 ingrediamur.

2232 5537 2424 5610 (AUG.)
2449 5535 2698 5610 Operose
2719 5535 2941 5608 quidem
2961 5532 3110 5605 quod
3129 5531 3231 5586 ista
3249 5528 3355 5585 tria
3381 5528 3526 5583 inter
3545 5543 3607 5582 se
3641 5524 3760 5580 dif-

2161 5625 2339 5684 ferant
2368 5625 2751 5699 exponendum
2777 5621 2962 5696 putavi
2979 5661 2996 5691 ,
3030 5619 3131 5676 sed
3157 5619 3324 5692 longe
3349 5615 3551 5674 melius
3569 5654 3592 5685 ,
3615 5619 3760 5686 etc.,
