4000 6182
209 291 308 344 109

1104 293 1374 352 GLOSSA
1413 296 1820 355 ORDINARIA.
1862 326 1929 338 —-
1966 300 2230 360 EVANG.
2271 306 2527 363 MATTH.

3401 320 3502 373 110

208 429 380 511 usque
406 413 482 468 ad
511 429 627 511 non
649 415 797 471 enim
817 417 948 472 dixit
966 419 1295 489 petentibus,
1332 429 1384 476 et
1415 422 1805 492 quaerentibus,
1836 420 1893 481 A
1914 423 2013 482 bus
2061 436 2173 484 tota
2216 429 2323 496 lex,
2373 439 2599 502 propter
2645 432 2873 489 salutem
2918 436 3194 492 hominum
3242 439 3501 511 scriptum

212 509 260 555 et
291 501 666 571 pulsantibus.

276 615 451 671 Vsus.
478 621 533 671 8.
555 648 628 659 —
650 619 848 676 Omnis
867 622 1041 690 enim,
1073 629 1178 677 etc.
1211 622 1281 678 Ut
1300 623 1538 693 prebeat
1569 632 1818 680 constan-

211 704 335 758 tiam
365 707 786 776 perseverandi,
829 708 1167 781 diligentiam
1213 711 1512 782 quaerendi,
1561 710 1817 769 ﬁduciam

210 793 560 863 impetrandi,
595 795 768 851 addit.
807 796 1020 865 Omnis,
1045 806 1150 854 etc.
1177 799 1357 870 Supra
1375 800 1562 856 docuit
1581 800 1711 872 quid
1730 817 1821 871 pe-

213 889 408 951 tamus,
460 898 699 956 regnum
745 884 975 941 scilicet.
1026 886 1125 943 liic
1162 886 1564 957 conﬁdentiam,
1598 897 1656 944 ut
1684 889 1818 944 nihil

215 970 530 1026 haesitantes
584 980 857 1043 petamus.
907 974 1033 1029 Non
1087 975 1327 1049 denegat
1391 993 1452 1032 se
1507 976 1817 1047 petentibus

214 1058 303 1129 qui
332 1055 537 1130 spo'nte
567 1060 765 1117 obtulit
795 1078 855 1117 se
884 1078 995 1118 non
1033 1064 1343 1135 petentibus
1377 1082 1391 1119 :
1424 1073 1479 1121 et
1508 1073 1816 1137 qumrent'es

210 1145 492 1203 invenient
523 1165 653 1204 eum
681 1151 776 1220 qui
804 1165 916 1207 non
954 1152 1326 1222 quaerentibus
1354 1153 1504 1211 dedit
1530 1161 1590 1209 ut
1615 1153 1819 1210 inveni-

213 1244 346 1304 rent,
384 1244 441 1292 et
469 1237 823 1308 pulsantibus
866 1239 1093 1311 aperiet,
1144 1241 1238 1312 qui
1284 1241 1484 1298 clamat
1514 1244 1691 1300 :Ecce
1719 1259 1817 1315 ego

210 1328 290 1380 sto
319 1324 400 1380 ad
426 1328 647 1383 ostium
675 1332 734 1383 et
758 1329 920 1400 pulso
951 1328 1141 1401 (Apoc.
1177 1330 1280 1401 In).

276 1439 455 1494 Vnus.
481 1443 538 1494 9.
563 1472 634 1482 —
652 1442 765 1498 Aut
786 1444 929 1515 quis.
952 1443 1220 1515 Explanat
1250 1444 1380 1516 quid
1409 1446 1701 1517 petendum
1723 1446 1811 1516 sit,

213 1535 257 1581 et
285 1544 354 1582 ex
382 1529 635 1584 humana
672 1530 823 1586 circa
866 1530 1006 1587 filios
1054 1533 1433 1589 benevolentia
1478 1534 1816 1608 diligentiam

212 1613 385 1670 Patris
421 1616 575 1673 circa
604 1633 705 1672 nos
744 1620 1107 1675 commendat.
1158 1622 1472 1677 Petentibus
1519 1622 1814 1692 Christum,

210 1710 358 1758 recta
392 1701 506 1759 ﬁde
555 1721 667 1760 non
714 1707 877 1761 datur
920 1706 1060 1779 lapis
1108 1706 1424 1765 offensionis
1466 1725 1570 1766 nec
1614 1710 1815 1766 duritia

1914 525 1997 572 est
2023 517 2080 571 in
2106 519 2387 589 prophetis
2417 528 2470 575 et
2504 520 2649 595 lege.

1986 606 2154 662 Vsus.
2190 610 2276 662 13.
2308 637 2378 649 -
2406 609 2645 667 Intrate.
2677 610 2794 666 Etsi
2843 611 3059 669 difﬁcile
3088 613 3157 669 sit
3184 622 3241 669 ut
3269 616 3390 671 aliis
3420 614 3505 672 fa-

1915 694 2029 750 cias
2068 696 2213 765 quod
2260 696 2358 751 tibi
2385 697 2469 753 vis
2496 695 2637 765 ﬁeri,
2687 707 2867 755 tamen
2896 700 2977 758 sic
3003 701 3313 759 faciendum
3342 713 3425 761 est
3451 714 3510 762 ut

1913 782 2190 838 intremus.
2223 786 2332 841 Per
2360 791 2682 859 angustam.
2714 791 2958 862 Angusta
2996 791 3275 861 quaeritur,
3306 809 3410 850 nec
3439 794 3509 849 ad

1914 870 2167 927 omnibus
2205 871 2497 929 invenitur.
2546 875 2663 932 Nec
2709 892 2900 932 omnes
2948 878 3040 949 qui
3085 879 3365 936 inveniunt
3408 898 3512 953 per
3558 928 3563 933 .

1915 974 2037 1014 eam
2064 958 2462 1032 ingrediuntur,
2514 962 2640 1033 quia
2668 964 2811 1036 capti
2857 966 3058 1022 saeculo
3106 975 3399 1025 retroeunt.
3441 971 3513 1027 Et

1914 1050 2179 1120 spatiosa.
2212 1049 2365 1105 Hanc
2385 1049 2486 1106 etsi
2505 1066 2613 1107 non
2634 1060 2896 1123 quierant,
2938 1071 3129 1111 omnes
3157 1064 3337 1114 tamen
3366 1057 3514 1116 inve-

1915 1136 2087 1203 niunt,
2121 1136 2245 1207 quia
2272 1137 2329 1193 in
2358 1154 2425 1193 ea
2455 1139 2588 1195 nati.
2620 1140 2901 1212 Voluptas,
2933 1151 2992 1198 ut
3020 1146 3278 1201 meretrix
3309 1145 3511 1219 impor-

1913 1232 2059 1293 tuna,
2094 1224 2206 1279 suis
2237 1225 2646 1284 oblectamentis
2676 1244 2866 1286 omnes
2884 1230 3075 1288 invitat
3099 1251 3112 1287 :
3139 1242 3192 1290 et
3212 1234 3335 1291 ideo
3356 1236 3509 1293 multi

1894 1311 2117 1397 .intrant
2144 1328 2246 1385 per
2275 1330 2415 1371 eam.

1986 1415 2156 1470 Vnus.
2192 1418 2278 1471 14.
2312 1447 2381 1457 -
2412 1417 2590 1484 Quam
2637 1422 2900 1490 angusta.
2934 1419 3078 1476 Satis
3105 1429 3397 1495 angustum
3427 1434 3511 1482 est

1914 1502 2099 1559 omnia
2134 1505 2571 1574 praetermittere,
2621 1523 2791 1561 unum
2837 1508 3015 1563 solum
3060 1508 3309 1583 diligere,
3343 1527 3511 1568 unum

1916 1607 2185 1662 quaerere,
2219 1593 2289 1647 ad
2318 1610 2486 1650 unum
2526 1594 2766 1665 quotidie
2811 1596 3052 1667 pulsare,
3103 1615 3373 1671 prospera
3401 1614 3513 1657 non

1916 1679 2145 1749 ambire,
2180 1681 2415 1737 adversa
2442 1698 2554 1738 non
2581 1683 2794 1740 timere.
2824 1686 2899 1740 Et
2918 1688 3111 1758 pauci.
3143 1687 3201 1743 Si
3231 1689 3392 1759 pauci
3420 1688 3510 1745 in-

214 1791 414 1846 cordis.
448 1792 536 1847 Ita
565 1792 612 1847 si
640 1793 907 1864 petieritis
935 1768 1146 1867 patrem
1177 1805 1420 1853 vestrum
1469 1798 1808 1869 charitatem,
1833 1774 1888 1836 B
1914 1768 2191 1869 ieniunfk
2220 1770 2531 1869 Piu‘fim‘fs.
2566 1787 2668 1843 per
2713 1788 2834 1869 93"}
2889 1773 3098 1869 intrii"?
3154 1778 3507 1869 cogendum'

215 1878 323 1935 sine
354 1896 472 1951 qua
501 1881 583 1936 nil
621 1891 746 1938 sunt
793 1892 1010 1953 cmtera,
1061 1893 1119 1940 ut
1165 1886 1281 1941 sine
1327 1902 1470 1958 pane
1528 1888 1685 1961 inops
1733 1896 1816 1945 est

216 1983 401 2023 mensa
432 1969 529 2025 cui
558 1971 834 2027 contraria
866 1980 948 2028 est
977 1974 1161 2029 cordis
1187 1974 1408 2030 duritia.

276 2058 456 2113 Vnus.
498 2061 587 2113 10.
621 2090 690 2100 -
718 2062 779 2117 Si
802 2064 1036 2133 piscem.
1088 2063 1194 2118 Per
1236 2062 1465 2134 piscem,
1518 2062 1657 2120 ﬁdes
1694 2081 1816 2138 quae

221 2148 316 2203 sub
342 2147 573 2204 ﬂuentis
604 2149 839 2220 Spiritus
869 2151 1044 2207 sancti
1072 2152 1325 2208 nutritur.

280 2255 501 2311 Piscem
560 2253 692 2312 dicit
769 2255 1121 2316 invisibilium
1174 2256 1388 2314 ﬁdem:
1450 2258 1538 2315 vel
1591 2267 1817 2331 propter

220 2356 416 2415 aquam
464 2343 742 2414 baptismi,
776 2344 862 2399 vel
894 2344 1022 2416 quia
1049 2346 1117 2401 de
1146 2346 1507 2402 invisibilibus
1553 2347 1689 2404 locis
1718 2363 1816 2403 ca-

218 2432 376 2504 pitur,
412 2432 503 2488 ve]
537 2432 667 2503 quia
694 2431 950 2488 ﬂuctibus
979 2435 1139 2503 hujus
1166 2435 1355 2491 mundi
1385 2452 1494 2491 non
1520 2436 1813 2509 frangitur.

220 2520 271 2575 In
296 2520 613 2593 Evangelia
642 2520 806 2577 Lucae
835 2522 1079 2593 sequitur
1113 2524 1448 2594 comparatio
1476 2524 1565 2580 ovi
1593 2533 1645 2579 et
1674 2540 1819 2580 scor-

224 2607 418 2679 pionis.
454 2608 519 2662 In
549 2624 655 2665 ovo
686 2617 739 2665 et
768 2625 896 2680 spes
924 2610 1206 2681 accipitur,
1243 2612 1371 2682 quia
1399 2612 1455 2666 in
1482 2628 1548 2668 eo
1575 2612 1817 2667 nondum

219 2705 295 2751 est
322 2696 488 2752 fastus
528 2706 855 2768 persecutus
878 2716 894 2765 ;
917 2699 1014 2753 sed
1037 2697 1269 2755 fovendo
1290 2709 1559 2771 speratur.
1592 2701 1654 2755 In
1674 2716 1820 2773 scor-

220 2785 392 2856 pione,
429 2787 592 2855 cujus
638 2786 865 2842 aculeus
912 2794 1056 2843 retro
1105 2787 1376 2843 timendus
1422 2798 1523 2855 est,
1556 2788 1820 2860 accipitur

222 2874 557 2930 contrarium
588 2874 726 2946 spei,
761 2875 971 2931 scilicet
999 2883 1148 2931 retro
1177 2876 1446 2947 aspicere,
1470 2893 1591 2933 cum
1613 2893 1739 2948 spes
1759 2892 1819 2932 se

222 2962 414 3019 debeat
444 2963 505 3017 in
534 2963 808 3019 anteriora
839 2965 1152 3020 extendere.

284 3077 458 3133 Vnus.
497 3081 585 3132 11.
621 3108 692 3118 -
723 3079 782 3135 Si
811 3095 940 3150 ergo
986 3095 1096 3135 vos.
1149 3076 1602 3149 Quandoquidem
1630 3085 1815 3149 patres

221 3164 361 3221 bona
391 3166 642 3220 tribuunt
670 3164 816 3233 ﬁliis,
849 3182 985 3239 ergo
1012 3166 1181 3222 multo
1216 3167 1394 3239 magis
1421 3167 1579 3221 Pater
1606 3174 1812 3236 noster,

225 3255 309 3325 qui
337 3256 521 3311 bonus
550 3262 635 3309 est
664 3254 1185 3326 incomparabiliter,
1228 3255 1372 3310 bona
1401 3255 1550 3311 dabit
1578 3255 1814 3326 petenti-

223 3342 319 3398 bus
349 3359 410 3398 se
439 3342 588 3397 ﬁliis.
625 3344 810 3398 Nostis
838 3344 998 3421 bona.
1034 3344 1343 3400 Secundum
1376 3360 1594 3399 sensum
1626 3360 1815 3398 eorum

225 3429 362 3486 bona
393 3431 489 3502 qui
520 3446 588 3485 ea
616 3447 717 3501 pro
748 3430 906 3486 bonis
954 3431 1172 3499 habent,
1218 3448 1528 3503 quanquam
1557 3441 1609 3487 et
1637 3432 1693 3486 in
1722 3448 1816 3488 re-

227 3536 339 3573 rum
366 3527 568 3574 natura
600 3519 745 3574 bona
776 3528 917 3587 sunt,
952 3528 1004 3575 et
1032 3520 1090 3575 in
1118 3521 1277 3577 vitam
1327 3520 1486 3575 istam
1533 3521 1817 3592 pertinen-

227 3607 311 3677 tia,
342 3625 467 3679 qua:
508 3607 689 3662 malus
740 3624 850 3663 non
877 3608 945 3663 de
974 3625 1073 3663 suo
1120 3610 1229 3663 dat.
1279 3611 1507 3665 Domini
1551 3612 1704 3666 enim
1734 3614 1819 3665 est

229 3699 375 3751 terra
404 3696 587 3765 (Psal.
620 3697 811 3765 xxm),
844 3705 947 3753 etc.
979 3697 1081 3752 Vel
1110 3697 1341 3769 apostoli
1385 3697 1515 3752 mali
1543 3698 1815 3765 dicuntur,

230 3793 478 3855 quantum
533 3785 607 3840 ad
636 3801 697 3840 se
726 3793 979 3856 respectu
1041 3786 1142 3841 Dei
1194 3785 1284 3857 qui
1313 3786 1461 3841 solus
1507 3787 1701 3855 bonus,
1754 3802 1821 3841 ex

230 3890 333 3945 quo
358 3890 555 3929 omnes
605 3873 753 3929 boni.
786 3876 954 3930 Dabit
977 3875 1137 3931 bona.
1170 3875 1230 3930 Id
1260 3884 1340 3931 cst
1372 3875 1623 3947 Spiritum
1654 3890 1819 3931 sanc-

230 3969 354 4018 tum.
413 3962 519 4019 Vel
574 3963 721 4019 bona
773 3963 979 4019 scilicet
1035 3972 1254 4031 aeterna,
1303 3981 1424 4035 quae
1469 3979 1576 4020 non
1625 3964 1821 4019 dantur

230 4052 327 4107 nisi
356 4051 505 4107 ﬁliis.
539 4052 871 4108 Petentibus
892 4069 969 4107 se.
995 4051 1250 4107 Omnium
1281 4053 1547 4108 bonorum
1576 4053 1822 4124 spiritua-

232 4140 355 4196 lium
400 4141 811 4196 distributorem
860 4149 916 4196 ut
946 4157 1113 4213 opera
1160 4141 1434 4198 charitatis
1471 4141 1818 4213 itnpleantur.

299 4248 467 4304 Vnus.
510 4251 595 4305 l2.
627 4277 698 4288 —-
730 4248 939 4303 Omnia
963 4265 1112 4320 ergo,
1146 4256 1250 4303 etc.
1276 4246 1416 4316 Quia
1435 4263 1622 4304 amare
1641 4263 1829 4302 aman-

231 4345 335 4392 tem
364 4344 574 4391 naturze
604 4343 687 4391 est
720 4354 737 4403 ;
769 4352 877 4391 non
907 4343 1175 4392 amantem
1205 4352 1337 4392 vero
1368 4335 1493 4409 cogi
1539 4334 1822 4392 beneﬁciis

231 4426 298 4480 ad
326 4440 588 4489 amorem,
622 4422 973 4495 perfectionis
1003 4423 1204 4479 Christi
1234 4432 1333 4481 est.
1371 4424 1503 4479 Cum
1532 4440 1636 4480 nos
1666 4423 1821 4495 prio-

1914 1857 2090 1913 Nemo
2119 1857 2285 1913 intrat
2313 1859 2432 1916 sine
2458 1859 2669 1929 labore,
2704 1868 2758 1916 et
2787 1861 2904 1917 sine
2932 1862 3096 1918 animi
3125 1864 3381 1936 puritate.

1925 1950 1942 1968 ‘
1985 1959 2156 2015 Vnus.
2182 1964 2268 2016 l5.
2292 1991 2361 2001 —
2379 1962 2688 2019 Attenditc.
2721 1962 2856 2018 Cum
2884 1963 3111 2021 dixisset
3140 1973 3346 2023 arctam
3366 1964 3512 2025 viam

1916 2062 1951 2102 a
1976 2049 2165 2119 paucis
2192 2048 2443 2118 inveniri,
2475 2066 2545 2106 ne
2574 2049 2713 2107 forte
2743 2051 2827 2106 sui
2856 2051 3270 2123 immicarentur
3299 2054 3511 2112 errori-

1916 2138 2018 2192 bus
2046 2137 2702 2211 pseudo-prOphetarum,
2727 2140 2962 2210 adjecit:
2986 2143 3259 2199 Attendite
3282 2161 3296 2198 :
3318 2144 3516 2202 Atten-

1915 2226 2051 2282 dite.
2085 2224 2247 2293 Quod
2276 2241 2445 2297 supra
2470 2226 2635 2282 latam
2664 2236 2879 2299 portam
2909 2229 3059 2298 dixit,
3092 2230 3263 2286 falsos
3282 2232 3514 2303 prophe-

1916 2320 1997 2366 tas
2027 2313 2267 2383 apertius
2296 2313 2444 2370 dicit.
2493 2315 2803 2372 Attenditc.
2852 2316 3003 2373 Licet
3031 2319 3136 2375 hoc
3163 2318 3232 2377 de
3260 2318 3513 2378 omnibus

1918 2400 2010 2471 qui
2039 2400 2185 2455 aliud
2216 2402 2403 2457 habitu
2431 2409 2486 2458 et
2515 2419 2784 2470 sermone,
2819 2404 2969 2460 aliud
2997 2421 3165 2477 opere
3195 2407 3507 2479 ostendunt,

1916 2488 2087 2559 possit
2132 2489 2354 2559 accipi;
2402 2497 2585 2546 tamen
2634 2492 2947 2562 specialiter
2993 2494 3061 2549 de
3109 2495 3379 2553 haereticis
3420 2494 3515 2568 qui

1917 2577 2151 2648 quadam
2183 2577 2400 2648 pietatis
2438 2587 2589 2635 veste
2620 2580 2765 2650 tecti,
2815 2588 3082 2637 venenato
3130 2582 3312 2638 animo
3343 2592 3396 2639 et
3421 2583 3513 2639 in-

1917 2665 2152 2721 tentione
2183 2667 2418 2722 nocendi
2464 2667 2578 2739 lupi
2626 2676 2751 2723 sunt
2795 2685 3044 2741 rapaces,
3080 2671 3165 2727 vel
3197 2671 3434 2728 exterius
3465 2670 3515 2728 si

1917 2754 2076 2825 copia
2105 2755 2261 2809 datur
2288 2757 2689 2827 persequendo,
2725 2758 2811 2813 vel
2832 2758 3057 2815 interius
3089 2760 3511 2833 corrumpendo.

1985 2843 2068 2897 Ad
2098 2861 2187 2901 vos
2217 2846 2281 2899 in
2310 2846 2663 2901 vestimentis
2693 2848 2898 2903 ovium.
2922 2848 2982 2901 In
3013 2856 3310 2919 conspectu
3339 2849 3515 2907 homi-

1917 2947 2047 2985 num
2078 2930 2281 2987 similes
2310 2932 2573 2987 ministris
2611 2933 2833 3002 justitiaa
2869 2935 2997 2990 dum
3020 2935 3283 3006 jejunant,
3336 2944 3512 3006 orant,

1918 3018 2297 3090 eleemosynas
2327 3020 2458 3074 dant
2480 3038 2492 3074 :
2518 3021 2617 3077 sed
2634 3036 2747 3077 non
2773 3029 2900 3078 sunt
2927 3039 3116 3079 eorum
3143 3023 3364 3091 fructus,
3390 3023 3520 3097 quia

1836 3128 1887 3190 α
1920 3122 2021 3179 pro
2050 3106 2178 3162 vitio
2208 3107 2290 3162 eis
2327 3116 2626 3180 reputatur.

1985 3221 2027 3276 A
2057 3221 2339 3291 fructibus
2386 3238 2598 3278 eorum.
2649 3222 2860 3294 (HIER.)
2889 3222 3013 3280 Non
3040 3238 3074 3279 a
3104 3233 3272 3294 veste,
3317 3226 3414 3281 sed
3442 3225 3514 3283 ab

1915 3309 2175 3381 operibus
2205 3309 2350 3380 quod
2378 3309 2447 3364 de
2475 3308 2794 3380 manifestis,
2831 3319 2957 3381 etc.,
2993 3329 3166 3385 usque
3196 3313 3268 3369 ad
3288 3314 3385 3369 sed
3404 3330 3515 3371 non

1916 3397 2116 3453 debent
2144 3413 2274 3453 oves
2303 3397 2477 3468 pelles
2508 3415 2637 3454 suas
2666 3399 2963 3472 deponere,
2998 3400 3100 3456 etsi
3120 3400 3411 3474 aliquando
3432 3402 3513 3459 eis

1916 3482 2030 3557 lupi
2059 3503 2118 3540 se
2148 3494 2458 3560 contegunt.

1988 3605 2157 3661 Vens.
2194 3609 2279 3661 16,
2312 3636 2382 3646 -
2412 3606 2694 3679 Nunquid.
2745 3606 3078 3679 Allegorice.
3120 3607 3303 3680 Spinte
3333 3616 3386 3666 et
3413 3610 3514 3666 tri-

1920 3692 2032 3748 buli
2060 3700 2185 3746 sunt
2223 3692 2461 3749 haeretici
2490 3709 2524 3749 a
2554 3693 2748 3763 quibus
2776 3693 2959 3749 nullus
2988 3695 3296 3766 sapientum
3324 3697 3519 3755 sancti—

1918 3788 2084 3836 tatem
2114 3780 2200 3836 vel
2231 3780 2511 3835 veritatem
2560 3780 2757 3850 poterit
2801 3781 3049 3837 invenire
3082 3800 3096 3837 :
3129 3784 3229 3838 sed
3258 3784 3515 3842 conscin-

1919 3870 2053 3924 dunt
2084 3876 2137 3924 et
2166 3876 2452 3925 cruentant
2496 3868 2956 3939 approximantes.
3002 3869 3101 3925 Vel
3128 3871 3299 3942 spinze
3328 3880 3383 3927 et
3411 3872 3517 3927 tri-

1920 3958 2053 4026 buli,
2106 3973 2247 4014 curaa
2301 3964 2427 4012 sunt
2481 3956 2687 4026 saeculi,
2753 3957 3183 4030 punctionesque
3240 3959 3513 4017 vitiorum.

1924 4047 2041 4103 Uva
2087 4054 2139 4101 et
2183 4044 2337 4114 ﬁcus,
2389 4045 2622 4102 dulcedo
2677 4060 2832 4102 novae
2880 4047 3310 4104 conversationis
3355 4065 3517 4120 quam

1923 4134 2170 4190 Christus
2197 4133 2253 4189 in
2282 4133 2441 4189 nobis
2488 4133 2696 4201 esuriit,
2729 4142 2782 4189 et
2827 4133 3010 4190 fervor
3055 4135 3380 4207 dilectionis,
3425 4138 3518 4209 qui

1923 4222 2153 4278 lmtiﬁcat
2184 4238 2280 4278 cor
2307 4222 2561 4278 hominis.
2592 4224 2715 4279 Non
2747 4239 2881 4295 ergo
2911 4224 2980 4279 de
3010 4212 3181 4294 spinis
3219 4233 3274 4281 et
3300 4225 3516 4281 tribulis

1924 4327 2032 4367 uva
2061 4319 2115 4366 et
2141 4310 2274 4367 ﬁcus
2305 4328 2321 4365 :
2351 4311 2479 4383 quia
2505 4328 2662 4367 mens
2692 4312 2870 4368 adhuc
2896 4312 3094 4368 veteris
3122 4313 3355 4369 hominis
3384 4329 3518 4370 cono

1927 4400 2208 4458 suetudine
2238 4416 2451 4471 pressa,
2483 4408 2663 4472 potest
2701 4401 2956 4461 simulare
3002 4417 3112 4456 non
3141 4400 3283 4456 ferre
3311 4401 3515 4458 fructus

230 4529 337 4579 res,
372 4522 428 4568 ut
455 4488 759 4567 nobis-ﬁeri
788 4511 1017 4568 velimus
1048 4512 1168 4567 aliis
1214 4512 1397 4569 facere
1421 4488 1817 4581 juberet,-mox
1838 4503 1892 4564 D
1921 4488 2051 4581 Πονί
2078 4488 2332 4544 hominis'
2368 4488 2526 4581 Quod
2555 4489 2603 4544 Si
2630 4489 2921 4581 alianndQ
2947 4489 3090 4581 diem
3118 4489 3207 4545 vel
3236 4488 3379 4581 ξξίθίδ
3407 4506 3517 4581 ξηῗθ

235 4602 481 4657 eumdem
512 4616 733 4655 sensum
764 4600 959 4655 astruit
1005 4600 1193 4657 dicens
1225 4619 1239 4656 :
1275 4602 1476 4657 Omnia
1504 4618 1633 4674 ergo
1662 4618 1818 4674 qua:-

232 4706 464 4761 cunquc,
500 4696 626 4757 etc.,
659 4688 715 4743 id
745 4696 846 4757 est,
897 4689 1045 4745 bona
1089 4706 1193 4760 que
1241 4690 1403 4746 vultis
1450 4689 1700 4761 accipere
1748 4690 1818 4744 ab

233 4778 375 4844 aliis,
406 4777 594 4833 eadem
624 4777 787 4833 facite
816 4776 922 4832 illis
950 4785 1006 4832 ut
1035 4777 1270 4834 charitas
1305 4777 1538 4850 proximi
1584 4777 1818 4849 implea-

228 4875 333 4935 tur,
369 4884 487 4938 quae
527 4866 647 4922 sine
676 4866 967 4923 dilectione
995 4876 1144 4923 recte
1172 4884 1282 4923 non
1309 4875 1488 4940 potest
1515 4866 1724 4940 perﬁci.
1754 4868 1824 4924 Et

231 4955 357 5012 ideo
388 4956 719 5013 addit:ch
748 4960 834 5013 est
866 4957 960 5013 lca:
990 4961 1047 5014 et
1060 4958 1365 5031 prophetae,
1400 4965 1503 5013 etc.
1530 4975 1546 5025 ;
1571 4956 1698 5029 quia
1717 4971 1822 5013 nec

233 5045 385 5102 Deus
414 5045 526 5101 sine
554 5045 824 5118 proximo,
858 5062 963 5103 nec
979 5047 1259 5118 proximus
1278 5046 1523 5120 diligitur
1541 5047 1658 5102 sine
1679 5047 1816 5113 Deo,

235 5134 367 5205 quia
417 5150 525 5191 non
579 5152 646 5191 ex
702 5134 828 5191 odio
874 5134 960 5191 vel
1007 5152 1073 5191 ex
1115 5135 1321 5193 invidia
1369 5134 1693 5205 judicandus
1738 5141 1822 5190 est

232 5220 509 5294 proximus
540 5241 554 5279 :
589 5239 725 5297 ergo
756 5238 866 5296 qua
900 5223 1164 5279 charitale
1212 5223 1423 5279 velletis
1466 5222 1701 5291 moneri,
1732 5222 1821 5278 fa-

237 5311 342 5369 cite
374 5311 506 5368 aliis.
542 5315 609 5371 Ut
635 5315 863 5385 faciant
888 5313 1035 5371 vobis
1065 5314 1338 5370 homines.
1370 5311 1511 5382 Quia
1538 5312 1706 5382 addit,
1730 5312 1825 5368 ho-

236 5401 429 5471 mines,
477 5401 608 5458 dicit
658 5409 867 5458 tantum
912 5402 982 5458 de
1026 5401 1315 5459 dilectione
1357 5401 1613 5474 proximi.
1666 5400 1824 5458 Unde

237 5505 343 5546 nec
370 5490 566 5559 subdit,
600 5498 710 5547 tota
735 5491 843 5559 lex,
868 5491 1124 5564 relinquit
1142 5507 1271 5548 vero
1292 5492 1362 5548 de
1380 5490 1669 5547 dilectione
1698 5488 1821 5546 Dei.

241 5577 397 5647 Quod
422 5579 471 5634 si
497 5579 762 5637 dixisset:
797 5579 995 5637 Omnia
1022 5595 1361 5653 quaecunque
1398 5578 1558 5639 vultis
1586 5577 1710 5635 ﬁeri
1736 5593 1826 5636 vo-

240 5664 347 5737 bis,
377 5666 534 5729 iacite
559 5668 684 5728 aliis
714 5687 730 5725 :
762 5676 1048 5743 utrumque
1073 5669 1390 5743 complexus
1417 5675 1585 5739 esset,
1613 5668 1673 5727 in
1698 5665 1825 5742 qui-

1921 4580 2100 4635 lorum
2129 4586 2356 4650 prosunt
2386 4577 2563 4644 bonis,
2595 4593 2703 4634 non
2745 4579 2851 4633 hoc
2896 4576 3099 4632 faciunt
3144 4577 3294 4646 mali,
3328 4578 3427 4636 sed
3456 4577 3516 4635 ﬁt

1921 4669 1990 4724 de
2020 4668 2128 4722 illis
2174 4665 2401 4723 consilio
2448 4664 2549 4720 Dei
2581 4683 2595 4718 :
2629 4665 2750 4735 quia
2779 4679 2887 4720 non
2936 4679 3129 4720 eorum
3173 4665 3381 4723 fructus
3409 4674 3510 4735 est,

1922 4757 2019 4813 sed
2047 4756 2169 4812 vitis
2200 4771 2321 4826 qua:
2349 4770 2515 4824 super
2544 4752 2729 4823 spinas
2768 4752 3060 4824 aliquando
3089 4754 3371 4811 exuberat.
3406 4756 3515 4813 Sed

1922 4844 2231 4917 carpendus
2262 4850 2344 4897 est
2373 4843 2584 4906 botrus,
2617 4840 2774 4911 spina
2795 4842 3058 4898 cavenda.
3082 4842 3218 4898 Vitis
3239 4844 3506 4900 Christus.

1924 4934 2038 5000 Sui,
2070 4928 2321 5005 palmites
2352 4930 2443 5003 qui
2474 4928 2654 4985 ferunt
2685 4947 2838 5000 uvas,
2871 4929 2927 4987 id
2958 4938 3041 4987 est
3070 4947 3241 5004 opera
3288 4932 3511 5004 spiritus

1922 5040 2043 5094 quas
2070 5020 2343 5077 inebriant
2369 5027 2623 5075 mentem.

1991 5134 2162 5193 Vnus.
2198 5137 2285 5192 17.
2314 5164 2384 5177 -
2413 5136 2504 5192 Sic
2550 5136 2734 5191 omnis
2781 5134 2963 5191 arbor.
2997 5134 3059 5189 Id
3086 5142 3170 5192 est
3212 5137 3515 5194 secundum

1921 5225 2243 5300 praedictam
2295 5222 2787 5295 impossibilitatem
2818 5240 2832 5277 :
2868 5222 2997 5296 quia
3024 5223 3093 5280 de
3138 5224 3286 5281 mala
3326 5226 3516 5285 radice

1922 5330 2033 5372 non
2058 5322 2240 5386 potest
2264 5312 2474 5372 fructus
2503 5311 2785 5369 suavitatis
2814 5328 3123 5385 erumpere.
3144 5314 3519 5388 Exspectandi

1922 5410 2048 5460 sunt
2074 5402 2202 5458 boni
2230 5401 2440 5458 fructus
2468 5401 2537 5457 de
2567 5401 2713 5456 bona
2757 5401 2976 5459 arbore.
3026 5402 3211 5460 Arbor
3252 5405 3398 5462 bona
3425 5404 3516 5465 vel

1923 5491 2065 5547 mala
2110 5507 2221 5548 non
2264 5498 2456 5547 natura
2501 5507 2623 5563 qua:
2658 5490 2717 5545 in
2743 5491 2995 5548 omnibus
3042 5492 3189 5549 bona
3214 5508 3251 5550 α
3285 5494 3404 5552 Deo
3432 5501 3518 5552 est

1925 5588 2130 5649 creata,
2162 5580 2261 5637 sed
2289 5579 2542 5637 voluntas
2569 5579 2714 5635 bona
2741 5579 2829 5638 vel
2853 5580 3019 5638 mala.
3068 5581 3315 5653 Fructus,
3347 5578 3522 5656 opera

1925 5685 2047 5742 qua
2079 5684 2185 5729 nec
2222 5668 2370 5728 bona
2411 5667 2572 5727 malae
2616 5667 2909 5729 voluntatis
2951 5679 3181 5744 possunt
3224 5688 3368 5745 esse,
3418 5687 3526 5735 nec
