4000 6182
476 344 569 396 ill

1028 328 1429 388 WALAFRIDI
1468 323 1711 382 STRABI
1750 320 1948 377 FULD.
1990 315 2161 374 MON.
2205 314 2358 371 OPP.
2398 311 2575 368 PARS
2613 312 2655 365 Ι.
2699 340 2767 350 -
2803 303 3273 364 THEOLOGICA.

3654 300 3759 354 “2

485 465 629 522 mala
657 462 814 516 bona:
861 455 1170 513 voluntatis.
1219 453 1445 508 Fructus
1491 449 1649 504 bonae
1686 442 1901 501 arboris
1932 457 2072 515 gau-
2092 441 2149 501 A
2178 438 2284 505 Qui
2311 436 2630 505 aediﬁcavit.
2664 432 2759 487 Ille
2788 429 3014 487 aediﬁcat
3034 429 3087 482 in
3109 426 3340 492 Christo,
3375 422 3468 494 qui
3498 420 3645 493 quod
3674 435 3771 474 au-

484 554 651 620 dium,
682 565 807 621 pax,
839 544 1119 618 patientia,
1151 538 1555 614 longanimitas,
1589 542 1694 590 etc.
1722 552 1738 600 ;
1770 548 1908 604 quos
1937 529 2075 585 fruc-

486 650 572 697 tus
602 616 710 694 non
740 616 859 691 nisi?
873 634 1017 689 bona
1062 630 1312 688 voluntas
1358 623 1610 699 parturit.
1644 622 1736 678 Sic
1764 616 2074 677 econtrario

485 728 659 785 malos
687 725 833 780 mala
861 720 1090 777 intentio
1116 716 1305 778 nutrit.

555 816 726 873 Vens.
753 816 839 868 18.
862 841 932 852 -
952 811 1072 870 Non
1086 810 1286 883 potest.
1310 803 1434 859 Non
1455 800 1529 857 ait
1552 818 1565 855 :
1586 800 1710 855 Non
1729 802 1907 869 potest
1927 792 2075 883 mala

486 905 655 962 arbor
682 904 827 957 bona
873 897 1013 965 ﬁeri,
1061 881 1148 952 vel
1192 895 1337 950 bona
1380 891 1572 957 mala;
1603 887 1731 960 quia
1776 883 1975 939 Paulus
2004 881 2073 937 de

485 998 838 1067 persecutore
868 987 1045 1044 factus
1073 982 1371 1056 apostolus,
1406 986 1459 1035 et
1487 977 1671 1034 anima
1699 979 1952 1029 manente
1981 970 2072 1024 in-

484 1058 640 1156 tegra
668 1086 875 1146 natura,
910 1074 1109 1132 aﬂ‘ectu
1150 1068 1436 1131 voluntatis
1484 1062 1868 1137 corrumpitur,
1890 1058 1988 1147 {vel
2017 1058 2073 1113 in

478 1169 675 1226 melius
716 1172 974 1224 mutatur.

545 1282 811 1340 Voluntas
840 1277 1263 1348 uniuscujusque
1290 1272 1456 1328 arbor
1506 1270 1647 1326 bona
1693 1266 1781 1324 vel
1808 1264 1970 1320 mala.
2002 1261 2073 1318 Et

476 1374 615 1430 sicut
669 1370 836 1426 arbor
891 1366 1168 1426 radicatur
1225 1362 1281 1417 in
1339 1368 1505 1428 terra,
1565 1357 1646 1414 sic
1710 1354 1959 1413 voluntas
2015 1350 2072 1406 in

480 1475 681 1517 anima.

546 1548 775 1604 Fructus
804 1543 962 1603 mala:
989 1540 1208 1605 arboris
1236 1546 1362 1594 sunt
1407 1550 1579 1608 opera
1624 1532 1828 1602 carnis,
1861 1529 2071 1587 scilicet

478 1635 764 1694 fornicatio
793 1631 1093 1699 immunda,
1122 1626 1336 1686 luxuria

546 1752 714 1808 Vens.
751 1753 838 1803 19.
871 1777 940 1789 -
971 1745 1165 1803 Omnis
1212 1741 1392 1797 arbor.
1436 1740 1548 1793 Hac
1576 1734 1846 1792 sententia
1886 1733 2066 1804 hypo-

474 1807 638 1898 critas
684 1845 737 1893 et
764 1832 1301 1908 pseudo-prophetas
1330 1829 1567 1892 damnat,
1620 1832 1674 1880 et
1715 1822 1861 1895 quod
1901 1807 2138 1890 supraB

471 1928 656 1985 docuit
684 1927 752 1981 de
781 1923 963 1980 cordis
1002 1918 1280 1983 munditia,
1312 1918 1417 1971 hoc
1465 1911 1714 1983 exemplo
1759 1908 2061 1974 confirmat,

471 2016 615 2088 quod
645 2029 805 2069 nemo
835 2012 905 2068 de
930 2008 1073 2065 mala
1099 2005 1397 2062 intentione
1424 2002 1651 2058 fructum
1702 2000 1899 2055 bonum
1930 2012 2063 2069 per-

470 2104 617 2175 cipit,
654 2117 757 2157 nec
785 2101 855 2155 de
884 2099 1031 2156 bona
1056 2094 1161 2150 nisi
1191 2095 1391 2148 bonum
1430 2091 1600 2145 metit.

540 2192 708 2246 Vnus.
741 2191 831 2246 20.
865 2216 937 2236 -ν
965 2186 1145 2258 Igitur
1174 2198 1247 2238 em
1277 2180 1578 2252 fructibus.
1613 2174 1783 2258 Quasi
1813 2173 1993 2229 dicat:
2017 2174 2064 2227 Α

469 2279 619 2335 falsis
647 2274 925 2349 prophetis
954 2250 1232 2336 attendite,
1264 2250 1316 2324 et
1346 2285 1411 2323 ex
1442 2250 1700 2322 fructibus
1725 2279 1821 2319 eos
1850 2275 2062 2334 cogno-

470 2367 625 2423 scite.

538 2456 705 2510 VEns.
737 2456 828 2510 2f.
861 2480 931 2494 -—
958 2450 1080 2506 Non
1109 2448 1293 2504 omnis
1326 2446 1423 2517 qui
1459 2443 1619 2498 dicit.
1650 2440 1802 2495 Sicut
1832 2435 2063 2494 cavendi

465 2550 590 2599 sunt
617 2541 709 2613 qui
736 2539 937 2595 habent
965 2536 1203 2608 speciem
1254 2534 1413 2589 bonae
1450 2532 1577 2586 vita:
1612 2535 1833 2599 prOpter
1862 2526 2063 2598 dogma

462 2630 735 2702 nequitiae,
790 2627 871 2683 sic
915 2633 969 2681 et
1013 2623 1102 2679 hic
1138 2620 1443 2678 econtrario
1501 2618 1610 2689 qui,
1665 2632 1790 2671 cum
1837 2614 2062 2685 integrae

462 2718 587 2774 ﬁdei
634 2725 686 2772 et
743 2714 1001 2773 doctrinae
1049 2711 1174 2777 sint,
1240 2707 1466 2778 turpiter
1512 2706 1714 2761 vivunt.
1759 2703 2062 2771 Utrumque

463 2807 608 2863 enim
634 2819 864 2863 necesse
892 2809 993 2867 est,
1026 2807 1083 2854 ut
1113 2807 1166 2854 et
1194 2812 1330 2868 opus
1359 2809 1611 2850 sermone
1642 2800 1698 2848 et
1729 2805 1907 2846 sermo
1937 2804 2066 2860 ope-

462 2895 611 2950 ribus
642 2890 1043 2962 comprobetur.

536 2997 643 3063 Qui
687 2994 831 3052 dicit
860 3012 877 3047 :
908 2991 1161 3054 Domine,
1215 2988 1469 3043 Domine.
1519 2986 1628 3040 Iter
1656 2982 1817 3056 regni
1847 2980 1949 3037 Dei
1979 2986 2063 3035 est

463 3081 790 3149 obedientia,
824 3094 931 3134 non
961 3076 1195 3133 nominis
1223 3072 1575 3147 nuncupatio.
1608 3074 1732 3128 Non
1761 3078 1842 3125 est
1870 3068 2063 3125 hoc'il-

463 3172 557 3227 lud
586 3186 715 3225 vere
742 3176 793 3226 et
826 3165 1044 3239 proprie
1093 3164 1273 3219 dicere
1302 3162 1394 3217 ubi
1450 3159 1681 3232 prolatio
1727 3157 2002 3214 discordat
2027 3171 2058 3210 a
2091 3161 2140 3225 ο

465 3260 758 3317 voluntate.
783 3257 863 3313 De
885 3270 991 3327 quo
1011 3252 1301 3325 Apostolus
1329 3251 1428 3305 ait:
1456 3251 1624 3306 Nemo
1638 3251 1824 3322 potest
1841 3247 2026 3302 dicere
2041 3263 2059 3299 :

463 3350 734 3407 Dominus
762 3347 937 3410 Iesus,
995 3343 1111 3398 nisi
1139 3343 1203 3397 in
1236 3341 1453 3412 Spiritu
1490 3341 1683 3393 sancto
1715 3338 1765 3407 (Ι
1789 3338 1909 3392 Cor.
1932 3332 2056 3404 xu).

535 3437 705 3493 Vens.
738 3439 826 3493 22.
860 3462 928 3472 --
957 3432 1120 3487 Multi
1148 3429 1358 3484 dicent.
1394 3427 1623 3481 Maxime
1652 3433 1831 3479 autem
1862 3437 2060 3479 caven-

467 3526 597 3580 dum
643 3531 727 3579 est
774 3521 845 3575 ab
893 3519 978 3572 his
1028 3518 1121 3589 qui
1167 3524 1393 3586 prOpter
1438 3530 1638 3570 nomen
1666 3511 1868 3566 Christi
1898 3509 2060 3565 etiam

464 3610 729 3668 miracula
759 3608 981 3673 habent,
1024 3621 1143 3675 quae
1191 3618 1312 3660 cum
1342 3610 1564 3674 prOpter
1592 3598 1840 3655 infideles
1868 3596 2062 3655 Domi-

467 3717 572 3754 nus
602 3696 812 3762 fecerit,
845 3693 1051 3750 monuit
1081 3700 1263 3747 tamen
1291 3707 1361 3747 ne
1391 3706 1424 3745 a
1452 3690 1653 3745 talibus
1683 3686 2058 3759 decipiamur:

468 3794 718 3860 putantes
746 3784 823 3839 ibi
850 3799 973 3839 esse
1000 3781 1327 3837 invisibilem
1369 3778 1711 3850 sapientiam,
1742 3776 1836 3831 ubi
1865 3783 1948 3831 est
1975 3776 2062 3831 vi-

469 3876 629 3931 sibile
682 3873 1053 3937 miraculum;
1102 3870 1246 3925 unde
1303 3867 1587 3940 adjuugit:
1638 3866 1803 3922 Multi
1849 3866 2060 3921 dicent.

471 3964 649 4033 Quam
692 3961 897 4017 mundo
942 3974 1077 4030 ergo
1125 3965 1179 4012 et
1206 3956 1437 4026 simplici
1485 3955 1646 4010 oculo
1693 3970 1830 4024 opus
1877 3960 1979 4020 est,
2008 3959 2067 4007 ut

470 4050 776 4107 inveniatur
802 4047 893 4103 via
921 4044 1203 4115 sapientiae
1239 4043 1381 4097 inter
1408 4050 1486 4097 tot
1514 4041 1884 4111 deceptiones.

547 4152 717 4206 Vnus.
749 4151 837 4206 23.
861 4177 931 4187 --
951 4148 1249 4217 Nunquam
1266 4145 1398 4200 novi
1422 4160 1534 4200 vos.
1566 4143 1689 4197 Non
1719 4141 1868 4197 novit
1886 4141 1976 4197 lux
1995 4150 2070 4198 te-

474 4239 697 4304 nebras,
729 4236 785 4290 id
814 4242 916 4301 est,
948 4249 1059 4288 non
1104 4232 1316 4302 aspicit,
1367 4231 1493 4302 quia
1520 4230 1567 4285 si
1596 4230 1883 4301 aspiceret,
1917 4237 2070 4285 tene-

469 4330 584 4384 brae
611 4340 721 4381 non
738 4329 938 4379 essent.
967 4322 1072 4389 Qui
1092 4321 1406 4393 operamini
1426 4320 1811 4391 iniquitatem.
1831 4318 1953 4373 Non
1974 4318 2066 4390 qui

465 4413 676 4489 operati
704 4412 855 4480 estis,
896 4425 965 4465 ne
1012 4408 1163 4464 tollat
1208 4406 1597 4479 paenitentiam,
1648 4407 1748 4461 sed
1788 4407 1880 4477 qui
1908 4406 1962 4461 in
1985 4406 2072 4475 ju-

2173 526 2251 580 dit
2279 525 2348 580 ab
2376 524 2469 579 illo
2500 522 2644 577 facit.
2679 522 2857 592 Supra
2882 522 3124 591 petram.
3149 517 3194 568 A
3215 528 3322 585 qua
3342 512 3534 565 Petrus
3563 523 3765 563 nomen

2171 612 2381 684 accepit
2406 627 2508 682 pro
2537 608 2789 664 firmitate
2816 605 2961 673 fidei,
2986 605 3040 659 id
3061 612 3160 672 est,
3195 616 3361 673 super
3381 598 3621 670 seipsum
3641 595 3771 652 aedi-

2172 701 2351 759 ficavit
2379 698 2699 756 Ecclesiam.

2241 791 2411 846 Vnus.
2444 792 2534 846 25.
2557 816 2627 827 —
2655 787 2728 842 Et
2752 781 3057 839 descendit.
3090 777 3285 833 Tribus
3312 775 3490 831 modis
3517 772 3768 829 diabolus

2170 878 2454 950 impugnat
2475 893 2487 930 :
2513 872 2692 931 carnis
2713 867 3175 941 concupiscentia,
3200 863 3558 921 exterioribus
3575 860 3771 916 mundi

2171 948 2601 1032 oblectamentis,
2633 961 2721 1017 vel
2748 970 2849 1031 per
2877 975 2956 1023 se,
2990 972 3112 1013 cum
3142 954 3426 1010 universos
3454 958 3651 1008 ventus
3669 948 3769 1003 im-

2170 1054 2478 1126 pulsionum
2509 1052 2673 1106 laxat.
2706 1048 2929 1104 Pluvia.
2952 1040 3420 1114 Concupiscentia,
3443 1056 3473 1094 a
3494 1053 3603 1111 qua
3623 1036 3771 1108 quis-

2172 1159 2277 1215 que
2313 1149 2566 1205 tentatur,
2601 1153 2723 1209 quae
2742 1150 2964 1191 sensum
2983 1133 3223 1206 rigorem
3251 1129 3379 1184 fidei
3398 1126 3621 1193 emollit,
3645 1139 3769 1197 quae

2171 1232 2219 1287 si
2244 1246 2355 1287 non
2381 1227 2612 1301 proficit,
2644 1226 2847 1295 majora
2876 1218 3101 1277 ﬂumina
3129 1218 3403 1276 eveniunt.

2240 1321 2411 1376 Vsus.
2434 1321 2524 1376 26.
2547 1346 2617 1357 —
2639 1315 2746 1382 Qui
2773 1312 2940 1370 audit
2965 1309 3130 1366 verba
3150 1324 3305 1373 mea,
3338 1313 3465 1372 etc.,
3498 1302 3765 1360 exterius.

2168 1410 2238 1464 Et
2266 1409 2389 1464 ideo
2420 1421 2529 1461 non
2556 1404 2718 1459 habet
2763 1399 3189 1466 excusationem,
3224 1395 3321 1450 sed
3351 1401 3434 1449 est
3461 1391 3618 1448 ruina
3646 1390 3769 1459 ejus

2168 1510 2401 1570 magna:
2435 1493 2561 1566 quia
2586 1490 2785 1547 monita
2814 1487 3003 1545 salutis
3032 1482 3375 1555 contempsit.
3415 1482 3537 1539 Viro
3565 1479 3764 1535 stulto.

2168 1586 2250 1640 De
2270 1600 2376 1656 quo
2392 1582 2612 1638 dicitur:
2636 1580 2908 1635 Inimicus
2930 1576 3088 1632 homo
3110 1574 3210 1630 hoc
3231 1573 3388 1643 fecit,
3409 1570 3571 1642 cujus
3590 1579 3768 1638 opera

2170 1672 2351 1730 omnia
2374 1669 2649 1726 instabilia
2670 1673 2811 1733 sunt,
2832 1673 2883 1720 et
2902 1664 3071 1719 ruinae
3089 1668 3291 1733 patent.
3310 1660 3489 1731 Super
3503 1670 3765 1712 arenam.

2170 1761 2583 1830 Qualiacunque
2613 1756 2721 1811 sint
2758 1770 2880 1826 qua:
2910 1767 3075 1824 super
3103 1745 3597 1820 concupiscentiam
3616 1741 3771 1816 vitio-

2167 1868 2286 1906 rum
2316 1848 2633 1912 fundantur,
2665 1859 2773 1900 non
2816 1842 3047 1897 stabunt.

2236 1952 2407 2006 Vsus.
2432 1980 2502 1990 —
2519 1950 2609 2005 2'7.
2634 1948 2705 2002 Et
2723 1945 2929 2002 cecidit
2949 1945 3170 2014 fuitque
3190 1941 3365 1997 ruina
3383 1940 3504 2010 ejus
3531 1950 3764 2007 magna.

2166 2039 2358 2096 Omnis
2396 2034 2727 2094 conscientia
2775 2048 2898 2104 quae
2942 2030 3047 2085 fixa
3074 2031 3130 2084 in
3159 2031 3333 2084 Deum
3363 2041 3461 2097 spe
3497 2040 3607 2080 non
3637 2037 3768 2094 per-

2166 2134 2365 2192 manet,
2390 2127 2444 2180 iu
2466 2121 2853 2181 tentationibus
2873 2134 2979 2176 non
3011 2118 3154 2174 valet
3183 2115 3483 2171 subsistere
3507 2130 3522 2180 ;
3545 2119 3597 2167 et
3617 2118 3769 2166 tanto

2165 2215 2398 2287 amplius
2425 2213 2621 2287 agitur,
2663 2217 2861 2282 quanto
2890 2208 3014 2279 plus
3043 2207 3096 2261 in
3129 2205 3214 2260 his
3253 2219 3375 2276 quae
3419 2199 3609 2257 mundi
3638 2204 3765 2254 sunt

2165 2321 2195 2360 a
2243 2285 2617 2374 superioribus
2680 2296 3053 2370 disjungitur:
3096 2302 3149 2350 et
3208 2308 3335 2349 vere
3400 2305 3590 2347 omnes
3634 2285 3765 2341 mali

2164 2392 2252 2448 vel
2281 2392 2402 2448 ficte
2432 2389 2580 2458 boni,
2614 2388 2904 2461 ingruente
2940 2383 3180 2457 qualibet
3226 2379 3517 2438 tentatione
3553 2376 3770 2449 pejores

2164 2480 2313 2536 ﬁunL

2235 2571 2403 2624 Vsus.
2454 2572 2542 2627 28.
2575 2597 2645 2608 —
2679 2565 2887 2622 Turbw.
2940 2562 3043 2619 Vel
3088 2558 3254 2632 aliqui
3301 2557 3356 2612 in
3405 2555 3579 2622 turba,
3637 2550 3767 2624 quia

2161 2656 2428 2725 inﬁdeles,
2474 2655 2564 2712 vel
2608 2655 2789 2727 potius
2836 2667 3027 2709 omnes
3070 2650 3141 2705 de
3185 2644 3515 2705 excellentia
3544 2639 3765 2714 sapien-

2162 2747 2267 2803 tiae.

2753 2882 2978 2940 CAPUT
3014 2880 3155 2938 VIII.

2232 3028 2401 3083 Vsus.
2430 3030 2480 3080 1.
2503 3055 2573 3066 -
2596 3026 2736 3083 Cum
2754 3028 2947 3081 autem
2966 3020 3359 3078 descendisset.
3386 3019 3511 3074 Post
3532 3016 3763 3073 descen-

2162 3116 2372 3172 sionem
2420 3113 2638 3170 Domini
2666 3113 2734 3168 de
2762 3120 2963 3178 monte,
3014 3117 3140 3177 etc.,
3191 3124 3364 3181 usque
3409 3106 3480 3162 ad
3526 3104 3763 3161 ostendit

2162 3212 2284 3276 post
2313 3212 2576 3275 quantum
2605 3201 2861 3272 temporis
2890 3197 3249 3254 intervallum.
3288 3198 3425 3253 Cum
3455 3198 3651 3251 autem
3679 3193 3769 3250 de-

2158 3292 2488 3349 scendisset.
2543 3289 2853 3346 Secundum
2897 3288 3118 3353 Lucam,
3144 3294 3203 3341 .et
3230 3285 3285 3340 in
3318 3281 3607 3354 campestri
3636 3281 3762 3338 loco

2159 3395 2469 3438 sermonem
2501 3395 2662 3450 quem
2685 3378 2796 3446 jam
2826 3376 3045 3432 forsitan
3094 3390 3258 3445 supra
3302 3372 3562 3427 habuerat
3591 3369 3643 3425 ei
3674 3368 3761 3425 fe-

2161 3467 2341 3524 cisset.
2395 3467 2610 3525 Secutce
2659 3469 2812 3522 sunt.
2864 3465 2969 3520 Alii
3014 3470 3235 3535 prOpter
3282 3460 3619 3525 charitatem,
3674 3456 3766 3513 alii

2158 3564 2383 3628 propter
2413 3555 2732 3620 doctrinam,
2763 3554 2855 3609 alii
2882 3560 3106 3625 propter
3134 3548 3550 3606 admirationem
3580 3554 3637 3603 et
3664 3562 3764 3603 cu-

2159 3646 2443 3701 rationem.

2232 3735 2400 3789 Vsus.
2424 3737 2477 3789 2.
2493 3731 2854 3788 —Adorabat
2870 3747 2999 3786 eum
3019 3729 3210 3785 dicens
3232 3748 3249 3783 :
3271 3725 3526 3783 Domine.
3570 3723 3760 3779 Prius-

2163 3838 2324 3894 quam
2353 3828 2580 3893 peteret,
2613 3820 2815 3876 cultum
2844 3816 3135 3874 divinitatis
3163 3813 3418 3872 ostendit.
3453 3814 3513 3870 Si
3540 3815 3643 3878 vis,
3673 3825 3768 3885 po-

2168 3916 2248 3967 tes
2277 3926 2366 3965 me
2417 3909 2710 3964 mundare.
2744 3909 2825 3964 De
2862 3906 3136 3963 voluntate
3182 3919 3290 3959 non
3340 3900 3498 3974 quasi
3543 3899 3760 3972 pietatis

2164 3997 2493 4063 incredulus,
2526 3995 2714 4052 dubito
2747 4014 2763 4063 ;
2796 3995 2893 4051 sed
2922 3993 3077 4067 quasi
3114 4008 3250 4049 meae
3278 3988 3603 4055 colluvionis
3635 4004 3766 4045 con-

2166 4101 2311 4142 SClllS
2338 4100 2447 4140 DOIl
2476 4100 2766 4156 praesumo.

2238 4174 2406 4228 Vens.
2433 4178 2484 4227 3.
2506 4204 2567 4216 ——
2589 4172 2932 4229 Extendens.
2956 4172 3082 4227 Post
3101 4184 3406 4226 sermonem
3429 4175 3482 4223 et
3499 4164 3765 4223 miracula

2171 4260 2316 4328 facit,
2350 4262 2548 4333 quibus
2578 4277 2756 4317 sermo
2786 4260 2930 4332 apud
2958 4259 3228 4314 auditores
3258 4256 3624 4314 confirmatur.
3663 4257 3766 4311 Te—

2173 4351 2323 4422 tigit.
2356 4351 2477 4405 Non
2510 4349 2633 4421 quia
2663 4350 2779 4404 sine
2809 4356 2951 4404 tactu
2980 4363 3175 4402 sanare
3216 4354 3422 4417 posset,
3457 4344 3556 4400 sed
3585 4351 3646 4398 ut
3675 4343 3768 4397 in-

2172 4438 2314 4494 dicet
2343 4455 2403 4493 se
2423 4454 2533 4492 non
2563 4438 2860 4506 subjectum
2878 4452 3001 4492 esse
3022 4435 3151 4508 legi,
3176 4435 3273 4490 sed
3292 4432 3583 4489 Dominum
3604 4431 3770 4505 legis,

466 4504 607 4598 dicio
630 4502 794 4598 ;_1iceMt
814 4515 922 4555 non
954 4496 1198 4553 habeatis
1227 4495 1533 4551 facultatem
1562 4494 1841 4565 peccandi,
1875 4502 2055 4550 tamen
2080 4512 2132 4574 D
2163 4526 2254 4597 qui
2285 4541 2393 4581 non
2424 4526 2577 4580 timet
2606 4494 2938 4598 cgntagium.
2996 4494 3217 4596 Τϐἦάίι.
3251 4524 3476 4593 Propter
3509 4494 3770 4575 huma‘hi;

466 4591 679 4649 habetis
709 4586 981 4645 affectum.

533 4702 703 4759 Vnus.
726 4704 815 4758 24.
830 4732 900 4742 -
915 4701 1107 4757 Omnis
1127 4716 1274 4772 ergo.
1308 4696 1478 4766 Quasi
1498 4696 1641 4752 dicat
1667 4715 1678 4752 :
1705 4696 1898 4752 Omnia
1920 4713 2060 4768 prae-

465 4791 611 4848 dicta
640 4791 778 4846 bene
809 4790 1039 4845 tenenda
1087 4796 1228 4855 sunt,
1263 4787 1390 4859 quia
1417 4786 1508 4858 qui
1536 4793 1682 4841 tenet
1729 4784 2060 4840 assimilabi-

460 4889 550 4935 tur
578 4878 831 4943 Christo;
857 4877 949 4948 qui
969 4892 1077 4931 non
1099 4883 1262 4943 tenet,
1287 4875 1520 4930 diabolo.
1560 4875 1666 4942 Qui
1693 4878 1903 4939 autem,
1940 4890 2059 4946 quae

459 4967 516 5022 in
544 4974 728 5022 monte
773 4964 957 5020 habita
1003 4971 1126 5018 sunt
1157 4981 1169 5016 :
1204 4963 1347 5033 quod
1395 4962 1521 5018 dicit
1550 4971 1608 5017 ut
1656 4962 1903 5018 ostendat
1933 4978 2056 5018 ser-

459 5069 675 5109 monem
704 5054 761 5108 in
787 5060 969 5108 monte
998 5051 1258 5119 habitum,
1311 5050 1563 5105 omnibus
1603 5050 1892 5123 praceptis
1932 5051 2057 5123 qui-

460 5142 563 5197 bus
592 5140 896 5198 Christiana
924 5139 1034 5194 vita
1058 5138 1394 5207 informatur,
1447 5154 1570 5195 esse
1607 5139 1923 5211 perfectum.
1948 5139 2054 5196 As-

456 5231 825 5286 similabitur.
876 5227 1013 5296 Quia
1060 5228 1195 5282 sicut
1242 5226 1482 5281 Christus
1514 5228 1582 5282 de
1610 5228 1861 5298 personis
1892 5227 2055 5284 variis

452 5331 618 5393 unam
646 5316 952 5374 Ecclesiam
982 5314 1261 5383 construit,
1296 5314 1489 5380 erudit,
1524 5316 1663 5387 regit
1683 5317 1737 5371 in
1769 5316 1933 5372 vitam
1965 5316 2058 5372 de-

455 5405 728 5462 dicaturus
756 5412 1033 5470 aeternam,
1068 5402 1148 5459 sic
1194 5403 1296 5458 iste
1333 5402 1497 5457 variis
1525 5402 1814 5460 virtutibus
1852 5421 2051 5477 perpe-

453 5501 597 5574 tuam
627 5492 966 5549 mansionem
1012 5491 1116 5546 sibi
1163 5489 1409 5558 aedificat,
1454 5498 1507 5545 et
1534 5489 1588 5544 in
1619 5490 1796 5547 futura
1824 5493 2051 5549 dedica-

451 5582 599 5639 tione
627 5597 752 5639 cum
778 5580 995 5636 Christo
1027 5577 1315 5636 laetabitur.
1355 5579 1497 5635 Viro.
1532 5578 1616 5633 Illi
1646 5580 1739 5651 qui
1770 5580 1901 5637 dicit
1933 5599 1948 5636 :
1980 5581 2052 5637 Ut

453 5669 670 5742 sapiens
715 5668 1057 5737 architectus,
1107 5666 1512 5724 fundamentum
1538 5666 1697 5739 posui
1723 5667 1781 5725 in
1809 5668 2047 5726 Christo.

2159 4619 2343 4680 tatem,
2376 4622 2435 4669 ut
2460 4629 2561 4669 nos
2591 4614 2808 4669 doceret
2828 4612 3034 4668 nullum
3055 4626 3314 4684 spernere
3332 4625 3430 4682 pro
3448 4608 3629 4681 aliqua
3648 4622 3771 4663 cor-

2159 4702 2308 4775 poris
2337 4702 2713 4758 maculatione.
2748 4705 2984 4773 Apparet
3012 4715 3177 4772 supra
3203 4700 3386 4773 legem
3407 4698 3555 4771 (quae
3593 4696 3773 4769 lepro-

2158 4808 2279 4846 sum
2310 4790 2566 4862 excludit)
2597 4807 2720 4847 esse
2750 4789 3005 4864 gratiam,
3038 4805 3161 4861 qua;
3190 4795 3342 4843 sanat
3370 4802 3495 4844 eum
3522 4804 3538 4853 ;
3570 4792 3632 4841 ut
3649 4784 3762 4840 ait:

2160 4880 2281 4937 Non
2299 4880 2430 4936 veni
2445 4880 2654 4937 solvere
2677 4881 2875 4953 legem,
2908 4879 3005 4935 sed
3023 4878 3351 4951 adimplere,
3377 4882 3482 4932 etc.
3513 4874 3655 4932 Volo.
3680 4873 3771 4929 Eo

2158 4968 2368 5024 sanavit
2395 4984 2598 5041 genere
2628 4983 2737 5040 quo
2765 4967 2942 5023 fuerat
2971 4967 3309 5033 obsecratus,
3359 4962 3570 5022 deinde
3589 4961 3770 5035 impe-

2157 5063 2236 5110 rat
2268 5073 2282 5109 :
2318 5056 2603 5113 Mundare.
2635 5056 2782 5112 Ecce
2821 5062 3080 5127 potestas.

2227 5144 2397 5199 Vnus.
2432 5146 2485 5199 4.
2520 5174 2589 5185 -
2620 5144 2764 5211 Vide,
2799 5146 3043 5212 nemini,
3077 5151 3181 5200 etc.
3215 5143 3419 5197 Tacere
3441 5138 3627 5210 jussit,
3659 5151 3771 5194 nec

2154 5239 2332 5287 tamen
2362 5241 2543 5289 tacere
2571 5233 2762 5305 potuit.
2795 5233 2919 5289 Non
2951 5233 3095 5305 quod
3140 5230 3346 5302 aliquid
3374 5228 3542 5286 voluit
3571 5236 3625 5283 et
3653 5240 3771 5283 non

2152 5321 2346 5392 potuit,
2379 5322 2477 5376 sed
2506 5321 2596 5376 dat
2625 5322 2956 5393 exemplum,
2989 5329 3049 5376 ut
3076 5320 3160 5375 sui
3189 5320 3248 5374 in
3276 5317 3492 5391 magnis
3531 5332 3656 5389 qum
3685 5315 3770 5371 fa-

2153 5408 2303 5465 ciunt
2337 5409 2505 5466 latere
2551 5409 2717 5465 velint
2749 5428 2763 5463 :
2795 5410 2894 5465 sed
2923 5419 2980 5465 ut
3010 5408 3219 5480 prosint
3265 5406 3406 5472 aliis,
3456 5404 3762 5477 prodantur

2152 5496 2325 5564 inviti,
2358 5499 2588 5555 Nemini
2617 5498 2837 5555 dixeris
2868 5498 3058 5568 (Marc.
3083 5497 3145 5568 ι).
3169 5497 3326 5552 Hunc
3345 5503 3527 5549 tamen
3548 5494 3764 5548 Marcus

2150 5585 2247 5641 ubi
2274 5585 2421 5657 quod
2445 5587 2552 5643 hoc
2579 5586 2907 5659 praedicasse
2936 5584 3068 5641 dicit
3096 5583 3251 5655 quasi
3278 5580 3631 5655 Evangelista
3651 5579 3765 5637 fac-

2150 5681 2235 5731 tus
2262 5673 2352 5744 sit,
2390 5674 2547 5734 Vade.
2598 5673 2755 5732 Mittit
2790 5674 2861 5731 ad
2906 5672 3221 5732 sacerdotes
3261 5678 3484 5744 propter
3529 5666 3759 5728 humili-
