4000 6182
281 212 384 264 H3

1251 151 1522 264 (iLOSSA
1560 204 1970 264 ORDINARIA.
2011 235 2081 249 —
2119 206 2362 262 EVANG
2420 208 2676 264 MATTH.

3476 216 3582 270 ιιι

277 338 463 400 tatem,
498 337 560 386 ut
590 328 974 387 sacerdotibus
1001 327 1215 385 deferat
1248 329 1516 385 honorem
1559 329 1756 402 quibus
1793 328 1882 386 lex
1900 333 1958 394 Α
1983 329 2234 395 Domine,
2267 331 2366 386 sed
2393 331 2658 404 magister
2689 347 2704 386 :
2737 346 2905 387 unum
2923 331 2992 389 de
3019 333 3269 404 pluribus
3297 335 3578 407 magistris

273 421 427 490 jubet
456 419 760 475 mundatos
787 434 1016 474 munera
1045 417 1266 484 offerre,
1314 425 1368 472 et
1397 426 1454 473 ut
1483 418 1731 474 videntes
1760 433 1885 475 cre-

278 509 411 565 dant
443 508 495 563 ei
531 526 544 562 :
578 507 667 562 vel
699 507 744 561 si
775 523 886 562 non
930 506 1178 571 credunt,
1229 506 1627 562 inexcusabiles
1658 507 1782 572 sint,
1834 515 1888 562 et

278 615 345 653 ne
363 597 552 670 legem
572 595 834 669 frangere
857 595 1150 650 videretur.
1177 595 1414 651 Ostende
1435 599 1485 651 te
1503 595 1800 651 sacerdoti.
1819 596 1887 652 Ut

278 685 549 741 sacerdos
582 700 693 739 non
723 683 866 756 legis
896 683 1108 748 ordine,
1142 683 1240 737 sed
1271 683 1451 755 gratia
1482 683 1580 737 Dei
1612 699 1777 754 supra
1806 682 1884 738 le-

277 790 405 847 gem
438 781 693 828 curatum
724 788 848 827 esse
879 771 1164 843 intelligat.
1200 771 1365 842 0/fer,
1399 778 1500 826 etc.
1535 770 1673 839 Quia
1703 771 1884 842 legem

280 878 390 917 non
423 861 606 927 solvo,
651 861 780 932 quia
817 860 1058 915 nondum
1101 858 1266 929 coepit
1302 875 1492 914 verum
1530 858 1878 915 sacriﬁcium.

278 953 342 1009 In
368 952 785 1006 testimonium.
811 949 871 1004 ld
892 957 994 1014 est,
1009 947 1241 1002 Domino
1262 947 1507 1011 credant,
1524 947 1568 1000 si
1591 947 1884 1017 impietatis

277 1039 435 1109 lepra
466 1038 776 1094 discendat.
801 1038 866 1092 In
890 1037 1296 1091 testimonium.
1323 1034 1631 1105 Spiritualis
1652 1035 1884 1090 curatio-

274 1128 381 1193 nis,
419 1126 771 1182 offerendum
801 1133 884 1179 est
911 1141 1108 1179 munus
1139 1123 1418 1194 spirituale
1449 1124 1612 1178 homo
1643 1123 1778 1194 ipse.

344 1240 527 1295 Vens.
562 1243 618 1294 7.
642 1270 711 1281 -
731 1241 842 1311 Ego
862 1241 1085 1295 veniam
1103 1242 1161 1293 et
1179 1239 1381 1293 curabo
1402 1253 1550 1293 cum.
1575 1239 1646 1292 Et
1662 1253 1882 1310 respon-

276 1331 414 1386 dens
447 1330 715 1385 centurio
743 1330 848 1394 ait,
881 1335 982 1382 etc.
1009 1328 1208 1398 Magna
1235 1325 1531 1391 humilitas,
1556 1334 1684 1391 etc.,
1706 1343 1879 1398 usque

277 1418 350 1473 ad
399 1417 475 1471 ob
524 1416 902 1488 impotentiam
948 1414 1143 1470 virium
1189 1413 1550 1485 corporaliter
1595 1413 1675 1470 ire
1713 1421 1876 1485 puta-

273 1515 445 1562 retur.

340 1622 520 1676 Vens.
558 1624 612 1674 8.
645 1649 715 1660 -—
747 1620 866 1676 Non
894 1636 1019 1675 sum
1049 1620 1272 1691 dignus.
1324 1619 1554 1688 Propter
1583 1617 1873 1672 conscien-

1986 419 2282 475 mstimans.

2059 509 2228 562 Vens.
2261 510 2350 565 20.
2384 537 2452 547 —
2491 508 2684 580 Vulpes
2713 511 2899 579 foveas
2931 509 3155 565 habent.
3183 509 3352 579 Quasi
3380 511 3528 567 dicat
3558 530 3572 566 :

1988 594 2130 664 Quid
2160 613 2247 650 me
2277 603 2503 666 propter
2531 594 2686 651 lucra
2715 596 2921 662 saeculi,
2968 605 3097 664 etc.,
3131 615 3303 670 usque
3334 599 3406 654 ad
3434 599 3577 656 divi-

1987 684 2138 738 nitati
2170 684 2367 738 Christi
2397 699 2506 738 non
2547 691 2630 738 est
2673 684 2846 740 locus.
2889 687 3070 741 Filius
3113 691 3304 742 autem
3335 689 3580 745 hominis

1985 788 2100 828 non
2147 772 2328 837 habet,
2375 780 2479 827 etc.
2528 773 2662 826 Cum
2701 774 2950 828 homines
2993 783 3189 829 vocent
3232 792 3356 830 eum
3388 776 3579 832 Filium

1986 859 2106 924 Dei,
2141 860 2256 930 ipse
2289 859 2529 930 seipsum
2559 868 2721 916 vocat
2750 861 2942 916 Filium
2971 863 3228 929 hominis,
3261 864 3578 920 humilitatis

1984 963 2172 1002 causa.

2056 1037 2225 1090 Vnus.
2249 1040 2309 1092 2t
2325 1078 2338 1090 .
2357 1067 2427 1076 —
2444 1039 2605 1093 Alius
2624 1043 2834 1094 autem.
2854 1039 2996 1093 Nota
3015 1039 3159 1094 hunc
3180 1048 3431 1094 vocatum
3455 1057 3579 1098 esse

1983 1139 2017 1179 a
2045 1125 2195 1179 Jesu.
2229 1127 2482 1180 Domine.
2518 1126 2612 1179 Ille
2645 1128 2735 1196 qui
2765 1127 2994 1199 ingessit
3025 1144 3082 1181 se
3113 1135 3270 1182 vocat
3300 1145 3424 1182 eum
3452 1145 3576 1184 ma-

1981 1212 2174 1285 gister,
2209 1221 2266 1267 ut
2297 1213 2472 1267 elatus
2503 1215 2837 1280 Phariszeus,
2897 1215 3036 1269 alter
3066 1215 3158 1286 qui
3187 1224 3440 1287 receptus
3470 1225 3572 1284 est,

1980 1301 2274 1356 Dominum
2305 1309 2464 1357 vocat
2493 1302 2786 1368 humiliter,
2821 1303 2960 1358 sicut
2989 1303 3330 1373 publicanus.

2050 1417 2221 1471 Vnus.
2271 1421 2360 1473 22.
2411 1448 2480 1457 —
2531 1419 2770 1474 Mortuos
2799 1435 2943 1474 suos.
2979 1417 3083 1487 Qui
3113 1418 3274 1488 culpa
3305 1419 3571 1486 exierunt,

1979 1511 2038 1559 ut
2067 1505 2169 1574 ipsi
2198 1520 2322 1559 cum
2351 1504 2512 1575 culpa
2542 1505 2745 1560 vivunt.
2780 1508 3023 1571 Mortuos
3053 1507 3308 1578 sepelire,
3341 1516 3422 1562 est
3451 1525 3574 1579 pec-

1978 1601 2195 1649 catores
2225 1593 2279 1647 in
2308 1601 2536 1664 peccato
2566 1593 2772 1650 fovere.

274 1711 402 1764 tiam
455 1709 587 1764 vitae
624 1707 875 1778 gentilis,
916 1682 1285 1779 magisvtimet
1323 1682 1546 1778 gravari
1582 1683 1991 1779 prmsentiaB_
2051 1682 2221 1737 vms'
2274 1685 2362 1739 23°
2413 1713 2481 1779 __
2527 1685 2599 1779 {at
2643 1684 3006 1779 αδσθηάθηίθς-
3034 1684 3412 1779 ⁸(ξυίᾟηὲἓῖῐλίξ
3446 1684 3574 1779 re?“

273 1813 436 1870 quam
465 1796 674 1865 juvari,
706 1795 834 1866 quia
864 1804 916 1850 et
946 1796 990 1848 si
1021 1804 1138 1849 erat
1178 1795 1283 1850 fide
1314 1795 1603 1864 przeditus,
1636 1793 1877 1848 nondum

272 1895 459 1942 tamen
488 1893 613 1939 erat
644 1883 1006 1940 sacramentis
1035 1883 1289 1938 imbutus.
1343 1883 1451 1938 Sed
1482 1882 1627 1954 quod
1657 1898 1759 1938 nec
1786 1880 1874 1936 in-

274 1974 506 2028 ﬁrmitas
537 1980 729 2027 nostra
769 1971 1044 2042 praesumit
1074 1971 1253 2043 gratia
1283 1971 1417 2026 dare
1449 1970 1613 2025 novit.

341 2087 520 2141 Vnus.
557 2091 609 2140 9.
645 2117 714 2126 —
746 2087 887 2141 Nam
920 2090 975 2140 et
1003 2101 1119 2156 ego,
1153 2092 1257 2140 etc.
1302 2085 1357 2139 Si
1390 2099 1495 2156 ego
1524 2085 1708 2148 homo,
1742 2090 1872 2146 etc.,

278 2192 450 2248 usque
479 2175 556 2230 ad
587 2181 646 2228 ut
676 2173 963 2228 Cornelius
1007 2173 1206 2229 dicitur
1241 2175 1329 2228 vir
1355 2176 1550 2246 justus
1580 2177 1638 2227 et
1668 2173 1874 2227 timens

278 2266 453 2319 Deum
487 2264 637 2333 (Act.
671 2263 754 2331 x).

340 2366 519 2419 Vens.
550 2369 635 2418 11.
661 2395 730 2403 —
751 2364 826 2418 Ab
846 2365 1061 2419 oriente
1083 2368 1140 2418 et
1157 2363 1442 2419 occidente
1464 2363 1695 2417 venient
1711 2365 1769 2416 et
1785 2377 1872 2416 re-

274 2454 558 2510 cumbent.
585 2452 683 2507 Vel
704 2452 909 2516 oriens,
934 2452 1023 2523 qui
1045 2451 1329 2505 illuminati
1351 2449 1529 2505 statim
1551 2456 1868 2514 transeunt;

272 2542 534 2599 occidens
559 2583 573 2606 ,
615 2541 707 2612 qui
737 2540 1021 2611 passiones
1051 2557 1223 2612 usque
1253 2539 1324 2594 ad
1353 2547 1586 2594 mortem
1616 2537 1866 2592 tolerant.

273 2633 373 2686 Per
401 2631 542 2684 istas
570 2629 709 2684 duas
741 2637 928 2698 partes
955 2628 1144 2683 mundi
1187 2645 1252 2682 ex
1294 2628 1490 2700 quibus
1529 2634 1724 2699 gentes
1767 2641 1867 2680 vo-

271 2719 461 2776 canda:
502 2725 662 2772 erant
690 2717 1068 2790 designantur.

338 2836 516 2890 Vnus.
553 2835 874 2890 t2.—Filii
903 2837 1095 2888 autem
1123 2834 1288 2904 regni
1308 2833 1630 2903 ejicientur.
1657 2829 1793 2898 Quia
1815 2828 1871 2883 in

270 2926 372 2980 hoc
420 2923 629 2979 mundo
673 2921 926 2976 fruuntur
967 2919 1247 2976 beneficiis
1276 2919 1414 2985 Dei;
1467 2919 1765 2976 secundum
1797 2917 1867 2971 il-

271 3013 361 3067 lud
395 3031 408 3066 :
444 3013 608 3068 Pluit
626 3027 794 3083 super
801 3014 985 3082 justas
1006 3014 1062 3065 et
1080 3011 1340 3081 injustas.
1364 3008 1522 3063 Nunc
1542 3007 1792 3062 videntur
1811 3006 1866 3060 in

272 3101 409 3156 facie
441 3099 685 3162 Domini,
719 3099 816 3153 sed
848 3107 974 3153 tunc
995 3098 1233 3152 minime.
1260 3098 1322 3152 In
1347 3097 1600 3152 tenebras
1621 3097 1866 3152 exterio-

271 3208 375 3246 res.
411 3189 555 3258 Quia
599 3204 634 3242 a
679 3187 893 3242 Domini
934 3186 1082 3242 foras
1121 3186 1480 3258 expellentur,
1523 3193 1652 3251 etc.,
1694 3200 1866 3256 usque

270 3280 338 3334 ad
367 3277 598 3350 paenitet
630 3277 778 3347 quod
806 3275 1034 3346 deliquit
1080 3275 1450 3346 pertinaciter.
1504 3275 1712 3330 Fletus.
1762 3273 1866 3326 Per

269 3369 369 3422 hoc
398 3365 711 3422 ostenditur
740 3365 1058 3438 magnitudo
1094 3372 1507 3418 tormentorum.
1532 3363 1637 3417 Per
1656 3361 1861 3426 ﬂetum,

271 3463 601 3511 tormentum
632 3453 864 3520 animae;
906 3469 1005 3522 per
1034 3453 1326 3507 stridorem
1358 3451 1620 3517 dentium,
1661 3465 1864 3521 corpo-

273 3546 361 3599 ris.

337 3634 507 3688 Vnus.
545 3633 633 3686 M.
669 3660 737 3670 —
758 3632 829 3685 Et
855 3647 984 3686 cum
1003 3631 1266 3692 venisset,
1291 3636 1396 3684 etc.
1421 3627 1652 3696 Quando
1673 3627 1777 3681 hoc
1795 3625 1865 3680 sit

271 3722 463 3779 factum
496 3737 609 3776 non
639 3720 910 3790 expressit
940 3720 1244 3785 Matthaeus,
1278 3727 1406 3783 etc.,
1440 3732 1612 3789 usque
1641 3716 1713 3771 ad
1741 3731 1869 3769 nar-

272 3812 436 3866 renda
457 3809 833 3865 recordationi
855 3808 971 3876 ejus
993 3823 1316 3879 suggerere.
1335 3809 1404 3860 Et
1416 3805 1858 3876 febricitantem.

273 3900 452 3955 Febris
502 3899 721 3963 Graece,
775 3895 957 3952 fervor
989 3896 1174 3950 Latine
1205 3895 1403 3951 dicitur
1435 3913 1448 3948 :
1482 3902 1536 3948 et
1567 3893 1612 3947 si
1644 3892 1862 3965 quando

272 3990 377 4046 hzec
404 3989 598 4060 passio
629 3986 795 4044 faciat
823 3994 1082 4051 tremere,
1115 3992 1324 4039 natura:
1354 3992 1435 4038 est
1463 3984 1734 4037 humanae.

336 4105 503 4158 Vens.
541 4105 629 4158 15.
663 4131 731 4142 -
764 4103 837 4156 Et
869 4102 1072 4172 tetigit,
1107 4107 1212 4155 etc.
1237 4100 1411 4154 Lucas
1431 4097 1580 4164 dicit,
1605 4097 1752 4170 quod
1773 4111 1862 4151 ro-

273 4200 554 4264 gaverunt,
571 4199 705 4254 etc.,
719 4206 892 4263 usque
913 4190 984 4245 ad
1004 4197 1061 4243 ut
1081 4189 1299 4245 Delicta
1312 4189 1434 4260 quis
1456 4187 1773 4258 intelligit:
1794 4185 1860 4240 ab

273 4283 497 4337 occultis
516 4282 663 4335 meis
681 4279 895 4335 munda
914 4295 1004 4334 me
1021 4278 1192 4348 (Psal.
1211 4277 1350 4347 vm).
1365 4278 1435 4331 Et
1451 4276 1722 4341 surrexit,
1749 4280 1852 4328 etc.

271 4369 520 4426 Naturale
553 4376 636 4424 est
666 4367 1102 4423 febricitantibus
1141 4365 1430 4436 incipiente
1470 4363 1700 4419 sanitate
1742 4362 1858 4418 las-

272 4473 499 4523 sescere,
536 4465 669 4522 etc.,
701 4473 875 4528 usque
905 4456 976 4511 ad
1006 4454 1277 4508 ministrat
1307 4453 1363 4507 in
1394 4451 1606 4524 spiritu.

333 4559 502 4614 Vens.
540 4561 627 4612 t6.
671 4587 739 4598 -
794 4559 1019 4629 Vespere
1047 4561 1240 4612 autem
1270 4558 1440 4626 facto,
1475 4561 1580 4609 etc.
1615 4552 1860 4608 Occasus

273 4647 411 4713 solis,
443 4663 599 4702 mors
632 4654 717 4701 est
749 4646 970 4711 Christi,
993 4661 1093 4715 per
1112 4659 1276 4716 quam
1296 4643 1482 4713 plures
1504 4642 1718 4697 sanavit
1749 4641 1858 4696 dte-

273 4738 564 4800 moniacos,
598 4750 763 4806 quam
794 4742 920 4790 ante
949 4733 1139 4789 vivens
1168 4733 1223 4786 in
1251 4747 1418 4788 carne
1455 4738 1714 4804 aegrotos.

335 4851 500 4906 Vens.
537 4855 626 4906 18.
660 4879 728 4890 -
764 4851 961 4906 Videns
991 4853 1184 4906 autem
1201 4850 1378 4904 Jesus.
1403 4847 1746 4902 Manifestum
1777 4853 1862 4901 est

271 4940 424 4994 alium
454 4955 582 4996 esse
612 4938 780 5004 diem,
813 4947 942 5006 etc.,
975 4954 1147 5010 usque
1177 4938 1247 4993 ad
1277 4951 1497 4992 amaros
1528 4935 1713 4991 saeculi
1753 4935 1858 4989 flu-

271 5035 382 5082 οιιιε
409 5037 778 5083 transeamus.

335 5130 503 5186 Vnus.
539 5134 626 5186 t9.
677 5159 747 5170 —
789 5130 860 5185 Et
905 5127 1194 5185 accedens.
1229 5127 1389 5196 Quod
1418 5127 1700 5182 Mattheus
1730 5125 1860 5182 dicit

271 5219 368 5274 hoc
395 5219 598 5276 factum
647 5218 868 5291 quando
899 5218 1064 5288 jussit
1100 5218 1182 5272 ire
1225 5225 1377 5272 trans
1405 5215 1605 5271 fretum
1637 5233 1650 5269 :
1684 5216 1859 5271 Lucas

274 5323 394 5363 vero
414 5308 841 5364 ambulantibus
872 5309 992 5362 illis
1014 5309 1076 5362 in
1094 5309 1185 5362 via
1209 5325 1226 5360 :
1247 5321 1357 5360 non
1377 5313 1460 5360 est
1481 5304 1817 5360 contrarium
1842 5321 1855 5357 :

273 5396 390 5468 quia
417 5397 506 5452 via
532 5397 893 5452 ambulabant
938 5404 995 5450 ut
1022 5395 1272 5450 venirent
1309 5395 1378 5450 ad
1420 5395 1636 5449 fretum.
1683 5394 1858 5465 Magi-

273 5490 396 5541 ster.
444 5484 617 5556 Quasi
648 5502 790 5540 unus
820 5485 889 5540 sit
918 5484 988 5540 de
1015 5484 1281 5555 pluribus.
1326 5485 1393 5538 Et
1435 5483 1551 5554 ipse
1594 5483 1860 5538 litterator

275 5583 402 5641 erat,
450 5591 561 5632 non
594 5573 896 5648 spiritualis
943 5573 1175 5630 auditor.
1218 5574 1498 5645 Magister.
1527 5572 1667 5664 .Non
1702 5570 1856 5641 dixit,

1977 1771 2032 1826 in
2067 1778 2233 1838 terra,
2267 1770 2457 1826 transit
2489 1771 2558 1825 ad
2588 1786 2762 1836 mare,
2803 1779 2862 1825 ut
2891 1779 2943 1827 et
2973 1773 3046 1844 ibi
3078 1772 3262 1837 faciat,
3297 1781 3350 1828 et
3379 1773 3570 1829 Domi-

1978 1875 2081 1914 nus
2111 1867 2274 1915 terra)
2304 1867 2357 1913 et
2384 1859 2554 1914 maris
2585 1867 2867 1930 appareat.
3033 1849 3036 1856 ’

2047 1973 2216 2028 Vnus.
2251 1976 2339 2030 24.
2363 2004 2432 2014 -
2451 1975 2589 2029 Ecce
2619 1978 2821 2030 motus.
2846 1975 2968 2029 Non
2999 1991 3065 2030 ex
3096 1991 3154 2029 se
3184 1983 3305 2030 orta
3325 1984 3405 2030 est
3429 1984 3569 2031 tem-

1973 2070 2180 2132 pestas,
2214 2063 2311 2117 sed
2343 2063 2460 2130 ejus
2479 2063 2709 2133 imperio
2745 2082 2757 2117 :
2792 2071 2846 2117 ut
2867 2063 3119 2135 discipuli
3149 2065 3328 2136 magis
3349 2064 3572 2120 timeant

1975 2158 2029 2205 et
2059 2158 2256 2223 rogent
2291 2169 2304 2205 :
2337 2157 2391 2204 et
2420 2152 2742 2222 rogantibus
2785 2153 3036 2208 ostendat
3078 2153 3394 2224 potentiam.
3427 2156 3572 2210 Dor-

1972 2240 2202 2295 miebat.
2235 2239 2446 2293 Dormit
2475 2240 2531 2294 in
2562 2241 2720 2295 nobis
2749 2241 3033 2309 Dominus,
3086 2243 3142 2296 id
3173 2250 3256 2297 est
3285 2242 3421 2298 ﬁdes
3450 2243 3564 2298 Do-

1973 2328 2123 2393 mini,
2183 2343 2307 2382 cum
2365 2328 2732 2400 negligentius
2789 2331 3024 2402 agimus,
3085 2338 3137 2384 et
3183 2330 3308 2386 ideo
3352 2340 3564 2402 tempe-

1973 2423 2104 2470 stas.
2141 2415 2197 2470 Si
2227 2432 2360 2471 vero
2391 2416 2528 2470 fides
2557 2417 2816 2487 resurgit,
2848 2418 3081 2488 imperat
3110 2419 3284 2474 ventis
3315 2427 3368 2474 et
3396 2419 3565 2475 ﬂucti-

1972 2504 2092 2558 bus.

2041 2593 2211 2646 Vens.
2243 2594 2333 2648 25.
2366 2621 2435 2631 —
2456 2593 2900 2648 Suscitaverunt.
2935 2593 3175 2647 Primum
3207 2600 3290 2648 est
3316 2595 3477 2650 Jesus
3505 2594 3562 2650 in

1969 2679 2411 2757 tribulationibus
2453 2680 2794 2735 orationibus
2840 2680 3179 2747 excitandus,
3220 2689 3276 2736 ut
3311 2691 3433 2754 post
3471 2683 3561 2738 in-

1969 2769 2343 2839 crepationem
2381 2785 2616 2841 surgens
2654 2768 2885 2840 imperet
2915 2769 3087 2824 ventis
3118 2777 3172 2825 et
3199 2771 3359 2838 mari,
3400 2779 3456 2826 et
3493 2772 3562 2827 sit

1970 2856 2335 2928 tranquillitas
2362 2872 2586 2929 magna.

2040 2973 2210 3027 Vens.
2253 2976 2341 3029 26.
2384 3002 2452 3012 —
2491 2973 2731 3039 Modica),
2773 2981 2877 3028 etc.
2926 2973 2982 3028 Si
3025 2973 3253 3028 novistis
3281 2981 3559 3044 potentem

1885 3044 1934 3108 Ο
1965 3061 2021 3116 in
2051 3069 2219 3126 terra,
2255 3077 2354 3116 cur
2383 3077 2493 3116 non
2524 3062 2746 3116 creditis
2786 3061 2949 3117 etiam
2993 3062 3047 3116 in
3088 3062 3274 3117 mari?
3314 3061 3418 3132 Qui
3457 3078 3562 3134 pa-

1967 3167 2089 3205 rum
2120 3149 2312 3216 credit,
2363 3150 2615 3222 arguitur
2648 3168 2661 3204 :
2695 3150 2786 3221 qui
2825 3151 2978 3217 nihil,
3025 3151 3407 3207 contemnitur.
3455 3153 3564 3208 Im-

1959 3242 2201 3311 peravit,
2263 3246 2368 3295 etc.
2433 3238 2528 3294 Cui
2586 3239 2905 3310 imperatur,
2968 3240 3329 3311 imperantem
3377 3241 3558 3297 sentit.

1964 3329 2107 3382 Nota
2145 3328 2291 3399 quod
2333 3327 2510 3382 omnis
2553 3336 2806 3384 creatura
2853 3337 3160 3385 creatorem
3199 3330 3381 3385 sentit.
3428 3329 3564 3399 Quae

1965 3417 2111 3487 apud
2141 3433 2242 3471 nos
2271 3417 2628 3483 insensibilia,
2670 3417 2757 3471 isti
2788 3425 2914 3472 sunt
2943 3417 3243 3474 sensibilia.

2037 3506 2207 3561 Vnus.
2239 3507 2328 3561 27.
2361 3536 2429 3544 —
2463 3507 2655 3572 Qualis
2683 3511 2769 3562 est
2799 3508 2910 3573 hic,
2962 3515 3067 3563 etc.
3111 3505 3325 3578 (01110.)
3365 3506 3556 3576 Qualis

1964 3602 2048 3649 est
2077 3595 2196 3660 iste,
2246 3595 2424 3663 major
2464 3596 2671 3665 Moyse,
2712 3603 2840 3662 etc.,
2886 3613 3058 3669 usque
3096 3597 3168 3653 ad
3206 3612 3316 3652 non
3353 3597 3556 3652 habent

1964 3681 2208 3738 auditum
2236 3683 2635 3754 obtemperant.

2035 3773 2204 3827 Vnus.
2227 3775 2316 3826 28.
2340 3773 2403 3826 In
2426 3774 2709 3843 regionem
2733 3773 3162 3828 Gerasenorum.
3188 3773 3400 3828 Geraza
3421 3773 3556 3830 urbs

1963 3867 2048 3915 est
2067 3860 2302 3927 Arabize,
2335 3868 2464 3927 etc.,
2488 3877 2659 3932 usque
2677 3862 2748 3916 ad
2763 3877 2796 3915 a
2817 3860 3032 3915 Christo
3053 3861 3268 3915 visitata
3286 3878 3385 3932 per
3413 3877 3553 3932 prae-

1962 3949 2256 4004 dicatores.
2305 3951 2424 4004 Duo
2471 3949 2752 4004 habentes.
2804 3951 3022 4005 Marcus
3069 3957 3121 4004 et
3166 3951 3341 4006 Lucas
3369 3950 3556 4006 dicunt

1963 4053 2150 4103 unum,
2183 4045 2312 4104 etc.,
2345 4053 2518 4110 usque
2547 4038 2618 4093 ad
2648 4037 2946 4093 foeditatem
2975 4053 3271 4109 corporum
3300 4039 3554 4096 ostende-

1962 4125 2110 4180 bant.
2147 4128 2306 4183 Sazvi.
2339 4127 2556 4182 Marcus
2584 4126 2714 4182 dicit
2745 4127 2891 4198 quod
2920 4127 3101 4181 nullus
3125 4127 3239 4196 jam
3268 4127 3557 4184 daemonia-

1962 4230 2107 4278 cum,
2141 4222 2268 4280 etc.,
2300 4232 2471 4288 usque
2500 4215 2572 4270 ad
2599 4215 2922 4288 impugnant
2951 4215 3190 4286 aliquem
3221 4217 3478 4273 transire.

2032 4317 2201 4371 Vnus.
2235 4321 2323 4374 29.
2358 4347 2425 4356 —
2455 4319 2584 4373 Jesu
2608 4318 2698 4386 ﬁli
2726 4320 2845 4374 Dei.
2888 4317 3134 4390 (HILAR.)
3163 4318 3338 4391 Magis
3369 4319 3551 4390 suspi-

1879 4406 1932 4467 D
1963 4405 2070 4461 cati
2118 4420 2281 4477 quam
2327 4422 2489 4460 nosse
2529 4406 2790 4461 credendi
2839 4415 2982 4461 sunt.
3030 4407 3261 4477 (Auum)
3299 4409 3430 4464 Jesu
3466 4408 3556 4476 ﬁli
3623 4428 3628 4432 ·

1958 4497 2080 4551 Dei.
2113 4496 2343 4550 Tantum
2373 4495 2450 4548 eis
2481 4494 2710 4550 innotuit
2758 4503 3018 4565 quantum
3051 4495 3241 4561 voluit,
3284 4503 3411 4562 etc.,
3452 4512 3554 4553 us—

1959 4599 2063 4656 que
2091 4583 2164 4638 ad
2192 4583 2447 4637 videbant
2476 4583 2531 4637 in
2561 4599 2646 4648 eo,
2671 4599 2779 4637 non
2800 4582 3116 4638 credebant.
3140 4582 3284 4643 Ante
3308 4587 3544 4657 tempus.

1959 4671 2216 4726 Sciebant
2246 4672 2390 4727 enim
2419 4671 2521 4725 sibi
2541 4671 2778 4726 futuram
2798 4671 2852 4725 in
2875 4671 2972 4726 Dei
2987 4670 3552 4746 judicio,etc.,usque

1959 4761 2031 4816 ad
2061 4760 2279 4815 fuerunt
2308 4759 2450 4814 enim
2480 4760 2588 4813 duo
2616 4759 2805 4826 millia,
2829 4767 2887 4814 ut
2906 4761 3123 4816 Marcus
3153 4761 3244 4816 ait.
3287 4763 3553 4834 Torquere

1958 4866 2077 4905 nos.
2111 4849 2406 4904 Praesentia
2436 4847 2632 4903 Christi
2663 4856 2872 4904 tortura
2894 4857 2976 4904 est
3006 4850 3121 4917 eis;
3157 4850 3262 4918 vel,
3295 4858 3554 4922 torquen-

1957 4946 2047 4992 tur
2075 4937 2203 4992 dum
2234 4938 2301 4992 de
2321 4937 2644 5009 corporibus
2675 4937 2982 5007 ejiciuntur,
3006 4939 3060 4993 in
3081 4955 3312 5011 quorum
3342 4946 3553 4995 tortura

1958 5026 2390 5092 delectabantur,
2446 5027 2584 5084 sicut
2614 5028 2906 5099 praesentia
2953 5028 3052 5084 Dei
3100 5027 3326 5086 refectio
3375 5044 3551 5104 ange-

1958 5115 2158 5169 lorum.

2029 5217 2199 5270 Vens.
2233 5219 2319 5270 3t.
2354 5246 2421 5256 -
2451 5217 2606 5273 Mitte
2636 5235 2755 5274 nos.
2777 5219 2920 5273 Nota
2948 5219 3118 5274 multo
3139 5221 3318 5275 minus
3338 5236 3434 5276 eos
3454 5236 3556 5278 sua

1958 5312 2226 5376 potestate
2257 5320 2456 5360 nocere
2487 5306 2818 5372 hominibus,
2854 5308 2945 5380 qui
2977 5323 3078 5364 nec
3107 5309 3401 5380 pecoribus
3427 5325 3556 5380 pos-

1960 5402 2103 5448 sunt.
2135 5393 2253 5448 Nisi
2283 5394 2404 5466 quis
2433 5411 2587 5450 more
2615 5395 2770 5466 porci
2808 5396 3023 5465 vixerit,
3064 5398 3314 5453 diabolus
3344 5399 3398 5452 in
3429 5411 3553 5452 etun

1958 5490 2283 5555 potestatem
2313 5499 2422 5538 non
2451 5484 2668 5556 accipit,
2709 5485 2813 5540 nisi
2845 5485 2984 5541 forte
3013 5487 3082 5540 ad
3115 5486 3476 5557 probandum.

2031 5571 2201 5627 Vnus.
2228 5575 2313 5630 32.
2339 5603 2407 5614 —
2428 5574 2499 5631 Et
2519 5589 2642 5632 ecce
2662 5591 2886 5645 magno.
2912 5573 3140 5646 Dignior
3159 5577 3320 5628 homo
3342 5564 3528 5626 bestiis
