4000 6182
437 263 541 315 115

924 258 1329 315 WALAFRIDI
1368 257 1614 314 suum
1651 256 1850 313 FULD.
1890 216 2063 312 MoN.
2104 255 2257 313 orr.
2298 255 2474 313 rans
2512 257 2554 311 ι.
2595 286 2665 298 -
2700 255 3169 314 THEOLOGICA.

3622 259 3729 312 116

439 398 563 440 cum
609 362 831 455 propter
876 382 1100 438 salutem
1142 382 1367 437 duorum
1408 381 1688 437 hominum
1725 378 1831 435 duo
1868 378 2109 442 milliaA
2140 381 2211 438 cit
2243 399 2255 435 :
2289 379 2495 436 relictis
2525 380 2797 447 omnibus,
2840 388 3058 436 secutus
3089 386 3172 434 est
3200 395 3324 436 eum
3354 387 3463 435 tam
3493 393 3731 454 corpore

436 487 727 544 porcorum
756 471 1050 543 perierunt.
1083 471 1334 526 Liberato
1353 470 1554 541 pOpulo
1575 469 1839 541 gentium,
1864 468 2039 523 incre-

440 560 553 616 duli
579 567 746 632 agunt
774 560 946 615 malos
982 559 1118 614 ritus
1147 558 1204 614 in
1238 558 1435 613 abditis
1469 573 1483 613 :
1514 572 1662 614 caeca
1690 565 1743 613 et
1770 555 2037 629 profunda
2058 616 2085 639 ἱ

443 648 756 705 curiositate
786 647 1080 703 submersi.

516 763 688 819 Vens.
715 766 802 819 33.
825 792 894 803 —-
914 765 1171 819 Pastores
1191 766 1383 818 autem
1402 765 1695 834 fugerunt.
1713 761 1853 831 Quia
1874 760 2038 816 etiam

445 852 668 925 quidam
722 850 996 923 principes
1044 850 1351 921 impiorum,
1402 858 1475 918 et,
1525 852 1573 907 si
1613 850 1827 924 fugiunt
1873 849 2038 905 ﬁdem

445 940 662 1007 Christi,
697 948 877 996 tamen
905 939 1202 1010 potentiam
1232 939 1349 1008 ejus
1376 938 1629 995 mirando
1659 938 1907 994 nuntiare
1928 954 2036 997 non

445 1035 677 1086 cessant.

517 1143 691 1198 Vnus.
723 1143 811 1197 34.
843 1172 912 1183 -
957 1144 1121 1198 Exiit
1167 1141 1402 1198 obviam.
1452 1142 1638 1214 (831).)
1685 1142 2034 1207 Prodeuntes,

445 1232 662 1303 signant
699 1231 960 1303 quosdam
1010 1230 1399 1286 consuetudine
1445 1229 1658 1302 ligatos,
1708 1231 1887 1285 mirari
1914 1231 2039 1302 qui-

444 1320 569 1375 dem
600 1326 653 1374 et
680 1319 925 1375 venerari
952 1318 1132 1390 legem
1161 1318 1378 1384 Christi,
1413 1318 1512 1374 sed
1540 1318 1683 1374 nolle
1709 1318 1818 1389 pati
1851 1336 1865 1373 :
1896 1319 2040 1375 unde

445 1407 674 1464 transire
707 1414 918 1479 rogant.
949 1410 1021 1463 Et
1066 1409 1413 1463 invenerunt
1451 1407 1735 1463 hominem
1764 1408 1843 1478 (ut
1870 1408 2039 1463 Lucas

442 1496 539 1567 ait)
585 1498 852 1553 vestitum
891 1500 949 1551 et
986 1513 1125 1551 sana
1166 1499 1355 1551 mente
1394 1496 1581 1551 sedere
1620 1495 1691 1552 ad
1716 1496 1880 1568 pedes
1911 1498 2041 1552 Jesu

450 1586 608 1655 (Luc.
640 1584 785 1663 νηί)ὲ
814 1584 1100 1656 Rogabant
1127 1600 1277 1639 eum.
1313 1583 1525 1654 Rogant
1553 1600 1661 1639 non
1691 1584 1759 1639 de
1788 1583 2042 1654 superbia

450 1672 520 1728 de
547 1672 841 1727 humilitate
865 1672 1165 1741 judicantes
1197 1687 1257 1726 se
1285 1672 1561 1743 indignos,
1591 1680 1649 1725 ut
1676 1672 1865 1728 Petrus
1893 1671 2038 1737 fecit,

450 1768 504 1817 et
529 1760 688 1816 vidua
717 1760 786 1816 de
821 1737 959 1815 Elia.
1005 1758 1285 1815 Timebant
1321 1737 1721 1816 ne'destrueret
1762 1774 1857 1816 eos
1895 1776 2039 1831 prae-
2060 1737 2114 1798 Β

447 1849 619 1905 sentia
674 1848 973 1904 sanctitatis
1029 1849 1147 1919 ejus
1194 1856 1412 1920 propter
1465 1855 1684 1920 peccata
1737 1863 1853 1914 sua,
1904 1848 2044 1905 sicut

450 1936 781 1994 destruxerat
816 1950 1032 2008 porcos.

1068 2077 1293 2135 CAPUT
1331 2077 1429 2134 IX.

525 2219 696 2276 Vnus.
732 2223 783 2275 1.
818 2213 888 2262 -ὲ-
917 2220 982 2275 In
1011 2222 1321 2277 civitatem.
1353 2219 1437 2276 Ne
1464 2226 1619 2293 putes
1638 2219 1777 2275 hanc
1795 2233 1918 2276 esse
1936 2218 2045 2274 Na-

452 2308 652 2376 zareth,
700 2315 828 2376 etc.,
880 2324 1052 2381 usque
1094 2308 1167 2365 ad
1212 2309 1587 2381 Capharnaum
1636 2308 1792 2379 quasi
1840 2314 2045 2364 metro-

452 2395 615 2470 polis.

524 2485 696 2540 Vnus.
711 2487 765 2542 2.
780 2514 850 2527 -—
864 2484 1197 2557 Offerebant.
1213 2483 1475 2541 Doctores
1492 2490 1634 2552 sunt,
1657 2483 1749 2557 qui
1764 2483 2048 2541 sublevant

453 2580 509 2632 et
536 2572 766 2631 oﬁ'erunt
798 2573 1009 2630 Christo
1038 2574 1311 2630 monendo
1332 2581 1384 2629 et
1402 2573 1809 2629 intercedendo.
1832 2574 2045 2629 Fidem.

454 2660 721 2731 Quantum
750 2661 897 2719 valet
922 2663 1064 2734 apud
1095 2664 1267 2719 Deum
1296 2660 1432 2717 ﬁdes
1458 2662 1695 2734 propria,
1725 2661 1868 2733 apud
1888 2678 2048 2732 quem

454 2751 536 2808 sic
561 2750 729 2807 valuit
758 2750 952 2817 aliena,
985 2759 1044 2805 ut
1073 2750 1214 2805 intus
1245 2758 1299 2806 et
1326 2758 1479 2806 extra
1506 2757 1716 2805 sanaret
1748 2750 2045 2805 hominem.

460 2838 700 2909 Con/ide,
716 2839 821 2909 ﬁli,
837 2839 1217 2895 remittuntur
1232 2838 1532 2894 tibi.Lucas
1546 2837 1672 2893 dicit
1689 2854 1702 2892 :
1717 2838 2047 2906 Homo,etc.,

459 2941 631 3000 usque
659 2925 732 2982 ad
757 2925 954 2981 tollens
980 2942 1197 2982 causam
1224 2925 1420 2993 morbi,
1460 2933 1584 2997 post
1614 2932 1773 2981 curat
1795 2941 2009 2997 corpus.

528 3015 702 3071 Vnus.
735 3018 789 3071 5.
837 3045 908 3060 --
962 3018 1068 3086 Qui
1095 3019 1197 3071 est.
1227 3017 1368 3071 Nota
1396 3014 1731 3071 inﬁrmitates
1758 3015 2050 3089 aliquando

2139 485 2303 543 quam
2330 477 2532 525 mente.
2562 469 2684 524 Non
2712 469 2929 525 levitate
2957 460 3173 535 ductus,
3206 468 3305 524 sed
3333 469 3560 526 veritate
3590 486 3730 542 ope-

2136 575 2279 625 rum,
2312 566 2365 614 et
2394 557 2572 613 divina
2600 558 2843 629 potentia
2869 558 3012 612 intus
3041 565 3305 630 Operante
3335 565 3563 625 tractus,
3595 574 3731 630 per-

2137 646 2281 704 fecta
2309 647 2639 713 obedientia,
2672 655 2724 702 et
2753 646 2993 717 perfecta
3022 646 3452 714 abrenuntiatio,
3494 655 3549 702 et
3575 647 3732 704 lucra

2138 736 2374 807 reliquit,
2406 734 2635 806 cupidus
2664 735 2927 807 sequendi
2957 734 3247 790 Christum.

2209 825 2380 880 Vnus.
2415 826 2501 879 10.
2533 854 2601 864 -
2630 825 2695 878 In
2725 824 2901 879 domo.
2924 824 3047 877 Non
3067 824 3195 879 dicit
3216 824 3391 894 cujus,
3425 824 3524 880 sed
3554 824 3734 881 Lucas

2139 912 2409 985 exprimit,
2460 912 2599 980 etc.,'
2632 928 2804 985 usque
2853 912 2924 968 ad
2954 912 3313 968 conversione
3354 913 3734 985 paenitentiam

2138 1001 2460 1057 ostenditur.
2506 1003 2644 1057 Ecce
2688 1002 2863 1057 multi
2900 1002 3209 1073 publicani.
3262 1002 3470 1056 Bonum
3520 1016 3734 1073 praesa-

2108 1106 2119 1109 '
2138 1090 2288 1163 gium
2312 1107 2323 1143 :
2343 1090 2454 1159 jam
2476 1090 2592 1158 ejus
2609 1089 2857 1160 exemplo
2872 1089 3025 1143 multi
3044 1097 3451 1144 convertuntur.
3469 1092 3499 1144 J
3503 1105 3593 1144 am
3608 1097 3737 1160 post

2139 1195 2199 1233 se
2228 1177 2426 1233 multos
2456 1179 2639 1232 trahit.
2680 1177 2973 1248 Apostolus
3004 1184 3058 1231 et
3085 1177 3279 1233 doctor
3308 1177 3553 1250 gentium
3582 1177 3735 1232 futu-

2139 1283 2252 1322 rus.
2286 1266 2497 1339 (Hum)
2526 1266 2854 1322 Publicanis
2903 1272 2961 1322 et
3002 1267 3406 1339 peccatoribus.
3444 1267 3737 1322 Tertullia-

2139 1372 2242 1410 nus
2271 1356 2402 1412 dicit
2430 1358 2533 1411 hos
2561 1354 2729 1410 fuisse
2760 1355 3026 1421 ethnicos,
3059 1365 3190 1421 etc.,
3221 1373 3395 1429 usque
3424 1357 3497 1413 ad
3532 1373 3739 1427 praece-

2139 1445 2217 1514 pit
2249 1462 2261 1498 :
2296 1446 2362 1500 In
2397 1446 2549 1501 viam
2578 1446 2837 1516 gentium
2865 1462 2938 1500 ne
2967 1445 3241 1501 abieritis.
3284 1448 3610 1501 Peccatores
3638 1462 3735 1502 ve-

2139 1535 2363 1589 nientes
2380 1533 2819 1589 discumbebant.
2841 1532 3188 1599 Poenitentes,
3205 1533 3455 1603 exemplo
3471 1534 3736 1599 Matthtei,

2140 1622 2358 1677 veniam
2406 1630 2690 1692 sperantes
2741 1639 2755 1675 :
2802 1621 2946 1677 unde
3003 1623 3221 1677 Marcus
3268 1622 3399 1678 dicit
3433 1623 3524 1679 hic
3556 1641 3571 1677 :
3602 1625 3739 1697 quia

2140 1712 2315 1768 multi
2343 1710 2715 1783 sequebantur
2744 1727 2874 1767 eum
2903 1711 3092 1781 (Marc.
3127 1710 3210 1783 ιι).

2216 1814 2385 1868 Vnus.
2419 1815 2504 1867 11.
2538 1841 2608 1852 -
2637 1813 2818 1880 Quare
2847 1829 2977 1868 cum
3001 1812 3342 1885 publicanis.
3369 1811 3559 1868 Omnis
3589 1828 3741 1885 quae-

2145 1901 2270 1968 stio,
2302 1908 2431 1968 etc.,
2463 1918 2636 1973 usque
2665 1902 2738 1957 ad
2765 1908 2819 1957 et
2847 1900 3031 1957 omnia
3069 1918 3191 1973 qua:
3210 1900 3401 1973 gessit,
3433 1900 3595 1957 saluti
3626 1917 3742 1957 ser-

2145 1989 2314 2045 viunt.

2216 2090 2387 2146 Vnus.
2421 2092 2508 2149 12.
2538 2118 2609 2133 —
2637 2091 2711 2146 At
2736 2093 2895 2148 Iesus
2923 2090 3189 2158 audiens,
3223 2093 3327 2148 ait.
3350 2090 3421 2147 Et
3447 2100 3739 2163 susceptos

2146 2178 2473 2250 poenitentes
2501 2179 2736 2251 amplius
2765 2180 2821 2234 in
2850 2179 2958 2235 ﬁde
2987 2179 3276 2245 confortat,
3299 2188 3352 2235 et
3373 2180 3642 2251 superbos
3665 2181 3739 2237 ad

2146 2268 2461 2323 humilitatis
2509 2276 2563 2323 et
2605 2268 2819 2340 pietatis
2866 2269 3101 2341 gratiam
3155 2278 3436 2339 provocat.
3490 2271 3611 2326 Non
3651 2274 3741 2326 est

2146 2374 2281 2430 opus
2309 2358 2623 2414 valentibus
2652 2359 2920 2426 medicus,
2955 2358 3049 2414 sed
3076 2358 3226 2414 male
3248 2358 3598 2415 habentibus.
3630 2358 3741 2413 Me-

2147 2447 2302 2503 dicus
2332 2454 2415 2502 est
2444 2446 2709 2513 Christus,
2741 2455 2870 2515 etc.,
2903 2463 3075 2519 usque
3104 2445 3177 2504 ad
3205 2446 3305 2503 Dei
3334 2446 3563 2503 verbum
3590 2447 3740 2505 reci-

2146 2536 2321 2607 piunt,
2352 2535 2559 2591 esurire
2588 2550 2699 2591 non
2725 2542 2974 2607 possunt.

2218 2650 2389 2706 Vnus.
2425 2654 2511 2706 13.
2543 2680 2613 2692 -
2633 2652 2847 2707 Euntes
2866 2654 3059 2707 autem
3078 2651 3269 2708 dicite.
3293 2651 3650 2708 Tumentibns
3669 2653 3741 2711 de

2148 2737 2288 2793 falsa
2311 2738 2517 2808 justitia
2545 2739 2833 2794 consilium
2861 2738 3219 2795 correctionis
3248 2739 3362 2806 dat,
3404 2748 3534 2808 etc.,
3565 2758 3743 2815 usque

2149 2828 2220 2883 ad
2249 2843 2371 2895 ove,
2405 2834 2459 2901 et
2485 2826 2769 2895 drachma,
2802 2835 2855 2883 et
2883 2828 3098 2884 duobus
3118 2827 3264 2884 filiis.
3299 2830 3418 2885 Non
3438 2830 3594 2886 enim
3612 2832 3746 2887 veni

2148 2932 2343 2972 vocare
2362 2918 2567 2988 justas.
2599 2917 2793 2972 Nonne
2820 2916 3146 2984 Nathanael,
3180 2924 3233 2972 et
3262 2918 3503 2983 Petrum,
3537 2926 3591 2973 et
3622 2921 3742 2974 An-

2149 3005 2363 3072 dream,
2397 3012 2526 3071 etc.,
2567 3021 2741 3078 usque
2767 3006 2838 3061 ad
2862 3006 2975 3074 jam
3006 3021 3114 3061 non
3137 3006 3270 3074 justi
3300 3006 3403 3061 sibi
3431 3006 3704 3063 videntur.

457 3103 778 3176 contingere
822 3111 1042 3176 propter
1078 3111 1323 3176 peccata,
1361 3112 1488 3171 etc.,
1532 3120 1705 3177 usque
1743 3105 1816 3161 ad
1859 3104 2005 3160 unde
2036 3124 2050 3161 ε

2224 3094 2396 3150 Vnus.
2432 3094 2518 3149 14.
2551 3123 2620 3134 -
2668 3095 2944 3167 Discipuli
2963 3098 3165 3169 autem
3197 3096 3284 3151 tui
3313 3111 3427 3151 non
3446 3098 3742 3169 jejunant,

457 3194 687 3266 Duplici
722 3194 1065 3251 contritione
1100 3197 1352 3250 conteret
1387 3209 1477 3251 eos
1524 3195 1816 3250 Dominus.
1865 3192 2050 3265 (Βεο.)

461 3280 607 3349 Quid
634 3285 721 3338 est
745 3281 1001 3353 facilius,
1050 3281 1148 3337 sed
1187 3281 1440 3353 quoniam
1483 3281 1588 3338 hoc
1626 3281 1902 3353 Spirituale
1939 3297 2050 3337 non

457 3369 697 3438 creditis,
742 3369 999 3441 probetur
1041 3370 1201 3442 signo
1247 3369 1445 3426 visibili
1493 3371 1639 3443 quod
1682 3386 1791 3426 non
1828 3370 2051 3426 minoris

457 3464 669 3515 constat
693 3474 817 3515 esse
842 3458 1125 3530 potentiae,
1164 3467 1223 3514 ut
1257 3458 1313 3514 in
1351 3458 1486 3515 Filio
1533 3458 1767 3515 hominis
1793 3458 2051 3515 latentem

455 3547 802 3620 cognoscatis
829 3546 1127 3620 potentiam
1153 3548 1473 3618 majestatis,
1503 3565 1624 3622 quae
1648 3555 1828 3621 potest
1873 3547 2051 3603 dimit-

455 3641 572 3692 tere
600 3642 831 3708 peccata
859 3644 918 3692 ut
940 3638 1108 3692 Deus.

2148 3182 2408 3249 Joannes,
2455 3182 2673 3238 Marcus
2703 3190 2756 3237 et
2784 3182 2978 3249 Lucas,
3029 3190 3158 3249 etc.,
3204 3199 3377 3255 usque
3406 3182 3478 3239 ad
3508 3184 3748 3256 gratiam

2151 3278 2206 3326 et
2233 3277 2559 3342 potestatem
2595 3269 2891 3343 intelligas.

2221 3359 2393 3415 Vens.
2429 3361 2516 3414 15.
2548 3388 2617 3400 -
2647 3359 2911 3431 Nunquid
2935 3363 3191 3431 possunt.
3225 3358 3395 3429 Quasi
3423 3358 3572 3416 dicat
3606 3378 3620 3415 :
3652 3360 3751 3416 Fa-

2151 3447 2291 3505 cturi
2316 3447 2468 3514 estis,
2491 3455 2549 3502 ut
2568 3447 2840 3519 lugentes,
2856 3455 2986 3513 etc.,
3002 3463 3174 3520 usque
3193 3448 3265 3504 ad
3287 3447 3385 3504 sed
3406 3447 3476 3504 ab
3496 3448 3752 3505 omnibus

2151 3536 2402 3593 terrenis.
2426 3538 2639 3608 Lugere
2669 3537 2922 3609 quandiu
2940 3554 3071 3593 cum
3101 3538 3221 3592 illis
3241 3542 3327 3593 est
3345 3554 3599 3610 sponsus.
3633 3538 3751 3595 Hoc

2151 3626 2321 3684 verbo
2349 3626 2601 3698 exprimit
2627 3625 2760 3681 illud
2783 3625 3069 3696 jejunium,
3091 3634 3221 3693 etc.,
3245 3643 3417 3699 usque
3455 3627 3528 3683 ad
3555 3634 3751 3699 postea

529 3724 702 3781 Vnus.
740 3728 792 3781 6.
823 3755 893 3768 —-
924 3729 1075 3783 Tunc
1102 3728 1189 3783 ait
1209 3727 1544 3800 paralytico.
1567 3727 1713 3784 Ecce
1733 3742 1831 3799 per
1856 3726 2067 3782 remis-.
2145 3715 2489 3786 jejunabunt,
2503 3731 2612 3772 non
2628 3715 2912 3789 lugebunt.
2929 3717 2999 3771 Et
3018 3716 3524 3788 tuncjejunabunt.
3547 3717 3750 3773 Luctus

457 3813 671 3871 sionem
696 3830 902 3887 paenae,
949 3814 1320 3873 dimissionem
1350 3815 1524 3888 culpae
1561 3815 1822 3889 intellige.
1854 3817 2049 3888 Surge.

457 3901 714 3977 Surgere,
747 3911 831 3960 est
860 3903 1097 3960 animam
1126 3920 1161 3959 a
1191 3904 1499 3961 carnalibus
1524 3904 1811 3959 desideriis
1840 3905 2052 3959 abstra-

457 3991 610 4050 here.
630 3993 855 4049 Lectum
876 3994 1087 4059 tollere,
1116 4000 1198 4048 est
1217 4009 1442 4050 carnem
1462 4009 1496 4048 a
1514 3993 1745 4047 terrenis
1763 3992 2051 4048 desideriis

458 4080 531 4135 ad
558 4080 891 4136 voluntatem
919 4080 1137 4151 spiritus
1166 4081 1432 4137 attollere.
1464 4082 1699 4137 Domum
1744 4081 1843 4148 ire,
1878 4090 1959 4137 est
1987 4080 2057 4136 ad

462 4167 782 4240 paradisum
823 4168 1022 4237 redire,
1064 4169 1152 4226 vel
1189 4169 1261 4224 ad
1297 4169 1567 4225 internum
1606 4170 1691 4225 sui
1729 4170 2053 4237 custodiam,

462 4272 534 4313 ne
562 4257 758 4313 iterum
788 4265 997 4330 peccet.
1028 4260 1173 4317 Tolle
1206 4260 1415 4316 lectum
1447 4263 1609 4316 tuum
1639 4264 1699 4317 et
1721 4260 1859 4317 vade
1882 4262 1947 4316 in
1972 4260 2061 4317 do-

462 4363 622 4403 mum
654 4350 831 4404 tuam.
883 4347 953 4404 Ut
981 4349 1127 4420 quod
1164 4346 1263 4404 fuit
1302 4348 1668 4405 testimonium
1707 4348 2057 4417 inﬁrmitatis,

457 4435 528 4492 sit
553 4435 805 4509 probatio
836 4436 1101 4495 sanitatis.

534 4553 706 4609 Vens.
739 4554 793 4610 7.
826 4583 896 4597 —
924 4555 995 4609 Et
1022 4554 1297 4611 surrexit.
1337 4553 1543 4627 Magna
1571 4552 1762 4620 virtus,
1813 4554 1907 4610 ubi
1939 4554 2056 4610 sine

461 4656 619 4701 mora
671 4642 957 4714 imperium
985 4643 1134 4699 salus
1163 4642 1465 4700 comitatur.
1514 4642 1671 4700 Unde
1698 4643 1913 4710 merito,
1964 4642 2057 4715 qui

465 4730 693 4786 aderant
738 4731 939 4787 relictis
985 4732 1338 4804 blasphemiis
1385 4740 1683 4805 stupentes,
1724 4731 1796 4788 ad
1839 4731 2058 4788 laudem

466 4825 854 4876 convertuntur
881 4826 1046 4876 tanta:
1070 4821 1391 4890 majestatis.

537 4920 709 4978 Vens.
743 4923 796 4977 9.
828 4950 897 4962 —
938 4921 1083 4978 Vidit
1111 4922 1414 4980 hominem.
1438 4923 1538 4980 Hic
1556 4922 1894 4995 probabilius
1912 4922 2059 4980 vide-

469 5017 573 5076 tur,
607 5009 754 5082 quod
780 5009 1147 5082 praetermissa
1161 5018 1448 5079 memoret,
1473 5028 1598 5069 cum
1626 5011 1914 5068 duodecim
1945 5012 2061 5067 ele-

470 5106 551 5181 git
579 5114 705 5162 ante
734 5123 1064 5164 sermonem.
1094 5110 1159 5164 In
1194 5111 1419 5167 telonio.
1449 5099 1617 5168 Τέλος
1630 5108 1843 5175 Graece,
1878 5108 2064 5166 Latine

469 5194 725 5269 vectigal.
777 5197 1060 5253 Matthaeus
1103 5197 1401 5266 Hebraice,
1451 5198 1641 5254 Latine
1669 5199 1921 5265 donatus,
1974 5206 2069 5271 qui

470 5292 677 5340 tantum
704 5302 903 5341 munus
937 5286 1127 5357 gratiae
1163 5287 1375 5358 accepit
1406 5303 1420 5341 :
1452 5286 1600 5354 Levi,
1633 5286 1850 5342 additus
1883 5286 1970 5344 vel
2000 5303 2066 5343 as

470 5381 737 5446 sumptus,
779 5373 906 5447 quia
942 5374 1127 5430 divina
1156 5374 1350 5432 electio
1381 5391 1505 5431 eum
1532 5376 1844 5447 assumpsit,
1878 5384 1931 5431 et
1959 5392 2067 5431 nu-

470 5478 621 5520 mero
652 5462 1025 5535 apostolorum
1046 5462 1271 5519 addidit.
1292 5464 1639 5520 Matthaeum.
1674 5463 1867 5520 Caeteri
1885 5464 2069 5522 Evan-

465 5550 682 5625 geliste
728 5557 951 5624 propter
978 5551 1380 5621 verecundiam,
1414 5560 1543 5610 etc..
1584 5570 1756 5626 usque
1787 5553 1860 5608 ad
1890 5566 2069 5609 sermo

480 5640 825 5713 supradictus
850 5639 967 5698 fuit.
1002 5640 1264 5716 Surgens.
1297 5641 1482 5716 (Βευ.)
1539 5641 1713 5699 Lucas
1741 5640 1953 5713 plenius
1980 5640 2070 5698 di-

2152 3806 2222 3862 de
2251 3804 2501 3861 absentia
2529 3804 2736 3875 sponsi,
2786 3819 2888 3859 nec
2933 3811 3058 3858 ante
3104 3803 3539 3860 incarnationem
3577 3804 3751 3861 defuit

2150 3895 2210 3951 in
2246 3894 2512 3966 patribus,
2562 3908 2665 3949 nec
2709 3900 2834 3963 post
2879 3892 3213 3963 passionem,
3256 3893 3361 3947 nisi
3404 3893 3647 3965 quandiu
3696 3894 3752 3949 in

2155 3998 2321 4039 carne
2349 3997 2473 4037 cum
2512 3980 2793 4052 discipulis
2832 3988 3189 4036 conversatus
3227 3989 3327 4037 est.
3377 3981 3746 4053 Jejunabunt.

2155 4074 2203 4127 Α
2229 4070 2418 4125 mundi
2447 4084 2655 4135 amore,
2688 4085 2798 4123 non
2828 4068 3005 4123 solum
3035 4084 3068 4123 a
3096 4068 3251 4124 cibis.
3284 4068 3576 4140 Spirituale
3607 4070 3753 4126 enim

2152 4158 2417 4231 jejunium
2446 4173 2572 4215 cum
2602 4157 2648 4212 si
2685 4173 2812 4229 pars
2849 4157 2974 4213 vitm
3013 4172 3197 4223 novae,
3238 4158 3483 4212 nondum
3513 4158 3594 4214 eis
3622 4173 3752 4214 con-

2158 4248 2326 4314 venit,
2358 4246 2450 4320 qui
2477 4263 2578 4319 per
2606 4245 2734 4312 alia,
2764 4244 2935 4302 dediti
2966 4254 3090 4301 sunt
3117 4245 3290 4301 veteri
3319 4246 3463 4301 vitae.

2230 4365 2401 4421 Vans.
2444 4364 2531 4419 16.
2554 4393 2624 4403 -
2643 4362 2811 4419 Nemo
2840 4365 3052 4418 autem.
3077 4359 3245 4429 Quasi
3265 4360 3410 4417 dicat
3442 4379 3455 4415 :
3488 4361 3754 4419 Carnales

2073 4471 2128 4534 ι)
2161 4452 2404 4510 nondum
2434 4451 2540 4508 ﬁde
2559 4450 2829 4522 passionis
2849 4459 2901 4506 et
2920 4449 3340 4507 resurrectionis
3360 4450 3597 4518 solidati,
3622 4460 3752 4519 etc.,

2156 4558 2328 4617 usque
2359 4542 2431 4599 ad
2461 4540 2565 4612 ipsi
2590 4539 2841 4595 vetustati
2863 4554 2974 4594 non
2994 4538 3268 4595 convenit.
3307 4540 3475 4596 Tollit
3492 4541 3670 4596 enim.
3695 4540 3755 4595 Id

2157 4641 2240 4689 est
2276 4630 2541 4703 perfectio
2587 4645 2744 4684 novae
2781 4628 2905 4683 vitae
2951 4645 3073 4700 quae
3111 4642 3222 4683 una
3259 4636 3342 4683 est
3380 4628 3662 4695 dividitur,
3703 4637 3757 4684 et

2158 4721 2331 4779 veteri
2360 4719 2496 4776 ﬁdes
2527 4734 2687 4792 quam
2716 4717 2880 4773 habet
2909 4716 3173 4787 aufertur,
3198 4716 3285 4773 cui
3304 4716 3568 4789 perfectio
3598 4733 3759 4774 novae

2159 4809 2478 4867 debebatur.

2231 4899 2402 4954 Vens.
2437 4898 2523 4951 17.
2554 4924 2624 4938 -—
2651 4896 2835 4969 Neque
2862 4896 3127 4952 mittunt.
3176 4894 3419 4951 Eosdem
3456 4894 3760 4967 discipulos

2161 4987 2439 5045 veteribus
2467 4985 2678 5041 utribus
2704 4992 3005 5056 comparat,
3048 4991 3177 5052 etc.,
3208 5000 3382 5058 usque
3411 4984 3484 5040 ad
3509 4984 3567 5039 in
3594 4984 3760 5040 novi-

2163 5084 2271 5133 tate
2301 5092 2493 5131 sensus
2523 5074 2667 5129 intus
2696 5073 3079 5130 reformamur.

2236 5166 2408 5221 Vnus.
2444 5166 2529 5218 18.
2562 5193 2632 5205 -
2650 5165 2789 5220 Ecce
2805 5164 3069 5236 princeps
3087 5178 3237 5218 unus
3261 5164 3515 5219 accessit.
3539 5162 3763 5220 Marcus

2168 5262 2221 5311 et
2248 5255 2423 5309 Lucas
2452 5251 2639 5308 dicunt
2665 5251 3187 5325 archisynagogum,
3210 5258 3340 5318 etc.,
3362 5267 3537 5324 usque
3555 5251 3629 5308 ad
3649 5266 3763 5307 cm-

2167 5344 2246 5416 pit
2274 5341 2576 5397 remedium
2608 5356 2833 5412 sperare
2863 5348 2916 5396 et
2946 5356 3212 5412 quaerere.

2238 5458 2409 5514 Vens.
2442 5460 2530 5516 20.
2565 5488 2633 5498 —
2663 5457 2862 5515 Mulier
2887 5473 3027 5529 quae.
3078 5453 3323 5511 Salutem
3358 5453 3561 5510 Judaeis
3589 5468 3764 5525 para-

2169 5557 2301 5615 tam,
2325 5562 2422 5621 spe
2442 5554 2593 5604 certa
2612 5545 2893 5619 praeripuit
2910 5543 3205 5617 gentilitas.
3240 5543 3541 5600 Duodecim
3567 5544 3763 5600 annis.

2170 5636 2471 5695 Duodecim
2518 5635 2676 5693 annis
2721 5633 2891 5703 ﬂuxit,
2938 5633 3079 5691 sicut
3124 5640 3179 5690 et
3221 5631 3311 5689 illa
3355 5630 3466 5688 ﬁlia
3510 5638 3769 5689 creverat
