4000 6182
250 271 357 326 117
1183 248 1455 307 GLOSSA
1492 241 1897 302 0RDINARIA.

2007 268 2015 279 -
2050 232 2322 293 EVANG.
2368 229 2622 287 ΜΑΤΤΗ.
3014 282 3018 287 ,
3452 216 3555 269 118

252 388 533 448 duodenis
564 405 580 443 :
613 385 739 459 quia
768 400 838 440 ex
866 396 975 455 quo
1004 380 1297 451 Synagoga
1326 370 1491 442 coepit
1515 370 1635 425 Deo
1682 365 1897 459 fama-1

2034 379 2207 434 Vsus.
2237 377 2292 431 '7.
2344 405 2414 416 —
2461 366 2941 445 Appropinquabit
2983 376 3221 453 regnum
3268 357 3555 415 caelorum.

254 446 379 549 lari,
411 477 585 549 cmpit
622 446 902 549 gentilitas
946 446 1253 525 idololatria
1299 468 1353 517 et
1397 465 1623 531 peccato
1666 453 1857 526 pollui.

2007 484 2068 523 er
2095 465 2259 521 ﬁdem
2285 477 2458 535 prope
2487 466 2569 516 est
2597 471 2851 531 regnum.
2886 452 3036 510 Sicut
3066 446 3210 506 enim
3231 446 3301 502 sit
3321 458 3558 517 peccans

249 538 527 625 Accessit:
561 538 825 630 Credidit,
859 557 1011 627 dixit,
1046 554 1171 627 quia
1189 552 1276 608 his
1297 548 1471 604 tribus
1491 545 1599 601 ﬁde
1619 550 1673 600 et
1692 555 1864 614 opere
1961 564 2146 625 terra,
2193 553 2266 607 ita
2305 553 2484 621 justus
2533 547 2604 602 si;
2651 544 2852 602 οωιυηι
2882 585 2896 611 ν
2947 542 3004 595 in
3052 554 3161 611 quo
3209 538 3360 592 Deus
3407 547 3557 604 pm-

253 656 438 713 omnis
467 654 620 709 salus
649 647 971 722 acquiritur.

326 745 506 800 Vsus.
537 745 628 800 21.
661 769 731 780 -
760 738 823 794 Si
852 736 1101 807 tetigero.
1133 726 1445 793 Fimbriam,
1488 736 1600 777 non
1628 724 1859 775 vestem.

258 833 399 905 Quia
426 847 545 887 non
571 827 708 885 vidit
734 827 793 881 in
821 806 986 881 carne
1016 817 1330 883 Dominum,
1363 812 1461 867 sed
1491 806 1732 879 suscepit
1764 820 1867 877 per

255 920 541 994 apostolos
584 911 977 973 incarnationis
1013 907 1262 965 verbum.
1295 904 1494 958 Beatus
1525 897 1617 971 qui
1648 895 1736 952 vel
1767 910 1867 949 ex-

256 993 493 1067 tremam
520 1014 733 1079 partem
762 999 919 1058 verbi
950 996 1057 1052 ﬁde
1086 993 1279 1066 tangit.

328 1073 632 1154 vtmsfae.
666 1122 735 1132 —
766 1087 1028 1158 Conﬁde,
1064 1084 1206 1154 ﬁlia.
1255 1075 1499 1135 Credidit
1526 1073 1714 1144 utique
1749 1085 1871 1142 quae

259 1187 445 1261 petiit,
481 1184 584 1240 sed
614 1179 849 1236 inculcat
878 1175 1047 1230 robur
1077 1180 1130 1227 et
1158 1163 1623 1241 perseverantiam
1651 1160 1710 1214 in
1739 1158 1865 1213 ﬁde.

330 1247 510 1330 Vatis.
544 1274 636 1329 23.
668 1299 739 1310 —
774 1265 1031 1323 Vidisset.
1063 1258 1335 1315 Tibicines
1365 1260 1491 1309 sunt
1518 1264 1740 1307 carmen
1781 1247 1871 1301 lu-

261 1364 441 1439 gubre
471 1366 755 1417 canentes.
790 1354 858 1409 Hi
888 1359 1013 1407 sunt
1040 1345 1289 1420 magistri
1318 1356 1557 1398 moerore
1590 1353 1689 1393 suo
1738 1335 1871 1389 sub-

261 1425 406 1509 ditos
450 1446 834 1504 demulcentes
855 1483 870 1511 ,
904 1447 959 1495 et
987 1437 1201 1492 turbam
1246 1432 1560 1488 Iudaeorum
1609 1425 1874 1480 adversus

264 1539 581 1598 doctrinam
631 1531 831 1589 Christi
858 1510 1294 1585 calcitrantium.
1346 1522 1418 1575 Et
1465 1515 1704 1572 turbam.
1737 1510 1875 1580 Quia

266 1631 569 1702 Synagoga
617 1620 858 1678 laetitiam
902 1613 1203 1672 Dominicae
1249 1602 1653 1663 inhabitati’onis
1677 1643 1691 1671 ,
1744 1608 1873 1668 etc.,

269 1732 447 1792 usque
478 1715 556 1771 ad
584 1710 764 1783 paruit
791 1708 847 1762 in
878 1702 1244 1774 susceptione.

334 1779 518 1861 Vnus.
551 1779 642 1859 21.
676 1829 746 1840 -
776 1798 896 1853 Νοη
926 1797 1029 1850 est.
1060 1788 1230 1845 Vobis
1258 1790 1472 1841 mortua
1502 1785 1603 1836 est.
1636 1779 1755 1833 Deo
1783 1791 1878 1830 au-

270 1906 380 1952 tem
422 1891 521 1965 qui
572 1887 839 1945 suscitare
885 1888 1104 1956 potest,
1157 1873 1395 1942 dormit,
1448 1878 1557 1925 tam
1602 1868 1659 1922 in
1705 1864 1884 1919 anima

282 1998 445 2057 quam
475 1993 737 2050 corpore.

342 2073 522 2127 Vnus.
560 2048 652 2125 i5.
676 2094 748 2106 —-
768 2065 839 2119 Et
866 2076 997 2117 cum
1029 2058 1206 2129 ejecta
1234 2055 1396 2110 esset.
1430 2048 1490 2102 Id
1522 2052 1624 2115 est,
1659 2057 1785 2099 cum
1806 2055 1888 2095 re-

278 2157 498 2234 probati
520 2161 707 2212 essent
728 2151 1007 2216 irrisores,
1022 2142 1239 2200 intravit
1259 2140 1313 2195 in
1334 2139 1632 2194 electorum
1652 2137 1886 2188 mentes.

282 2225 351 2307 ὶει
376 2247 570 2305 tenuit
586 2258 848 2299 manum.
871 2235 991 2292 Nisi
1011 2232 1166 2305 prius
1186 2244 1379 2285 manus
1398 2226 1731 2291 Judmorum,
1756 2225 1887 2287 etc.,

290 2351 463 2411 usque
494 2333 570 2389 ad
602 2336 816 2387 secreta
844 2331 1025 2397 petest
1054 2318 1228 2375 deleri
1256 2311 1589 2388 pcenitentia.

352 2394 530 2479 Vsus.
553 2421 646 2479 2’7.
665 2448 735 2459 —
759 2394 1128 2472 Transeunte.
1152 2407 1213 2461 Id
1233 2412 1335 2473 est,
1359 2403 1428 2457 de
1449 2402 1613 2456 domo
1631 2394 1894 2469 principis

284 2515 339 2569 in
378 2520 531 2567 tuam
562 2508 807 2564 domum.
832 2505 1039 2557 Domus
1066 2493 1331 2568 principis
1362 2491 1654 2561 Synagoga
1674 2492 1775 2554 est,
1800 2499 1896 2538 sua

281 2603 479 2657 domus
528 2594 770 2654 cmlestis
830 2587 1152 2645 Jerusalem.
1222 2584 1340 2638 Duo
1406 2579 1571 2645 caeci,
1623 2581 1729 2629 etc.
1778 2573 1901 2628 Duo

279 2691 435 2757 caeci,
467 2688 583 2742 duo
612 2680 803 2755 pepuli
833 2675 1014 2745 inscii,
1038 2681 1175 2741 etc.,
1192 2683 1366 2743 usque
1394 2666 1467 2723 ad
1494 2665 1641 2721 idem
1670 2661 1899 2737 factum,

286 2779 387 2834 sed
416 2775 569 2831 aliud
601 2769 799 2827 simile.

356 2867 530 2921 Vsus.
566 2865 655 2917 32.
681 2888 750 2899 —
769 2855 1088 2912 Hominem.
1123 2844 1413 2921 Signiﬁcat
1439 2841 1703 2916 gentilem
1728 2854 1903 2911 popu-

297 2956 448 3010 lum:
474 2951 566 3007 vel
595 2963 759 3005 omne
790 2959 965 3018 genus
994 2937 1297 3004 hominum,
1324 2948 1433 3007 quo
1462 2932 1626 2987 ducto
1643 2944 1744 3000 per
1762 2941 1904 2998 prae-

293 3040 628 3099 dicationem
658 3035 729 3090 ad
757 3017 1056 3096 Christum,
1091 3033 1147 3081 et
1172 3024 1347 3079 ablata
1374 3017 1680 3076 idololatria
1702 3057 1718 3086 ,
1767 3029 1905 3071 con-

311 3139 490 3209 fessus
520 3142 607 3191 est
635 3131 931 3189 Christum.
958 3114 1148 3200 Κωφὸς
1175 3122 1367 3178 Graece
1394 3114 1671 3184 usitatius,
1694 3112 1792 3169 sed
1821 3120 1906 3168 ta-

301 3203 426 3284 men
452 3222 855 3289 indifferenter,
898 3227 952 3275 et
976 3224 1158 3272 mutus
1187 3219 1241 3268 et
1268 3207 1467 3264 surdus
1495 3203 1701 3261 dicunt.

364 3318 537 3374 vns.
572 3288 1038 3369 34.—Phariscei
1068 3306 1281 3361 autem.
1322 3298 1385 3352 In
1408 3292 1694 3351 Pharisaeis
1723 3288 1909 3347 inﬁde.

296 3407 414 3463 litas
439 3403 766 3460 Iudaeorum
799 3397 1070 3471 signatur.

942 3532 1166 3591 CAPUT
1203 3530 1277 3611 Χ.

368 3689 544 3744 Vens.
582 3687 636 3739 1.
670 3712 741 3723 —
788 3682 861 3736 Et
904 3673 1241 3735 convocatis.
1296 3672 1343 3724 A
1390 3664 1670 3723 curatione
1716 3675 1909 3718 socrus

310 3777 483 3845 Petri,
513 3781 648 3843 etc.,
686 3784 860 3843 usque
888 3767 961 3824 ad
990 3769 1237 3821 curatum
1283 3751 1620 3814 centurionis
1667 3747 1907 3806 servum.

305 3840 641 3922 Duodecim.
682 3840 906 3929 Ili—sunt
935 3850 1173 3926 operarii
1202 3847 1295 3920 qui
1322 3840 1573 3900 mittendi
1619 3845 1773 3896 erant
1794 3879 1808 3907 ,
1858 3840 1913 3892 et

309 3951 554 4026 quadrati
586 3925 740 4005 orbis
767 3952 951 4017 partes
974 3925 1074 4012 ad,
1115 3937 1281 3993 ﬁdem
1324 3928 1601 3988 Trinitatis
1646 3925 1907 3984 vocaturi.

310 4014 560 4112 Quorum
590 4014 910 4109 praedicatio
938 4038 997 4086 ut
1024 4026 1239 4101 pondus
1282 4020 1512 4078 haberet
1557 4014 1910 4084 auctoritatis,

311 4105 465 4186 datur
494 4128 579 4184 eis
590 4105 852 4197 potestas
882 4117 1137 4178 curandae
1166 4110 1344 4170 omnis
1371 4105 1724 4164 inﬁrmitatis.

381 4220 550 4273 Vens.
586 4193 645 4273 2—.
676 4243 747 4254 —
775 4214 978 4267 Petrus
1007 4210 1065 4262 et
1091 4202 1361 4260 Andreas.
1402 4193 1793 4268 Apostolorum
1818 4206 1913 4262 pa-

313 4309 390 4362 ria
411 4308 661 4379 jugaque
692 4299 884 4368 sociat,
918 4304 1048 4364 etc.,
1080 4305 1252 4364 usque
1282 4286 1355 4344 ad
1382 4283 1631 4340 Christus
1658 4281 1716 4337 in
1752 4295 1914 4352 quem

317 4660 404 4715 vit.
427 4657 554 4728 Vel,
581 4656 820 4711 Thomas
850 4648 1121 4725 geminus,
1146 4642 1294 4716 quod
1322 4647 1406 4698 est
1426 4638 1620 4709 Graece
1638 4636 1912 4707 didymus,

320 4753 543 4819 propter
572 4742 801 4799 dubium
831 4754 929 4796 cor
957 4737 1014 4791 in
1043 4730 1342 4793 credendo.

385 4808 559 4891 Vnus.
592 4834 647 4887 4.
681 4860 753 4870 -
782 4826 1041 4883 Etludas
1059 4820 1387 4879 Scariothis.
1408 4816 1665 4889 Magnum
1685 4811 1741 4866 in
1758 4808 1917 4867 nobis

317 4922 629 4995 exemplum
655 4915 942 4983 doctrina,
975 4927 1100 4970 cum
1121 4909 1213 4982 qui
1231 4906 1413 4965 omnia
1439 4909 1667 4961 noverat
1685 4915 1798 4957 non
1824 4898 1923 4955 du-

320 4993 513 5068 bitaret
542 5006 890 5081 proditorem
918 5002 975 5057 in
1002 4997 1330 5071 discipulum
1358 4993 1586 5067 eligere,
1609 4998 1771 5062 atque
1789 5003 1920 5059 apo-

312 5101 519 5157 stolum
545 5076 849 5154 ordinare.
899 5089 1073 5146 Habet
1118 5085 1263 5144 enim
1329 5082 1577 5140 Christus
1639 5076 1921 5135 conscium

321 5186 600 5245 munditiae
628 5191 826 5241 testem
848 5222 864 5252 ,
915 5194 1042 5237 cum
1093 5190 1252 5232 suum
1300 5187 1413 5229 non
1459 5168 1670 5226 dubitet
1713 5166 1922 5241 eligere

324 5277 683 5349 proditorem.

388 5367 562 5421 Vnus.
594 5365 648 5418 5.
682 5390 754 5401 —
782 5359 849 5415 In
877 5358 1051 5413 viam.
1083 5354 1215 5408 Post
1242 5346 1707 5406 resurrectionem
1738 5340 1872 5399 dicit
1906 5357 1921 5395 :

329 5456 523 5512 Docete
569 5464 764 5509 omnes
809 5450 1021 5520 gentes.
1074 5440 1184 5499 Sed
1227 5439 1336 5495 hoc
1380 5444 1503 5493 ante
1536 5453 1550 5490 :
1600 5432 1725 5506 quia
1770 5430 1925 5503 prius

332 5549 543 5615 oportet
567 5536 774 5596 Judeis
808 5529 1096 5606 pradicari
1119 5572 1135 5600 ,
1166 5544 1237 5584 ne
1274 5541 1493 5615 causam
1537 5522 1771 5579 habeant
1815 5534 1924 5576 non

334 5611 662 5703 recipiendi,
694 5624 819 5699 quia
846 5622 917 5679 ad
946 5626 1142 5695 gentes
1167 5614 1444 5690 apostolos
1473 5611 1637 5668 misit.

1965 622 2143 708 sidet',
2190 640 2335 696 unde
2382 638 2582 693 dicitur
2630 651 2644 689 :
2697 636 2946 704 Regnum
2992 630 3095 685 Dei
3140 628 3298 682 intra
3341 636 3433 677 vos
3480 622 3566 675 est

1965 734 2123 805 (Luc.
2154 728 2318 797 xvn),
2352 734 2458 783 etc.
2488 725 2635 780 Ecce
2666 720 2797 793 quid
2827 719 3059 775 debeant
3090 713 3427 788 prmdicare:
3460 710 3565 779 Ap-

1967 815 2351 892 propinquabit
2380 828 2616 886 regnum
2646 809 2936 866 caelorum.

2039 885 2209 962 Vitas.
2243 908 2295 958 8.
2338 933 2408 943 —
2454 885 2712 969 Inﬁrmos
2761 899 2976 953 curate.
3027 889 3275 948 Ecclesia
3319 885 3567 942 inﬁrmos

1971 1002 2110 1050 statu
2156 991 2286 1048 boni
2333 988 2518 1061 operis
2565 985 2835 1043 confortat
2857 1025 2872 1053 ,
2912 989 3158 1038 mortuos
3204 978 3262 1032 in
3305 972 3565 1047 peccatis,

1970 1083 2058 1139 vel
2089 1083 2206 1136 sine
2236 1078 2366 1148 ﬁde,
2398 1075 2654 1141 suscitat;
2687 1074 2938 1144 leprosos
2987 1066 3267 1124 erroribus
3312 1075 3570 1133 aspersas

1973 1171 2218 1239 mundat,
2251 1169 2529 1223 daemones
2557 1180 2660 1235 per
2684 1160 3022 1217 exorcismos
3051 1156 3219 1228 fugat.
3256 1152 3443 1209 Gratis
3470 1165 3571 1205 ac-

1972 1237 2220 1333 cepistis.
2254 1257 2338 1311 Ne
2366 1254 2553 1322 Judas,
2588 1250 2680 1323 qui
2710 1248 2922 1304 loculos
2949 1245 3198 1313 habebat,
3221 1242 3290 1297 de
3309 1237 3572 1312 praedicta

1971 1326 2239 1420 potestate
2305 1341 2593 1415 pecuniam
2642 1350 2987 1410 congregare
3034 1332 3236 1400 vellet,
3275 1326 3572 1400 nequitiam

1975 1437 2093 1505 ejus
2105 1431 2393 1505 supprimit
2404 1428 2687 1495 Dominus,
2703 1426 2892 1481 dicens
2908 1440 2921 1476 :
2940 1422 3124 1477 Gratis
3136 1417 3448 1491 accepistis,
3464 1420 3572 1468 etc.

1974 1527 2203 1580 Damnat
2234 1521 2397 1575 etiam
2436 1518 2527 1574 hic
2569 1512 2855 1588 perﬁdiam
2906 1508 3226 1566 Simoniacaa
3272 1506 3568 1559 haereseos.

1975 1614 2130 1669 Dona
2159 1607 2457 1681 spiritualia
2485 1604 2662 1677 pretio
2693 1601 2982 1659 vilescunt.
3512 1614 3519 1619 -

1892 1714 1947 1774 B
2046 1714 2217 1768 Vsus.
2251 1714 2303 1765 9.
2338 1739 2407 1751 —
2437 1708 2655 1763 Aurum
2672 1717 2851 1776 neque
2872 1701 3194 1771 argentum.
3221 1693 3328 1763 Qui
3346 1693 3465 1747 haec
3487 1691 3575 1744 ha-

1981 1803 2194 1867 berent,
2227 1799 2543 1855 viderentur
2568 1810 2679 1848 non
2709 1806 2873 1847 causa
2903 1786 3090 1843 salutis
3118 1781 3437 1856 praedicare,
3479 1777 3578 1832 sed

1984 1890 2144 1947 lucri.
2178 1890 2359 1960 Neque
2373 1883 2679 1959 pecuniam
2699 1881 2762 1935 in
2783 1867 2941 1934 zonis
2961 1874 3181 1931 vestris.
3204 1872 3324 1925 Duo
3346 1873 3467 1923 sunt
3490 1880 3580 1937 ge-

1984 1995 2119 2035 nera
2146 1973 2585 2032 necessariorum
2618 1987 2632 2023 :
2666 1983 2837 2023 unum
2883 1979 2991 2035 quo
3039 1966 3292 2017 emuntur
3319 1968 3581 2012 necessa-

1987 2068 2067 2122 ria
2090 2108 2105 2137 ,
2136 2063 2283 2120 aliud
2310 2062 2429 2133 ipsa
2474 2056 2802 2115 necessaria.
2854 2054 2961 2107 Per
3007 2047 3295 2122 pecuniam
3322 2044 3379 2098 in
3406 2040 3577 2109 zonis,

1987 2129 2123 2210 illud
2150 2151 2296 2208 unde
2325 2129 2579 2206 emuntur
2610 2163 2624 2199 :
2656 2160 2757 2217 per
2786 2157 2976 2214 peram
3005 2136 3152 2211 quod
3181 2133 3398 2202 emitur,
3437 2129 3584 2202 quod

1988 2244 2065 2299 ibi
2094 2239 2396 2313 reponitur.
2427 2238 2510 2293 De
2538 2235 2645 2290 hoc
2671 2232 2729 2287 in
2754 2229 3011 2303 passione
3041 2244 3056 2281 :
3084 2223 3312 2294 Quando
3330 2221 3466 2277 misi
3494 2233 3585 2274 vos

1990 2334 2113 2389 sine
2144 2304 2365 2387 sacculo
2386 2329 2444 2383 et
2457 2341 2612 2399 pera,
2636 2318 2898 2394 nunquid
2933 2316 3118 2388 defuit
3138 2313 3284 2371 vobis
3323 2304 3539 2383 aliquid
3563 2308 3588 2361 .’

1994 2422 2069 2478 At
2094 2419 2188 2475 illi
2216 2417 2497 2473 dixerunt
2525 2433 2543 2469 :
2574 2412 2714 2468 Non.

1980 2549 1989 2558 '
2066 2535 2236 2590 Vsus.
2271 2534 2359 2585 10.
2390 2524 2470 2569 -'-'
2491 2528 2675 2600 Neque
2703 2522 3108 2581 calceamenta.
3158 2516 3228 2571 Et
3263 2513 3417 2569 Plato
3459 2508 3593 2566 dicit

1998 2624 2132 2681 duas
2161 2633 2456 2692 corporum
2486 2612 2821 2670 summitates
2847 2624 2959 2664 non
2988 2620 3110 2662 esse
3147 2602 3406 2661 velandas
3427 2640 3442 2669 ,
3489 2611 3595 2653 nec

1997 2687 2279 2768 assuetam
2300 2705 2421 2762 ﬁeri
2450 2703 2655 2759 debere
2683 2697 2969 2755 mollitiem
3006 2692 3197 2765 capitis
3243 2697 3297 2746 et
3341 2687 3545 2760 pedum
3577 2702 3593 2739 :

2002 2802 2139 2857 Cum
2166 2804 2348 2853 autem
2377 2795 2496 2850 haec
2522 2788 2811 2847 habuerint
2852 2784 3162 2840 ﬁrmitatem
3185 2822 3199 2851 ,
3250 2785 3448 2834 caetera
3493 2789 3594 2829 ro-

2003 2887 2248 2944 bustiora
2279 2888 2430 2939 sunt.
2470 2881 2653 2952 Neque
2674 2877 2910 2948 virgam.
2934 2870 3215 2927 Mattheus
3244 2874 3297 2922 et
3325 2863 3496 2920 Lucas
3517 2862 3595 2917 di-

2005 2982 2133 3034 cunt
2161 2988 2340 3047 neque
2358 2972 2614 3042 virgam;
2642 2964 2858 3021 Marcus
2885 2977 3002 3017 non
3038 2958 3157 3015 nisi
3193 2957 3407 3027 virgam
3436 2970 3457 3007 :
3487 2964 3596 3021 quo

1926 3072 1976 3137 C.
2005 3043 2260 3131 nomine,
2292 3067 2422 3129 etc.,
2454 3071 2629 3130 usque
2666 3053 2738 3110 ad
2763 3052 2870 3107 iter
2912 3043 3316 3121 praedicationis
3360 3053 3598 3113 pergere

2007 3154 2221 3222 debeat,
2253 3146 2591 3205 ostendatur.
2622 3143 2838 3215 Dignus
2858 3142 2967 3196 est.
3004 3134 3159 3192 Unde
3187 3146 3323 3205 ergo
3349 3140 3601 3185 necessa-

2007 3241 2125 3298 ria?
2152 3214 2381 3296 Tantum
2410 3233 2660 3306 accipite,
2693 3214 2954 3303 quantum
2980 3225 3050 3281 ad
3070 3220 3452 3279 necessitatem
3481 3214 3600 3271 suf-

2007 3330 2138 3399 ﬁcit,
2171 3335 2230 3384 ut
2258 3326 2386 3382 inde
2415 3321 2595 3380 securi
2624 3317 2845 3377 aeternis
2874 3314 3071 3371 melius
3099 3310 3324 3368 vacetis.

2078 3393 2248 3474 Vsus.
2282 3418 2370 3470 11.
2401 3443 2473 3454 —
2499 3400 2845 3481 Interroqate
2864 3405 3009 3479 quis.
3038 3397 3373 3458 Testimonio
3401 3393 3603 3481 vicino-

2007 3522 2131 3562 rum
2160 3502 2448 3578 eligendus
2476 3506 2560 3556 est
2586 3479 2811 3569 hospes,
2842 3508 2912 3549 ne
2941 3492 3103 3561 hujus
3130 3487 3347 3544 infamia
3392 3479 3598 3555 pradi-

2008 3594 2150 3652 catio
2178 3571 2425 3649 laedatur.
2449 3590 2664 3661 Dignus
2684 3587 2778 3641 sit.
2811 3584 2881 3639 Ut
2910 3580 3044 3637 sciat
3072 3594 3132 3634 se
3150 3575 3328 3649 magis
3346 3571 3598 3642 accipere

2010 3682 2241 3757 gratiam
2271 3694 2433 3752 quam
2459 3677 2610 3732 dare.
2643 3675 2724 3730 Ibi
2760 3674 3005 3727 manete.
3038 3664 3268 3739 (Auum)
3314 3664 3419 3718 Dat
3463 3673 3601 3714 cou-

2012 3746 2220 3826 stantim
2248 3746 2506 3841 generale
2535 3761 2848 3818 mandatum
2876 3765 2935 3813 ut
2961 3751 3247 3825 hospitalis
3293 3746 3602 3805 necessitu-

2010 3858 2155 3915 dinis
2194 3837 2318 3927 jura
2362 3851 2670 3911 custodiant
2720 3865 2734 3902 :
2780 3847 2907 3901 ideo
2952 3844 3146 3898 domus
3193 3837 3483 3912 eligenda,
3544 3841 3604 3889 ut

2010 3926 2253 4003 mutandi
2295 3940 2517 4014 hospitii
2560 3932 3089 4004 necessitudinisque
3132 3926 3402 3986 violanda:
3439 3937 3603 3980 causa

2012 4052 2123 4094 non
2151 4039 2420 4106 suppetat.
3672 4086 3691 4099 α

2082 4151 2253 4207 Vsus.
2286 4149 2373 4203 14.
2405 4176 2476 4187 -
2504 4141 2773 4200 Excutite
2794 4138 3087 4212 pulverem
3118 4133 3186 4190 de
3220 4130 3465 4201 pedibus.
3495 4127 3602 4184 Per

2015 4237 2393 4296 excussionem
2420 4230 2662 4306 pulveris
2684 4271 2699 4298 ,
2730 4225 3053 4299 intelligitur
3096 4220 3319 4278 amissio
3365 4215 3596 4273 itineris.

2016 4328 2283 4385 Excutite
2300 4302 2603 4398 pulverem,
2624 4319 2693 4374 ad
2712 4312 3160 4375 contestationem
3179 4306 3383 4365 terreni
3401 4302 3605 4360 laboris

1924 4444 1979 4507 D
2017 4432 2179 4489 quem
2206 4389 2319 4487 pro
2339 4413 2420 4469 eis
2447 4389 2679 4467 inaniter
2708 4409 3093 4476 susceperant,
3139 4406 3267 4466 etc.,
3318 4389 3491 4466 usque
3527 4390 3601 4447 ad

2008 4484 2110 4577 per
2137 4484 2317 4576 ipsum
2345 4501 2681 4558 Salvatorem
2707 4498 2997 4550 narrantur
3027 4484 3213 4543 abluti.

2082 4574 2251 4649 Vens.
2285 4592 2373 4646 16.
2404 4617 2473 4630 --
2500 4589 2640 4643 Ecce
2672 4599 2765 4655 ego
2800 4581 2986 4637 mitto.
3016 4574 3130 4631 Illis
3159 4588 3256 4628 sua
3284 4583 3445 4644 poma
3475 4584 3597 4625 ser-

2012 4681 2225 4739 vabitur
2251 4679 2309 4734 in
2336 4678 2597 4744 futurum,
2627 4679 2757 4740 etc.,
2788 4658 2961 4741 usque
2979 4665 3053 4722 ad
3087 4661 3229 4719 mala
3255 4658 3460 4716 inferre
3488 4672 3599 4713 non

2013 4770 2194 4839 debet,
2216 4767 2315 4824 sed
2334 4766 2586 4822 tolerare.
2610 4760 2771 4817 Sicut
2784 4759 3088 4831 serpentes.
3109 4749 3390 4824 Serpentis
3408 4746 3600 4805 astutia

2016 4867 2126 4929 est,
2157 4864 2286 4926 etc.,
2316 4867 2489 4927 usque
2507 4850 2581 4908 ad
2606 4855 2851 4905 veterem
2879 4843 3024 4901 exuit
3053 4840 3349 4898 hominem.

2087 4923 2477 5003 Vens.v18.——
2503 4942 2571 4996 In
2612 4935 3019 4994 testimonium.
3068 4932 3140 4987 Ut
3183 4928 3310 4985 inde
3354 4923 3602 4999 perversi

2016 5041 2269 5108 pereant,
2302 5038 2431 5102 etc.,
2463 5043 2637 5103 usque
2672 5025 2745 5083 ad
2770 5020 3141 5080 testimonium
3169 5017 3416 5090 ipsorum
3442 5013 3604 5070 inno-

2017 5123 2228 5182 centim.

2089 5239 2259 5295 Vsus.
2294 5238 2381 5291 19.
2415 5265 2484 5276 —
2512 5232 2750 5290 Dabitur
2768 5230 2923 5286 enim
2941 5227 3090 5284 vobis
3110 5226 3175 5281 in
3194 5223 3302 5280 illa
3322 5222 3457 5278 hora
3475 5215 3609 5292 quid

2024 5325 2352 5401 loquamini.
2384 5323 2728 5379 Voluntatem
2756 5325 2993 5375 vestram
3020 5329 3123 5386 pro
3151 5310 3367 5368 Christo
3386 5305 3607 5370 offerte;

2022 5414 2270 5471 Christus
2298 5427 2433 5468 vero
2460 5411 2715 5483 loquetur
2740 5422 2845 5480 pro
2873 5420 2952 5460 se.

2091 5517 2262 5573 Vsus.
2293 5518 2383 5574 21.
2416 5544 2485 5554 -
2517 5511 2717 5569 Tradet
2743 5513 2936 5565 autem
2973 5508 3175 5577 frater,
3209 5510 3313 5557 etc.
3345 5498 3609 5553 Minorem

2023 5605 2274 5663 dolorem
2299 5603 2559 5677 ingerunt
2594 5599 2735 5656 mala
2765 5611 2886 5670 qua
2914 5595 2981 5650 ab
3010 5590 3280 5649 extraneis
3311 5586 3612 5655 :majorem
