  <div class='ocr_page' id='page_1' title='image "/cluster/home/n/w/nwhite01/storage/ocr_20150623/114/hvd.32044052819893/065.png"; bbox 0 0 4028 6178; ppageno 0'>
   <div class='ocr_carea' id='block_1_1' title="bbox 394 180 521 270">
    <p class='ocr_par' dir='ltr' id='par_1_1' title="bbox 394 180 521 270">
     <span class='ocr_line' id='line_1_1' title="bbox 394 180 521 270; baseline 0 0"><span class='ocrx_word' id='word_1_1' title='bbox 394 180 521 270; x_wconf 65' lang='grc' dir='ltr'>μεθ’</span> 
     </span>
    </p>
   </div>
   <div class='ocr_carea' id='block_1_2' title="bbox 818 202 3079 268">
    <p class='ocr_par' dir='ltr' id='par_1_2' title="bbox 818 202 3079 268">
     <span class='ocr_line' id='line_1_2' title="bbox 818 202 3079 268; baseline -0.004 0"><span class='ocrx_word' id='word_1_2' title='bbox 818 210 1223 268; x_wconf 80' lang='lat' dir='ltr'><strong>WALAFRIDI</strong></span> <span class='ocrx_word' id='word_1_3' title='bbox 1262 209 1503 268; x_wconf 80' lang='lat' dir='ltr'><strong>STRABI</strong></span> <span class='ocrx_word' id='word_1_4' title='bbox 1543 208 1740 265; x_wconf 82' lang='lat' dir='ltr'><strong>FULD.</strong></span> <span class='ocrx_word' id='word_1_5' title='bbox 1781 205 1954 263; x_wconf 84' lang='lat' dir='ltr'><strong>MON.</strong></span> <span class='ocrx_word' id='word_1_6' title='bbox 1997 202 2149 261; x_wconf 91' lang='lat' dir='ltr'><strong>OPP.</strong></span> <span class='ocrx_word' id='word_1_7' title='bbox 2191 203 2367 261; x_wconf 79' lang='lat' dir='ltr'><strong>PARS</strong></span> <span class='ocrx_word' id='word_1_8' title='bbox 2404 205 2447 260; x_wconf 93' lang='grc' dir='ltr'><strong>Ι.</strong></span> <span class='ocrx_word' id='word_1_9' title='bbox 2489 235 2559 248; x_wconf 89' lang='grc'><strong>--</strong></span> <span class='ocrx_word' id='word_1_10' title='bbox 2595 204 3079 263; x_wconf 81' lang='lat' dir='ltr'><strong>THEOLOGICA.</strong></span> 
     </span>
    </p>
   </div>
   <div class='ocr_carea' id='block_1_3' title="bbox 3588 210 3692 265">
    <p class='ocr_par' dir='ltr' id='par_1_3' title="bbox 3588 210 3692 265">
     <span class='ocr_line' id='line_1_3' title="bbox 3588 210 3692 265; baseline 0.01 -2"><span class='ocrx_word' id='word_1_11' title='bbox 3588 210 3692 265; x_wconf 75' lang='grc'><strong>120</strong></span> 
     </span>
    </p>
   </div>
   <div class='ocr_carea' id='block_1_4' title="bbox 396 328 3701 411">
    <p class='ocr_par' dir='ltr' id='par_1_4' title="bbox 396 328 3701 411">
     <span class='ocr_line' id='line_1_4' title="bbox 396 328 3701 411; baseline -0.002 -17"><span class='ocrx_word' id='word_1_12' title='bbox 396 352 519 411; x_wconf 68' lang='lat' dir='ltr'><strong>quae</strong></span> <span class='ocrx_word' id='word_1_13' title='bbox 545 335 614 391; x_wconf 90' lang='lat' dir='ltr'><strong>ab</strong></span> <span class='ocrx_word' id='word_1_14' title='bbox 642 334 751 391; x_wconf 84' lang='lat' dir='ltr'>illis</span> <span class='ocrx_word' id='word_1_15' title='bbox 792 334 1048 407; x_wconf 78' lang='lat' dir='ltr'><strong>patimur,</strong></span> <span class='ocrx_word' id='word_1_16' title='bbox 1080 332 1151 390; x_wconf 91' lang='lat' dir='ltr'><strong>de</strong></span> <span class='ocrx_word' id='word_1_17' title='bbox 1180 349 1414 405; x_wconf 87' lang='lat' dir='ltr'><strong>quorum</strong></span> <span class='ocrx_word' id='word_1_18' title='bbox 1461 333 1734 389; x_wconf 87' lang='lat' dir='ltr'><strong>mentibus</strong></span> <span class='ocrx_word' id='word_1_19' title='bbox 1783 345 1994 402; x_wconf 84' lang='lat' dir='ltr'><strong>praesu-</strong></span> <span class='ocrx_word' id='word_1_20' title='bbox 2016 329 2072 391; x_wconf 86' lang='grc' dir='ltr'><strong>Α</strong></span> <span class='ocrx_word' id='word_1_21' title='bbox 2101 335 2246 399; x_wconf 89' lang='lat' dir='ltr'><strong>sunt,</strong></span> <span class='ocrx_word' id='word_1_22' title='bbox 2280 328 2377 383; x_wconf 92' lang='lat' dir='ltr'><strong>sed</strong></span> <span class='ocrx_word' id='word_1_23' title='bbox 2406 328 2452 383; x_wconf 90' lang='lat' dir='ltr'><strong>si</strong></span> <span class='ocrx_word' id='word_1_24' title='bbox 2484 336 2774 402; x_wconf 88' lang='lat' dir='ltr'><strong>utrumque</strong></span> <span class='ocrx_word' id='word_1_25' title='bbox 2804 345 2915 386; x_wconf 91' lang='lat' dir='ltr'><strong>non</strong></span> <span class='ocrx_word' id='word_1_26' title='bbox 2941 337 3123 402; x_wconf 78' lang='lat' dir='ltr'><strong>potest</strong></span> <span class='ocrx_word' id='word_1_27' title='bbox 3149 329 3357 387; x_wconf 89' lang='lat' dir='ltr'><strong>servari</strong></span> <span class='ocrx_word' id='word_1_28' title='bbox 3383 370 3397 401; x_wconf 94' lang='lat'><strong>,</strong></span> <span class='ocrx_word' id='word_1_29' title='bbox 3429 329 3617 386; x_wconf 91' lang='lat' dir='ltr'><strong>odium</strong></span> <span class='ocrx_word' id='word_1_30' title='bbox 3643 329 3701 386; x_wconf 92' lang='lat' dir='ltr'><strong>in</strong></span> 
     </span>
    </p>
   </div>
   <div class='ocr_carea' id='block_1_5' title="bbox 394 420 2000 496">
    <p class='ocr_par' dir='ltr' id='par_1_5' title="bbox 394 420 2000 496">
     <span class='ocr_line' id='line_1_5' title="bbox 394 420 2000 496; baseline -0.005 -14"><span class='ocrx_word' id='word_1_31' title='bbox 394 424 677 482; x_wconf 86' lang='lat' dir='ltr'><strong>mebamus</strong></span> <span class='ocrx_word' id='word_1_32' title='bbox 710 440 725 478; x_wconf 89' lang='lat'><strong>:</strong></span> <span class='ocrx_word' id='word_1_33' title='bbox 758 423 883 496; x_wconf 85' lang='lat' dir='ltr'><strong>quia</strong></span> <span class='ocrx_word' id='word_1_34' title='bbox 911 436 1039 480; x_wconf 88' lang='lat' dir='ltr'><strong>cum</strong></span> <span class='ocrx_word' id='word_1_35' title='bbox 1066 420 1265 479; x_wconf 90' lang='lat' dir='ltr'><strong>damno</strong></span> <span class='ocrx_word' id='word_1_36' title='bbox 1295 421 1566 495; x_wconf 90' lang='lat' dir='ltr'><strong>corporis,</strong></span> <span class='ocrx_word' id='word_1_37' title='bbox 1589 420 1732 477; x_wconf 89' lang='lat' dir='ltr'><strong>mala</strong></span> <span class='ocrx_word' id='word_1_38' title='bbox 1752 435 1854 476; x_wconf 91' lang='lat' dir='ltr'><strong>nos</strong></span> <span class='ocrx_word' id='word_1_39' title='bbox 1875 434 2000 477; x_wconf 90' lang='lat' dir='ltr'><strong>cru-</strong></span> 
     </span>
    </p>
   </div>
   <div class='ocr_carea' id='block_1_6' title="bbox 394 510 1115 571">
    <p class='ocr_par' dir='ltr' id='par_1_6' title="bbox 394 510 1115 571">
     <span class='ocr_line' id='line_1_6' title="bbox 394 510 1115 571; baseline -0.01 0"><span class='ocrx_word' id='word_1_40' title='bbox 394 513 541 571; x_wconf 85' lang='lat' dir='ltr'><strong>ciant</strong></span> <span class='ocrx_word' id='word_1_41' title='bbox 573 513 790 569; x_wconf 85' lang='lat' dir='ltr'><strong>amissae</strong></span> <span class='ocrx_word' id='word_1_42' title='bbox 819 510 1115 569; x_wconf 90' lang='lat' dir='ltr'><strong>charitatis.</strong></span> 
     </span>
    </p>
   </div>
   <div class='ocr_carea' id='block_1_7' title="bbox 467 622 2001 696">
    <p class='ocr_par' dir='ltr' id='par_1_7' title="bbox 467 622 2001 696">
     <span class='ocr_line' id='line_1_7' title="bbox 467 622 2001 696; baseline -0.006 -9"><span class='ocrx_word' id='word_1_43' title='bbox 467 630 638 687; x_wconf 74' lang='lat' dir='ltr'><strong>Vnus.</strong></span> <span class='ocrx_word' id='word_1_44' title='bbox 669 632 759 686; x_wconf 92' lang='lat'><strong>22.</strong></span> <span class='ocrx_word' id='word_1_45' title='bbox 792 657 862 668; x_wconf 97' lang='lat'>—</span> <span class='ocrx_word' id='word_1_46' title='bbox 896 627 1003 695; x_wconf 88' lang='lat' dir='ltr'><strong>Qui</strong></span> <span class='ocrx_word' id='word_1_47' title='bbox 1020 629 1234 696; x_wconf 86' lang='lat' dir='ltr'><strong>autem,</strong></span> <span class='ocrx_word' id='word_1_48' title='bbox 1267 632 1373 682; x_wconf 87' lang='lat' dir='ltr'><strong>etc.</strong></span> <span class='ocrx_word' id='word_1_49' title='bbox 1406 625 1581 682; x_wconf 88' lang='lat' dir='ltr'><strong>Docet</strong></span> <span class='ocrx_word' id='word_1_50' title='bbox 1610 624 1867 682; x_wconf 80' lang='lat' dir='ltr'><strong>virtutem</strong></span> <span class='ocrx_word' id='word_1_51' title='bbox 1887 622 2001 679; x_wconf 92' lang='lat' dir='ltr'><strong>lon-</strong></span> 
     </span>
    </p>
   </div>
   <div class='ocr_carea' id='block_1_8' title="bbox 399 713 1998 793">
    <p class='ocr_par' dir='ltr' id='par_1_8' title="bbox 399 713 1998 793">
     <span class='ocr_line' id='line_1_8' title="bbox 399 713 1998 793; baseline -0.005 -19"><span class='ocrx_word' id='word_1_52' title='bbox 399 717 730 793; x_wconf 83' lang='lat' dir='ltr'><strong>ganimitatis</strong></span> <span class='ocrx_word' id='word_1_53' title='bbox 760 723 814 773; x_wconf 88' lang='lat' dir='ltr'><strong>et</strong></span> <span class='ocrx_word' id='word_1_54' title='bbox 841 714 1143 787; x_wconf 84' lang='lat' dir='ltr'><strong>patientiae,</strong></span> <span class='ocrx_word' id='word_1_55' title='bbox 1177 722 1307 784; x_wconf 92' lang='lat' dir='ltr'><strong>etc.,</strong></span> <span class='ocrx_word' id='word_1_56' title='bbox 1341 731 1515 788; x_wconf 87' lang='lat' dir='ltr'><strong>usque</strong></span> <span class='ocrx_word' id='word_1_57' title='bbox 1549 714 1622 771; x_wconf 88' lang='lat' dir='ltr'><strong>ad</strong></span> <span class='ocrx_word' id='word_1_58' title='bbox 1666 715 1774 770; x_wconf 91' lang='lat' dir='ltr'><strong>hoc</strong></span> <span class='ocrx_word' id='word_1_59' title='bbox 1819 713 1998 783; x_wconf 91' lang='lat' dir='ltr'><strong>ipsum</strong></span> 
     </span>
    </p>
   </div>
   <div class='ocr_carea' id='block_1_9' title="bbox 396 802 1417 879">
    <p class='ocr_par' dir='ltr' id='par_1_9' title="bbox 396 802 1417 879">
     <span class='ocr_line' id='line_1_9' title="bbox 396 802 1417 879; baseline -0.007 -16"><span class='ocrx_word' id='word_1_60' title='bbox 396 806 688 879; x_wconf 82' lang='lat' dir='ltr'><strong>incipimus</strong></span> <span class='ocrx_word' id='word_1_61' title='bbox 717 804 1003 877; x_wconf 91' lang='lat' dir='ltr'><strong>possidere</strong></span> <span class='ocrx_word' id='word_1_62' title='bbox 1035 802 1181 875; x_wconf 91' lang='lat' dir='ltr'><strong>quod</strong></span> <span class='ocrx_word' id='word_1_63' title='bbox 1210 818 1417 858; x_wconf 91' lang='lat' dir='ltr'><strong>sumus.</strong></span> 
     </span>
    </p>
   </div>
   <div class='ocr_carea' id='block_1_10' title="bbox 468 887 1998 960">
    <p class='ocr_par' dir='ltr' id='par_1_10' title="bbox 468 887 1998 960">
     <span class='ocr_line' id='line_1_10' title="bbox 468 887 1998 960; baseline -0.007 -8"><span class='ocrx_word' id='word_1_64' title='bbox 468 896 639 952; x_wconf 73' lang='lat' dir='ltr'><strong>Vsus.</strong></span> <span class='ocrx_word' id='word_1_65' title='bbox 674 897 762 952; x_wconf 91' lang='lat'><strong>23.</strong></span> <span class='ocrx_word' id='word_1_66' title='bbox 796 923 867 934; x_wconf 96' lang='lat'><strong>—</strong></span> <span class='ocrx_word' id='word_1_67' title='bbox 900 894 1038 949; x_wconf 87' lang='lat' dir='ltr'><strong>Cum</strong></span> <span class='ocrx_word' id='word_1_68' title='bbox 1076 895 1287 948; x_wconf 88' lang='lat' dir='ltr'><strong>autem.</strong></span> <span class='ocrx_word' id='word_1_69' title='bbox 1321 892 1440 946; x_wconf 87' lang='lat' dir='ltr'><strong>Hoc</strong></span> <span class='ocrx_word' id='word_1_70' title='bbox 1483 889 1553 945; x_wconf 90' lang='lat' dir='ltr'><strong>ad</strong></span> <span class='ocrx_word' id='word_1_71' title='bbox 1600 887 1734 944; x_wconf 92' lang='lat' dir='ltr'><strong>illud</strong></span> <span class='ocrx_word' id='word_1_72' title='bbox 1780 898 1998 960; x_wconf 87' lang='lat' dir='ltr'><strong>tempus</strong></span> 
     </span>
    </p>
   </div>
   <div class='ocr_carea' id='block_1_11' title="bbox 396 979 1996 1056">
    <p class='ocr_par' dir='ltr' id='par_1_11' title="bbox 396 979 1996 1056">
     <span class='ocr_line' id='line_1_11' title="bbox 396 979 1996 1056; baseline -0.004 -17"><span class='ocrx_word' id='word_1_73' title='bbox 396 983 653 1056; x_wconf 83' lang='lat' dir='ltr'><strong>pertinet,</strong></span> <span class='ocrx_word' id='word_1_74' title='bbox 686 998 795 1053; x_wconf 91' lang='lat' dir='ltr'><strong>quo</strong></span> <span class='ocrx_word' id='word_1_75' title='bbox 824 980 1029 1036; x_wconf 90' lang='lat' dir='ltr'><strong>dictum</strong></span> <span class='ocrx_word' id='word_1_76' title='bbox 1059 987 1142 1035; x_wconf 92' lang='lat' dir='ltr'><strong>est</strong></span> <span class='ocrx_word' id='word_1_77' title='bbox 1174 997 1188 1033; x_wconf 91' lang='lat'><strong>:</strong></span> <span class='ocrx_word' id='word_1_78' title='bbox 1221 981 1287 1035; x_wconf 91' lang='lat' dir='ltr'><strong>In</strong></span> <span class='ocrx_word' id='word_1_79' title='bbox 1314 981 1405 1035; x_wconf 83' lang='lat' dir='ltr'><strong>via</strong></span> <span class='ocrx_word' id='word_1_80' title='bbox 1441 980 1700 1051; x_wconf 89' lang='lat' dir='ltr'><strong>gentium</strong></span> <span class='ocrx_word' id='word_1_81' title='bbox 1728 994 1801 1033; x_wconf 87' lang='lat' dir='ltr'><strong>ne</strong></span> <span class='ocrx_word' id='word_1_82' title='bbox 1840 979 1996 1034; x_wconf 87' lang='lat' dir='ltr'><strong>abie-</strong></span> 
     </span>
    </p>
   </div>
   <div class='ocr_carea' id='block_1_12' title="bbox 396 1064 1997 1142">
    <p class='ocr_par' dir='ltr' id='par_1_12' title="bbox 396 1064 1997 1142">
     <span class='ocr_line' id='line_1_12' title="bbox 396 1064 1997 1142; baseline -0.006 -13"><span class='ocrx_word' id='word_1_83' title='bbox 396 1074 550 1141; x_wconf 86' lang='lat' dir='ltr'><strong>ritis,</strong></span> <span class='ocrx_word' id='word_1_84' title='bbox 584 1070 731 1142; x_wconf 92' lang='lat' dir='ltr'><strong>quod</strong></span> <span class='ocrx_word' id='word_1_85' title='bbox 758 1069 1172 1141; x_wconf 88' lang='lat' dir='ltr'><strong>persecutiones</strong></span> <span class='ocrx_word' id='word_1_86' title='bbox 1201 1083 1312 1124; x_wconf 90' lang='lat' dir='ltr'><strong>non</strong></span> <span class='ocrx_word' id='word_1_87' title='bbox 1340 1067 1573 1121; x_wconf 88' lang='lat' dir='ltr'><strong>debeant</strong></span> <span class='ocrx_word' id='word_1_88' title='bbox 1618 1064 1811 1121; x_wconf 90' lang='lat' dir='ltr'><strong>timere</strong></span> <span class='ocrx_word' id='word_1_89' title='bbox 1834 1107 1849 1134; x_wconf 93' lang='lat'><strong>,</strong></span> <span class='ocrx_word' id='word_1_90' title='bbox 1899 1064 1997 1121; x_wconf 89' lang='lat' dir='ltr'><strong>sed</strong></span> 
     </span>
    </p>
   </div>
   <div class='ocr_carea' id='block_1_13' title="bbox 397 1153 1995 1227">
    <p class='ocr_par' dir='ltr' id='par_1_13' title="bbox 397 1153 1995 1227">
     <span class='ocr_line' id='line_1_13' title="bbox 397 1153 1995 1227; baseline -0.004 -12"><span class='ocrx_word' id='word_1_91' title='bbox 397 1159 674 1216; x_wconf 87' lang='lat' dir='ltr'><strong>declinare</strong></span> <span class='ocrx_word' id='word_1_92' title='bbox 708 1175 721 1213; x_wconf 91' lang='lat'><strong>:</strong></span> <span class='ocrx_word' id='word_1_93' title='bbox 752 1166 813 1214; x_wconf 90' lang='lat' dir='ltr'><strong>ut</strong></span> <span class='ocrx_word' id='word_1_94' title='bbox 838 1156 1199 1213; x_wconf 84' lang='lat' dir='ltr'><strong>tribulationis</strong></span> <span class='ocrx_word' id='word_1_95' title='bbox 1229 1155 1445 1211; x_wconf 87' lang='lat' dir='ltr'><strong>occasio</strong></span> <span class='ocrx_word' id='word_1_96' title='bbox 1475 1153 1545 1209; x_wconf 91' lang='lat' dir='ltr'><strong>sit</strong></span> <span class='ocrx_word' id='word_1_97' title='bbox 1571 1153 1856 1227; x_wconf 81' lang='lat' dir='ltr'><strong>Evangelii</strong></span> <span class='ocrx_word' id='word_1_98' title='bbox 1902 1170 1995 1209; x_wconf 90' lang='lat' dir='ltr'><strong>se-</strong></span> 
     </span>
    </p>
   </div>
   <div class='ocr_carea' id='block_1_14' title="bbox 394 1247 705 1311">
    <p class='ocr_par' dir='ltr' id='par_1_14' title="bbox 394 1247 705 1311">
     <span class='ocr_line' id='line_1_14' title="bbox 394 1247 705 1311; baseline -0.016 -5"><span class='ocrx_word' id='word_1_99' title='bbox 394 1247 705 1311; x_wconf 85' lang='lat' dir='ltr'><strong>minarium.</strong></span> 
     </span>
    </p>
   </div>
   <div class='ocr_carea' id='block_1_15' title="bbox 464 1357 1998 1432">
    <p class='ocr_par' dir='ltr' id='par_1_15' title="bbox 464 1357 1998 1432">
     <span class='ocr_line' id='line_1_15' title="bbox 464 1357 1998 1432; baseline -0.006 -11"><span class='ocrx_word' id='word_1_100' title='bbox 464 1364 640 1421; x_wconf 74' lang='lat' dir='ltr'><strong>&#39;Vsns.</strong></span> <span class='ocrx_word' id='word_1_101' title='bbox 671 1364 760 1421; x_wconf 64' lang='lat'><strong>24.</strong></span> <span class='ocrx_word' id='word_1_102' title='bbox 794 1392 863 1403; x_wconf 90' lang='lat'><strong>——</strong></span> <span class='ocrx_word' id='word_1_103' title='bbox 891 1362 1012 1417; x_wconf 86' lang='lat' dir='ltr'><strong>Non</strong></span> <span class='ocrx_word' id='word_1_104' title='bbox 1034 1364 1119 1417; x_wconf 89' lang='lat' dir='ltr'><strong>est</strong></span> <span class='ocrx_word' id='word_1_105' title='bbox 1136 1359 1467 1432; x_wconf 80' lang='lat' dir='ltr'><strong>discipulus,</strong></span> <span class='ocrx_word' id='word_1_106' title='bbox 1501 1366 1606 1415; x_wconf 90' lang='lat' dir='ltr'><strong>etc.</strong></span> <span class='ocrx_word' id='word_1_107' title='bbox 1640 1359 1725 1413; x_wconf 94' lang='lat' dir='ltr'><strong>Ne</strong></span> <span class='ocrx_word' id='word_1_108' title='bbox 1753 1357 1998 1432; x_wconf 84' lang='lat' dir='ltr'><strong>indigne-</strong></span> 
     </span>
    </p>
   </div>
   <div class='ocr_carea' id='block_1_16' title="bbox 396 1447 1996 1522">
    <p class='ocr_par' dir='ltr' id='par_1_16' title="bbox 396 1447 1996 1522">
     <span class='ocr_line' id='line_1_16' title="bbox 396 1447 1996 1522; baseline -0.005 -12"><span class='ocrx_word' id='word_1_109' title='bbox 396 1453 531 1510; x_wconf 88' lang='lat' dir='ltr'><strong>mini</strong></span> <span class='ocrx_word' id='word_1_110' title='bbox 561 1451 797 1507; x_wconf 88' lang='lat' dir='ltr'><strong>tolerare</strong></span> <span class='ocrx_word' id='word_1_111' title='bbox 828 1450 974 1522; x_wconf 93' lang='lat' dir='ltr'><strong>quod</strong></span> <span class='ocrx_word' id='word_1_112' title='bbox 1005 1449 1180 1505; x_wconf 89' lang='lat' dir='ltr'><strong>tolero</strong></span> <span class='ocrx_word' id='word_1_113' title='bbox 1211 1448 1304 1519; x_wconf 90' lang='lat' dir='ltr'><strong>qui</strong></span> <span class='ocrx_word' id='word_1_114' title='bbox 1332 1447 1598 1504; x_wconf 89' lang='lat' dir='ltr'><strong>Dominus</strong></span> <span class='ocrx_word' id='word_1_115' title='bbox 1627 1464 1767 1518; x_wconf 90' lang='lat' dir='ltr'><strong>sum,</strong></span> <span class='ocrx_word' id='word_1_116' title='bbox 1792 1447 1996 1504; x_wconf 87' lang='lat' dir='ltr'><strong>faciens</strong></span> 
     </span>
    </p>
   </div>
   <div class='ocr_carea' id='block_1_17' title="bbox 402 1536 1850 1613">
    <p class='ocr_par' dir='ltr' id='par_1_17' title="bbox 402 1536 1850 1613">
     <span class='ocr_line' id='line_1_17' title="bbox 402 1536 1850 1613; baseline -0.003 -17"><span class='ocrx_word' id='word_1_117' title='bbox 402 1540 550 1613; x_wconf 88' lang='lat' dir='ltr'><strong>quod</strong></span> <span class='ocrx_word' id='word_1_118' title='bbox 580 1540 706 1597; x_wconf 91' lang='lat' dir='ltr'><strong>volo</strong></span> <span class='ocrx_word' id='word_1_119' title='bbox 725 1581 740 1610; x_wconf 92' lang='lat'><strong>,</strong></span> <span class='ocrx_word' id='word_1_120' title='bbox 773 1548 826 1594; x_wconf 91' lang='lat' dir='ltr'><strong>et</strong></span> <span class='ocrx_word' id='word_1_121' title='bbox 853 1538 1115 1611; x_wconf 83' lang='lat' dir='ltr'><strong>magister</strong></span> <span class='ocrx_word' id='word_1_122' title='bbox 1142 1537 1348 1593; x_wconf 90' lang='lat' dir='ltr'><strong>docens</strong></span> <span class='ocrx_word' id='word_1_123' title='bbox 1379 1536 1524 1608; x_wconf 91' lang='lat' dir='ltr'><strong>quod</strong></span> <span class='ocrx_word' id='word_1_124' title='bbox 1553 1536 1685 1592; x_wconf 89' lang='lat' dir='ltr'><strong>utile</strong></span> <span class='ocrx_word' id='word_1_125' title='bbox 1716 1536 1850 1593; x_wconf 91' lang='lat' dir='ltr'><strong>scio.</strong></span> 
     </span>
    </p>
   </div>
   <div class='ocr_carea' id='block_1_18' title="bbox 470 1624 1996 1700">
    <p class='ocr_par' dir='ltr' id='par_1_18' title="bbox 470 1624 1996 1700">
     <span class='ocr_line' id='line_1_18' title="bbox 470 1624 1996 1700; baseline -0.005 -15"><span class='ocrx_word' id='word_1_126' title='bbox 470 1630 641 1685; x_wconf 72' lang='lat' dir='ltr'><strong>Vnus.</strong></span> <span class='ocrx_word' id='word_1_127' title='bbox 672 1632 763 1687; x_wconf 81' lang='lat'><strong>25.</strong></span> <span class='ocrx_word' id='word_1_128' title='bbox 795 1658 865 1669; x_wconf 87' lang='lat'><strong>—-</strong></span> <span class='ocrx_word' id='word_1_129' title='bbox 892 1628 953 1683; x_wconf 91' lang='lat' dir='ltr'><strong>Si</strong></span> <span class='ocrx_word' id='word_1_130' title='bbox 966 1627 1468 1700; x_wconf 75' lang='lat' dir='ltr'><strong>patremfamilias.</strong></span> <span class='ocrx_word' id='word_1_131' title='bbox 1521 1624 1772 1681; x_wconf 84' lang='lat' dir='ltr'><strong>Ostendit</strong></span> <span class='ocrx_word' id='word_1_132' title='bbox 1792 1624 1996 1681; x_wconf 89' lang='lat' dir='ltr'><strong>calum-</strong></span> 
     </span>
    </p>
   </div>
   <div class='ocr_carea' id='block_1_19' title="bbox 403 1714 2004 1787">
    <p class='ocr_par' dir='ltr' id='par_1_19' title="bbox 403 1714 2004 1787">
     <span class='ocr_line' id='line_1_19' title="bbox 403 1714 2004 1787; baseline -0.004 -12"><span class='ocrx_word' id='word_1_133' title='bbox 403 1717 522 1775; x_wconf 88' lang='lat' dir='ltr'><strong>nias</strong></span> <span class='ocrx_word' id='word_1_134' title='bbox 546 1734 691 1785; x_wconf 91' lang='lat' dir='ltr'><strong>suas,</strong></span> <span class='ocrx_word' id='word_1_135' title='bbox 718 1724 776 1771; x_wconf 89' lang='lat' dir='ltr'><strong>ut</strong></span> <span class='ocrx_word' id='word_1_136' title='bbox 798 1732 898 1771; x_wconf 90' lang='lat' dir='ltr'><strong>suo</strong></span> <span class='ocrx_word' id='word_1_137' title='bbox 920 1715 1172 1787; x_wconf 88' lang='lat' dir='ltr'><strong>exemplo</strong></span> <span class='ocrx_word' id='word_1_138' title='bbox 1198 1714 1374 1770; x_wconf 87' lang='lat' dir='ltr'><strong>ferant</strong></span> <span class='ocrx_word' id='word_1_139' title='bbox 1393 1715 1635 1784; x_wconf 87' lang='lat' dir='ltr'><strong>injurias.</strong></span> <span class='ocrx_word' id='word_1_140' title='bbox 1657 1715 1812 1770; x_wconf 89' lang='lat' dir='ltr'><strong>Unde</strong></span> <span class='ocrx_word' id='word_1_141' title='bbox 1832 1714 1965 1769; x_wconf 84' lang='lat' dir='ltr'><strong>dixit</strong></span> <span class='ocrx_word' id='word_1_142' title='bbox 1988 1730 2004 1767; x_wconf 91' lang='lat'><strong>:</strong></span> 
     </span>
    </p>
   </div>
   <div class='ocr_carea' id='block_1_20' title="bbox 400 1802 2010 1879">
    <p class='ocr_par' dir='ltr' id='par_1_20' title="bbox 400 1802 2010 1879">
     <span class='ocr_line' id='line_1_20' title="bbox 400 1802 2010 1879; baseline -0.004 -14"><span class='ocrx_word' id='word_1_143' title='bbox 400 1807 623 1879; x_wconf 75' lang='lat' dir='ltr'><strong>Sufﬁcit</strong></span> <span class='ocrx_word' id='word_1_144' title='bbox 658 1806 773 1864; x_wconf 89' lang='lat' dir='ltr'><strong>diei</strong></span> <span class='ocrx_word' id='word_1_145' title='bbox 811 1806 1041 1861; x_wconf 87' lang='lat' dir='ltr'><strong>malitia</strong></span> <span class='ocrx_word' id='word_1_146' title='bbox 1080 1821 1202 1860; x_wconf 89' lang='lat' dir='ltr'><strong>sua.</strong></span> <span class='ocrx_word' id='word_1_147' title='bbox 1236 1804 1551 1859; x_wconf 71' lang='lat' dir='ltr'><strong>Beelzebub.</strong></span> <span class='ocrx_word' id='word_1_148' title='bbox 1602 1802 1729 1858; x_wconf 89' lang='lat' dir='ltr'><strong>Beel</strong></span> <span class='ocrx_word' id='word_1_149' title='bbox 1768 1803 1885 1874; x_wconf 91' lang='lat' dir='ltr'><strong>ipse</strong></span> <span class='ocrx_word' id='word_1_150' title='bbox 1922 1810 2010 1858; x_wconf 91' lang='lat' dir='ltr'><strong>est</strong></span> 
     </span>
    </p>
   </div>
   <div class='ocr_carea' id='block_1_21' title="bbox 398 1890 1998 1967">
    <p class='ocr_par' dir='ltr' id='par_1_21' title="bbox 398 1890 1998 1967">
     <span class='ocr_line' id='line_1_21' title="bbox 398 1890 1998 1967; baseline -0.004 -14"><span class='ocrx_word' id='word_1_151' title='bbox 398 1896 514 1967; x_wconf 87' lang='lat' dir='ltr'><strong>Bel,</strong></span> <span class='ocrx_word' id='word_1_152' title='bbox 546 1895 758 1965; x_wconf 91' lang='lat' dir='ltr'><strong>Zebub,</strong></span> <span class='ocrx_word' id='word_1_153' title='bbox 790 1909 979 1949; x_wconf 89' lang='lat' dir='ltr'><strong>musca</strong></span> <span class='ocrx_word' id='word_1_154' title='bbox 1002 1934 1017 1963; x_wconf 92' lang='lat'><strong>,</strong></span> <span class='ocrx_word' id='word_1_155' title='bbox 1051 1899 1180 1963; x_wconf 92' lang='lat' dir='ltr'><strong>etc.,</strong></span> <span class='ocrx_word' id='word_1_156' title='bbox 1214 1908 1387 1966; x_wconf 85' lang='lat' dir='ltr'><strong>usque</strong></span> <span class='ocrx_word' id='word_1_157' title='bbox 1424 1892 1496 1948; x_wconf 88' lang='lat' dir='ltr'><strong>ad</strong></span> <span class='ocrx_word' id='word_1_158' title='bbox 1534 1890 1620 1948; x_wconf 90' lang='lat' dir='ltr'><strong>vir</strong></span> <span class='ocrx_word' id='word_1_159' title='bbox 1663 1907 1998 1963; x_wconf 89' lang='lat' dir='ltr'><strong>muscarum,</strong></span> 
     </span>
    </p>
   </div>
   <div class='ocr_carea' id='block_1_22' title="bbox 403 1983 1022 2043">
    <p class='ocr_par' dir='ltr' id='par_1_22' title="bbox 403 1983 1022 2043">
     <span class='ocr_line' id='line_1_22' title="bbox 403 1983 1022 2043; baseline -0.008 -2"><span class='ocrx_word' id='word_1_160' title='bbox 403 1984 519 2043; x_wconf 90' lang='lat' dir='ltr'><strong>sive</strong></span> <span class='ocrx_word' id='word_1_161' title='bbox 547 1983 756 2040; x_wconf 89' lang='lat' dir='ltr'><strong>habens</strong></span> <span class='ocrx_word' id='word_1_162' title='bbox 784 1997 1022 2039; x_wconf 87' lang='lat' dir='ltr'><strong>muscas.</strong></span> 
     </span>
    </p>
   </div>
   <div class='ocr_carea' id='block_1_23' title="bbox 469 2087 2000 2161">
    <p class='ocr_par' dir='ltr' id='par_1_23' title="bbox 469 2087 2000 2161">
     <span class='ocr_line' id='line_1_23' title="bbox 469 2087 2000 2161; baseline -0.005 -12"><span class='ocrx_word' id='word_1_163' title='bbox 469 2092 645 2149; x_wconf 69' lang='lat' dir='ltr'><strong>Vens.</strong></span> <span class='ocrx_word' id='word_1_164' title='bbox 675 2093 765 2149; x_wconf 88' lang='lat'><strong>26.</strong></span> <span class='ocrx_word' id='word_1_165' title='bbox 798 2120 868 2131; x_wconf 96' lang='lat'><strong>—</strong></span> <span class='ocrx_word' id='word_1_166' title='bbox 898 2089 978 2146; x_wconf 88' lang='lat' dir='ltr'><strong>Ne</strong></span> <span class='ocrx_word' id='word_1_167' title='bbox 998 2104 1122 2161; x_wconf 87' lang='lat' dir='ltr'><strong>ergo</strong></span> <span class='ocrx_word' id='word_1_168' title='bbox 1155 2088 1466 2144; x_wconf 85' lang='lat' dir='ltr'><strong>timueritis</strong></span> <span class='ocrx_word' id='word_1_169' title='bbox 1505 2102 1613 2144; x_wconf 87' lang='lat' dir='ltr'><strong>eos.</strong></span> <span class='ocrx_word' id='word_1_170' title='bbox 1648 2087 1858 2143; x_wconf 90' lang='lat' dir='ltr'><strong>Eorum</strong></span> <span class='ocrx_word' id='word_1_171' title='bbox 1890 2101 2000 2142; x_wconf 88' lang='lat' dir='ltr'><strong>sae-</strong></span> 
     </span>
    </p>
   </div>
   <div class='ocr_carea' id='block_1_24' title="bbox 404 2175 2000 2249">
    <p class='ocr_par' dir='ltr' id='par_1_24' title="bbox 404 2175 2000 2249">
     <span class='ocr_line' id='line_1_24' title="bbox 404 2175 2000 2249; baseline -0.006 -10"><span class='ocrx_word' id='word_1_172' title='bbox 404 2180 594 2239; x_wconf 88' lang='lat' dir='ltr'><strong>vitiam</strong></span> <span class='ocrx_word' id='word_1_173' title='bbox 622 2177 712 2236; x_wconf 85' lang='lat' dir='ltr'><strong>vel</strong></span> <span class='ocrx_word' id='word_1_174' title='bbox 738 2177 1102 2249; x_wconf 90' lang='lat' dir='ltr'><strong>blasphemias</strong></span> <span class='ocrx_word' id='word_1_175' title='bbox 1120 2218 1136 2247; x_wconf 96' lang='lat'><strong>,</strong></span> <span class='ocrx_word' id='word_1_176' title='bbox 1170 2176 1293 2249; x_wconf 90' lang='lat' dir='ltr'><strong>quia</strong></span> <span class='ocrx_word' id='word_1_177' title='bbox 1323 2175 1504 2232; x_wconf 89' lang='lat' dir='ltr'><strong>veniet</strong></span> <span class='ocrx_word' id='word_1_178' title='bbox 1531 2175 1650 2231; x_wconf 91' lang='lat' dir='ltr'><strong>dies</strong></span> <span class='ocrx_word' id='word_1_179' title='bbox 1679 2190 1804 2231; x_wconf 90' lang='lat' dir='ltr'><strong>cum</strong></span> <span class='ocrx_word' id='word_1_180' title='bbox 1851 2175 2000 2231; x_wconf 92' lang='lat' dir='ltr'><strong>Deus</strong></span> 
     </span>
    </p>
   </div>
   <div class='ocr_carea' id='block_1_25' title="bbox 396 2263 1998 2341">
    <p class='ocr_par' dir='ltr' id='par_1_25' title="bbox 396 2263 1998 2341">
     <span class='ocr_line' id='line_1_25' title="bbox 396 2263 1998 2341; baseline -0.003 -15"><span class='ocrx_word' id='word_1_181' title='bbox 396 2268 662 2341; x_wconf 76' lang='lat' dir='ltr'><strong>iudicabit</strong></span> <span class='ocrx_word' id='word_1_182' title='bbox 690 2266 903 2325; x_wconf 89' lang='lat' dir='ltr'><strong>occulta</strong></span> <span class='ocrx_word' id='word_1_183' title='bbox 930 2264 1242 2336; x_wconf 90' lang='lat' dir='ltr'><strong>hominum,</strong></span> <span class='ocrx_word' id='word_1_184' title='bbox 1290 2264 1383 2320; x_wconf 89' lang='lat' dir='ltr'><strong>ubi</strong></span> <span class='ocrx_word' id='word_1_185' title='bbox 1430 2272 1483 2321; x_wconf 91' lang='lat' dir='ltr'><strong>et</strong></span> <span class='ocrx_word' id='word_1_186' title='bbox 1528 2264 1768 2336; x_wconf 86' lang='lat' dir='ltr'><strong>nequitia</strong></span> <span class='ocrx_word' id='word_1_187' title='bbox 1812 2263 1998 2321; x_wconf 90' lang='lat' dir='ltr'><strong>disco-</strong></span> 
     </span>
    </p>
   </div>
   <div class='ocr_carea' id='block_1_26' title="bbox 397 2352 1993 2432">
    <p class='ocr_par' dir='ltr' id='par_1_26' title="bbox 397 2352 1993 2432">
     <span class='ocr_line' id='line_1_26' title="bbox 397 2352 1993 2432; baseline -0.004 -15"><span class='ocrx_word' id='word_1_188' title='bbox 397 2358 698 2432; x_wconf 87' lang='lat' dir='ltr'><strong>operietur,</strong></span> <span class='ocrx_word' id='word_1_189' title='bbox 732 2365 787 2413; x_wconf 90' lang='lat' dir='ltr'><strong>et</strong></span> <span class='ocrx_word' id='word_1_190' title='bbox 815 2362 998 2413; x_wconf 89' lang='lat' dir='ltr'><strong>vestra</strong></span> <span class='ocrx_word' id='word_1_191' title='bbox 1026 2354 1273 2425; x_wconf 88' lang='lat' dir='ltr'><strong>intentio,</strong></span> <span class='ocrx_word' id='word_1_192' title='bbox 1305 2368 1452 2411; x_wconf 91' lang='lat' dir='ltr'><strong>nunc</strong></span> <span class='ocrx_word' id='word_1_193' title='bbox 1483 2352 1587 2410; x_wconf 90' lang='lat' dir='ltr'><strong>soli</strong></span> <span class='ocrx_word' id='word_1_194' title='bbox 1608 2355 1726 2411; x_wconf 89' lang='lat' dir='ltr'><strong>Deo</strong></span> <span class='ocrx_word' id='word_1_195' title='bbox 1756 2353 1993 2427; x_wconf 86' lang='lat' dir='ltr'><strong>cognita,</strong></span> 
     </span>
    </p>
   </div>
   <div class='ocr_carea' id='block_1_27' title="bbox 292 2444 997 2505">
    <p class='ocr_par' dir='ltr' id='par_1_27' title="bbox 292 2444 997 2505">
     <span class='ocr_line' id='line_1_27' title="bbox 292 2444 997 2505; baseline -0.01 1"><span class='ocrx_word' id='word_1_196' title='bbox 292 2454 295 2457; x_wconf 83' lang='lat'>&#39;</span> <span class='ocrx_word' id='word_1_197' title='bbox 392 2446 463 2505; x_wconf 83' lang='lat' dir='ltr'><strong>ab</strong></span> <span class='ocrx_word' id='word_1_198' title='bbox 492 2446 745 2505; x_wconf 90' lang='lat' dir='ltr'><strong>omnibus</strong></span> <span class='ocrx_word' id='word_1_199' title='bbox 774 2444 997 2503; x_wconf 90' lang='lat' dir='ltr'><strong>scietur.</strong></span> 
     </span>
    </p>
   </div>
   <div class='ocr_carea' id='block_1_28' title="bbox 464 2513 1996 2628">
    <p class='ocr_par' dir='ltr' id='par_1_28' title="bbox 464 2513 1996 2628">
     <span class='ocr_line' id='line_1_28' title="bbox 464 2513 1996 2628; baseline -0.004 -10"><span class='ocrx_word' id='word_1_200' title='bbox 464 2560 635 2618; x_wconf 69' lang='lat' dir='ltr'><strong>Vsus.</strong></span> <span class='ocrx_word' id='word_1_201' title='bbox 666 2560 757 2618; x_wconf 85' lang='lat'><strong>27.</strong></span> <span class='ocrx_word' id='word_1_202' title='bbox 789 2587 859 2600; x_wconf 95' lang='lat'><strong>—</strong></span> <span class='ocrx_word' id='word_1_203' title='bbox 890 2558 1043 2628; x_wconf 89' lang='lat' dir='ltr'><strong>Quod</strong></span> <span class='ocrx_word' id='word_1_204' title='bbox 1063 2558 1205 2617; x_wconf 91' lang='lat' dir='ltr'><strong>dico.</strong></span> <span class='ocrx_word' id='word_1_205' title='bbox 1240 2556 1359 2613; x_wconf 87' lang='lat' dir='ltr'><strong>Hoc</strong></span> <span class='ocrx_word' id='word_1_206' title='bbox 1389 2513 1581 2627; x_wconf 39' lang='lat' dir='ltr'><strong>estfin</strong></span> <span class='ocrx_word' id='word_1_207' title='bbox 1611 2571 1720 2628; x_wconf 91' lang='lat' dir='ltr'><strong>quo</strong></span> <span class='ocrx_word' id='word_1_208' title='bbox 1749 2557 1877 2613; x_wconf 90' lang='lat' dir='ltr'><strong>volo</strong></span> <span class='ocrx_word' id='word_1_209' title='bbox 1897 2571 1996 2612; x_wconf 86' lang='lat' dir='ltr'><strong>vos</strong></span> 
     </span>
    </p>
   </div>
   <div class='ocr_carea' id='block_1_29' title="bbox 394 2644 1995 2721">
    <p class='ocr_par' dir='ltr' id='par_1_29' title="bbox 394 2644 1995 2721">
     <span class='ocr_line' id='line_1_29' title="bbox 394 2644 1995 2721; baseline -0.006 -11"><span class='ocrx_word' id='word_1_210' title='bbox 394 2656 710 2711; x_wconf 89' lang='lat' dir='ltr'><strong>constantes</strong></span> <span class='ocrx_word' id='word_1_211' title='bbox 741 2664 885 2720; x_wconf 90' lang='lat' dir='ltr'><strong>esse,</strong></span> <span class='ocrx_word' id='word_1_212' title='bbox 917 2656 1048 2719; x_wconf 89' lang='lat' dir='ltr'><strong>etc.,</strong></span> <span class='ocrx_word' id='word_1_213' title='bbox 1080 2662 1255 2721; x_wconf 86' lang='lat' dir='ltr'><strong>usque</strong></span> <span class='ocrx_word' id='word_1_214' title='bbox 1274 2646 1348 2704; x_wconf 89' lang='lat' dir='ltr'><strong>ad</strong></span> <span class='ocrx_word' id='word_1_215' title='bbox 1366 2646 1574 2703; x_wconf 88' lang='lat' dir='ltr'><strong>calcato</strong></span> <span class='ocrx_word' id='word_1_216' title='bbox 1603 2644 1785 2702; x_wconf 88' lang='lat' dir='ltr'><strong>carnis</strong></span> <span class='ocrx_word' id='word_1_217' title='bbox 1813 2644 1995 2703; x_wconf 90' lang='lat' dir='ltr'><strong>domi-</strong></span> 
     </span>
    </p>
   </div>
   <div class='ocr_carea' id='block_1_30' title="bbox 397 2737 874 2813">
    <p class='ocr_par' dir='ltr' id='par_1_30' title="bbox 397 2737 874 2813">
     <span class='ocr_line' id='line_1_30' title="bbox 397 2737 874 2813; baseline -0.013 -14"><span class='ocrx_word' id='word_1_218' title='bbox 397 2738 526 2799; x_wconf 83' lang='lat' dir='ltr'><strong>cilio</strong></span> <span class='ocrx_word' id='word_1_219' title='bbox 547 2737 874 2813; x_wconf 62' lang='lat' dir='ltr'><strong>praedicata.</strong></span> 
     </span>
    </p>
   </div>
   <div class='ocr_carea' id='block_1_31' title="bbox 470 2850 1993 2925">
    <p class='ocr_par' dir='ltr' id='par_1_31' title="bbox 470 2850 1993 2925">
     <span class='ocr_line' id='line_1_31' title="bbox 470 2850 1993 2925; baseline -0.004 -14"><span class='ocrx_word' id='word_1_220' title='bbox 470 2854 641 2911; x_wconf 68' lang='lat' dir='ltr'><strong>Vens.</strong></span> <span class='ocrx_word' id='word_1_221' title='bbox 671 2856 762 2913; x_wconf 88' lang='lat'><strong>29.</strong></span> <span class='ocrx_word' id='word_1_222' title='bbox 794 2882 863 2894; x_wconf 93' lang='lat'><strong><em>—</em></strong></span> <span class='ocrx_word' id='word_1_223' title='bbox 890 2853 1086 2925; x_wconf 83' lang='lat' dir='ltr'><strong>Super.</strong></span> <span class='ocrx_word' id='word_1_224' title='bbox 1135 2851 1400 2923; x_wconf 89' lang='lat' dir='ltr'><strong>Loquitur</strong></span> <span class='ocrx_word' id='word_1_225' title='bbox 1440 2852 1592 2921; x_wconf 85' lang='lat' dir='ltr'><strong>juxta</strong></span> <span class='ocrx_word' id='word_1_226' title='bbox 1638 2865 1851 2906; x_wconf 89' lang='lat' dir='ltr'><strong>morem</strong></span> <span class='ocrx_word' id='word_1_227' title='bbox 1888 2850 1993 2905; x_wconf 92' lang='lat' dir='ltr'><strong>Pa-</strong></span> 
     </span>
    </p>
   </div>
   <div class='ocr_carea' id='block_1_32' title="bbox 396 2938 1995 3014">
    <p class='ocr_par' dir='ltr' id='par_1_32' title="bbox 396 2938 1995 3014">
     <span class='ocr_line' id='line_1_32' title="bbox 396 2938 1995 3014; baseline -0.004 -12"><span class='ocrx_word' id='word_1_228' title='bbox 396 2941 638 3013; x_wconf 57' lang='lat' dir='ltr'><strong>lestina,</strong></span> <span class='ocrx_word' id='word_1_229' title='bbox 674 2949 805 3009; x_wconf 90' lang='lat' dir='ltr'><strong>etc.,</strong></span> <span class='ocrx_word' id='word_1_230' title='bbox 836 2940 1101 3014; x_wconf 83' lang='lat' dir='ltr'><strong>usquead</strong></span> <span class='ocrx_word' id='word_1_231' title='bbox 1120 2939 1177 2995; x_wconf 91' lang='lat' dir='ltr'><strong>in</strong></span> <span class='ocrx_word' id='word_1_232' title='bbox 1210 2947 1324 2995; x_wconf 89' lang='lat' dir='ltr'><strong>toto</strong></span> <span class='ocrx_word' id='word_1_233' title='bbox 1352 2939 1557 2995; x_wconf 89' lang='lat' dir='ltr'><strong>mundo</strong></span> <span class='ocrx_word' id='word_1_234' title='bbox 1585 2938 1767 2995; x_wconf 90' lang='lat' dir='ltr'><strong>dicite.</strong></span> <span class='ocrx_word' id='word_1_235' title='bbox 1799 2941 1995 2996; x_wconf 83' lang='lat' dir='ltr'><strong>Nonne</strong></span> 
     </span>
    </p>
   </div>
   <div class='ocr_carea' id='block_1_33' title="bbox 401 3029 1143 3105">
    <p class='ocr_par' dir='ltr' id='par_1_33' title="bbox 401 3029 1143 3105">
     <span class='ocr_line' id='line_1_33' title="bbox 401 3029 1143 3105; baseline -0.009 -15"><span class='ocrx_word' id='word_1_236' title='bbox 401 3030 511 3090; x_wconf 85' lang='lat' dir='ltr'><strong>duo</strong></span> <span class='ocrx_word' id='word_1_237' title='bbox 544 3046 800 3105; x_wconf 75' lang='lat' dir='ltr'><strong>passeres</strong></span> <span class='ocrx_word' id='word_1_238' title='bbox 836 3033 860 3086; x_wconf 78' lang='lat'><strong><em>?</em></strong></span> <span class='ocrx_word' id='word_1_239' title='bbox 895 3029 1069 3085; x_wconf 89' lang='lat' dir='ltr'><strong>Lucas</strong></span> <span class='ocrx_word' id='word_1_240' title='bbox 1128 3045 1143 3083; x_wconf 89' lang='lat'><strong>:</strong></span> 
     </span>
    </p>
   </div>
   <div class='ocr_carea' id='block_1_34' title="bbox 401 3116 1996 3192">
    <p class='ocr_par' dir='ltr' id='par_1_34' title="bbox 401 3116 1996 3192">
     <span class='ocr_line' id='line_1_34' title="bbox 401 3116 1996 3192; baseline -0.004 -13"><span class='ocrx_word' id='word_1_241' title='bbox 401 3124 655 3179; x_wconf 76' lang='lat' dir='ltr'><strong>veneunt</strong></span> <span class='ocrx_word' id='word_1_242' title='bbox 688 3118 951 3192; x_wconf 81' lang='lat' dir='ltr'><strong>dipondio</strong></span> <span class='ocrx_word' id='word_1_243' title='bbox 990 3118 1147 3189; x_wconf 88' lang='lat' dir='ltr'><strong>(Luc.</strong></span> <span class='ocrx_word' id='word_1_244' title='bbox 1191 3117 1298 3188; x_wconf 83' lang='lat' dir='ltr'><strong>xu)</strong></span> <span class='ocrx_word' id='word_1_245' title='bbox 1321 3116 1350 3171; x_wconf 79' lang='lat'><strong>?</strong></span> <span class='ocrx_word' id='word_1_246' title='bbox 1394 3117 1512 3174; x_wconf 90' lang='lat' dir='ltr'><strong>Nec</strong></span> <span class='ocrx_word' id='word_1_247' title='bbox 1555 3117 1786 3172; x_wconf 89' lang='lat' dir='ltr'><strong>multum</strong></span> <span class='ocrx_word' id='word_1_248' title='bbox 1814 3116 1996 3189; x_wconf 89' lang='lat' dir='ltr'><strong>distat,</strong></span> 
     </span>
    </p>
   </div>
   <div class='ocr_carea' id='block_1_35' title="bbox 403 3205 2000 3278">
    <p class='ocr_par' dir='ltr' id='par_1_35' title="bbox 403 3205 2000 3278">
     <span class='ocr_line' id='line_1_35' title="bbox 403 3205 2000 3278; baseline -0.002 -13"><span class='ocrx_word' id='word_1_249' title='bbox 403 3215 466 3265; x_wconf 86' lang='lat' dir='ltr'><strong>ut</strong></span> <span class='ocrx_word' id='word_1_250' title='bbox 508 3207 621 3264; x_wconf 90' lang='lat' dir='ltr'><strong>duo</strong></span> <span class='ocrx_word' id='word_1_251' title='bbox 661 3222 784 3264; x_wconf 87' lang='lat' dir='ltr'><strong>asse</strong></span> <span class='ocrx_word' id='word_1_252' title='bbox 825 3214 881 3262; x_wconf 90' lang='lat' dir='ltr'><strong>et</strong></span> <span class='ocrx_word' id='word_1_253' title='bbox 923 3206 1163 3278; x_wconf 91' lang='lat' dir='ltr'><strong>quinque</strong></span> <span class='ocrx_word' id='word_1_254' title='bbox 1207 3205 1487 3277; x_wconf 90' lang='lat' dir='ltr'><strong>dipondio.</strong></span> <span class='ocrx_word' id='word_1_255' title='bbox 1536 3205 1808 3277; x_wconf 90' lang='lat' dir='ltr'><strong>Dipondio</strong></span> <span class='ocrx_word' id='word_1_256' title='bbox 1854 3206 2000 3262; x_wconf 91' lang='lat' dir='ltr'><strong>enim</strong></span> 
     </span>
    </p>
   </div>
   <div class='ocr_carea' id='block_1_36' title="bbox 406 3293 2006 3364">
    <p class='ocr_par' dir='ltr' id='par_1_36' title="bbox 406 3293 2006 3364">
     <span class='ocr_line' id='line_1_36' title="bbox 406 3293 2006 3364; baseline -0.003 -10"><span class='ocrx_word' id='word_1_257' title='bbox 406 3304 493 3355; x_wconf 89' lang='lat' dir='ltr'><strong>est</strong></span> <span class='ocrx_word' id='word_1_258' title='bbox 518 3311 588 3353; x_wconf 81' lang='lat' dir='ltr'><strong>ex</strong></span> <span class='ocrx_word' id='word_1_259' title='bbox 617 3295 831 3353; x_wconf 91' lang='lat' dir='ltr'><strong>duobus</strong></span> <span class='ocrx_word' id='word_1_260' title='bbox 858 3295 1093 3351; x_wconf 89' lang='lat' dir='ltr'><strong>assibus.</strong></span> <span class='ocrx_word' id='word_1_261' title='bbox 1127 3293 1287 3364; x_wconf 87' lang='lat' dir='ltr'><strong>Quod</strong></span> <span class='ocrx_word' id='word_1_262' title='bbox 1316 3302 1498 3351; x_wconf 90' lang='lat' dir='ltr'><strong>autem</strong></span> <span class='ocrx_word' id='word_1_263' title='bbox 1538 3294 1596 3349; x_wconf 91' lang='lat' dir='ltr'><strong>in</strong></span> <span class='ocrx_word' id='word_1_264' title='bbox 1640 3294 1884 3350; x_wconf 90' lang='lat' dir='ltr'><strong>numeris</strong></span> <span class='ocrx_word' id='word_1_265' title='bbox 1922 3303 2006 3351; x_wconf 90' lang='lat' dir='ltr'><strong>est</strong></span> 
     </span>
    </p>
   </div>
   <div class='ocr_carea' id='block_1_37' title="bbox 401 3383 2001 3456">
    <p class='ocr_par' dir='ltr' id='par_1_37' title="bbox 401 3383 2001 3456">
     <span class='ocr_line' id='line_1_37' title="bbox 401 3383 2001 3456; baseline -0.003 -14"><span class='ocrx_word' id='word_1_266' title='bbox 401 3401 578 3456; x_wconf 88' lang='lat' dir='ltr'><strong>unus,</strong></span> <span class='ocrx_word' id='word_1_267' title='bbox 626 3385 733 3441; x_wconf 91' lang='lat' dir='ltr'><strong>hoc</strong></span> <span class='ocrx_word' id='word_1_268' title='bbox 760 3383 817 3439; x_wconf 94' lang='lat' dir='ltr'><strong>in</strong></span> <span class='ocrx_word' id='word_1_269' title='bbox 844 3383 1089 3455; x_wconf 89' lang='lat' dir='ltr'><strong>pondere</strong></span> <span class='ocrx_word' id='word_1_270' title='bbox 1116 3399 1177 3438; x_wconf 90' lang='lat' dir='ltr'><strong>as</strong></span> <span class='ocrx_word' id='word_1_271' title='bbox 1209 3399 1223 3437; x_wconf 89' lang='lat'>:</span> <span class='ocrx_word' id='word_1_272' title='bbox 1255 3390 1310 3439; x_wconf 90' lang='lat' dir='ltr'><strong>et</strong></span> <span class='ocrx_word' id='word_1_273' title='bbox 1347 3383 1492 3455; x_wconf 92' lang='lat' dir='ltr'><strong>quod</strong></span> <span class='ocrx_word' id='word_1_274' title='bbox 1522 3383 1650 3453; x_wconf 89' lang='lat' dir='ltr'><strong>duo,</strong></span> <span class='ocrx_word' id='word_1_275' title='bbox 1680 3384 1787 3439; x_wconf 89' lang='lat' dir='ltr'><strong>hoc</strong></span> <span class='ocrx_word' id='word_1_276' title='bbox 1813 3383 2001 3455; x_wconf 91' lang='lat' dir='ltr'><strong>dipon-</strong></span> 
     </span>
    </p>
   </div>
   <div class='ocr_carea' id='block_1_38' title="bbox 403 3470 1994 3545">
    <p class='ocr_par' dir='ltr' id='par_1_38' title="bbox 403 3470 1994 3545">
     <span class='ocr_line' id='line_1_38' title="bbox 403 3470 1994 3545; baseline -0.003 -14"><span class='ocrx_word' id='word_1_277' title='bbox 403 3473 549 3531; x_wconf 88' lang='lat' dir='ltr'><strong>dius.</strong></span> <span class='ocrx_word' id='word_1_278' title='bbox 580 3475 655 3529; x_wconf 84' lang='lat' dir='ltr'><strong>Et</strong></span> <span class='ocrx_word' id='word_1_279' title='bbox 679 3489 830 3530; x_wconf 88' lang='lat' dir='ltr'><strong>unus</strong></span> <span class='ocrx_word' id='word_1_280' title='bbox 868 3487 942 3529; x_wconf 77' lang='lat' dir='ltr'><strong>ea:</strong></span> <span class='ocrx_word' id='word_1_281' title='bbox 979 3473 1119 3528; x_wconf 83' lang='lat' dir='ltr'><strong>illis.</strong></span> <span class='ocrx_word' id='word_1_282' title='bbox 1154 3470 1441 3541; x_wconf 88' lang='lat' dir='ltr'><strong>Quomodo</strong></span> <span class='ocrx_word' id='word_1_283' title='bbox 1471 3488 1607 3545; x_wconf 85' lang='lat' dir='ltr'><strong>ergo</strong></span> <span class='ocrx_word' id='word_1_284' title='bbox 1654 3472 1948 3543; x_wconf 82' lang='lat' dir='ltr'><strong>Apostolus</strong></span> <span class='ocrx_word' id='word_1_285' title='bbox 1980 3489 1994 3527; x_wconf 89' lang='lat'>:</span> 
     </span>
    </p>
   </div>
   <div class='ocr_carea' id='block_1_39' title="bbox 403 3548 1999 3635">
    <p class='ocr_par' dir='ltr' id='par_1_39' title="bbox 403 3548 1999 3635">
     <span class='ocr_line' id='line_1_39' title="bbox 403 3548 1999 3635; baseline -0.003 -14"><span class='ocrx_word' id='word_1_286' title='bbox 403 3560 671 3635; x_wconf 81' lang='lat' dir='ltr'><strong>Nunquid</strong></span> <span class='ocrx_word' id='word_1_287' title='bbox 688 3561 755 3618; x_wconf 88' lang='lat' dir='ltr'><strong>de</strong></span> <span class='ocrx_word' id='word_1_288' title='bbox 775 3562 937 3619; x_wconf 88' lang='lat' dir='ltr'><strong>bobus</strong></span> <span class='ocrx_word' id='word_1_289' title='bbox 973 3577 1113 3618; x_wconf 87' lang='lat' dir='ltr'><strong>cura</strong></span> <span class='ocrx_word' id='word_1_290' title='bbox 1140 3565 1227 3619; x_wconf 89' lang='lat' dir='ltr'><strong>est</strong></span> <span class='ocrx_word' id='word_1_291' title='bbox 1242 3563 1352 3619; x_wconf 87' lang='lat' dir='ltr'><strong>Deo</strong></span> <span class='ocrx_word' id='word_1_292' title='bbox 1371 3561 1529 3634; x_wconf 88' lang='lat' dir='ltr'><strong>(Luc.</strong></span> <span class='ocrx_word' id='word_1_293' title='bbox 1562 3548 1686 3633; x_wconf 51' lang='lat' dir='ltr'><strong>Ix)?</strong></span> <span class='ocrx_word' id='word_1_294' title='bbox 1715 3560 1824 3618; x_wconf 91' lang='lat' dir='ltr'><strong>Sed</strong></span> <span class='ocrx_word' id='word_1_295' title='bbox 1853 3560 1999 3618; x_wconf 88' lang='lat' dir='ltr'><strong>aliud</strong></span> 
     </span>
    </p>
   </div>
   <div class='ocr_carea' id='block_1_40' title="bbox 402 3648 1126 3722">
    <p class='ocr_par' dir='ltr' id='par_1_40' title="bbox 402 3648 1126 3722">
     <span class='ocr_line' id='line_1_40' title="bbox 402 3648 1126 3722; baseline -0.008 -12"><span class='ocrx_word' id='word_1_296' title='bbox 402 3657 490 3710; x_wconf 83' lang='lat' dir='ltr'><strong>est</strong></span> <span class='ocrx_word' id='word_1_297' title='bbox 515 3664 677 3722; x_wconf 86' lang='lat' dir='ltr'><strong>cura,</strong></span> <span class='ocrx_word' id='word_1_298' title='bbox 707 3649 855 3706; x_wconf 88' lang='lat' dir='ltr'><strong>aliud</strong></span> <span class='ocrx_word' id='word_1_299' title='bbox 883 3648 1126 3706; x_wconf 90' lang='lat' dir='ltr'><strong>scientia.</strong></span> 
     </span>
    </p>
   </div>
   <div class='ocr_carea' id='block_1_41' title="bbox 473 3762 1999 3835">
    <p class='ocr_par' dir='ltr' id='par_1_41' title="bbox 473 3762 1999 3835">
     <span class='ocr_line' id='line_1_41' title="bbox 473 3762 1999 3835; baseline -0.002 -13"><span class='ocrx_word' id='word_1_300' title='bbox 473 3765 646 3824; x_wconf 74' lang='lat' dir='ltr'><strong>Vnus.</strong></span> <span class='ocrx_word' id='word_1_301' title='bbox 679 3768 767 3822; x_wconf 90' lang='lat'><strong>30.</strong></span> <span class='ocrx_word' id='word_1_302' title='bbox 791 3795 862 3807; x_wconf 92' lang='lat'><strong><em>—</em></strong></span> <span class='ocrx_word' id='word_1_303' title='bbox 878 3765 1192 3822; x_wconf 88' lang='lat' dir='ltr'><strong>Numerati.</strong></span> <span class='ocrx_word' id='word_1_304' title='bbox 1216 3764 1335 3820; x_wconf 83' lang='lat' dir='ltr'><strong>Hoc</strong></span> <span class='ocrx_word' id='word_1_305' title='bbox 1353 3770 1454 3834; x_wconf 91' lang='lat' dir='ltr'><strong>est,</strong></span> <span class='ocrx_word' id='word_1_306' title='bbox 1478 3762 1703 3821; x_wconf 89' lang='lat' dir='ltr'><strong>scientia</strong></span> <span class='ocrx_word' id='word_1_307' title='bbox 1722 3763 1842 3835; x_wconf 90' lang='lat' dir='ltr'><strong>Dei,</strong></span> <span class='ocrx_word' id='word_1_308' title='bbox 1865 3771 1999 3835; x_wconf 87' lang='lat' dir='ltr'><strong>etc.,</strong></span> 
     </span>
    </p>
   </div>
   <div class='ocr_carea' id='block_1_42' title="bbox 404 3852 1745 3929">
    <p class='ocr_par' dir='ltr' id='par_1_42' title="bbox 404 3852 1745 3929">
     <span class='ocr_line' id='line_1_42' title="bbox 404 3852 1745 3929; baseline -0.006 -15"><span class='ocrx_word' id='word_1_309' title='bbox 404 3870 579 3929; x_wconf 83' lang='lat' dir='ltr'><strong>usque</strong></span> <span class='ocrx_word' id='word_1_310' title='bbox 598 3854 670 3912; x_wconf 87' lang='lat' dir='ltr'><strong>ad</strong></span> <span class='ocrx_word' id='word_1_311' title='bbox 697 3869 865 3927; x_wconf 87' lang='lat' dir='ltr'><strong>parva</strong></span> <span class='ocrx_word' id='word_1_312' title='bbox 893 3854 1175 3926; x_wconf 76' lang='lat' dir='ltr'><strong>otioseque</strong></span> <span class='ocrx_word' id='word_1_313' title='bbox 1203 3853 1346 3909; x_wconf 90' lang='lat' dir='ltr'><strong>dicta</strong></span> <span class='ocrx_word' id='word_1_314' title='bbox 1374 3868 1500 3908; x_wconf 88' lang='lat' dir='ltr'><strong>eum</strong></span> <span class='ocrx_word' id='word_1_315' title='bbox 1528 3852 1745 3907; x_wconf 89' lang='lat' dir='ltr'><strong>lateant.</strong></span> 
     </span>
    </p>
   </div>
   <div class='ocr_carea' id='block_1_43' title="bbox 474 3938 1995 4012">
    <p class='ocr_par' dir='ltr' id='par_1_43' title="bbox 474 3938 1995 4012">
     <span class='ocr_line' id='line_1_43' title="bbox 474 3938 1995 4012; baseline -0.004 -12"><span class='ocrx_word' id='word_1_316' title='bbox 474 3943 647 4001; x_wconf 76' lang='lat' dir='ltr'><strong>Vsus.</strong></span> <span class='ocrx_word' id='word_1_317' title='bbox 679 3946 766 4001; x_wconf 88' lang='lat'><strong>32.</strong></span> <span class='ocrx_word' id='word_1_318' title='bbox 799 3973 869 3985; x_wconf 93' lang='lat'><strong>—</strong></span> <span class='ocrx_word' id='word_1_319' title='bbox 901 3942 1009 4010; x_wconf 89' lang='lat' dir='ltr'><strong>Qui</strong></span> <span class='ocrx_word' id='word_1_320' title='bbox 1027 3942 1403 4012; x_wconf 84' lang='lat' dir='ltr'><strong>conﬁtebitur.</strong></span> <span class='ocrx_word' id='word_1_321' title='bbox 1435 3941 1538 3996; x_wconf 92' lang='lat' dir='ltr'><strong>Vel</strong></span> <span class='ocrx_word' id='word_1_322' title='bbox 1564 3938 1854 3997; x_wconf 85' lang='lat' dir='ltr'><strong>conﬁtetur</strong></span> <span class='ocrx_word' id='word_1_323' title='bbox 1874 3939 1995 4012; x_wconf 89' lang='lat' dir='ltr'><strong>quis</strong></span> 
     </span>
    </p>
   </div>
   <div class='ocr_carea' id='block_1_44' title="bbox 407 4028 1993 4101">
    <p class='ocr_par' dir='ltr' id='par_1_44' title="bbox 407 4028 1993 4101">
     <span class='ocr_line' id='line_1_44' title="bbox 407 4028 1993 4101; baseline -0.005 -11"><span class='ocrx_word' id='word_1_324' title='bbox 407 4033 597 4090; x_wconf 73' lang='lat' dir='ltr'><strong>Iesum</strong></span> <span class='ocrx_word' id='word_1_325' title='bbox 626 4046 691 4087; x_wconf 91' lang='lat' dir='ltr'><strong>ea</strong></span> <span class='ocrx_word' id='word_1_326' title='bbox 717 4029 827 4085; x_wconf 87' lang='lat' dir='ltr'><strong>ﬁde</strong></span> <span class='ocrx_word' id='word_1_327' title='bbox 851 4071 866 4099; x_wconf 93' lang='lat'><strong>,</strong></span> <span class='ocrx_word' id='word_1_328' title='bbox 899 4046 1022 4101; x_wconf 71' lang='lat' dir='ltr'><strong>quae</strong></span> <span class='ocrx_word' id='word_1_329' title='bbox 1048 4045 1152 4100; x_wconf 90' lang='lat' dir='ltr'><strong>per</strong></span> <span class='ocrx_word' id='word_1_330' title='bbox 1179 4028 1528 4085; x_wconf 88' lang='lat' dir='ltr'><strong>dilectionem</strong></span> <span class='ocrx_word' id='word_1_331' title='bbox 1557 4035 1816 4101; x_wconf 87' lang='lat' dir='ltr'><strong>operatur</strong></span> <span class='ocrx_word' id='word_1_332' title='bbox 1846 4046 1860 4083; x_wconf 91' lang='lat'>:</span> <span class='ocrx_word' id='word_1_333' title='bbox 1892 4044 1993 4083; x_wconf 91' lang='lat' dir='ltr'><strong>ne-</strong></span> 
     </span>
    </p>
   </div>
   <div class='ocr_carea' id='block_1_45' title="bbox 403 4116 1445 4195">
    <p class='ocr_par' dir='ltr' id='par_1_45' title="bbox 403 4116 1445 4195">
     <span class='ocr_line' id='line_1_45' title="bbox 403 4116 1445 4195; baseline -0.004 -19"><span class='ocrx_word' id='word_1_334' title='bbox 403 4126 500 4195; x_wconf 79' lang='lat' dir='ltr'><strong>gat</strong></span> <span class='ocrx_word' id='word_1_335' title='bbox 530 4118 622 4191; x_wconf 91' lang='lat' dir='ltr'><strong>qui</strong></span> <span class='ocrx_word' id='word_1_336' title='bbox 650 4117 941 4191; x_wconf 68' lang='lat' dir='ltr'><strong>praeceptis</strong></span> <span class='ocrx_word' id='word_1_337' title='bbox 970 4116 1073 4173; x_wconf 90' lang='lat' dir='ltr'><strong>Dei</strong></span> <span class='ocrx_word' id='word_1_338' title='bbox 1102 4133 1213 4172; x_wconf 92' lang='lat' dir='ltr'><strong>non</strong></span> <span class='ocrx_word' id='word_1_339' title='bbox 1241 4116 1445 4173; x_wconf 89' lang='lat' dir='ltr'><strong>obedit.</strong></span> 
     </span>
    </p>
   </div>
   <div class='ocr_carea' id='block_1_46' title="bbox 476 4203 1997 4279">
    <p class='ocr_par' dir='ltr' id='par_1_46' title="bbox 476 4203 1997 4279">
     <span class='ocr_line' id='line_1_46' title="bbox 476 4203 1997 4279; baseline -0.002 -15"><span class='ocrx_word' id='word_1_340' title='bbox 476 4208 649 4265; x_wconf 74' lang='lat' dir='ltr'><strong>Vnus.</strong></span> <span class='ocrx_word' id='word_1_341' title='bbox 682 4208 769 4263; x_wconf 87' lang='lat'><strong>33.</strong></span> <span class='ocrx_word' id='word_1_342' title='bbox 801 4235 871 4247; x_wconf 97' lang='lat'><strong>—</strong></span> <span class='ocrx_word' id='word_1_343' title='bbox 902 4205 1009 4273; x_wconf 85' lang='lat' dir='ltr'><strong>Qui</strong></span> <span class='ocrx_word' id='word_1_344' title='bbox 1044 4208 1255 4261; x_wconf 86' lang='lat' dir='ltr'><strong>autem.</strong></span> <span class='ocrx_word' id='word_1_345' title='bbox 1304 4205 1550 4279; x_wconf 88' lang='lat' dir='ltr'><strong>Negatur</strong></span> <span class='ocrx_word' id='word_1_346' title='bbox 1594 4221 1627 4259; x_wconf 90' lang='lat' dir='ltr'><strong>a</strong></span> <span class='ocrx_word' id='word_1_347' title='bbox 1672 4203 1807 4261; x_wconf 89' lang='lat' dir='ltr'><strong>Filio</strong></span> <span class='ocrx_word' id='word_1_348' title='bbox 1852 4205 1997 4277; x_wconf 90' lang='lat' dir='ltr'><strong>apud</strong></span> 
     </span>
    </p>
   </div>
   <div class='ocr_carea' id='block_1_47' title="bbox 407 4292 1996 4367">
    <p class='ocr_par' dir='ltr' id='par_1_47' title="bbox 407 4292 1996 4367">
     <span class='ocr_line' id='line_1_47' title="bbox 407 4292 1996 4367; baseline -0.003 -13"><span class='ocrx_word' id='word_1_349' title='bbox 407 4296 651 4367; x_wconf 88' lang='lat' dir='ltr'><strong>Patrem,</strong></span> <span class='ocrx_word' id='word_1_350' title='bbox 684 4293 772 4351; x_wconf 92' lang='lat' dir='ltr'><strong>cui</strong></span> <span class='ocrx_word' id='word_1_351' title='bbox 799 4309 911 4351; x_wconf 92' lang='lat' dir='ltr'><strong>non</strong></span> <span class='ocrx_word' id='word_1_352' title='bbox 935 4292 1310 4349; x_wconf 86' lang='lat' dir='ltr'><strong>manifestatur</strong></span> <span class='ocrx_word' id='word_1_353' title='bbox 1337 4293 1393 4348; x_wconf 93' lang='lat' dir='ltr'><strong>in</strong></span> <span class='ocrx_word' id='word_1_354' title='bbox 1421 4293 1712 4349; x_wconf 88' lang='lat' dir='ltr'><strong>divinitatis</strong></span> <span class='ocrx_word' id='word_1_355' title='bbox 1757 4294 1996 4366; x_wconf 88' lang='lat' dir='ltr'><strong>potentia</strong></span> 
     </span>
    </p>
   </div>
   <div class='ocr_carea' id='block_1_48' title="bbox 2100 416 2876 488">
    <p class='ocr_par' dir='ltr' id='par_1_48' title="bbox 2100 416 2876 488">
     <span class='ocr_line' id='line_1_48' title="bbox 2100 416 2876 488; baseline 0.001 -16"><span class='ocrx_word' id='word_1_356' title='bbox 2100 432 2250 487; x_wconf 90' lang='lat' dir='ltr'><strong>suos,</strong></span> <span class='ocrx_word' id='word_1_357' title='bbox 2281 416 2456 488; x_wconf 89' lang='lat' dir='ltr'><strong>pietas</strong></span> <span class='ocrx_word' id='word_1_358' title='bbox 2486 425 2569 473; x_wconf 91' lang='lat' dir='ltr'><strong>est</strong></span> <span class='ocrx_word' id='word_1_359' title='bbox 2597 418 2654 473; x_wconf 92' lang='lat' dir='ltr'><strong>in</strong></span> <span class='ocrx_word' id='word_1_360' title='bbox 2682 420 2876 474; x_wconf 91' lang='lat' dir='ltr'><strong>Deum.</strong></span> 
     </span>
    </p>
   </div>
   <div class='ocr_carea' id='block_1_49' title="bbox 2171 505 3698 580">
    <p class='ocr_par' dir='ltr' id='par_1_49' title="bbox 2171 505 3698 580">
     <span class='ocr_line' id='line_1_49' title="bbox 2171 505 3698 580; baseline 0.001 -19"><span class='ocrx_word' id='word_1_361' title='bbox 2171 506 2340 561; x_wconf 75' lang='lat' dir='ltr'><strong>Vnus.</strong></span> <span class='ocrx_word' id='word_1_362' title='bbox 2365 509 2452 560; x_wconf 89' lang='lat'><strong>38.</strong></span> <span class='ocrx_word' id='word_1_363' title='bbox 2476 536 2545 546; x_wconf 90' lang='lat'>—</span> <span class='ocrx_word' id='word_1_364' title='bbox 2564 508 2636 563; x_wconf 91' lang='lat' dir='ltr'><strong>Et</strong></span> <span class='ocrx_word' id='word_1_365' title='bbox 2654 508 2787 580; x_wconf 87' lang='lat' dir='ltr'><strong>quid</strong></span> <span class='ocrx_word' id='word_1_366' title='bbox 2798 525 2911 564; x_wconf 86' lang='lat' dir='ltr'><strong>non</strong></span> <span class='ocrx_word' id='word_1_367' title='bbox 2929 508 3158 579; x_wconf 88' lang='lat' dir='ltr'><strong>accipit,</strong></span> <span class='ocrx_word' id='word_1_368' title='bbox 3190 513 3295 563; x_wconf 92' lang='lat' dir='ltr'><strong>etc.</strong></span> <span class='ocrx_word' id='word_1_369' title='bbox 3321 505 3465 561; x_wconf 84' lang='lat' dir='ltr'><strong>Crux</strong></span> <span class='ocrx_word' id='word_1_370' title='bbox 3484 505 3698 563; x_wconf 89' lang='lat' dir='ltr'><strong>duobus</strong></span> 
     </span>
    </p>
   </div>
   <div class='ocr_carea' id='block_1_50' title="bbox 2098 593 3699 669">
    <p class='ocr_par' dir='ltr' id='par_1_50' title="bbox 2098 593 3699 669">
     <span class='ocr_line' id='line_1_50' title="bbox 2098 593 3699 669; baseline 0.001 -21"><span class='ocrx_word' id='word_1_371' title='bbox 2098 593 2276 649; x_wconf 90' lang='lat' dir='ltr'><strong>modis</strong></span> <span class='ocrx_word' id='word_1_372' title='bbox 2305 602 2572 665; x_wconf 87' lang='lat' dir='ltr'><strong>portatur,</strong></span> <span class='ocrx_word' id='word_1_373' title='bbox 2605 602 2734 665; x_wconf 93' lang='lat' dir='ltr'><strong>etc.,</strong></span> <span class='ocrx_word' id='word_1_374' title='bbox 2767 612 2940 669; x_wconf 91' lang='lat' dir='ltr'><strong>usque</strong></span> <span class='ocrx_word' id='word_1_375' title='bbox 2976 596 3048 652; x_wconf 91' lang='lat' dir='ltr'><strong>ad</strong></span> <span class='ocrx_word' id='word_1_376' title='bbox 3084 611 3239 651; x_wconf 92' lang='lat' dir='ltr'><strong>amor</strong></span> <span class='ocrx_word' id='word_1_377' title='bbox 3269 594 3468 650; x_wconf 91' lang='lat' dir='ltr'><strong>Christi</strong></span> <span class='ocrx_word' id='word_1_378' title='bbox 3514 603 3699 652; x_wconf 83' lang='lat' dir='ltr'><strong>osten-</strong></span> 
     </span>
    </p>
   </div>
   <div class='ocr_carea' id='block_1_51' title="bbox 2098 682 3700 757">
    <p class='ocr_par' dir='ltr' id='par_1_51' title="bbox 2098 682 3700 757">
     <span class='ocr_line' id='line_1_51' title="bbox 2098 682 3700 757; baseline 0.002 -19"><span class='ocrx_word' id='word_1_379' title='bbox 2098 682 2275 738; x_wconf 91' lang='lat' dir='ltr'><strong>datur.</strong></span> <span class='ocrx_word' id='word_1_380' title='bbox 2310 685 2383 739; x_wconf 86' lang='lat' dir='ltr'><strong>Et</strong></span> <span class='ocrx_word' id='word_1_381' title='bbox 2399 686 2654 757; x_wconf 85' lang='lat' dir='ltr'><strong>sequitur</strong></span> <span class='ocrx_word' id='word_1_382' title='bbox 2671 700 2779 740; x_wconf 88' lang='lat' dir='ltr'><strong>me.</strong></span> <span class='ocrx_word' id='word_1_383' title='bbox 2814 684 3025 756; x_wconf 82' lang='lat' dir='ltr'><strong>Aliquis</strong></span> <span class='ocrx_word' id='word_1_384' title='bbox 3045 684 3188 739; x_wconf 90' lang='lat' dir='ltr'><strong>enim</strong></span> <span class='ocrx_word' id='word_1_385' title='bbox 3208 699 3430 740; x_wconf 89' lang='lat' dir='ltr'><strong>carnem</strong></span> <span class='ocrx_word' id='word_1_386' title='bbox 3458 692 3700 742; x_wconf 78' lang='lat' dir='ltr'><strong>macerat</strong></span> 
     </span>
    </p>
   </div>
   <div class='ocr_carea' id='block_1_52' title="bbox 2096 771 3702 844">
    <p class='ocr_par' dir='ltr' id='par_1_52' title="bbox 2096 771 3702 844">
     <span class='ocr_line' id='line_1_52' title="bbox 2096 771 3702 844; baseline 0.002 -19"><span class='ocrx_word' id='word_1_387' title='bbox 2096 787 2199 841; x_wconf 93' lang='lat' dir='ltr'><strong>pro</strong></span> <span class='ocrx_word' id='word_1_388' title='bbox 2230 771 2373 825; x_wconf 89' lang='lat' dir='ltr'><strong>inani</strong></span> <span class='ocrx_word' id='word_1_389' title='bbox 2404 772 2599 843; x_wconf 79' lang='lat' dir='ltr'><strong>gloria,</strong></span> <span class='ocrx_word' id='word_1_390' title='bbox 2633 772 2720 828; x_wconf 88' lang='lat' dir='ltr'><strong>vel</strong></span> <span class='ocrx_word' id='word_1_391' title='bbox 2748 771 2999 843; x_wconf 85' lang='lat' dir='ltr'><strong>proximo</strong></span> <span class='ocrx_word' id='word_1_392' title='bbox 3046 771 3338 829; x_wconf 89' lang='lat' dir='ltr'><strong>carnaliter</strong></span> <span class='ocrx_word' id='word_1_393' title='bbox 3374 773 3702 844; x_wconf 89' lang='lat' dir='ltr'><strong>compatitur</strong></span> 
     </span>
    </p>
   </div>
   <div class='ocr_carea' id='block_1_53' title="bbox 2097 859 3695 932">
    <p class='ocr_par' dir='ltr' id='par_1_53' title="bbox 2097 859 3695 932">
     <span class='ocr_line' id='line_1_53' title="bbox 2097 859 3695 932; baseline 0.003 -18"><span class='ocrx_word' id='word_1_394' title='bbox 2097 867 2157 914; x_wconf 90' lang='lat' dir='ltr'><strong>ut</strong></span> <span class='ocrx_word' id='word_1_395' title='bbox 2184 859 2359 931; x_wconf 70' lang='lat' dir='ltr'><strong>culpae</strong></span> <span class='ocrx_word' id='word_1_396' title='bbox 2388 859 2563 916; x_wconf 80' lang='lat' dir='ltr'><strong>faveat</strong></span> <span class='ocrx_word' id='word_1_397' title='bbox 2596 878 2608 915; x_wconf 91' lang='lat'>:</span> <span class='ocrx_word' id='word_1_398' title='bbox 2642 861 2743 917; x_wconf 85' lang='lat' dir='ltr'><strong>Hic</strong></span> <span class='ocrx_word' id='word_1_399' title='bbox 2772 876 2994 917; x_wconf 89' lang='lat' dir='ltr'><strong>crucem</strong></span> <span class='ocrx_word' id='word_1_400' title='bbox 3024 860 3171 917; x_wconf 85' lang='lat' dir='ltr'><strong>ferre</strong></span> <span class='ocrx_word' id='word_1_401' title='bbox 3199 860 3434 932; x_wconf 86' lang='lat' dir='ltr'><strong>videtur,</strong></span> <span class='ocrx_word' id='word_1_402' title='bbox 3466 862 3565 917; x_wconf 89' lang='lat' dir='ltr'><strong>sed</strong></span> <span class='ocrx_word' id='word_1_403' title='bbox 3585 862 3695 919; x_wconf 92' lang='lat' dir='ltr'><strong>Do-</strong></span> 
     </span>
    </p>
   </div>
   <div class='ocr_carea' id='block_1_54' title="bbox 2096 948 2734 1020">
    <p class='ocr_par' dir='ltr' id='par_1_54' title="bbox 2096 948 2734 1020">
     <span class='ocr_line' id='line_1_54' title="bbox 2096 948 2734 1020; baseline 0.002 -18"><span class='ocrx_word' id='word_1_404' title='bbox 2096 948 2302 1003; x_wconf 89' lang='lat' dir='ltr'><strong>minum</strong></span> <span class='ocrx_word' id='word_1_405' title='bbox 2332 965 2443 1003; x_wconf 88' lang='lat' dir='ltr'><strong>non</strong></span> <span class='ocrx_word' id='word_1_406' title='bbox 2472 948 2734 1020; x_wconf 90' lang='lat' dir='ltr'><strong>sequitur.</strong></span> 
     </span>
    </p>
   </div>
   <div class='ocr_carea' id='block_1_55' title="bbox 2168 1037 3699 1106">
    <p class='ocr_par' dir='ltr' id='par_1_55' title="bbox 2168 1037 3699 1106">
     <span class='ocr_line' id='line_1_55' title="bbox 2168 1037 3699 1106; baseline 0.002 -16"><span class='ocrx_word' id='word_1_407' title='bbox 2168 1037 2336 1091; x_wconf 72' lang='lat' dir='ltr'><strong>Vens.</strong></span> <span class='ocrx_word' id='word_1_408' title='bbox 2371 1040 2459 1092; x_wconf 86' lang='lat'><strong>39.</strong></span> <span class='ocrx_word' id='word_1_409' title='bbox 2484 1067 2553 1078; x_wconf 93' lang='lat'><strong>—</strong></span> <span class='ocrx_word' id='word_1_410' title='bbox 2584 1038 2691 1106; x_wconf 91' lang='lat' dir='ltr'><strong>Qui</strong></span> <span class='ocrx_word' id='word_1_411' title='bbox 2712 1039 2951 1105; x_wconf 86' lang='lat' dir='ltr'><strong>invenit,</strong></span> <span class='ocrx_word' id='word_1_412' title='bbox 2976 1045 3081 1094; x_wconf 90' lang='lat' dir='ltr'><strong>etc.</strong></span> <span class='ocrx_word' id='word_1_413' title='bbox 3114 1037 3347 1094; x_wconf 90' lang='lat' dir='ltr'><strong>Nomine</strong></span> <span class='ocrx_word' id='word_1_414' title='bbox 3378 1038 3572 1094; x_wconf 61' lang='lat' dir='ltr'><strong>anima)</strong></span> <span class='ocrx_word' id='word_1_415' title='bbox 3590 1039 3699 1095; x_wconf 89' lang='lat' dir='ltr'><strong>vita</strong></span> 
     </span>
    </p>
   </div>
   <div class='ocr_carea' id='block_1_56' title="bbox 2095 1125 2707 1198">
    <p class='ocr_par' dir='ltr' id='par_1_56' title="bbox 2095 1125 2707 1198">
     <span class='ocr_line' id='line_1_56' title="bbox 2095 1125 2707 1198; baseline 0.002 -18"><span class='ocrx_word' id='word_1_416' title='bbox 2095 1140 2341 1196; x_wconf 66' lang='lat' dir='ltr'><strong>praesens</strong></span> <span class='ocrx_word' id='word_1_417' title='bbox 2369 1125 2707 1198; x_wconf 84' lang='lat' dir='ltr'><strong>designatur.</strong></span> 
     </span>
    </p>
   </div>
   <div class='ocr_carea' id='block_1_57' title="bbox 2168 1214 3695 1287">
    <p class='ocr_par' dir='ltr' id='par_1_57' title="bbox 2168 1214 3695 1287">
     <span class='ocr_line' id='line_1_57' title="bbox 2168 1214 3695 1287; baseline 0.001 -18"><span class='ocrx_word' id='word_1_418' title='bbox 2168 1215 2339 1270; x_wconf 71' lang='lat' dir='ltr'><strong>Vsus.</strong></span> <span class='ocrx_word' id='word_1_419' title='bbox 2371 1216 2459 1269; x_wconf 80' lang='grc'><strong>40.</strong></span> <span class='ocrx_word' id='word_1_420' title='bbox 2493 1244 2564 1256; x_wconf 91' lang='lat'><strong>—-</strong></span> <span class='ocrx_word' id='word_1_421' title='bbox 2597 1216 2704 1283; x_wconf 86' lang='lat' dir='ltr'><strong>Qui</strong></span> <span class='ocrx_word' id='word_1_422' title='bbox 2723 1217 2946 1287; x_wconf 88' lang='lat' dir='ltr'><strong>recipit,</strong></span> <span class='ocrx_word' id='word_1_423' title='bbox 2983 1223 3087 1271; x_wconf 93' lang='lat' dir='ltr'><strong>etc.</strong></span> <span class='ocrx_word' id='word_1_424' title='bbox 3126 1215 3260 1270; x_wconf 89' lang='lat' dir='ltr'><strong>Cum</strong></span> <span class='ocrx_word' id='word_1_425' title='bbox 3308 1215 3374 1271; x_wconf 91' lang='lat' dir='ltr'><strong>ad</strong></span> <span class='ocrx_word' id='word_1_426' title='bbox 3423 1214 3695 1287; x_wconf 69' lang='lat' dir='ltr'><strong>praedica-</strong></span> 
     </span>
    </p>
   </div>
   <div class='ocr_carea' id='block_1_58' title="bbox 2096 1301 3697 1376">
    <p class='ocr_par' dir='ltr' id='par_1_58' title="bbox 2096 1301 3697 1376">
     <span class='ocr_line' id='line_1_58' title="bbox 2096 1301 3697 1376; baseline 0.004 -20"><span class='ocrx_word' id='word_1_427' title='bbox 2096 1301 2299 1357; x_wconf 90' lang='lat' dir='ltr'><strong>tionem</strong></span> <span class='ocrx_word' id='word_1_428' title='bbox 2327 1302 2522 1372; x_wconf 88' lang='lat' dir='ltr'><strong>mittit,</strong></span> <span class='ocrx_word' id='word_1_429' title='bbox 2572 1310 2702 1373; x_wconf 88' lang='lat' dir='ltr'><strong>etc.,</strong></span> <span class='ocrx_word' id='word_1_430' title='bbox 2752 1319 2925 1376; x_wconf 84' lang='lat' dir='ltr'><strong>usque</strong></span> <span class='ocrx_word' id='word_1_431' title='bbox 2964 1304 3037 1360; x_wconf 89' lang='lat' dir='ltr'><strong>ad</strong></span> <span class='ocrx_word' id='word_1_432' title='bbox 3074 1304 3276 1359; x_wconf 88' lang='lat' dir='ltr'><strong>debere</strong></span> <span class='ocrx_word' id='word_1_433' title='bbox 3305 1302 3573 1376; x_wconf 88' lang='lat' dir='ltr'><strong>stipendia</strong></span> <span class='ocrx_word' id='word_1_434' title='bbox 3599 1317 3697 1362; x_wconf 87' lang='lat' dir='ltr'><strong>ac-</strong></span> 
     </span>
    </p>
   </div>
   <div class='ocr_carea' id='block_1_59' title="bbox 2095 1389 2299 1461">
    <p class='ocr_par' dir='ltr' id='par_1_59' title="bbox 2095 1389 2299 1461">
     <span class='ocr_line' id='line_1_59' title="bbox 2095 1389 2299 1461; baseline -0.005 -15"><span class='ocrx_word' id='word_1_435' title='bbox 2095 1389 2299 1461; x_wconf 89' lang='lat' dir='ltr'><strong>cipere.</strong></span> 
     </span>
    </p>
   </div>
   <div class='ocr_carea' id='block_1_60' title="bbox 2167 1478 3698 1553">
    <p class='ocr_par' dir='ltr' id='par_1_60' title="bbox 2167 1478 3698 1553">
     <span class='ocr_line' id='line_1_60' title="bbox 2167 1478 3698 1553; baseline 0.002 -19"><span class='ocrx_word' id='word_1_436' title='bbox 2167 1480 2335 1534; x_wconf 65' lang='lat' dir='ltr'><strong>Vrsas.</strong></span> <span class='ocrx_word' id='word_1_437' title='bbox 2370 1480 2457 1535; x_wconf 69' lang='lat'><strong>42.</strong></span> <span class='ocrx_word' id='word_1_438' title='bbox 2492 1509 2560 1520; x_wconf 91' lang='lat'><strong>-</strong></span> <span class='ocrx_word' id='word_1_439' title='bbox 2607 1481 2679 1535; x_wconf 90' lang='lat' dir='ltr'><strong>Et</strong></span> <span class='ocrx_word' id='word_1_440' title='bbox 2713 1481 3068 1553; x_wconf 85' lang='lat' dir='ltr'><strong>quicumque.</strong></span> <span class='ocrx_word' id='word_1_441' title='bbox 3110 1478 3215 1549; x_wconf 87' lang='lat' dir='ltr'><strong>Qui</strong></span> <span class='ocrx_word' id='word_1_442' title='bbox 3252 1478 3558 1551; x_wconf 90' lang='lat' dir='ltr'><strong>periculum</strong></span> <span class='ocrx_word' id='word_1_443' title='bbox 3587 1495 3698 1537; x_wconf 94' lang='lat' dir='ltr'><strong>non</strong></span> 
     </span>
    </p>
   </div>
   <div class='ocr_carea' id='block_1_61' title="bbox 2095 1567 3694 1641">
    <p class='ocr_par' dir='ltr' id='par_1_61' title="bbox 2095 1567 3694 1641">
     <span class='ocr_line' id='line_1_61' title="bbox 2095 1567 3694 1641; baseline 0.001 -19"><span class='ocrx_word' id='word_1_444' title='bbox 2095 1567 2505 1639; x_wconf 91' lang='lat' dir='ltr'><strong>suscipientium</strong></span> <span class='ocrx_word' id='word_1_445' title='bbox 2534 1569 2844 1624; x_wconf 90' lang='lat' dir='ltr'><strong>testimonio</strong></span> <span class='ocrx_word' id='word_1_446' title='bbox 2873 1569 3088 1626; x_wconf 89' lang='lat' dir='ltr'><strong>excussi</strong></span> <span class='ocrx_word' id='word_1_447' title='bbox 3115 1569 3359 1641; x_wconf 88' lang='lat' dir='ltr'><strong>pulveris</strong></span> <span class='ocrx_word' id='word_1_448' title='bbox 3406 1569 3694 1625; x_wconf 88' lang='lat' dir='ltr'><strong>denuntia-</strong></span> 
     </span>
    </p>
   </div>
   <div class='ocr_carea' id='block_1_62' title="bbox 2110 1655 3696 1730">
    <p class='ocr_par' dir='ltr' id='par_1_62' title="bbox 2110 1655 3696 1730">
     <span class='ocr_line' id='line_1_62' title="bbox 2110 1655 3696 1730; baseline 0.001 -19"><span class='ocrx_word' id='word_1_449' title='bbox 2110 1655 2207 1727; x_wconf 88' lang='lat' dir='ltr'><strong>vit,</strong></span> <span class='ocrx_word' id='word_1_450' title='bbox 2238 1656 2489 1711; x_wconf 90' lang='lat' dir='ltr'><strong>meritum</strong></span> <span class='ocrx_word' id='word_1_451' title='bbox 2519 1657 2895 1729; x_wconf 89' lang='lat' dir='ltr'><strong>recipientium</strong></span> <span class='ocrx_word' id='word_1_452' title='bbox 2924 1659 3065 1713; x_wconf 91' lang='lat' dir='ltr'><strong>ultra</strong></span> <span class='ocrx_word' id='word_1_453' title='bbox 3094 1666 3368 1730; x_wconf 90' lang='lat' dir='ltr'><strong>speratum</strong></span> <span class='ocrx_word' id='word_1_454' title='bbox 3413 1673 3696 1715; x_wconf 92' lang='lat' dir='ltr'><strong>commen-</strong></span> 
     </span>
    </p>
   </div>
   <div class='ocr_carea' id='block_1_63' title="bbox 2110 1743 3699 1819">
    <p class='ocr_par' dir='ltr' id='par_1_63' title="bbox 2110 1743 3699 1819">
     <span class='ocr_line' id='line_1_63' title="bbox 2110 1743 3699 1819; baseline 0.002 -19"><span class='ocrx_word' id='word_1_455' title='bbox 2110 1745 2217 1801; x_wconf 84' lang='lat' dir='ltr'><strong>dat.</strong></span> <span class='ocrx_word' id='word_1_456' title='bbox 2248 1746 2389 1801; x_wconf 90' lang='lat' dir='ltr'><strong>Nota</strong></span> <span class='ocrx_word' id='word_1_457' title='bbox 2418 1747 2591 1801; x_wconf 92' lang='lat' dir='ltr'><strong>Deum</strong></span> <span class='ocrx_word' id='word_1_458' title='bbox 2620 1747 2793 1819; x_wconf 88' lang='lat' dir='ltr'><strong>magis</strong></span> <span class='ocrx_word' id='word_1_459' title='bbox 2821 1748 2890 1801; x_wconf 90' lang='lat' dir='ltr'><strong>ad</strong></span> <span class='ocrx_word' id='word_1_460' title='bbox 2930 1747 3079 1818; x_wconf 91' lang='lat' dir='ltr'><strong>pium</strong></span> <span class='ocrx_word' id='word_1_461' title='bbox 3125 1746 3376 1803; x_wconf 73' lang='lat' dir='ltr'><strong>affectum</strong></span> <span class='ocrx_word' id='word_1_462' title='bbox 3414 1743 3699 1817; x_wconf 77' lang='lat' dir='ltr'><strong>respicere</strong></span> 
     </span>
    </p>
   </div>
   <div class='ocr_carea' id='block_1_64' title="bbox 2105 1834 3692 1906">
    <p class='ocr_par' dir='ltr' id='par_1_64' title="bbox 2105 1834 3692 1906">
     <span class='ocr_line' id='line_1_64' title="bbox 2105 1834 3692 1906; baseline 0.001 -18"><span class='ocrx_word' id='word_1_463' title='bbox 2105 1850 2266 1905; x_wconf 89' lang='lat' dir='ltr'><strong>quam</strong></span> <span class='ocrx_word' id='word_1_464' title='bbox 2296 1834 2364 1889; x_wconf 91' lang='lat' dir='ltr'><strong>ad</strong></span> <span class='ocrx_word' id='word_1_465' title='bbox 2395 1835 2747 1906; x_wconf 88' lang='lat' dir='ltr'><strong>quantitatem</strong></span> <span class='ocrx_word' id='word_1_466' title='bbox 2776 1836 2856 1890; x_wconf 91' lang='lat' dir='ltr'><strong>rei</strong></span> <span class='ocrx_word' id='word_1_467' title='bbox 2887 1836 3158 1892; x_wconf 59' lang='lat' dir='ltr'><strong>exhibitas.</strong></span> <span class='ocrx_word' id='word_1_468' title='bbox 3196 1837 3303 1893; x_wconf 88' lang='lat' dir='ltr'><strong>Uni</strong></span> <span class='ocrx_word' id='word_1_469' title='bbox 3321 1851 3395 1891; x_wconf 75' lang='lat' dir='ltr'><strong>ea:</strong></span> <span class='ocrx_word' id='word_1_470' title='bbox 3414 1837 3692 1891; x_wconf 85' lang='lat' dir='ltr'><strong>minimis.</strong></span> 
     </span>
    </p>
   </div>
   <div class='ocr_carea' id='block_1_65' title="bbox 2102 1922 3693 1995">
    <p class='ocr_par' dir='ltr' id='par_1_65' title="bbox 2102 1922 3693 1995">
     <span class='ocr_line' id='line_1_65' title="bbox 2102 1922 3693 1995; baseline 0.003 -20"><span class='ocrx_word' id='word_1_471' title='bbox 2102 1922 2308 1977; x_wconf 87' lang='lat' dir='ltr'><strong>Minimi</strong></span> <span class='ocrx_word' id='word_1_472' title='bbox 2336 1931 2461 1978; x_wconf 90' lang='lat' dir='ltr'><strong>sunt</strong></span> <span class='ocrx_word' id='word_1_473' title='bbox 2490 1924 2581 1995; x_wconf 89' lang='lat' dir='ltr'><strong>qui</strong></span> <span class='ocrx_word' id='word_1_474' title='bbox 2611 1923 2746 1979; x_wconf 91' lang='lat' dir='ltr'><strong>nihil</strong></span> <span class='ocrx_word' id='word_1_475' title='bbox 2772 1923 2987 1995; x_wconf 91' lang='lat' dir='ltr'><strong>penitus</strong></span> <span class='ocrx_word' id='word_1_476' title='bbox 3017 1925 3216 1981; x_wconf 88' lang='lat' dir='ltr'><strong>habent</strong></span> <span class='ocrx_word' id='word_1_477' title='bbox 3244 1924 3301 1979; x_wconf 92' lang='lat' dir='ltr'><strong>in</strong></span> <span class='ocrx_word' id='word_1_478' title='bbox 3327 1925 3434 1981; x_wconf 90' lang='lat' dir='ltr'><strong>hoc</strong></span> <span class='ocrx_word' id='word_1_479' title='bbox 3470 1924 3693 1992; x_wconf 88' lang='lat' dir='ltr'><strong>mundo,</strong></span> 
     </span>
    </p>
   </div>
   <div class='ocr_carea' id='block_1_66' title="bbox 2102 2010 3001 2080">
    <p class='ocr_par' dir='ltr' id='par_1_66' title="bbox 2102 2010 3001 2080">
     <span class='ocr_line' id='line_1_66' title="bbox 2102 2010 3001 2080; baseline 0.003 -15"><span class='ocrx_word' id='word_1_480' title='bbox 2102 2018 2155 2066; x_wconf 90' lang='lat' dir='ltr'><strong>et</strong></span> <span class='ocrx_word' id='word_1_481' title='bbox 2179 2010 2395 2080; x_wconf 90' lang='lat' dir='ltr'><strong>judices</strong></span> <span class='ocrx_word' id='word_1_482' title='bbox 2423 2020 2584 2069; x_wconf 91' lang='lat' dir='ltr'><strong>erunt</strong></span> <span class='ocrx_word' id='word_1_483' title='bbox 2612 2026 2735 2069; x_wconf 92' lang='lat' dir='ltr'><strong>cum</strong></span> <span class='ocrx_word' id='word_1_484' title='bbox 2767 2012 3001 2069; x_wconf 90' lang='lat' dir='ltr'><strong>Christo.</strong></span> 
     </span>
    </p>
   </div>
   <div class='ocr_carea' id='block_1_67' title="bbox 2719 2197 3075 2254">
    <p class='ocr_par' dir='ltr' id='par_1_67' title="bbox 2719 2197 3075 2254">
     <span class='ocr_line' id='line_1_67' title="bbox 2719 2197 3075 2254; baseline -0.006 -1"><span class='ocrx_word' id='word_1_485' title='bbox 2719 2197 2943 2254; x_wconf 77' lang='lat' dir='ltr'><strong>CAPUT</strong></span> <span class='ocrx_word' id='word_1_486' title='bbox 2978 2197 3075 2252; x_wconf 84' lang='grc' dir='ltr'><strong>ΧΙ.</strong></span> 
     </span>
    </p>
   </div>
   <div class='ocr_carea' id='block_1_68' title="bbox 2178 2337 3692 2428">
    <p class='ocr_par' dir='ltr' id='par_1_68' title="bbox 2178 2337 3692 2428">
     <span class='ocr_line' id='line_1_68' title="bbox 2178 2337 3692 2428; baseline -0.002 -12"><span class='ocrx_word' id='word_1_487' title='bbox 2178 2362 2347 2417; x_wconf 71' lang='lat' dir='ltr'><strong>Vsus.</strong></span> <span class='ocrx_word' id='word_1_488' title='bbox 2369 2362 2423 2416; x_wconf 90' lang='lat'><strong>2.</strong></span> <span class='ocrx_word' id='word_1_489' title='bbox 2448 2387 2517 2398; x_wconf 94' lang='lat'>—</span> <span class='ocrx_word' id='word_1_490' title='bbox 2531 2360 2774 2415; x_wconf 85' lang='lat' dir='ltr'><strong>Joannes</strong></span> <span class='ocrx_word' id='word_1_491' title='bbox 2790 2361 3001 2415; x_wconf 84' lang='lat' dir='ltr'><strong>autem.</strong></span> <span class='ocrx_word' id='word_1_492' title='bbox 3035 2357 3105 2412; x_wconf 89' lang='lat' dir='ltr'><strong>Et</strong></span> <span class='ocrx_word' id='word_1_493' title='bbox 3133 2337 3264 2412; x_wconf 86' lang='lat' dir='ltr'><strong>dum</strong></span> <span class='ocrx_word' id='word_1_494' title='bbox 3294 2355 3536 2413; x_wconf 90' lang='lat' dir='ltr'><strong>Christus</strong></span> <span class='ocrx_word' id='word_1_495' title='bbox 3556 2372 3692 2428; x_wconf 66' lang='lat' dir='ltr'><strong>prae-</strong></span> 
     </span>
    </p>
   </div>
   <div class='ocr_carea' id='block_1_69' title="bbox 2097 2446 3691 2519">
    <p class='ocr_par' dir='ltr' id='par_1_69' title="bbox 2097 2446 3691 2519">
     <span class='ocr_line' id='line_1_69' title="bbox 2097 2446 3691 2519; baseline -0.004 -11"><span class='ocrx_word' id='word_1_496' title='bbox 2097 2451 2322 2519; x_wconf 85' lang='lat' dir='ltr'><strong>dicaret,</strong></span> <span class='ocrx_word' id='word_1_497' title='bbox 2357 2456 2486 2514; x_wconf 89' lang='lat' dir='ltr'><strong>etc.,</strong></span> <span class='ocrx_word' id='word_1_498' title='bbox 2521 2464 2694 2519; x_wconf 86' lang='lat' dir='ltr'><strong>usque</strong></span> <span class='ocrx_word' id='word_1_499' title='bbox 2723 2447 2796 2503; x_wconf 91' lang='lat' dir='ltr'><strong>ad</strong></span> <span class='ocrx_word' id='word_1_500' title='bbox 2826 2446 2947 2518; x_wconf 88' lang='lat' dir='ltr'><strong>quis</strong></span> <span class='ocrx_word' id='word_1_501' title='bbox 2995 2446 3244 2503; x_wconf 88' lang='lat' dir='ltr'><strong>ordinem</strong></span> <span class='ocrx_word' id='word_1_502' title='bbox 3271 2446 3355 2502; x_wconf 91' lang='lat' dir='ltr'><strong>rei</strong></span> <span class='ocrx_word' id='word_1_503' title='bbox 3408 2454 3579 2519; x_wconf 75' lang='lat' dir='ltr'><strong>gestae</strong></span> <span class='ocrx_word' id='word_1_504' title='bbox 3609 2454 3691 2502; x_wconf 86' lang='lat' dir='ltr'><strong>te-</strong></span> 
     </span>
    </p>
   </div>
   <div class='ocr_carea' id='block_1_70' title="bbox 2092 2543 2657 2608">
    <p class='ocr_par' dir='ltr' id='par_1_70' title="bbox 2092 2543 2657 2608">
     <span class='ocr_line' id='line_1_70' title="bbox 2092 2543 2657 2608; baseline -0.014 -10"><span class='ocrx_word' id='word_1_505' title='bbox 2092 2548 2219 2598; x_wconf 88' lang='lat' dir='ltr'><strong>neat</strong></span> <span class='ocrx_word' id='word_1_506' title='bbox 2232 2582 2246 2608; x_wconf 88' lang='lat'><strong>,</strong></span> <span class='ocrx_word' id='word_1_507' title='bbox 2279 2553 2389 2594; x_wconf 91' lang='lat' dir='ltr'><strong>non</strong></span> <span class='ocrx_word' id='word_1_508' title='bbox 2417 2543 2657 2608; x_wconf 90' lang='lat' dir='ltr'><strong>apparet.</strong></span> 
     </span>
    </p>
   </div>
   <div class='ocr_carea' id='block_1_71' title="bbox 2165 2647 3690 2723">
    <p class='ocr_par' dir='ltr' id='par_1_71' title="bbox 2165 2647 3690 2723">
     <span class='ocr_line' id='line_1_71' title="bbox 2165 2647 3690 2723; baseline -0.005 -13"><span class='ocrx_word' id='word_1_509' title='bbox 2165 2655 2335 2711; x_wconf 74' lang='lat' dir='ltr'><strong>Vnus.</strong></span> <span class='ocrx_word' id='word_1_510' title='bbox 2369 2655 2421 2707; x_wconf 89' lang='lat'><strong>3.</strong></span> <span class='ocrx_word' id='word_1_511' title='bbox 2467 2681 2536 2691; x_wconf 96' lang='lat'>—</span> <span class='ocrx_word' id='word_1_512' title='bbox 2587 2652 2666 2707; x_wconf 90' lang='lat' dir='ltr'><strong>Tu</strong></span> <span class='ocrx_word' id='word_1_513' title='bbox 2711 2667 2789 2707; x_wconf 88' lang='lat' dir='ltr'><strong>es.</strong></span> <span class='ocrx_word' id='word_1_514' title='bbox 2842 2650 2967 2706; x_wconf 92' lang='lat' dir='ltr'><strong>Non</strong></span> <span class='ocrx_word' id='word_1_515' title='bbox 3013 2650 3087 2705; x_wconf 90' lang='lat' dir='ltr'><strong>ait</strong></span> <span class='ocrx_word' id='word_1_516' title='bbox 3133 2650 3229 2723; x_wconf 88' lang='lat' dir='ltr'><strong>qui</strong></span> <span class='ocrx_word' id='word_1_517' title='bbox 3265 2651 3490 2718; x_wconf 81' lang='lat' dir='ltr'><strong>venisti,</strong></span> <span class='ocrx_word' id='word_1_518' title='bbox 3534 2647 3690 2720; x_wconf 87' lang='lat' dir='ltr'><strong>quasi</strong></span> 
     </span>
    </p>
   </div>
   <div class='ocr_carea' id='block_1_72' title="bbox 2093 2737 3691 2800">
    <p class='ocr_par' dir='ltr' id='par_1_72' title="bbox 2093 2737 3691 2800">
     <span class='ocr_line' id='line_1_72' title="bbox 2093 2737 3691 2800; baseline -0.003 0"><span class='ocrx_word' id='word_1_519' title='bbox 2093 2743 2237 2800; x_wconf 89' lang='lat' dir='ltr'><strong>dicat</strong></span> <span class='ocrx_word' id='word_1_520' title='bbox 2269 2760 2282 2796; x_wconf 90' lang='lat'><strong>:</strong></span> <span class='ocrx_word' id='word_1_521' title='bbox 2317 2741 2451 2796; x_wconf 92' lang='lat' dir='ltr'><strong>Cum</strong></span> <span class='ocrx_word' id='word_1_522' title='bbox 2481 2739 2550 2795; x_wconf 90' lang='lat' dir='ltr'><strong>ad</strong></span> <span class='ocrx_word' id='word_1_523' title='bbox 2578 2738 2791 2794; x_wconf 86' lang='lat' dir='ltr'><strong>inferna</strong></span> <span class='ocrx_word' id='word_1_524' title='bbox 2820 2738 3189 2795; x_wconf 89' lang='lat' dir='ltr'><strong>descensurus</strong></span> <span class='ocrx_word' id='word_1_525' title='bbox 3219 2754 3341 2794; x_wconf 88' lang='lat' dir='ltr'><strong>sum</strong></span> <span class='ocrx_word' id='word_1_526' title='bbox 3372 2756 3387 2793; x_wconf 88' lang='lat'><strong>:</strong></span> <span class='ocrx_word' id='word_1_527' title='bbox 3418 2737 3593 2794; x_wconf 90' lang='lat' dir='ltr'><strong>debeo</strong></span> <span class='ocrx_word' id='word_1_528' title='bbox 3637 2745 3691 2795; x_wconf 85' lang='lat' dir='ltr'><strong>te</strong></span> 
     </span>
    </p>
   </div>
   <div class='ocr_carea' id='block_1_73' title="bbox 2092 2825 3692 2900">
    <p class='ocr_par' dir='ltr' id='par_1_73' title="bbox 2092 2825 3692 2900">
     <span class='ocr_line' id='line_1_73' title="bbox 2092 2825 3692 2900; baseline -0.003 -14"><span class='ocrx_word' id='word_1_529' title='bbox 2092 2831 2342 2888; x_wconf 90' lang='lat' dir='ltr'><strong>nuntiare</strong></span> <span class='ocrx_word' id='word_1_530' title='bbox 2369 2828 2578 2897; x_wconf 89' lang='lat' dir='ltr'><strong>inferis,</strong></span> <span class='ocrx_word' id='word_1_531' title='bbox 2613 2827 2707 2900; x_wconf 90' lang='lat' dir='ltr'><strong>qui</strong></span> <span class='ocrx_word' id='word_1_532' title='bbox 2734 2827 2978 2884; x_wconf 86' lang='lat' dir='ltr'><strong>nuntiavi</strong></span> <span class='ocrx_word' id='word_1_533' title='bbox 3007 2826 3242 2899; x_wconf 88' lang='lat' dir='ltr'><strong>superis.</strong></span> <span class='ocrx_word' id='word_1_534' title='bbox 3292 2829 3378 2883; x_wconf 77' lang='lat' dir='ltr'><strong>An</strong></span> <span class='ocrx_word' id='word_1_535' title='bbox 3405 2825 3692 2883; x_wconf 88' lang='lat' dir='ltr'><strong>conveniat</strong></span> 
     </span>
    </p>
   </div>
   <div class='ocr_carea' id='block_1_74' title="bbox 2091 2915 3685 2985">
    <p class='ocr_par' dir='ltr' id='par_1_74' title="bbox 2091 2915 3685 2985">
     <span class='ocr_line' id='line_1_74' title="bbox 2091 2915 3685 2985; baseline -0.003 -11"><span class='ocrx_word' id='word_1_536' title='bbox 2091 2918 2226 2975; x_wconf 87' lang='lat' dir='ltr'><strong>Filio</strong></span> <span class='ocrx_word' id='word_1_537' title='bbox 2259 2917 2360 2973; x_wconf 93' lang='lat' dir='ltr'><strong>Dei</strong></span> <span class='ocrx_word' id='word_1_538' title='bbox 2388 2916 2560 2985; x_wconf 91' lang='lat' dir='ltr'><strong>mori,</strong></span> <span class='ocrx_word' id='word_1_539' title='bbox 2593 2930 2664 2970; x_wconf 90' lang='lat' dir='ltr'><strong>an</strong></span> <span class='ocrx_word' id='word_1_540' title='bbox 2694 2915 2860 2970; x_wconf 89' lang='lat' dir='ltr'><strong>alium</strong></span> <span class='ocrx_word' id='word_1_541' title='bbox 2906 2916 2973 2970; x_wconf 90' lang='lat' dir='ltr'><strong>ad</strong></span> <span class='ocrx_word' id='word_1_542' title='bbox 3021 2915 3139 2972; x_wconf 60' lang='lat' dir='ltr'><strong>haec</strong></span> <span class='ocrx_word' id='word_1_543' title='bbox 3185 2923 3522 2973; x_wconf 89' lang='lat' dir='ltr'><strong>sacramenta</strong></span> <span class='ocrx_word' id='word_1_544' title='bbox 3547 2915 3685 2972; x_wconf 87' lang='lat' dir='ltr'><strong>mis-</strong></span> 
     </span>
    </p>
   </div>
   <div class='ocr_carea' id='block_1_75' title="bbox 1202 3005 2394 3109">
    <p class='ocr_par' dir='ltr' id='par_1_75' title="bbox 1202 3005 2394 3109">
     <span class='ocr_line' id='line_1_75' title="bbox 1202 3005 2394 3109; baseline -0.008 -24"><span class='ocrx_word' id='word_1_545' title='bbox 1202 3029 1399 3085; x_wconf 86' lang='lat' dir='ltr'><strong>Nonne</strong></span> <span class='ocrx_word' id='word_1_546' title='bbox 1443 3029 1689 3101; x_wconf 86' lang='lat' dir='ltr'><strong>quinque</strong></span> <span class='ocrx_word' id='word_1_547' title='bbox 1737 3044 1995 3102; x_wconf 87' lang='lat' dir='ltr'><strong>passeres</strong></span> <span class='ocrx_word' id='word_1_548' title='bbox 2015 3044 2064 3109; x_wconf 73' lang='grc' dir='ltr'>α</span> <span class='ocrx_word' id='word_1_549' title='bbox 2094 3023 2256 3063; x_wconf 67' lang='lat' dir='ltr'><strong>sums</strong></span> <span class='ocrx_word' id='word_1_550' title='bbox 2286 3022 2347 3061; x_wconf 71' lang='lat' dir='ltr'>es</span> <span class='ocrx_word' id='word_1_551' title='bbox 2365 3005 2394 3059; x_wconf 62' lang='lat'><strong>7</strong></span> 
     </span>
    </p>
   </div>
   <div class='ocr_carea' id='block_1_76' title="bbox 2171 3117 3689 3191">
    <p class='ocr_par' dir='ltr' id='par_1_76' title="bbox 2171 3117 3689 3191">
     <span class='ocr_line' id='line_1_76' title="bbox 2171 3117 3689 3191; baseline -0.001 -14"><span class='ocrx_word' id='word_1_552' title='bbox 2171 3122 2340 3177; x_wconf 73' lang='lat' dir='ltr'><strong>Vnus.</strong></span> <span class='ocrx_word' id='word_1_553' title='bbox 2374 3123 2425 3175; x_wconf 89' lang='lat'><strong>6.</strong></span> <span class='ocrx_word' id='word_1_554' title='bbox 2445 3149 2514 3159; x_wconf 94' lang='lat'><strong>——</strong></span> <span class='ocrx_word' id='word_1_555' title='bbox 2537 3118 2643 3186; x_wconf 86' lang='lat' dir='ltr'><strong>Qui</strong></span> <span class='ocrx_word' id='word_1_556' title='bbox 2670 3134 2785 3175; x_wconf 86' lang='lat' dir='ltr'><strong>non</strong></span> <span class='ocrx_word' id='word_1_557' title='bbox 2813 3120 3011 3190; x_wconf 85' lang='lat' dir='ltr'><strong>fuerit.</strong></span> <span class='ocrx_word' id='word_1_558' title='bbox 3046 3117 3151 3188; x_wconf 90' lang='lat' dir='ltr'><strong>Qui</strong></span> <span class='ocrx_word' id='word_1_559' title='bbox 3180 3118 3250 3174; x_wconf 89' lang='lat' dir='ltr'><strong>de</strong></span> <span class='ocrx_word' id='word_1_560' title='bbox 3278 3118 3571 3175; x_wconf 89' lang='lat' dir='ltr'><strong>divinitatis</strong></span> <span class='ocrx_word' id='word_1_561' title='bbox 3590 3135 3689 3191; x_wconf 86' lang='lat' dir='ltr'><strong>po-</strong></span> 
     </span>
    </p>
   </div>
   <div class='ocr_carea' id='block_1_77' title="bbox 2101 3206 3691 3276">
    <p class='ocr_par' dir='ltr' id='par_1_77' title="bbox 2101 3206 3691 3276">
     <span class='ocr_line' id='line_1_77' title="bbox 2101 3206 3691 3276; baseline -0.001 -11"><span class='ocrx_word' id='word_1_562' title='bbox 2101 3209 2265 3265; x_wconf 89' lang='lat' dir='ltr'><strong>tentia</strong></span> <span class='ocrx_word' id='word_1_563' title='bbox 2310 3223 2422 3263; x_wconf 91' lang='lat' dir='ltr'><strong>non</strong></span> <span class='ocrx_word' id='word_1_564' title='bbox 2470 3206 2831 3276; x_wconf 89' lang='lat' dir='ltr'><strong>dubitaverit,</strong></span> <span class='ocrx_word' id='word_1_565' title='bbox 2882 3208 2987 3262; x_wconf 89' lang='lat' dir='ltr'><strong>hoc</strong></span> <span class='ocrx_word' id='word_1_566' title='bbox 3034 3222 3145 3261; x_wconf 92' lang='lat' dir='ltr'><strong>non</strong></span> <span class='ocrx_word' id='word_1_567' title='bbox 3191 3215 3381 3263; x_wconf 90' lang='lat' dir='ltr'><strong>contra</strong></span> <span class='ocrx_word' id='word_1_568' title='bbox 3425 3209 3691 3264; x_wconf 81' lang='lat' dir='ltr'><strong>Joannem</strong></span> 
     </span>
    </p>
   </div>
   <div class='ocr_carea' id='block_1_78' title="bbox 2100 3295 3613 3367">
    <p class='ocr_par' dir='ltr' id='par_1_78' title="bbox 2100 3295 3613 3367">
     <span class='ocr_line' id='line_1_78' title="bbox 2100 3295 3613 3367; baseline -0.001 -14"><span class='ocrx_word' id='word_1_569' title='bbox 2100 3298 2303 3354; x_wconf 86' lang='lat' dir='ltr'><strong>dixisse</strong></span> <span class='ocrx_word' id='word_1_570' title='bbox 2331 3295 2603 3367; x_wconf 89' lang='lat' dir='ltr'><strong>putandus</strong></span> <span class='ocrx_word' id='word_1_571' title='bbox 2634 3303 2716 3349; x_wconf 92' lang='lat' dir='ltr'><strong>est</strong></span> <span class='ocrx_word' id='word_1_572' title='bbox 2741 3310 2901 3366; x_wconf 89' lang='lat' dir='ltr'><strong>quem</strong></span> <span class='ocrx_word' id='word_1_573' title='bbox 2929 3310 3057 3349; x_wconf 89' lang='lat' dir='ltr'><strong>mox</strong></span> <span class='ocrx_word' id='word_1_574' title='bbox 3085 3295 3223 3351; x_wconf 90' lang='lat' dir='ltr'><strong>adeo</strong></span> <span class='ocrx_word' id='word_1_575' title='bbox 3252 3298 3613 3353; x_wconf 89' lang='lat' dir='ltr'><strong>commendat.</strong></span> 
     </span>
    </p>
   </div>
   <div class='ocr_carea' id='block_1_79' title="bbox 2168 3410 3697 3468">
    <p class='ocr_par' dir='ltr' id='par_1_79' title="bbox 2168 3410 3697 3468">
     <span class='ocr_line' id='line_1_79' title="bbox 2168 3410 3697 3468; baseline 0.001 -2"><span class='ocrx_word' id='word_1_576' title='bbox 2168 3413 2339 3466; x_wconf 75' lang='lat' dir='ltr'><strong>Vens.</strong></span> <span class='ocrx_word' id='word_1_577' title='bbox 2372 3411 2501 3465; x_wconf 82' lang='lat'><strong>7.—</strong></span> <span class='ocrx_word' id='word_1_578' title='bbox 2518 3412 2597 3466; x_wconf 87' lang='lat' dir='ltr'><strong>De</strong></span> <span class='ocrx_word' id='word_1_579' title='bbox 2625 3410 2856 3467; x_wconf 84' lang='lat' dir='ltr'><strong>Joanne.</strong></span> <span class='ocrx_word' id='word_1_580' title='bbox 2890 3410 3203 3466; x_wconf 70' lang='lat' dir='ltr'><strong>Praecursor</strong></span> <span class='ocrx_word' id='word_1_581' title='bbox 3231 3410 3431 3467; x_wconf 90' lang='lat' dir='ltr'><strong>Christi</strong></span> <span class='ocrx_word' id='word_1_582' title='bbox 3457 3411 3526 3467; x_wconf 91' lang='lat' dir='ltr'><strong>de</strong></span> <span class='ocrx_word' id='word_1_583' title='bbox 3547 3412 3697 3468; x_wconf 87' lang='lat' dir='ltr'><strong>Chri-</strong></span> 
     </span>
    </p>
   </div>
   <div class='ocr_carea' id='block_1_80' title="bbox 2098 3497 3691 3571">
    <p class='ocr_par' dir='ltr' id='par_1_80' title="bbox 2098 3497 3691 3571">
     <span class='ocr_line' id='line_1_80' title="bbox 2098 3497 3691 3571; baseline 0 -14"><span class='ocrx_word' id='word_1_584' title='bbox 2098 3509 2182 3557; x_wconf 87' lang='lat' dir='ltr'><strong>sto</strong></span> <span class='ocrx_word' id='word_1_585' title='bbox 2212 3498 2508 3557; x_wconf 83' lang='lat' dir='ltr'><strong>certificare</strong></span> <span class='ocrx_word' id='word_1_586' title='bbox 2546 3497 2843 3570; x_wconf 91' lang='lat' dir='ltr'><strong>discipulos</strong></span> <span class='ocrx_word' id='word_1_587' title='bbox 2873 3498 3073 3569; x_wconf 90' lang='lat' dir='ltr'><strong>voluit,</strong></span> <span class='ocrx_word' id='word_1_588' title='bbox 3108 3499 3233 3571; x_wconf 88' lang='lat' dir='ltr'><strong>quia</strong></span> <span class='ocrx_word' id='word_1_589' title='bbox 3262 3500 3432 3555; x_wconf 89' lang='lat' dir='ltr'><strong>sensit</strong></span> <span class='ocrx_word' id='word_1_590' title='bbox 3459 3516 3555 3557; x_wconf 92' lang='lat' dir='ltr'><strong>eos</strong></span> <span class='ocrx_word' id='word_1_591' title='bbox 3582 3502 3691 3557; x_wconf 83' lang='lat' dir='ltr'><strong>du-</strong></span> 
     </span>
    </p>
   </div>
   <div class='ocr_carea' id='block_1_81' title="bbox 2098 3587 3691 3660">
    <p class='ocr_par' dir='ltr' id='par_1_81' title="bbox 2098 3587 3691 3660">
     <span class='ocr_line' id='line_1_81' title="bbox 2098 3587 3691 3660; baseline 0.002 -16"><span class='ocrx_word' id='word_1_592' title='bbox 2098 3589 2292 3645; x_wconf 88' lang='lat' dir='ltr'><strong>bitare.</strong></span> <span class='ocrx_word' id='word_1_593' title='bbox 2325 3590 2406 3644; x_wconf 91' lang='lat' dir='ltr'><strong>De</strong></span> <span class='ocrx_word' id='word_1_594' title='bbox 2441 3602 2823 3660; x_wconf 87' lang='lat' dir='ltr'><strong>praecursore,</strong></span> <span class='ocrx_word' id='word_1_595' title='bbox 2858 3587 3104 3643; x_wconf 90' lang='lat' dir='ltr'><strong>Christus</strong></span> <span class='ocrx_word' id='word_1_596' title='bbox 3147 3588 3333 3644; x_wconf 90' lang='lat' dir='ltr'><strong>turbas</strong></span> <span class='ocrx_word' id='word_1_597' title='bbox 3381 3589 3691 3647; x_wconf 90' lang='lat' dir='ltr'><strong>dubitantes</strong></span> 
     </span>
    </p>
   </div>
   <div class='ocr_carea' id='block_1_82' title="bbox 2096 3674 3686 3751">
    <p class='ocr_par' dir='ltr' id='par_1_82' title="bbox 2096 3674 3686 3751">
     <span class='ocr_line' id='line_1_82' title="bbox 2096 3674 3686 3751; baseline 0.001 -16"><span class='ocrx_word' id='word_1_598' title='bbox 2096 3695 2166 3735; x_wconf 92' lang='lat' dir='ltr'><strong>ne</strong></span> <span class='ocrx_word' id='word_1_599' title='bbox 2196 3674 2442 3733; x_wconf 83' lang='lat' dir='ltr'><strong>dubitent</strong></span> <span class='ocrx_word' id='word_1_600' title='bbox 2470 3677 2671 3747; x_wconf 92' lang='lat' dir='ltr'><strong>docuit,</strong></span> <span class='ocrx_word' id='word_1_601' title='bbox 2704 3676 2926 3733; x_wconf 90' lang='lat' dir='ltr'><strong>mollem</strong></span> <span class='ocrx_word' id='word_1_602' title='bbox 2955 3693 3080 3733; x_wconf 89' lang='lat' dir='ltr'><strong>eum</strong></span> <span class='ocrx_word' id='word_1_603' title='bbox 3108 3677 3394 3750; x_wconf 87' lang='lat' dir='ltr'><strong>levemque</strong></span> <span class='ocrx_word' id='word_1_604' title='bbox 3412 3686 3686 3751; x_wconf 85' lang='lat' dir='ltr'><strong>putantes.</strong></span> 
     </span>
    </p>
   </div>
   <div class='ocr_carea' id='block_1_83' title="bbox 2168 3766 3693 3840">
    <p class='ocr_par' dir='ltr' id='par_1_83' title="bbox 2168 3766 3693 3840">
     <span class='ocr_line' id='line_1_83' title="bbox 2168 3766 3693 3840; baseline 0.001 -17"><span class='ocrx_word' id='word_1_605' title='bbox 2168 3768 2338 3823; x_wconf 76' lang='lat' dir='ltr'><strong>Vans.</strong></span> <span class='ocrx_word' id='word_1_606' title='bbox 2374 3770 2425 3821; x_wconf 92' lang='lat'><strong>8.</strong></span> <span class='ocrx_word' id='word_1_607' title='bbox 2467 3796 2536 3806; x_wconf 92' lang='lat'>—</span> <span class='ocrx_word' id='word_1_608' title='bbox 2566 3767 2704 3822; x_wconf 89' lang='lat' dir='ltr'><strong>Ecce</strong></span> <span class='ocrx_word' id='word_1_609' title='bbox 2742 3767 2838 3839; x_wconf 77' lang='lat' dir='ltr'><strong>qui</strong></span> <span class='ocrx_word' id='word_1_610' title='bbox 2864 3766 3159 3834; x_wconf 85' lang='lat' dir='ltr'><strong>mollibus,</strong></span> <span class='ocrx_word' id='word_1_611' title='bbox 3192 3774 3297 3822; x_wconf 90' lang='lat' dir='ltr'><strong>etc.</strong></span> <span class='ocrx_word' id='word_1_612' title='bbox 3338 3767 3441 3836; x_wconf 89' lang='lat' dir='ltr'><strong>Qui</strong></span> <span class='ocrx_word' id='word_1_613' title='bbox 3466 3774 3693 3840; x_wconf 79' lang='lat' dir='ltr'><strong>ponunt</strong></span> 
     </span>
    </p>
   </div>
   <div class='ocr_carea' id='block_1_84' title="bbox 2094 3854 3686 3929">
    <p class='ocr_par' dir='ltr' id='par_1_84' title="bbox 2094 3854 3686 3929">
     <span class='ocr_line' id='line_1_84' title="bbox 2094 3854 3686 3929; baseline 0 -17"><span class='ocrx_word' id='word_1_614' title='bbox 2094 3856 2420 3929; x_wconf 86' lang='lat' dir='ltr'><strong>pulvinaria</strong></span> <span class='ocrx_word' id='word_1_615' title='bbox 2466 3855 2565 3911; x_wconf 88' lang='lat' dir='ltr'><strong>sub</strong></span> <span class='ocrx_word' id='word_1_616' title='bbox 2610 3854 2828 3921; x_wconf 84' lang='lat' dir='ltr'><strong>cubito,</strong></span> <span class='ocrx_word' id='word_1_617' title='bbox 2881 3854 2974 3926; x_wconf 91' lang='lat' dir='ltr'><strong>qui</strong></span> <span class='ocrx_word' id='word_1_618' title='bbox 3004 3855 3166 3911; x_wconf 91' lang='lat' dir='ltr'><strong>vitam</strong></span> <span class='ocrx_word' id='word_1_619' title='bbox 3195 3856 3535 3927; x_wconf 88' lang='lat' dir='ltr'><strong>peccantium</strong></span> <span class='ocrx_word' id='word_1_620' title='bbox 3563 3857 3686 3929; x_wconf 85' lang='lat' dir='ltr'><strong>pal-</strong></span> 
     </span>
    </p>
   </div>
   <div class='ocr_carea' id='block_1_85' title="bbox 2094 3950 2689 4017">
    <p class='ocr_par' dir='ltr' id='par_1_85' title="bbox 2094 3950 2689 4017">
     <span class='ocr_line' id='line_1_85' title="bbox 2094 3950 2689 4017; baseline -0.003 -18"><span class='ocrx_word' id='word_1_621' title='bbox 2094 3952 2224 4017; x_wconf 89' lang='lat' dir='ltr'><strong>pant</strong></span> <span class='ocrx_word' id='word_1_622' title='bbox 2237 3988 2250 4010; x_wconf 94' lang='lat'><strong>,</strong></span> <span class='ocrx_word' id='word_1_623' title='bbox 2285 3959 2395 3999; x_wconf 90' lang='lat' dir='ltr'><strong>non</strong></span> <span class='ocrx_word' id='word_1_624' title='bbox 2421 3950 2689 4015; x_wconf 84' lang='lat' dir='ltr'><strong>pungunt.</strong></span> 
     </span>
    </p>
   </div>
   <div class='ocr_carea' id='block_1_86' title="bbox 2165 4029 3689 4106">
    <p class='ocr_par' dir='ltr' id='par_1_86' title="bbox 2165 4029 3689 4106">
     <span class='ocr_line' id='line_1_86' title="bbox 2165 4029 3689 4106; baseline 0.001 -17"><span class='ocrx_word' id='word_1_625' title='bbox 2165 4032 2364 4106; x_wconf 85' lang='lat' dir='ltr'><strong>Rigida</strong></span> <span class='ocrx_word' id='word_1_626' title='bbox 2390 4030 2499 4088; x_wconf 89' lang='lat' dir='ltr'><strong>vita</strong></span> <span class='ocrx_word' id='word_1_627' title='bbox 2527 4038 2582 4087; x_wconf 93' lang='lat' dir='ltr'><strong>et</strong></span> <span class='ocrx_word' id='word_1_628' title='bbox 2606 4029 2921 4103; x_wconf 76' lang='lat' dir='ltr'><strong>praedicatio</strong></span> <span class='ocrx_word' id='word_1_629' title='bbox 2949 4030 3112 4088; x_wconf 90' lang='lat' dir='ltr'><strong>debet</strong></span> <span class='ocrx_word' id='word_1_630' title='bbox 3138 4031 3414 4089; x_wconf 87' lang='lat' dir='ltr'><strong>declinare</strong></span> <span class='ocrx_word' id='word_1_631' title='bbox 3442 4032 3689 4091; x_wconf 88' lang='lat' dir='ltr'><strong>mollium</strong></span> 
     </span>
    </p>
   </div>
   <div class='ocr_carea' id='block_1_87' title="bbox 2093 4119 3685 4193">
    <p class='ocr_par' dir='ltr' id='par_1_87' title="bbox 2093 4119 3685 4193">
     <span class='ocr_line' id='line_1_87' title="bbox 2093 4119 3685 4193; baseline 0.002 -17"><span class='ocrx_word' id='word_1_632' title='bbox 2093 4120 2316 4193; x_wconf 90' lang='lat' dir='ltr'><strong>palatia,</strong></span> <span class='ocrx_word' id='word_1_633' title='bbox 2341 4136 2462 4192; x_wconf 65' lang='lat' dir='ltr'><strong>qua:</strong></span> <span class='ocrx_word' id='word_1_634' title='bbox 2491 4119 2835 4192; x_wconf 85' lang='lat' dir='ltr'><strong>frequentant</strong></span> <span class='ocrx_word' id='word_1_635' title='bbox 2862 4119 3117 4176; x_wconf 90' lang='lat' dir='ltr'><strong>mollibus</strong></span> <span class='ocrx_word' id='word_1_636' title='bbox 3154 4120 3356 4176; x_wconf 82' lang='lat' dir='ltr'><strong>inclutis</strong></span> <span class='ocrx_word' id='word_1_637' title='bbox 3383 4121 3685 4179; x_wconf 85' lang='lat' dir='ltr'><strong>adulantes.</strong></span> 
     </span>
    </p>
   </div>
   <div class='ocr_carea' id='block_1_88' title="bbox 2166 4208 3688 4283">
    <p class='ocr_par' dir='ltr' id='par_1_88' title="bbox 2166 4208 3688 4283">
     <span class='ocr_line' id='line_1_88' title="bbox 2166 4208 3688 4283; baseline 0.003 -19"><span class='ocrx_word' id='word_1_638' title='bbox 2166 4209 2362 4281; x_wconf 72' lang='lat' dir='ltr'><strong>(CLau.</strong></span> <span class='ocrx_word' id='word_1_639' title='bbox 2394 4208 2599 4279; x_wconf 72' lang='lat' dir='ltr'><strong>Anax.)</strong></span> <span class='ocrx_word' id='word_1_640' title='bbox 2629 4209 2822 4264; x_wconf 91' lang='lat' dir='ltr'><strong>Beatus</strong></span> <span class='ocrx_word' id='word_1_641' title='bbox 2849 4209 3113 4279; x_wconf 83' lang='lat' dir='ltr'><strong>Joannes,</strong></span> <span class='ocrx_word' id='word_1_642' title='bbox 3150 4209 3424 4281; x_wconf 86' lang='lat' dir='ltr'><strong>despectis</strong></span> <span class='ocrx_word' id='word_1_643' title='bbox 3470 4227 3688 4283; x_wconf 91' lang='lat' dir='ltr'><strong>quoque</strong></span> 
     </span>
    </p>
   </div>
   <div class='ocr_carea' id='block_1_89' title="bbox 2096 4296 3687 4369">
    <p class='ocr_par' dir='ltr' id='par_1_89' title="bbox 2096 4296 3687 4369">
     <span class='ocr_line' id='line_1_89' title="bbox 2096 4296 3687 4369; baseline 0.002 -16"><span class='ocrx_word' id='word_1_644' title='bbox 2096 4296 2277 4353; x_wconf 89' lang='lat' dir='ltr'><strong>ovium</strong></span> <span class='ocrx_word' id='word_1_645' title='bbox 2305 4296 2430 4367; x_wconf 90' lang='lat' dir='ltr'><strong>pilis</strong></span> <span class='ocrx_word' id='word_1_646' title='bbox 2453 4339 2467 4363; x_wconf 91' lang='lat'><strong>,</strong></span> <span class='ocrx_word' id='word_1_647' title='bbox 2501 4296 2595 4368; x_wconf 91' lang='lat' dir='ltr'><strong>qui</strong></span> <span class='ocrx_word' id='word_1_648' title='bbox 2622 4296 2844 4353; x_wconf 89' lang='lat' dir='ltr'><strong>delicias</strong></span> <span class='ocrx_word' id='word_1_649' title='bbox 2890 4296 3209 4367; x_wconf 89' lang='lat' dir='ltr'><strong>redoleant,</strong></span> <span class='ocrx_word' id='word_1_650' title='bbox 3258 4298 3401 4369; x_wconf 92' lang='lat' dir='ltr'><strong>pilos</strong></span> <span class='ocrx_word' id='word_1_651' title='bbox 3449 4298 3687 4356; x_wconf 83' lang='lat' dir='ltr'><strong>camelo-</strong></span> 
     </span>
    </p>
   </div>
   <div class='ocr_carea' id='block_1_90' title="bbox 405 4379 3689 4465">
    <p class='ocr_par' dir='ltr' id='par_1_90' title="bbox 405 4379 3689 4465">
     <span class='ocr_line' id='line_1_90' title="bbox 405 4379 3689 4465; baseline 0.001 -23"><span class='ocrx_word' id='word_1_652' title='bbox 405 4383 576 4442; x_wconf 88' lang='lat' dir='ltr'><strong>Filius</strong></span> <span class='ocrx_word' id='word_1_653' title='bbox 604 4390 659 4440; x_wconf 91' lang='lat' dir='ltr'><strong>et</strong></span> <span class='ocrx_word' id='word_1_654' title='bbox 685 4383 864 4438; x_wconf 89' lang='lat' dir='ltr'><strong>Pater.</strong></span> <span class='ocrx_word' id='word_1_655' title='bbox 897 4379 1196 4438; x_wconf 86' lang='lat' dir='ltr'><strong>Conﬁtetur</strong></span> <span class='ocrx_word' id='word_1_656' title='bbox 1221 4398 1253 4438; x_wconf 89' lang='lat' dir='ltr'><strong>a</strong></span> <span class='ocrx_word' id='word_1_657' title='bbox 1282 4381 1419 4439; x_wconf 87' lang='lat' dir='ltr'><strong>Filio</strong></span> <span class='ocrx_word' id='word_1_658' title='bbox 1447 4383 1593 4455; x_wconf 90' lang='lat' dir='ltr'><strong>apud</strong></span> <span class='ocrx_word' id='word_1_659' title='bbox 1616 4384 1832 4440; x_wconf 88' lang='lat' dir='ltr'><strong>Patrem</strong></span> <span class='ocrx_word' id='word_1_660' title='bbox 1855 4424 1871 4453; x_wconf 94' lang='lat'><strong>,</strong></span> <span class='ocrx_word' id='word_1_661' title='bbox 1903 4380 1997 4456; x_wconf 88' lang='lat' dir='ltr'><strong>qui</strong></span> <span class='ocrx_word' id='word_1_662' title='bbox 2011 4402 2069 4465; x_wconf 83' lang='lat' dir='ltr'>D</span> <span class='ocrx_word' id='word_1_663' title='bbox 2098 4402 2250 4457; x_wconf 89' lang='lat' dir='ltr'><strong>rum,</strong></span> <span class='ocrx_word' id='word_1_664' title='bbox 2282 4393 2412 4456; x_wconf 89' lang='lat' dir='ltr'><strong>etc.,</strong></span> <span class='ocrx_word' id='word_1_665' title='bbox 2445 4400 2618 4458; x_wconf 89' lang='lat' dir='ltr'><strong>usque</strong></span> <span class='ocrx_word' id='word_1_666' title='bbox 2646 4385 2719 4442; x_wconf 85' lang='lat' dir='ltr'><strong>ad</strong></span> <span class='ocrx_word' id='word_1_667' title='bbox 2745 4385 2813 4440; x_wconf 89' lang='lat' dir='ltr'><strong>ab</strong></span> <span class='ocrx_word' id='word_1_668' title='bbox 2842 4385 2990 4442; x_wconf 91' lang='lat' dir='ltr'><strong>omni</strong></span> <span class='ocrx_word' id='word_1_669' title='bbox 3019 4385 3166 4441; x_wconf 90' lang='lat' dir='ltr'><strong>inani</strong></span> <span class='ocrx_word' id='word_1_670' title='bbox 3194 4385 3410 4456; x_wconf 91' lang='lat' dir='ltr'><strong>studio,</strong></span> <span class='ocrx_word' id='word_1_671' title='bbox 3441 4402 3689 4459; x_wconf 89' lang='lat' dir='ltr'><strong>vanaque</strong></span> 
     </span>
    </p>
   </div>
   <div class='ocr_carea' id='block_1_91' title="bbox 403 4470 1656 4547">
    <p class='ocr_par' dir='ltr' id='par_1_91' title="bbox 403 4470 1656 4547">
     <span class='ocr_line' id='line_1_91' title="bbox 403 4470 1656 4547; baseline -0.002 -18"><span class='ocrx_word' id='word_1_672' title='bbox 403 4489 507 4547; x_wconf 89' lang='lat' dir='ltr'><strong>per</strong></span> <span class='ocrx_word' id='word_1_673' title='bbox 534 4472 729 4529; x_wconf 92' lang='lat' dir='ltr'><strong>Filium</strong></span> <span class='ocrx_word' id='word_1_674' title='bbox 756 4470 918 4528; x_wconf 87' lang='lat' dir='ltr'><strong>habet</strong></span> <span class='ocrx_word' id='word_1_675' title='bbox 944 4486 1228 4528; x_wconf 89' lang='lat' dir='ltr'><strong>accessum</strong></span> <span class='ocrx_word' id='word_1_676' title='bbox 1254 4471 1323 4527; x_wconf 89' lang='lat' dir='ltr'><strong>ad</strong></span> <span class='ocrx_word' id='word_1_677' title='bbox 1352 4472 1585 4528; x_wconf 90' lang='lat' dir='ltr'><strong>Patrem.</strong></span> <span class='ocrx_word' id='word_1_678' title='bbox 1652 4496 1656 4505; x_wconf 46' lang='grc'>³</span> 
     </span>
    </p>
   </div>
   <div class='ocr_carea' id='block_1_92' title="bbox 476 4559 1991 4630">
    <p class='ocr_par' dir='ltr' id='par_1_92' title="bbox 476 4559 1991 4630">
     <span class='ocr_line' id='line_1_92' title="bbox 476 4559 1991 4630; baseline -0.002 -12"><span class='ocrx_word' id='word_1_679' title='bbox 476 4562 647 4618; x_wconf 74' lang='lat' dir='ltr'><strong>Vnus.</strong></span> <span class='ocrx_word' id='word_1_680' title='bbox 680 4562 767 4617; x_wconf 71' lang='grc'>34.</span> <span class='ocrx_word' id='word_1_681' title='bbox 799 4590 869 4603; x_wconf 93' lang='grc'><strong><em>--</em></strong></span> <span class='ocrx_word' id='word_1_682' title='bbox 897 4562 1121 4619; x_wconf 88' lang='lat' dir='ltr'><strong>Pacem.</strong></span> <span class='ocrx_word' id='word_1_683' title='bbox 1152 4561 1379 4617; x_wconf 79' lang='lat' dir='ltr'><strong>Missum</strong></span> <span class='ocrx_word' id='word_1_684' title='bbox 1407 4568 1491 4618; x_wconf 88' lang='lat' dir='ltr'><strong>est</strong></span> <span class='ocrx_word' id='word_1_685' title='bbox 1516 4559 1722 4616; x_wconf 87' lang='lat' dir='ltr'><strong>bellum</strong></span> <span class='ocrx_word' id='word_1_686' title='bbox 1768 4560 1991 4630; x_wconf 90' lang='lat' dir='ltr'><strong>bonum,</strong></span> 
     </span>
    </p>
   </div>
   <div class='ocr_carea' id='block_1_93' title="bbox 403 4649 1158 4722">
    <p class='ocr_par' dir='ltr' id='par_1_93' title="bbox 403 4649 1158 4722">
     <span class='ocr_line' id='line_1_93' title="bbox 403 4649 1158 4722; baseline -0.001 -15"><span class='ocrx_word' id='word_1_687' title='bbox 403 4657 466 4707; x_wconf 91' lang='lat' dir='ltr'><strong>ut</strong></span> <span class='ocrx_word' id='word_1_688' title='bbox 490 4657 839 4722; x_wconf 90' lang='lat' dir='ltr'><strong>rumperetur</strong></span> <span class='ocrx_word' id='word_1_689' title='bbox 864 4665 970 4722; x_wconf 86' lang='lat' dir='ltr'><strong>pax</strong></span> <span class='ocrx_word' id='word_1_690' title='bbox 997 4649 1158 4706; x_wconf 89' lang='lat' dir='ltr'><strong>mala.</strong></span> 
     </span>
    </p>
   </div>
   <div class='ocr_carea' id='block_1_94' title="bbox 474 4762 1999 4822">
    <p class='ocr_par' dir='ltr' id='par_1_94' title="bbox 474 4762 1999 4822">
     <span class='ocr_line' id='line_1_94' title="bbox 474 4762 1999 4822; baseline 0 -1"><span class='ocrx_word' id='word_1_691' title='bbox 474 4763 645 4821; x_wconf 72' lang='lat' dir='ltr'><strong>Vsus.</strong></span> <span class='ocrx_word' id='word_1_692' title='bbox 677 4766 765 4819; x_wconf 84' lang='lat'><strong>35.</strong></span> <span class='ocrx_word' id='word_1_693' title='bbox 796 4793 865 4805; x_wconf 97' lang='lat'><strong>—</strong></span> <span class='ocrx_word' id='word_1_694' title='bbox 900 4765 1034 4821; x_wconf 76' lang='lat' dir='ltr'><strong>Veni</strong></span> <span class='ocrx_word' id='word_1_695' title='bbox 1069 4766 1245 4821; x_wconf 87' lang='lat' dir='ltr'><strong>enim.</strong></span> <span class='ocrx_word' id='word_1_696' title='bbox 1294 4764 1395 4822; x_wconf 84' lang='lat' dir='ltr'><strong>Hic</strong></span> <span class='ocrx_word' id='word_1_697' title='bbox 1439 4764 1613 4821; x_wconf 90' lang='lat' dir='ltr'><strong>Lucas</strong></span> <span class='ocrx_word' id='word_1_698' title='bbox 1643 4762 1718 4820; x_wconf 89' lang='lat' dir='ltr'><strong>ait</strong></span> <span class='ocrx_word' id='word_1_699' title='bbox 1756 4782 1771 4820; x_wconf 93' lang='lat'><strong>:</strong></span> <span class='ocrx_word' id='word_1_700' title='bbox 1810 4765 1999 4821; x_wconf 86' lang='lat' dir='ltr'><strong>Erunt</strong></span> 
     </span>
    </p>
   </div>
   <div class='ocr_carea' id='block_1_95' title="bbox 404 4852 1994 4928">
    <p class='ocr_par' dir='ltr' id='par_1_95' title="bbox 404 4852 1994 4928">
     <span class='ocr_line' id='line_1_95' title="bbox 404 4852 1994 4928; baseline -0.002 -17"><span class='ocrx_word' id='word_1_701' title='bbox 404 4854 650 4928; x_wconf 83' lang='lat' dir='ltr'><strong>quinque</strong></span> <span class='ocrx_word' id='word_1_702' title='bbox 668 4853 734 4909; x_wconf 90' lang='lat' dir='ltr'><strong>in</strong></span> <span class='ocrx_word' id='word_1_703' title='bbox 752 4868 873 4910; x_wconf 87' lang='lat' dir='ltr'><strong>una</strong></span> <span class='ocrx_word' id='word_1_704' title='bbox 907 4852 1065 4911; x_wconf 85' lang='lat' dir='ltr'><strong>domo</strong></span> <span class='ocrx_word' id='word_1_705' title='bbox 1097 4853 1284 4921; x_wconf 86' lang='lat' dir='ltr'><strong>divisi,</strong></span> <span class='ocrx_word' id='word_1_706' title='bbox 1314 4859 1425 4911; x_wconf 87' lang='lat' dir='ltr'><strong>tres</strong></span> <span class='ocrx_word' id='word_1_707' title='bbox 1445 4856 1510 4910; x_wconf 87' lang='lat' dir='ltr'><strong>in</strong></span> <span class='ocrx_word' id='word_1_708' title='bbox 1547 4853 1655 4911; x_wconf 89' lang='lat' dir='ltr'><strong>duo</strong></span> <span class='ocrx_word' id='word_1_709' title='bbox 1693 4857 1751 4910; x_wconf 87' lang='lat' dir='ltr'><strong>et</strong></span> <span class='ocrx_word' id='word_1_710' title='bbox 1785 4852 1893 4911; x_wconf 91' lang='lat' dir='ltr'><strong>duo</strong></span> <span class='ocrx_word' id='word_1_711' title='bbox 1930 4854 1994 4909; x_wconf 85' lang='lat' dir='ltr'><strong>in</strong></span> 
     </span>
    </p>
   </div>
   <div class='ocr_carea' id='block_1_96' title="bbox 406 4940 1996 5015">
    <p class='ocr_par' dir='ltr' id='par_1_96' title="bbox 406 4940 1996 5015">
     <span class='ocr_line' id='line_1_96' title="bbox 406 4940 1996 5015; baseline -0.001 -16"><span class='ocrx_word' id='word_1_712' title='bbox 406 4946 521 4999; x_wconf 82' lang='lat' dir='ltr'><strong>tres</strong></span> <span class='ocrx_word' id='word_1_713' title='bbox 570 4941 915 4999; x_wconf 84' lang='lat' dir='ltr'><strong>dividentur.</strong></span> <span class='ocrx_word' id='word_1_714' title='bbox 975 4940 1263 5011; x_wconf 90' lang='lat' dir='ltr'><strong>Quomodo</strong></span> <span class='ocrx_word' id='word_1_715' title='bbox 1310 4958 1447 5015; x_wconf 89' lang='lat' dir='ltr'><strong>ergo</strong></span> <span class='ocrx_word' id='word_1_716' title='bbox 1470 4984 1485 5012; x_wconf 90' lang='lat'><strong>,</strong></span> <span class='ocrx_word' id='word_1_717' title='bbox 1534 4950 1664 5013; x_wconf 91' lang='lat' dir='ltr'><strong>etc.,</strong></span> <span class='ocrx_word' id='word_1_718' title='bbox 1715 4957 1887 5015; x_wconf 88' lang='lat' dir='ltr'><strong>usque</strong></span> <span class='ocrx_word' id='word_1_719' title='bbox 1922 4941 1996 4998; x_wconf 87' lang='lat' dir='ltr'><strong>ad</strong></span> 
     </span>
    </p>
   </div>
   <div class='ocr_carea' id='block_1_97' title="bbox 400 5030 1989 5102">
    <p class='ocr_par' dir='ltr' id='par_1_97' title="bbox 400 5030 1989 5102">
     <span class='ocr_line' id='line_1_97' title="bbox 400 5030 1989 5102; baseline -0.001 -15"><span class='ocrx_word' id='word_1_720' title='bbox 400 5030 876 5087; x_wconf 90' lang='lat' dir='ltr'><strong>circumcisionem</strong></span> <span class='ocrx_word' id='word_1_721' title='bbox 921 5037 1256 5102; x_wconf 75' lang='lat' dir='ltr'><strong>caeterasque</strong></span> <span class='ocrx_word' id='word_1_722' title='bbox 1302 5031 1551 5087; x_wconf 89' lang='lat' dir='ltr'><strong>carnales</strong></span> <span class='ocrx_word' id='word_1_723' title='bbox 1597 5031 1989 5087; x_wconf 77' lang='lat' dir='ltr'><strong>observantius.</strong></span> 
     </span>
    </p>
   </div>
   <div class='ocr_carea' id='block_1_98' title="bbox 400 5118 1991 5192">
    <p class='ocr_par' dir='ltr' id='par_1_98' title="bbox 400 5118 1991 5192">
     <span class='ocr_line' id='line_1_98' title="bbox 400 5118 1991 5192; baseline -0.001 -16"><span class='ocrx_word' id='word_1_724' title='bbox 400 5118 689 5192; x_wconf 81' lang='lat' dir='ltr'><strong>Separare.</strong></span> <span class='ocrx_word' id='word_1_725' title='bbox 730 5118 791 5174; x_wconf 91' lang='lat' dir='ltr'><strong>Id</strong></span> <span class='ocrx_word' id='word_1_726' title='bbox 829 5126 950 5191; x_wconf 92' lang='lat' dir='ltr'><strong>est,</strong></span> <span class='ocrx_word' id='word_1_727' title='bbox 999 5118 1240 5191; x_wconf 88' lang='lat' dir='ltr'><strong>privatos</strong></span> <span class='ocrx_word' id='word_1_728' title='bbox 1285 5119 1465 5175; x_wconf 92' lang='lat' dir='ltr'><strong>carnis</strong></span> <span class='ocrx_word' id='word_1_729' title='bbox 1510 5118 1736 5176; x_wconf 79' lang='lat' dir='ltr'><strong>aﬁ&#39;ectus</strong></span> <span class='ocrx_word' id='word_1_730' title='bbox 1782 5120 1991 5175; x_wconf 87' lang='lat' dir='ltr'><strong>exstin-</strong></span> 
     </span>
    </p>
   </div>
   <div class='ocr_carea' id='block_1_99' title="bbox 400 5206 1991 5282">
    <p class='ocr_par' dir='ltr' id='par_1_99' title="bbox 400 5206 1991 5282">
     <span class='ocr_line' id='line_1_99' title="bbox 400 5206 1991 5282; baseline 0.001 -20"><span class='ocrx_word' id='word_1_731' title='bbox 400 5220 594 5280; x_wconf 83' lang='lat' dir='ltr'><strong>guere,</strong></span> <span class='ocrx_word' id='word_1_732' title='bbox 625 5206 822 5279; x_wconf 90' lang='lat' dir='ltr'><strong>quibus</strong></span> <span class='ocrx_word' id='word_1_733' title='bbox 849 5207 924 5262; x_wconf 88' lang='lat' dir='ltr'><strong>ita</strong></span> <span class='ocrx_word' id='word_1_734' title='bbox 951 5206 1187 5264; x_wconf 89' lang='lat' dir='ltr'><strong>invicem</strong></span> <span class='ocrx_word' id='word_1_735' title='bbox 1213 5206 1534 5282; x_wconf 86' lang='lat' dir='ltr'><strong>diliguntur,</strong></span> <span class='ocrx_word' id='word_1_736' title='bbox 1565 5216 1624 5263; x_wconf 94' lang='lat' dir='ltr'><strong>ut</strong></span> <span class='ocrx_word' id='word_1_737' title='bbox 1651 5209 1769 5264; x_wconf 94' lang='lat' dir='ltr'><strong>Deo</strong></span> <span class='ocrx_word' id='word_1_738' title='bbox 1812 5208 1991 5264; x_wconf 88' lang='lat' dir='ltr'><strong>minus</strong></span> 
     </span>
    </p>
   </div>
   <div class='ocr_carea' id='block_1_100' title="bbox 398 5293 1992 5369">
    <p class='ocr_par' dir='ltr' id='par_1_100' title="bbox 398 5293 1992 5369">
     <span class='ocr_line' id='line_1_100' title="bbox 398 5293 1992 5369; baseline 0.001 -19"><span class='ocrx_word' id='word_1_739' title='bbox 398 5293 656 5352; x_wconf 86' lang='lat' dir='ltr'><strong>serviant.</strong></span> <span class='ocrx_word' id='word_1_740' title='bbox 691 5295 791 5350; x_wconf 87' lang='lat' dir='ltr'><strong>Vel</strong></span> <span class='ocrx_word' id='word_1_741' title='bbox 818 5295 1035 5367; x_wconf 87' lang='lat' dir='ltr'><strong>penitus</strong></span> <span class='ocrx_word' id='word_1_742' title='bbox 1064 5303 1398 5367; x_wconf 91' lang='lat' dir='ltr'><strong>avertantur,</strong></span> <span class='ocrx_word' id='word_1_743' title='bbox 1429 5311 1539 5353; x_wconf 93' lang='lat' dir='ltr'><strong>non</strong></span> <span class='ocrx_word' id='word_1_744' title='bbox 1569 5297 1716 5369; x_wconf 90' lang='lat' dir='ltr'><strong>quod</strong></span> <span class='ocrx_word' id='word_1_745' title='bbox 1744 5312 1856 5352; x_wconf 91' lang='lat' dir='ltr'><strong>non</strong></span> <span class='ocrx_word' id='word_1_746' title='bbox 1884 5296 1992 5352; x_wconf 90' lang='lat' dir='ltr'><strong>sint</strong></span> 
     </span>
    </p>
   </div>
   <div class='ocr_carea' id='block_1_101' title="bbox 396 5381 1991 5458">
    <p class='ocr_par' dir='ltr' id='par_1_101' title="bbox 396 5381 1991 5458">
     <span class='ocr_line' id='line_1_101' title="bbox 396 5381 1991 5458; baseline 0.001 -19"><span class='ocrx_word' id='word_1_747' title='bbox 396 5381 702 5439; x_wconf 90' lang='lat' dir='ltr'><strong>honorandi</strong></span> <span class='ocrx_word' id='word_1_748' title='bbox 730 5390 886 5455; x_wconf 89' lang='lat' dir='ltr'><strong>pater</strong></span> <span class='ocrx_word' id='word_1_749' title='bbox 912 5391 968 5440; x_wconf 91' lang='lat' dir='ltr'><strong>et</strong></span> <span class='ocrx_word' id='word_1_750' title='bbox 992 5390 1185 5455; x_wconf 89' lang='lat' dir='ltr'><strong>mater,</strong></span> <span class='ocrx_word' id='word_1_751' title='bbox 1237 5385 1335 5442; x_wconf 91' lang='lat' dir='ltr'><strong>sed</strong></span> <span class='ocrx_word' id='word_1_752' title='bbox 1381 5393 1508 5458; x_wconf 90' lang='lat' dir='ltr'><strong>post</strong></span> <span class='ocrx_word' id='word_1_753' title='bbox 1554 5386 1757 5451; x_wconf 89' lang='lat' dir='ltr'><strong>Deum;</strong></span> <span class='ocrx_word' id='word_1_754' title='bbox 1788 5384 1879 5441; x_wconf 89' lang='lat' dir='ltr'><strong>hic</strong></span> <span class='ocrx_word' id='word_1_755' title='bbox 1908 5391 1991 5441; x_wconf 90' lang='lat' dir='ltr'><strong>est</strong></span> 
     </span>
    </p>
   </div>
   <div class='ocr_carea' id='block_1_102' title="bbox 398 5470 852 5529">
    <p class='ocr_par' dir='ltr' id='par_1_102' title="bbox 398 5470 852 5529">
     <span class='ocr_line' id='line_1_102' title="bbox 398 5470 852 5529; baseline -0.002 -1"><span class='ocrx_word' id='word_1_756' title='bbox 398 5470 538 5529; x_wconf 90' lang='lat' dir='ltr'><strong>ordo</strong></span> <span class='ocrx_word' id='word_1_757' title='bbox 557 5470 852 5529; x_wconf 87' lang='lat' dir='ltr'><strong>charitatis.</strong></span> 
     </span>
    </p>
   </div>
   <div class='ocr_carea' id='block_1_103' title="bbox 465 5587 1990 5668">
    <p class='ocr_par' dir='ltr' id='par_1_103' title="bbox 465 5587 1990 5668">
     <span class='ocr_line' id='line_1_103' title="bbox 465 5587 1990 5668; baseline 0.001 -20"><span class='ocrx_word' id='word_1_758' title='bbox 465 5589 638 5650; x_wconf 80' lang='lat' dir='ltr'><strong>Vm.</strong></span> <span class='ocrx_word' id='word_1_759' title='bbox 670 5590 758 5647; x_wconf 85' lang='lat'><strong>37.</strong></span> <span class='ocrx_word' id='word_1_760' title='bbox 774 5620 843 5634; x_wconf 94' lang='lat'>—</span> <span class='ocrx_word' id='word_1_761' title='bbox 866 5589 973 5661; x_wconf 84' lang='lat' dir='ltr'><strong>Qui</strong></span> <span class='ocrx_word' id='word_1_762' title='bbox 991 5595 1404 5668; x_wconf 81' lang='lat' dir='ltr'><strong>amatpatrem.</strong></span> <span class='ocrx_word' id='word_1_763' title='bbox 1428 5590 1558 5651; x_wconf 86' lang='lat' dir='ltr'><strong>Post</strong></span> <span class='ocrx_word' id='word_1_764' title='bbox 1577 5589 1755 5650; x_wconf 89' lang='lat' dir='ltr'><strong>Deum</strong></span> <span class='ocrx_word' id='word_1_765' title='bbox 1773 5587 1990 5649; x_wconf 81' lang='lat' dir='ltr'><strong>amandi</strong></span> 
     </span>
    </p>
   </div>
   <div class='ocr_carea' id='block_1_104' title="bbox 2096 4473 3687 4546">
    <p class='ocr_par' dir='ltr' id='par_1_104' title="bbox 2096 4473 3687 4546">
     <span class='ocr_line' id='line_1_104' title="bbox 2096 4473 3687 4546; baseline 0.002 -16"><span class='ocrx_word' id='word_1_766' title='bbox 2096 4474 2226 4531; x_wconf 89' lang='lat' dir='ltr'><strong>boni</strong></span> <span class='ocrx_word' id='word_1_767' title='bbox 2254 4474 2466 4546; x_wconf 90' lang='lat' dir='ltr'><strong>specie,</strong></span> <span class='ocrx_word' id='word_1_768' title='bbox 2500 4473 2831 4546; x_wconf 88' lang='lat' dir='ltr'><strong>sordidoque</strong></span> <span class='ocrx_word' id='word_1_769' title='bbox 2859 4488 2924 4529; x_wconf 86' lang='lat' dir='ltr'><strong>ac</strong></span> <span class='ocrx_word' id='word_1_770' title='bbox 2953 4473 3204 4529; x_wconf 91' lang='lat' dir='ltr'><strong>illiberali</strong></span> <span class='ocrx_word' id='word_1_771' title='bbox 3232 4473 3436 4531; x_wconf 88' lang='lat' dir='ltr'><strong>decore</strong></span> <span class='ocrx_word' id='word_1_772' title='bbox 3454 4516 3468 4544; x_wconf 95' lang='lat'><strong>,</strong></span> <span class='ocrx_word' id='word_1_773' title='bbox 3501 4491 3563 4531; x_wconf 91' lang='lat' dir='ltr'><strong>se</strong></span> <span class='ocrx_word' id='word_1_774' title='bbox 3591 4493 3687 4533; x_wconf 87' lang='lat' dir='ltr'><strong>re-</strong></span> 
     </span>
    </p>
   </div>
   <div class='ocr_carea' id='block_1_105' title="bbox 2096 4563 2281 4620">
    <p class='ocr_par' dir='ltr' id='par_1_105' title="bbox 2096 4563 2281 4620">
     <span class='ocr_line' id='line_1_105' title="bbox 2096 4563 2281 4620; baseline -0.005 -2"><span class='ocrx_word' id='word_1_775' title='bbox 2096 4563 2281 4620; x_wconf 90' lang='lat' dir='ltr'><strong>movit.</strong></span> 
     </span>
    </p>
   </div>
   <div class='ocr_carea' id='block_1_106' title="bbox 2167 4675 3686 4752">
    <p class='ocr_par' dir='ltr' id='par_1_106' title="bbox 2167 4675 3686 4752">
     <span class='ocr_line' id='line_1_106' title="bbox 2167 4675 3686 4752; baseline -0.001 -16"><span class='ocrx_word' id='word_1_776' title='bbox 2167 4680 2336 4736; x_wconf 74' lang='lat' dir='ltr'><strong>Vaas.</strong></span> <span class='ocrx_word' id='word_1_777' title='bbox 2371 4682 2423 4735; x_wconf 89' lang='lat'><strong>9.</strong></span> <span class='ocrx_word' id='word_1_778' title='bbox 2445 4708 2515 4720; x_wconf 93' lang='lat'>—</span> <span class='ocrx_word' id='word_1_779' title='bbox 2533 4679 2840 4752; x_wconf 86' lang='lat' dir='ltr'><strong>Plusquam</strong></span> <span class='ocrx_word' id='word_1_780' title='bbox 2860 4678 3151 4751; x_wconf 82' lang='lat' dir='ltr'><strong>propheta.</strong></span> <span class='ocrx_word' id='word_1_781' title='bbox 3184 4677 3406 4751; x_wconf 72' lang='grc' dir='ltr'><strong>(Βεωι.)</strong></span> <span class='ocrx_word' id='word_1_782' title='bbox 3434 4675 3573 4749; x_wconf 88' lang='lat' dir='ltr'><strong>Quia</strong></span> <span class='ocrx_word' id='word_1_783' title='bbox 3589 4692 3686 4735; x_wconf 87' lang='lat' dir='ltr'><strong>an-</strong></span> 
     </span>
    </p>
   </div>
   <div class='ocr_carea' id='block_1_107' title="bbox 2095 4764 2956 4843">
    <p class='ocr_par' dir='ltr' id='par_1_107' title="bbox 2095 4764 2956 4843">
     <span class='ocr_line' id='line_1_107' title="bbox 2095 4764 2956 4843; baseline -0.005 -17"><span class='ocrx_word' id='word_1_784' title='bbox 2095 4768 2255 4843; x_wconf 81' lang='lat' dir='ltr'><strong>gelus</strong></span> <span class='ocrx_word' id='word_1_785' title='bbox 2281 4784 2392 4826; x_wconf 93' lang='lat' dir='ltr'><strong>non</strong></span> <span class='ocrx_word' id='word_1_786' title='bbox 2419 4775 2610 4824; x_wconf 89' lang='lat' dir='ltr'><strong>natura</strong></span> <span class='ocrx_word' id='word_1_787' title='bbox 2638 4767 2737 4824; x_wconf 90' lang='lat' dir='ltr'><strong>sed</strong></span> <span class='ocrx_word' id='word_1_788' title='bbox 2757 4764 2956 4823; x_wconf 81' lang='lat' dir='ltr'><strong>ofﬁcio.</strong></span> 
     </span>
    </p>
   </div>
   <div class='ocr_carea' id='block_1_108' title="bbox 2165 4880 3687 4953">
    <p class='ocr_par' dir='ltr' id='par_1_108' title="bbox 2165 4880 3687 4953">
     <span class='ocr_line' id='line_1_108' title="bbox 2165 4880 3687 4953; baseline -0.001 -14"><span class='ocrx_word' id='word_1_789' title='bbox 2165 4883 2336 4940; x_wconf 72' lang='lat' dir='ltr'><strong>Vnus.</strong></span> <span class='ocrx_word' id='word_1_790' title='bbox 2370 4887 2458 4938; x_wconf 81' lang='grc'><strong>11.</strong></span> <span class='ocrx_word' id='word_1_791' title='bbox 2488 4911 2557 4922; x_wconf 91' lang='lat'><strong>-—</strong></span> <span class='ocrx_word' id='word_1_792' title='bbox 2576 4882 2749 4953; x_wconf 78' lang='lat' dir='ltr'><strong>Major</strong></span> <span class='ocrx_word' id='word_1_793' title='bbox 2776 4882 3009 4937; x_wconf 79' lang='lat' dir='ltr'><strong>Joanne.</strong></span> <span class='ocrx_word' id='word_1_794' title='bbox 3043 4880 3104 4934; x_wconf 89' lang='lat' dir='ltr'><strong>In</strong></span> <span class='ocrx_word' id='word_1_795' title='bbox 3132 4880 3237 4938; x_wconf 90' lang='lat' dir='ltr'><strong>hoc</strong></span> <span class='ocrx_word' id='word_1_796' title='bbox 3257 4895 3368 4937; x_wconf 91' lang='lat' dir='ltr'><strong>non</strong></span> <span class='ocrx_word' id='word_1_797' title='bbox 3393 4880 3687 4953; x_wconf 72' lang='lat' dir='ltr'><strong>praefertur</strong></span> 
     </span>
    </p>
   </div>
   <div class='ocr_carea' id='block_1_109' title="bbox 2092 4968 3685 5044">
    <p class='ocr_par' dir='ltr' id='par_1_109' title="bbox 2092 4968 3685 5044">
     <span class='ocr_line' id='line_1_109' title="bbox 2092 4968 3685 5044; baseline 0.001 -18"><span class='ocrx_word' id='word_1_798' title='bbox 2092 4971 2444 5044; x_wconf 87' lang='lat' dir='ltr'><strong>patriarchis,</strong></span> <span class='ocrx_word' id='word_1_799' title='bbox 2479 4978 2533 5026; x_wconf 92' lang='lat' dir='ltr'><strong>et</strong></span> <span class='ocrx_word' id='word_1_800' title='bbox 2555 4969 2765 5027; x_wconf 90' lang='lat' dir='ltr'><strong>cunctis</strong></span> <span class='ocrx_word' id='word_1_801' title='bbox 2792 4968 3132 5039; x_wconf 88' lang='lat' dir='ltr'><strong>hominibus,</strong></span> <span class='ocrx_word' id='word_1_802' title='bbox 3164 4970 3263 5027; x_wconf 91' lang='lat' dir='ltr'><strong>sed</strong></span> <span class='ocrx_word' id='word_1_803' title='bbox 3303 4971 3529 5042; x_wconf 57' lang='lat' dir='ltr'><strong>aqualis</strong></span> <span class='ocrx_word' id='word_1_804' title='bbox 3571 4984 3685 5027; x_wconf 62' lang='lat' dir='ltr'><strong>caa-</strong></span> 
     </span>
    </p>
   </div>
   <div class='ocr_carea' id='block_1_110' title="bbox 2092 5057 3688 5129">
    <p class='ocr_par' dir='ltr' id='par_1_110' title="bbox 2092 5057 3688 5129">
     <span class='ocr_line' id='line_1_110' title="bbox 2092 5057 3688 5129; baseline -0.001 -13"><span class='ocrx_word' id='word_1_805' title='bbox 2092 5060 2225 5116; x_wconf 88' lang='lat' dir='ltr'><strong>teris</strong></span> <span class='ocrx_word' id='word_1_806' title='bbox 2254 5059 2455 5116; x_wconf 88' lang='lat' dir='ltr'><strong>sanctis</strong></span> <span class='ocrx_word' id='word_1_807' title='bbox 2485 5057 2807 5115; x_wconf 89' lang='lat' dir='ltr'><strong>ostenditur.</strong></span> <span class='ocrx_word' id='word_1_808' title='bbox 2851 5058 2958 5124; x_wconf 88' lang='lat' dir='ltr'><strong>Qui</strong></span> <span class='ocrx_word' id='word_1_809' title='bbox 2998 5062 3210 5115; x_wconf 82' lang='lat' dir='ltr'><strong>autem.</strong></span> <span class='ocrx_word' id='word_1_810' title='bbox 3265 5058 3325 5113; x_wconf 91' lang='lat' dir='ltr'><strong>Id</strong></span> <span class='ocrx_word' id='word_1_811' title='bbox 3361 5067 3479 5129; x_wconf 90' lang='lat' dir='ltr'><strong>est,</strong></span> <span class='ocrx_word' id='word_1_812' title='bbox 3508 5058 3688 5114; x_wconf 90' lang='lat' dir='ltr'><strong>omnis</strong></span> 
     </span>
    </p>
   </div>
   <div class='ocr_carea' id='block_1_111' title="bbox 2093 5146 3686 5219">
    <p class='ocr_par' dir='ltr' id='par_1_111' title="bbox 2093 5146 3686 5219">
     <span class='ocr_line' id='line_1_111' title="bbox 2093 5146 3686 5219; baseline -0.001 -15"><span class='ocrx_word' id='word_1_813' title='bbox 2093 5156 2311 5205; x_wconf 88' lang='lat' dir='ltr'><strong>sanctus</strong></span> <span class='ocrx_word' id='word_1_814' title='bbox 2342 5147 2435 5219; x_wconf 89' lang='lat' dir='ltr'><strong>qui</strong></span> <span class='ocrx_word' id='word_1_815' title='bbox 2457 5147 2570 5217; x_wconf 89' lang='lat' dir='ltr'><strong>jam</strong></span> <span class='ocrx_word' id='word_1_816' title='bbox 2597 5155 2682 5202; x_wconf 90' lang='lat' dir='ltr'><strong>est</strong></span> <span class='ocrx_word' id='word_1_817' title='bbox 2709 5161 2834 5203; x_wconf 90' lang='lat' dir='ltr'><strong>cum</strong></span> <span class='ocrx_word' id='word_1_818' title='bbox 2862 5147 2979 5203; x_wconf 92' lang='lat' dir='ltr'><strong>Deo</strong></span> <span class='ocrx_word' id='word_1_819' title='bbox 3002 5188 3017 5217; x_wconf 91' lang='lat'><strong>,</strong></span> <span class='ocrx_word' id='word_1_820' title='bbox 3048 5147 3223 5217; x_wconf 87' lang='lat' dir='ltr'><strong>major</strong></span> <span class='ocrx_word' id='word_1_821' title='bbox 3251 5154 3335 5202; x_wconf 87' lang='lat' dir='ltr'><strong>est</strong></span> <span class='ocrx_word' id='word_1_822' title='bbox 3364 5161 3431 5203; x_wconf 91' lang='lat' dir='ltr'><strong>eo</strong></span> <span class='ocrx_word' id='word_1_823' title='bbox 3461 5146 3555 5219; x_wconf 89' lang='lat' dir='ltr'><strong>qui</strong></span> <span class='ocrx_word' id='word_1_824' title='bbox 3581 5146 3686 5203; x_wconf 87' lang='lat' dir='ltr'><strong>ad-</strong></span> 
     </span>
    </p>
   </div>
   <div class='ocr_carea' id='block_1_112' title="bbox 2090 5234 3687 5308">
    <p class='ocr_par' dir='ltr' id='par_1_112' title="bbox 2090 5234 3687 5308">
     <span class='ocr_line' id='line_1_112' title="bbox 2090 5234 3687 5308; baseline 0 -17"><span class='ocrx_word' id='word_1_825' title='bbox 2090 5237 2199 5292; x_wconf 89' lang='lat' dir='ltr'><strong>huc</strong></span> <span class='ocrx_word' id='word_1_826' title='bbox 2243 5236 2297 5291; x_wconf 89' lang='lat' dir='ltr'><strong>in</strong></span> <span class='ocrx_word' id='word_1_827' title='bbox 2339 5235 2561 5291; x_wconf 89' lang='lat' dir='ltr'><strong>mundo.</strong></span> <span class='ocrx_word' id='word_1_828' title='bbox 2614 5234 2714 5291; x_wconf 87' lang='lat' dir='ltr'><strong>Vel</strong></span> <span class='ocrx_word' id='word_1_829' title='bbox 2742 5250 2847 5308; x_wconf 88' lang='lat' dir='ltr'><strong>ego</strong></span> <span class='ocrx_word' id='word_1_830' title='bbox 2879 5250 3042 5306; x_wconf 88' lang='lat' dir='ltr'><strong>quem</strong></span> <span class='ocrx_word' id='word_1_831' title='bbox 3072 5234 3339 5291; x_wconf 88' lang='lat' dir='ltr'><strong>minorem</strong></span> <span class='ocrx_word' id='word_1_832' title='bbox 3368 5234 3497 5292; x_wconf 82' lang='lat' dir='ltr'><strong>facit</strong></span> <span class='ocrx_word' id='word_1_833' title='bbox 3541 5235 3687 5291; x_wconf 84' lang='lat' dir='ltr'><strong>mul-</strong></span> 
     </span>
    </p>
   </div>
   <div class='ocr_carea' id='block_1_113' title="bbox 2089 5322 3684 5396">
    <p class='ocr_par' dir='ltr' id='par_1_113' title="bbox 2089 5322 3684 5396">
     <span class='ocr_line' id='line_1_113' title="bbox 2089 5322 3684 5396; baseline 0 -16"><span class='ocrx_word' id='word_1_834' title='bbox 2089 5331 2268 5381; x_wconf 90' lang='lat' dir='ltr'><strong>torum</strong></span> <span class='ocrx_word' id='word_1_835' title='bbox 2316 5323 2529 5395; x_wconf 89' lang='lat' dir='ltr'><strong>opinio,</strong></span> <span class='ocrx_word' id='word_1_836' title='bbox 2560 5324 2618 5379; x_wconf 92' lang='lat' dir='ltr'><strong>in</strong></span> <span class='ocrx_word' id='word_1_837' title='bbox 2653 5322 2901 5381; x_wconf 91' lang='lat' dir='ltr'><strong>Ecclesia</strong></span> <span class='ocrx_word' id='word_1_838' title='bbox 2947 5330 3259 5380; x_wconf 89' lang='lat' dir='ltr'><strong>sanctorum</strong></span> <span class='ocrx_word' id='word_1_839' title='bbox 3304 5323 3384 5379; x_wconf 91' lang='lat' dir='ltr'><strong>illi</strong></span> <span class='ocrx_word' id='word_1_840' title='bbox 3428 5323 3684 5396; x_wconf 65' lang='lat' dir='ltr'><strong>prelatus</strong></span> 
     </span>
    </p>
   </div>
   <div class='ocr_carea' id='block_1_114' title="bbox 2088 5411 3683 5485">
    <p class='ocr_par' dir='ltr' id='par_1_114' title="bbox 2088 5411 3683 5485">
     <span class='ocr_line' id='line_1_114' title="bbox 2088 5411 3683 5485; baseline 0.001 -17"><span class='ocrx_word' id='word_1_841' title='bbox 2088 5428 2230 5469; x_wconf 91' lang='lat' dir='ltr'><strong>sum.</strong></span> <span class='ocrx_word' id='word_1_842' title='bbox 2264 5412 2365 5468; x_wconf 89' lang='lat' dir='ltr'><strong>Vel</strong></span> <span class='ocrx_word' id='word_1_843' title='bbox 2392 5412 2721 5469; x_wconf 88' lang='lat' dir='ltr'><strong>novissimus</strong></span> <span class='ocrx_word' id='word_1_844' title='bbox 2748 5412 2980 5485; x_wconf 85' lang='lat' dir='ltr'><strong>angelus</strong></span> <span class='ocrx_word' id='word_1_845' title='bbox 3005 5411 3132 5469; x_wconf 72' lang='lat' dir='ltr'><strong>cmli</strong></span> <span class='ocrx_word' id='word_1_846' title='bbox 3152 5411 3347 5468; x_wconf 90' lang='lat' dir='ltr'><strong>melior</strong></span> <span class='ocrx_word' id='word_1_847' title='bbox 3376 5420 3459 5468; x_wconf 91' lang='lat' dir='ltr'><strong>est</strong></span> <span class='ocrx_word' id='word_1_848' title='bbox 3488 5412 3683 5484; x_wconf 88' lang='lat' dir='ltr'><strong>quovis</strong></span> 
     </span>
    </p>
   </div>
   <div class='ocr_carea' id='block_1_115' title="bbox 2087 5499 3682 5576">
    <p class='ocr_par' dir='ltr' id='par_1_115' title="bbox 2087 5499 3682 5576">
     <span class='ocr_line' id='line_1_115' title="bbox 2087 5499 3682 5576; baseline 0.001 -19"><span class='ocrx_word' id='word_1_849' title='bbox 2087 5500 2331 5558; x_wconf 90' lang='lat' dir='ltr'><strong>homine.</strong></span> <span class='ocrx_word' id='word_1_850' title='bbox 2378 5502 2444 5558; x_wconf 88' lang='lat' dir='ltr'><strong>In</strong></span> <span class='ocrx_word' id='word_1_851' title='bbox 2468 5517 2655 5576; x_wconf 86' lang='lat' dir='ltr'><strong>regno.</strong></span> <span class='ocrx_word' id='word_1_852' title='bbox 2687 5502 2939 5576; x_wconf 82' lang='lat' dir='ltr'><strong>Regnum</strong></span> <span class='ocrx_word' id='word_1_853' title='bbox 2967 5499 3232 5557; x_wconf 84' lang='lat' dir='ltr'><strong>caelorum</strong></span> <span class='ocrx_word' id='word_1_854' title='bbox 3259 5500 3473 5557; x_wconf 91' lang='lat' dir='ltr'><strong>duobus</strong></span> <span class='ocrx_word' id='word_1_855' title='bbox 3500 5500 3682 5559; x_wconf 89' lang='lat' dir='ltr'><strong>modis</strong></span> 
     </span>
    </p>
   </div>
   <div class='ocr_carea' id='block_1_116' title="bbox 2085 5588 3676 5664">
    <p class='ocr_par' dir='ltr' id='par_1_116' title="bbox 2085 5588 3676 5664">
     <span class='ocr_line' id='line_1_116' title="bbox 2085 5588 3676 5664; baseline -0.001 -17"><span class='ocrx_word' id='word_1_856' title='bbox 2085 5588 2349 5664; x_wconf 81' lang='lat' dir='ltr'><strong>accipitur</strong></span> <span class='ocrx_word' id='word_1_857' title='bbox 2381 5608 2397 5646; x_wconf 90' lang='lat'><strong>:</strong></span> <span class='ocrx_word' id='word_1_858' title='bbox 2427 5597 2521 5649; x_wconf 84' lang='lat' dir='ltr'><strong>aut</strong></span> <span class='ocrx_word' id='word_1_859' title='bbox 2546 5604 2844 5664; x_wconf 90' lang='lat' dir='ltr'><strong>supernum</strong></span> <span class='ocrx_word' id='word_1_860' title='bbox 2861 5631 2879 5663; x_wconf 90' lang='lat'><strong>,</strong></span> <span class='ocrx_word' id='word_1_861' title='bbox 2908 5590 2966 5648; x_wconf 90' lang='lat' dir='ltr'><strong>in</strong></span> <span class='ocrx_word' id='word_1_862' title='bbox 2994 5605 3105 5664; x_wconf 86' lang='lat' dir='ltr'><strong>quo</strong></span> <span class='ocrx_word' id='word_1_863' title='bbox 3132 5589 3378 5649; x_wconf 86' lang='lat' dir='ltr'><strong>nondum</strong></span> <span class='ocrx_word' id='word_1_864' title='bbox 3415 5605 3609 5648; x_wconf 86' lang='lat' dir='ltr'><strong>sumus</strong></span> <span class='ocrx_word' id='word_1_865' title='bbox 3659 5608 3676 5645; x_wconf 86' lang='lat'><strong>:</strong></span> 
     </span>
    </p>
   </div>
  </div>
