4028 6178
267 309 366 365 121

1231 291 1501 354 GLOSSA
1537 287 1948 349 ORDINARIA.
1986 316 2057 332 -—
2092 287 2356 346 EVANG.
2398 286 2653 343 MATTH.

3458 284 3561 340 122

271 436 365 485 aut
394 440 651 501 praesens
678 423 951 491 Ecclesia,
984 421 1041 478 in
1071 436 1180 494 qua
1208 418 1389 476 adhuc
1417 416 1668 484 vivimus,
1694 412 1950 486 etjamA
1992 500 2001 501 ί
2045 412 2215 501 νειιβ.
2251 416 2338 468 19.
2363 442 2433 456 --
2470 413 2543 501 Et
2572 410 2904 501 justiﬁcata
2951 413 3041 464 est
3091 408 3390 501 sapientia,
3448 410 3555 501 etc.

272 514 684 591 quodammodo
731 527 1049 587 regnamus.

341 632 513 688 Vnns.
553 633 639 687 12.
672 657 743 671 —-
764 629 806 683 Α
837 626 1029 684 diebus
1076 626 1328 683 Joannis.
1362 621 1657 694 Apostolos
1685 619 1871 676 Domi-

269 737 377 778 nus
408 719 481 775 ad
513 735 647 774 oves
678 732 801 789 quae
830 715 1112 788 perierunt
1140 715 1336 769 domus
1366 710 1540 767 Israel
1569 710 1650 765 ire
1696 711 1873 779 jusse-

269 818 381 875 rat,
414 816 473 863 ut
503 807 575 862 ad
620 819 858 878 regnum
901 804 1321 860 reducerentur.
1348 800 1457 856 Sed
1504 801 1620 855 haec
1664 797 1870 870 praedi-

272 898 417 955 catio
464 895 537 951 ad
583 893 890 966 profectum
953 891 1372 963 publicanorum
1438 896 1492 944 et
1519 895 1873 959 peccatorum

270 1001 437 1044 versa
483 992 570 1039 est
616 983 708 1056 qui
733 982 1103 1039 crediderunt.
1127 980 1396 1035 Caeterum
1414 977 1610 1033 Joanni
1650 992 1683 1032 a
1711 976 1873 1048 plebe

269 1091 382 1131 non
410 1073 675 1137 creditur,
709 1070 911 1126 Christi
939 1085 1110 1141 Opera
1139 1084 1249 1124 non
1295 1067 1683 1131 autorisantur,
1746 1065 1875 1137 quia

268 1179 405 1220 crux
434 1170 521 1218 est
571 1160 856 1218 seandalo.
906 1160 1027 1215 Jam
1073 1157 1360 1230 prophetia
1390 1163 1592 1222 cessat,
1621 1156 1737 1225 jam
1786 1153 1874 1209 lex

267 1253 559 1324 expletur;
593 1249 845 1305 Christus
876 1248 998 1303 aliis
1024 1246 1376 1319 praedicatur,
1412 1253 1465 1301 et
1496 1245 1567 1300 ab
1615 1244 1737 1299 aliis
1784 1259 1874 1298 re-

266 1341 469 1413 cipitur
504 1358 518 1394 :
556 1338 642 1393 sui
671 1345 953 1409 respuunt,
984 1334 1191 1392 inimici
1219 1335 1511 1406 accipiunt.
1546 1334 1736 1405 Itaque
1785 1347 1874 1388 re-

264 1446 440 1505 gnum
470 1427 747 1485 caelorum
776 1426 885 1482 vim
912 1425 1133 1497 patitur,
1159 1424 1287 1496 quia
1307 1423 1485 1496 gloria
1505 1421 1677 1477 Israel
1696 1421 1874 1493 patri-

265 1520 370 1574 bus
397 1518 608 1583 debita,
644 1531 677 1570 a
705 1515 989 1586 prophetis
1035 1513 1302 1579 nuntiata,
1355 1528 1389 1568 a
1418 1511 1634 1567 Christo
1664 1510 1871 1578 oblata,

264 1606 374 1663 ﬁde
386 1606 637 1679 gentium
648 1611 949 1674 occupatur
972 1610 1025 1657 et
1059 1602 1288 1674 rapitur.
1326 1601 1425 1656 Vel
1450 1599 1690 1655 adiebus
1709 1600 1874 1654 Joan-

265 1694 374 1761 nis,
410 1693 507 1765 qui
536 1692 888 1764 praasentiam
930 1690 1265 1762 praedicavit,
1316 1704 1424 1761 qua
1472 1696 1733 1759 peccator
1777 1704 1873 1742 re-

1971 500 2221 558 Ostendit
2248 500 2390 557 filios
2420 499 2700 571 sapientia:
2736 497 3044 571 intelligere
3068 538 3084 563 ,
3140 509 3244 551 nec
3297 494 3355 549 in
3426 493 3560 548 abs-

1970 590 2211 657 tinendo,
2252 604 2355 646 nec
2391 589 2447 643 in
2482 587 2868 643 manducando
2907 602 3031 642 esse
3082 582 3347 655 justitiam
3397 598 3412 635 :
3465 579 3563 637 sed

1970 679 2028 733 in
2064 677 2465 750 aequanimitate
2496 676 2763 732 tolerandi
2818 674 3081 746 inopiam,
3141 679 3196 728 et
3251 678 3561 741 temperan-

1972 766 2102 821 tiam
2131 782 2242 822 non
2270 783 2329 821 se
2360 764 2744 836 corrumpendi
2775 779 2876 835 per
2908 760 3315 817 abundantiam.
3335 760 3460 814 Non
3482 763 3564 813 est

1972 871 2206 931 regnum
2253 855 2352 909 Dei
2400 870 2527 909 esca
2559 861 2610 908 et
2634 860 2795 923 potus
2829 870 2842 906 :
2876 866 3109 923 quorum
3146 864 3258 903 non
3301 863 3435 903 usus
3465 845 3564 902 sed

1973 943 2416 1015 concupiscentia
2444 941 2880 1012 reprehenditur,
2921 939 2979 993 in
3035 937 3360 1010 quibusdam
3408 934 3564 989 libris

1973 1033 2206 1089 habetur
2238 1050 2251 1088 :
2282 1029 2581 1103 Justiiicata
2620 1038 2701 1084 est
2738 1028 3004 1100 sapientia
3034 1027 3104 1081 ab
3135 1025 3393 1097 operibus
3423 1023 3558 1089 suis,

1976 1121 2104 1194 quia
2133 1119 2399 1192 sapientia
2427 1134 2539 1174 non
2566 1118 2759 1192 quaerit
2808 1116 2958 1174 vocis
3007 1113 3400 1179 testimonium,
3466 1110 3564 1167 sed

1975 1224 2221 1281 operum.

2044 1325 2217 1379 Vnns.
2247 1326 2338 1382 20.
2362 1353 2431 1366 -
2456 1324 2627 1381 Tunc.
2669 1320 2774 1391 Qui
2814 1322 3076 1377 hactenus
3129 1317 3348 1375 Judaeos
3404 1329 3561 1372 com-

1972 1413 2207 1469 muniter
2234 1411 2557 1484 increpavit,
2589 1427 2735 1466 nunc
2780 1408 3100 1465 nominatim
3167 1406 3414 1463 civitates
3464 1421 3563 1460 ex-

1972 1503 2177 1575 primit,
2210 1519 2331 1574 quae
2359 1500 2674 1573 frequenter
2703 1499 2887 1555 audita
2936 1496 3183 1553 doctrina
3232 1503 3282 1550 et
3329 1493 3460 1549 visis
3489 1499 3566 1547 tot

1975 1591 2147 1664 signis
2221 1590 2449 1646 credere
2496 1588 2785 1654 noluerun,
2836 1586 3034 1661 quibus
3079 1600 3192 1642 non
3218 1590 3369 1659 optat
3396 1579 3561 1649 mala,

1974 1680 2071 1736 sed
2100 1679 2349 1750 praedicit
2391 1686 2639 1735 ventura.

266 1783 486 1840 viviscit
512 1799 527 1836 :
561 1790 616 1837 et
645 1796 758 1837 non
787 1788 931 1845 ante,
966 1780 1092 1851 quia
1119 1779 1208 1834 lex
1235 1793 1456 1849 poenam
1483 1777 1660 1832 intulit
1688 1784 1742 1832 et
1764 1768 1945 1832 nonB
2044 1794 2213 1850 vus.
2246 1796 2336 1851 24,
2360 1824 2428 1834 _
2456 1796 2538 1851 Vw
2570 1794 2689 1861 tibi,
2724 1802 2825 1850 etc.
2862 1794 3040 1865 supra
3066 1792 3160 1848 ubi
3189 1790 3408 1864 legitur,
3437 1789 3567 1862 quia

264 1888 372 1945 per
421 1869 803 1944 paenitentiam
850 1866 1159 1925 viviﬁcavit.
1208 1867 1393 1923 Patria
1456 1866 1695 1922 caelestis
1760 1865 1870 1921 vim

272 1962 478 2034 patitur
507 1961 641 2016 dum
666 1966 926 2031 peccator
944 1958 1015 2013 ad
1031 1973 1154 2013 eam
1176 1957 1333 2030 quasi
1347 1957 1403 2013 in
1421 1957 1660 2013 alienum
1689 1957 1871 2013 locum

272 2051 445 2108 intrat
474 2067 579 2123 per
608 2047 1000 2123 paenitentiam.
1035 2047 1244 2103 Grandi
1274 2045 1530 2101 violentia
1552 2045 1699 2100 estin
1712 2053 1863 2101 terra

269 2140 431 2196 nasci
461 2147 517 2194 et
544 2138 745 2195 etelum
774 2152 993 2209 capere,
1026 2143 1079 2192 et
1105 2135 1311 2192 habere
1325 2151 1427 2208 per
1445 2134 1698 2191 virtutem
1724 2133 1871 2207 quod

276 2245 392 2284 non
419 2242 718 2300 possumus
743 2242 846 2298 per
885 2233 1156 2281 naturam.

342 2318 517 2373 Vens.
552 2320 641 2371 13.
664 2346 733 2356 -
758 2315 961 2371 Omnes
990 2316 1165 2372 enim.
1197 2312 1322 2369 Non
1350 2311 1497 2386 quod
1546 2319 1672 2385 post
1698 2312 1870 2368 Joan-

270 2423 398 2463 nem
427 2421 541 2462 non
586 2403 789 2460 fuerint
827 2402 1017 2477 aliqui,
1051 2411 1110 2459 ut
1139 2402 1384 2477 Agabus,
1418 2401 1516 2457 sed
1547 2401 1675 2474 quia
1708 2401 1871 2473 quid-

272 2496 403 2568 quid
448 2494 938 2567 prophetaverunt,
989 2493 1059 2548 de
1105 2491 1339 2547 Domino
1387 2490 1662 2547 vaticinati
1724 2498 1868 2546 sunt.

283 2584 487 2641 Omnes
517 2584 694 2640 enim.
719 2581 861 2652 Quia
876 2580 1139 2654 quidquid
1157 2580 1236 2638 illi
1254 2580 1528 2647 dixerunt,
1551 2580 1620 2636 de
1640 2588 1871 2636 venturo

270 2673 442 2731 locuti
472 2679 623 2739 sunt,
656 2671 745 2727 hic
775 2686 908 2727 vero
936 2670 1245 2726 venientem
1293 2668 1550 2724 ostendit.

352 2788 526 2843 Vnns.
549 2790 575 2841 1
588 2787 638 2841 ι.
661 2816 731 2829 -
746 2787 819 2841 Et
846 2787 897 2841 si
923 2786 1098 2842 vultis
1115 2785 1385 2857 recipere.
1410 2783 1479 2840 Ut
1499 2782 1681 2837 minus
1698 2796 1872 2839 excu-

280 2876 493 2933 sabiles
523 2875 661 2943 sitis,
694 2875 823 2948 quia
842 2890 967 2931 eum
985 2889 1097 2929 non
1116 2872 1418 2945 recepistis.
1462 2873 1585 2944 Ipse
1625 2878 1709 2927 est
1724 2870 1875 2928 Elias

271 2965 329 3021 in
360 2965 584 3032 virtute,
615 2980 727 3020 non
756 2964 812 3018 in
857 2978 1116 3035 persona,
1173 2977 1277 3033 par
1305 2962 1361 3016 in
1389 2961 1514 3016 vitae
1562 2960 1871 3025 severitate,

275 3055 473 3111 mentis
500 3054 690 3126 rigore
717 3052 1038 3125 praecedens
1067 3050 1266 3107 Christi
1291 3050 1511 3122 primun
1559 3049 1872 3116 adventum,

272 3152 331 3200 ut
359 3142 451 3200 ille
481 3141 803 3200 secundum.

342 3260 515 3315 Vnns.
550 3262 637 3315 16.
669 3288 740 3298 -
790 3258 893 3315 Cui
938 3260 1132 3314 autem
1164 3298 1179 3323 ,
1229 3262 1332 3311 etc.
1394 3253 1639 3310 Laudato
1668 3253 1880 3309 Joanne

270 3348 463 3405 transit
512 3348 583 3403 ad
601 3345 999 3419 increpandum
1045 3344 1198 3411 illos,
1235 3343 1327 3416 qui
1361 3357 1464 3399 nec
1493 3342 1881 3415 prasdicatione

273 3437 500 3493 Joannis
527 3436 663 3492 moti
693 3442 818 3490 sunt
851 3452 864 3489 :
896 3434 984 3489 vel
1004 3433 1175 3505 ipsius
1198 3432 1401 3488 Christi
1431 3432 1882 3504 pradicationem

273 3525 600 3599 despiciunt.
627 3525 867 3580 Joannes
897 3522 1020 3578 talis
1049 3537 1114 3578 ac
1141 3528 1322 3577 tantus
1353 3529 1412 3576 ut
1456 3520 1587 3587 dixi,
1639 3529 1693 3576 et
1742 3520 1881 3575 adeo

274 3613 493 3686 dignus,
525 3620 582 3667 ut
615 3612 667 3667 ei
693 3611 891 3667 debeat
918 3609 1128 3667 credit:
1164 3611 1262 3664 sed
1309 3626 1407 3665 vos
1454 3610 1542 3664 cui
1586 3608 1718 3663 estis
1746 3607 1884 3664 assi-

276 3702 523 3765 milandi,
544 3701 639 3772 qui
667 3699 920 3755 noluistis
948 3699 1178 3755 credere
1208 3697 1258 3753 ei
1288 3698 1315 3753 ?
1337 3699 1556 3755 Similis
1576 3698 1880 3769 estpueris.

277 3789 438 3844 Pueri
481 3789 743 3845 doctores
789 3795 915 3843 sunt
959 3787 1193 3842 humiles
1243 3786 1453 3857 spiritu.
1522 3786 1729 3841 Horum
1787 3802 1884 3856 sy-

278 3892 518 3951 nagoga,
552 3877 643 3933 vel
670 3878 791 3948 ipsa
819 3876 1146 3943 Jerusalem,
1179 3875 1272 3931 ubi
1294 3876 1422 3945 jura
1484 3881 1885 3946 praeceptorum

276 3966 377 4022 Dei
405 3966 865 4022 recondebantur.
921 3963 1242 4037 Coaequales
1272 3962 1607 4019 contribules
1639 3978 1777 4034 quos
1796 3977 1885 4017 so-

276 4054 462 4110 lebant
490 4054 860 4127 exprobrare,
893 4053 1039 4125 quod
1068 4053 1140 4108 ad
1171 4052 1364 4107 laudes
1409 4051 1509 4107 Dei
1554 4067 1666 4106 non
1694 4066 1887 4107 assur-

1970 1883 2294 1942 circumibat
2318 1884 2478 1938 Jesus
2506 1883 2750 1939 civitates
2781 1890 2833 1937 et
2881 1899 3073 1938 omnes
3119 1883 3290 1951 vicos,
3363 1895 3565 1936 curans

1969 1988 2189 2029 omnem
2232 1971 2557 2045 languorem
2608 1990 2622 2025 :
2667 1971 3084 2044 intelligendum
3132 1980 3213 2027 est
3240 1973 3383 2029 inter
3425 1972 3562 2028 alias

1970 2062 2135 2118 etiam
2165 2061 2222 2116 in
2250 2060 2538 2116 Corozaim
2586 2067 2639 2115 et
2684 2060 2975 2115 Bethsaida
3022 2060 3315 2117 Dominum
3366 2060 3564 2118 fecisse

1970 2151 2216 2207 virtutes.
2254 2149 2544 2205 Corozaim
2573 2149 2964 2220 interpretatur
2982 2152 3316 2221 mysterium
3334 2167 3564 2218 meum;

1969 2238 2265 2295 Bethsaida
2313 2240 2509 2295 domus
2557 2240 2813 2309 fructum
2859 2237 2948 2294 vel
2993 2243 3344 2296 venatorum.
3397 2240 3458 2297 Si
3501 2241 3568 2296 in

1976 2331 2132 2400 Tyro,
2174 2334 2279 2383 etc.
2308 2327 2431 2383 Hoc
2459 2327 2738 2398 impletum
2769 2327 2934 2382 modo
2962 2327 3229 2395 videmus,
3279 2327 3407 2401 quia
3470 2329 3566 2385 Co.

1971 2416 2175 2472 rozaim
2200 2424 2252 2471 et
2274 2415 2566 2471 Bethsaida
2580 2423 2850 2486 praesente
2871 2416 3104 2471 Domino
3123 2417 3353 2473 credere
3382 2416 3568 2474 nolue-

1972 2513 2116 2561 runt.
2149 2506 2325 2576 Tyrus
2364 2512 2417 2559 et
2456 2504 2627 2560 Sidon
2681 2511 2875 2575 postea
2928 2505 3353 2575 praedicantibus
3400 2508 3557 2577 Apo-

1974 2594 2128 2650 stolis
2156 2593 2510 2650 crediderunt
2544 2611 2558 2647 :
2592 2592 2731 2648 adeo
2769 2593 2971 2659 devoti,
3031 2600 3090 2647 ut
3147 2593 3375 2648 Paulum
3422 2596 3567 2665 Tyro

1973 2684 2264 2739 abeuntem
2296 2698 2488 2737 omnes
2519 2697 2643 2737 cum
2672 2681 2934 2737 uxoribus
2964 2688 3017 2736 et
3046 2681 3235 2737 liberis
3271 2680 3447 2759 usque
3494 2682 3566 2738 ad

1973 2787 2144 2827 naves
2173 2779 2662 2844 prosequerentur.
2695 2770 2805 2826 Cur
2836 2786 2970 2844 ergo
2992 2786 3100 2825 non
3120 2771 3409 2827 credituris
3426 2786 3563 2844 prte-

1974 2860 2195 2928 dicavit,
2228 2861 2537 2917 credituros
2568 2860 2786 2915 evitavit
2822 2877 2836 2913 :
2867 2859 2985 2930 ipse
3015 2860 3116 2917 scit
3146 2861 3301 2931 cujus
3321 2860 3424 2917 viae
3443 2867 3571 2916 sunt

1973 2950 2354 3006 misericordia
2382 2958 2433 3004 et
2462 2966 2529 3005 ve
2541 2950 2700 3004 ritas.
2730 2949 3022 3020 Proposuit
3049 2957 3233 3005 tamen
3278 2948 3418 3005 ﬁnes
3469 2949 3569 3004 Ju-

1974 3038 2109 3095 daeae
2137 3054 2249 3094 non
2278 3038 2566 3105 excedere,
2600 3053 2669 3093 ne
2692 3038 2896 3107 justam
2925 3037 3232 3093 Pharisaeis
3250 3102 3262 3112 .
3284 3045 3338 3093 et
3382 3051 3568 3094 sacer-

1892 3127 1943 3191 C
1972 3127 2191 3184 dotibus
2218 3126 2619 3198 persecutionis
2655 3126 3003 3182 occasionem
3051 3126 3227 3181 daret.
3278 3126 3348 3181 Et
3413 3132 3570 3182 erant

1976 3223 2107 3272 tunc
2136 3215 2228 3288 qui
2256 3216 2312 3269 in
2342 3214 2627 3271 Corozaim
2656 3222 2840 3270 essent
2895 3214 3125 3271 vocandi
3174 3232 3187 3269 :
3237 3230 3342 3271 nec
3387 3221 3571 3272 tamen

1978 3304 2048 3359 de
2076 3312 2391 3376 contemptu
2428 3303 2653 3377 gravius
2719 3302 2999 3374 puniendi.

2050 3411 2246 3482 Tyrus,
2270 3412 2556 3482 angustia.
2581 3408 2768 3475 Sidon,
2793 3411 3035 3466 venatio.

2052 3525 2221 3581 Vnns.
2255 3528 2343 3581 23.
2367 3555 2436 3565 -
2456 3527 2528 3580 Et
2559 3529 2623 3581 tu
2654 3524 3071 3597 Capharnaum.
3102 3524 3228 3580 Non
3256 3522 3433 3580 solum
3476 3521 3574 3577 Co-

1981 3613 2185 3670 rozaim
2215 3620 2267 3669 et
2295 3613 2599 3668 Bethsaidaa
2630 3629 2712 3668 vae
2741 3613 2863 3681 erit,
2916 3613 3013 3667 sed
3061 3620 3115 3668 et
3177 3612 3275 3667 tibi
3322 3612 3573 3683 Caphar-

1982 3717 2166 3757 naum.
2192 3702 2457 3774 Nunquid
2478 3718 2651 3773 usque
2672 3704 2735 3756 in
2755 3703 2958 3757 cazlum
2969 3700 3314 3757 exaltaberis
3338 3701 3573 3757 ?Nonne

1983 3799 2039 3845 tu
2069 3807 2129 3846 es
2159 3807 2280 3861 quae
2311 3789 2457 3844 fama
2487 3789 2704 3860 hospitii
2733 3789 2859 3854 mei,
2896 3797 2950 3844 et
2980 3789 3265 3861 signorum
3295 3788 3352 3844 in
3390 3796 3443 3843 te
3491 3787 3573 3844 fa-

1984 3887 2196 3937 ctorum
2223 3877 2435 3934 famosa
2482 3876 2738 3944 efﬁceris,
2789 3886 2843 3932 et
2890 3884 3081 3933 contra
3126 3876 3575 3949 praedicationem

1985 3983 2163 4023 meam
2193 3966 2583 4038 superbissime
2613 3965 2857 4022 restitisti
2884 3967 2914 4021 ?
2969 3966 3354 4037 Capharnaum
3398 3965 3573 4020 inter-

1984 4063 2232 4129 pretatur
2250 4057 2391 4112 villa
2404 4055 2817 4128 pulcherrima,
2841 4055 2897 4109 in
2913 4071 3022 4127 qua
3042 4054 3439 4111 condemnatur
3455 4069 3578 4126 per-

280 4151 541 4200 rexerunt
568 4143 739 4199 corde
768 4143 987 4209 devoto,
1018 4142 1393 4197 membrorum
1443 4140 1686 4212 agilitate
1743 4140 1890 4211 quod
1987 4145 2097 4201 ﬁda
2123 4144 2452 4211 Jerusalem,
2486 4143 2573 4200 cui
2602 4143 2799 4200 dicitur
2833 4162 2846 4198 :
2879 4144 3203 4214 Justiﬁcata
3228 4148 3315 4200 est
3343 4143 3579 4202 Sodoma

276 4240 429 4288 notat
467 4231 661 4287 saltus.
692 4231 811 4287 Nec
840 4247 941 4303 per
968 4230 1207 4286 lamenta
1236 4230 1630 4301 prophetarum
1657 4244 1760 4299 pro
1803 4243 1891 4283 ex-

1988 4250 2143 4291 soror
2175 4238 2273 4289 tua
2301 4250 2375 4289 ex
2408 4238 2477 4298 te,
2528 4232 2584 4287 id
2604 4239 2705 4300 est,
2757 4249 2824 4288 ex
2871 4232 2946 4288 tui
2994 4232 3405 4304 comparatione
3451 4246 3575 4288 cum

274 4320 436 4376 cidiis
458 4321 575 4390 jam
604 4319 764 4376 factis
794 4319 882 4376 vel
911 4318 1177 4375 faciendis
1206 4318 1277 4373 ad
1304 4316 1678 4389 paenitentiam
1749 4332 1889 4372 con-
1987 4322 2103 4389 illa,
2137 4338 2259 4393 quae
2284 4337 2395 4377 non
2426 4328 2508 4376 est
2537 4321 2786 4392 exemplo
2807 4322 2942 4377 Loth
2967 4329 3236 4386 correcta,
3262 4329 3321 4375 tu
3338 4320 3456 4375 Filii
3476 4321 3577 4377 Dei

298 4409 448 4464 versi
466 4416 610 4463 sunt.

1990 4410 2174 4467 verbis
2204 4418 2258 4465 et
2310 4410 2590 4466 miraculis
2619 4426 2838 4481 semper
2867 4412 3151 4466 exstitisti
3209 4409 3446 4479 ingrata.

356 4498 525 4553 Vens.
558 4499 647 4551 17.
670 4526 739 4537 -
764 4497 1082 4554 Ceeinimus
1108 4495 1275 4552 vobis.
1309 4495 1378 4550 Ut
1413 4494 1588 4550 David
1630 4511 1643 4547 :
1674 4494 1879 4550 Exsul-
1898 4488 1951 4549 D
2053 4499 2222 4554 Vnns.
2246 4501 2335 4556 25.
2354 4500 2790 4571 —Respondens
2826 4496 3577 4569 Jesuthespondenstacita

278 4591 402 4641 tate
432 4587 539 4642 Deo
567 4584 816 4656 adjutori
841 4590 1030 4642 nostro
1061 4585 1307 4658 jubilate
1337 4586 1446 4640 Deo
1491 4584 1653 4640 Iacob
1695 4582 1868 4651 (Psal.

270 4675 484 4745 ιλιι),
507 4682 562 4729 et
581 4674 910 4743 hujusmodi.
934 4674 1410 4730 Lamentavimus.
1433 4673 1501 4729 Ut
1531 4690 1544 4726 :
1588 4673 1873 4729 Converti-

286 4764 449 4818 ἠἰπί
472 4762 544 4819 ad
560 4778 653 4819 me
672 4765 735 4818 in
760 4767 870 4820 toto
889 4764 1049 4820 corde
1067 4766 1247 4819 vestro
1266 4764 1331 4817 in
1348 4764 1561 4832 ieiunio
1581 4765 1639 4816 et
1652 4761 1794 4830 ﬂetu
1812 4767 1867 4817 et

277 4853 529 4924 planctu
557 4852 717 4922 (Joel.
750 4852 832 4921 ιι),
865 4856 922 4907 et
964 4851 1302 4924 hujusmodi.

350 4966 522 5022 Vnus.
557 4970 645 5021 18.
668 4996 737 5007 --
764 4968 923 5023 Venit
951 4968 1124 5023 enim.
1161 4966 1310 5024 Sicut
1338 4974 1465 5022 tunc
1504 4964 1579 5021 ita
1629 4972 1682 5021 et
1728 4980 1876 5022 nunc

264 5063 564 5127 utramque
591 5054 737 5112 viam
768 5054 960 5110 salutis
986 5056 1262 5128 respuitis.
1318 5054 1755 5112 Lamentavimus
1805 5054 1877 5110 ad

264 5146 531 5209 Jonnem,
565 5144 868 5201 cecinimus
897 5145 966 5199 ad
1017 5145 1310 5200 Christum.
1373 5146 1500 5200 Haec
1529 5152 1609 5199 est
1640 5160 1870 5201 summa.

272 5232 581 5289 Generatio
610 5232 718 5287 ista
772 5248 877 5288 nec
921 5232 1103 5303 plorat
1157 5249 1280 5288 cum
1336 5234 1546 5288 Joanne
1599 5233 1874 5304 plorante,

261 5336 459 5393 neque
511 5321 717 5394 gaudet
774 5336 898 5377 cum
927 5320 1144 5376 Christo
1174 5321 1467 5394 gaudente.
1511 5322 1624 5376 Nec
1677 5322 1876 5376 mirum

256 5410 306 5466 si
335 5408 622 5479 duplicem
650 5408 797 5465 viam
826 5409 1021 5465 salutis
1058 5417 1430 5475 contemnunt,
1491 5425 1616 5466 cum
1686 5417 1739 5465 et
1786 5411 1877 5480 je-

252 5498 483 5567 junium
511 5505 564 5553 et
590 5497 935 5554 saturitatem
960 5498 1165 5571 petitur
1198 5506 1460 5571 spernunt
1488 5518 1502 5565 ;
1538 5498 1584 5552 si
1609 5498 1876 5569 jejunium

257 5586 478 5657 placet,
505 5600 604 5641 cur
620 5588 864 5643 Joannes
890 5587 1142 5661 displicet
1171 5589 1199 5644 ?
1230 5587 1276 5644 si
1307 5586 1586 5656 saturitas,
1634 5602 1735 5644 cur
1784 5588 1877 5643 Fi-

258 5674 378 5731 lius
412 5674 646 5732 hominis
674 5675 704 5729 ?

1990 4586 2310 4657 objectionis
2336 4587 2493 4658 quasi
2521 4593 2878 4658 quaereretur,
2913 4602 3034 4657 quae
3079 4586 3219 4641 ratio
3269 4586 3417 4658 quod
3474 4586 3576 4641 Ju-

1981 4675 2176 4731 daicus
2204 4674 2439 4746 populus
2470 4674 2569 4730 Dei
2599 4674 2795 4741 cultor,
2827 4674 2927 4729 Dei
2960 4674 3153 4729 Filium
3182 4675 3240 4730 in
3267 4689 3436 4731 carne
3482 4689 3575 4730 ve-

1989 4764 2369 4851 nientenLtam
2398 4763 2702 4818 obstinatus
2730 4762 2939 4833 rejecit,
2972 4780 3133 4835 quem
3162 4763 3441 4837 gentilitas
3465 4770 3576 4819 tam

1974 4868 2152 4923 prona
2180 4852 2439 4923 recepit?
2470 4854 2707 4909 Domine
2736 4853 2865 4907 caeli
2895 4856 2953 4908 et
2974 4856 3159 4909 terrae.
3185 4851 3291 4922 Qui
3311 4851 3448 4908 facis
3469 4865 3578 4907 coe-

1975 4954 2080 5009 los,
2115 4949 2167 4997 et
2194 4940 2460 5012 relinquis
2489 4940 2545 4994 in
2588 4940 2908 4996 terrenitate
2967 4956 3106 5013 quos
3134 4941 3236 5007 vis,
3268 4940 3357 4997 vel
3386 4939 3457 4995 ad
3483 4938 3578 4995 lit-

1976 5039 2171 5086 teram.
2222 5030 2501 5086 Parvulis.
2554 5029 2903 5099 Sapientibus
2952 5038 3005 5086 et
3051 5029 3415 5101 prudentibus
3465 5044 3579 5086 non

1976 5119 2200 5191 opponit
2226 5117 2546 5190 insipientes
2577 5126 2630 5173 et
2657 5119 2904 5186 hebetes,
2938 5119 3036 5174 sed
3063 5118 3346 5191 parvulos,
3374 5125 3433 5175 ut
3450 5134 3578 5191 pro-

1978 5209 2069 5265 bet
2098 5225 2158 5264 se
2187 5215 2457 5263 tumorem
2488 5207 2773 5275 damnare,
2806 5223 2917 5264 non
2964 5223 3216 5265 acumen.

1966 5376 1971 5381 .
2049 5323 2218 5377 Vens.
2244 5323 2519 5379 26.—Ita
2542 5326 2727 5394 pater.
2758 5321 3095 5378 Blandientis
3143 5319 3341 5379 aﬂ‘ectu
3388 5320 3569 5394 loqui-

1980 5419 2067 5467 tur
2093 5418 2152 5468 ut
2178 5411 2453 5482 inceptum
2481 5410 2537 5466 in
2568 5411 2830 5483 apostolis
2859 5410 3184 5469 beneﬁcium
3212 5410 3573 5484 compleatur.

1979 5500 2080 5557 Hic
2117 5500 2424 5572 exemplum
2479 5500 2800 5556 humilitatis
2868 5500 3187 5572 accipimus,
3242 5517 3312 5557 ne
3363 5508 3573 5555 temere

1980 5589 2255 5647 discutere
2282 5604 2680 5661 praesumamus
2733 5604 2972 5661 superna
3018 5589 3250 5646 consilia
3297 5588 3366 5643 de
3394 5600 3566 5643 voca-

1980 5679 2128 5737 tione
2142 5680 2358 5751 horum,
2382 5686 2437 5737 et
2456 5678 2770 5754 repulsione
2788 5678 3007 5738 illorum
3031 5696 3046 5749 ;
3068 5693 3192 5737 cum
3211 5675 3355 5736 enim
3365 5681 3573 5737 utrum-
