4000 6182
452 290 555 346 123

1002 288 1407 346 WALAF'RIDI
1445 287 1690 345 STRABI
1725 286 1924 345 FULD.
1963 285 2138 343 non:
2178 286 2331 344 orr.
2372 270 2546 344 PARS
2583 287 2625 342 ι.
2667 260 2736 330 —'-
2771 286 3243 345 THEOLOGICA.

3646 295 3748 351 12L

451 427 558 484 que
603 410 893 480 attulisset,
941 427 1052 468 non
1088 427 1215 467 mox
1270 412 1538 467 rationem
1612 410 1865 476 reddidit,
1942 410 2039 466 sed
2058 413 2116 476 Α
2137 411 2211 467 ait
2239 411 2601 485 evangelista,
2634 427 2737 468 nec
2764 411 2945 468 locum
2971 411 3233 468 vescendi
3274 412 3551 468 habebant
3590 431 3763 487 pro-.

449 499 529 556 sic
576 501 694 556 Deo
748 499 1010 572 placitum
1056 500 1209 567 dixit,
1259 500 1556 555 ostendens
1604 498 1731 570 quia
1784 497 2042 567 injustum

449 604 573 644 esse
602 604 713 644 non
739 595 919 660 potest
949 590 1096 661 quod
1118 591 1266 658 justo
1294 588 1490 659 placet.
1525 588 1586 641 In
1615 585 1867 643 omnibus
1907 601 2043 659 ergo

449 694 570 752 qua:
616 677 854 732 exterius
899 676 1281 748 disponuntur,
1346 668 1549 747 apertae
1598 691 1768 731 causa
1814 674 2042 730 rationis

386 808 391 811 τ
449 774 551 832 est,
593 766 821 822 occultae
863 765 1071 835 justitia
1119 764 1432 821 voluntatis.
1490 765 1767 832 Quoniam
1805 765 1886 820 sic
1926 765 2045 835 fuit

439 855 723 929 placitum
751 858 885 910 ante
918 859 989 909 te.
1020 853 1104 908 Ne
1133 852 1254 925 quis
1293 853 1488 907 iterum
1538 859 1747 924 quaerat
1792 866 1891 907 cur
1935 852 2042 906 hu-

444 942 604 998 miles
634 942 822 1015 eligat,
866 940 1142 1012 sapientes
1192 941 1469 1013 reprobet.

517 1031 687 1087 Vsus.
711 1033 801 1087 27.
826 1060 895 1071 —
910 1027 1113 1085 Omnia
1125 1030 1291 1096 mihi,
1319 1037 1424 1086 etc.
1449 1027 1778 1084 Tradentem
1797 1028 2014 1083 Patrem
2025 1071 2038 1094 ,

448 1118 806 1189 accipientem
838 1118 1051 1185 Filium,
1085 1118 1314 1189 mystice
1342 1117 1610 1190 intellige.
1662 1116 1939 1189 Alioquin,
1992 1116 2039 1171 si

434 1207 590 1276 juxta
618 1206 969 1279 fragilitatem
998 1214 1242 1261 nostram
1272 1205 1496 1277 accipis,
1536 1221 1658 1261 cum
1689 1204 1917 1275 coeperit
1945 1205 2038 1258 ha-

439 1295 571 1351 bere
602 1294 695 1366 qui
729 1294 961 1365 accepit,
984 1294 1205 1365 incipiet
1232 1310 1344 1349 non
1372 1295 1578 1349 habere
1617 1294 1709 1365 qui
1752 1292 1901 1348 dedit
1944 1308 2047 1364 per

443 1383 628 1439 omnia
656 1383 1150 1453 coomnipotentem
1180 1390 1330 1450 nota,
1358 1398 1458 1454 per
1471 1380 1691 1448 tradita,
1729 1381 1921 1437 Filium
1956 1383 2044 1437 cui

442 1488 544 1543 per
571 1478 823 1525 naturam
854 1470 1037 1526 omnia
1065 1488 1167 1542 pro
1196 1471 1357 1526 unius
1385 1470 1701 1526 substantia
1749 1470 1873 1539 jure
1921 1475 2046 1522 sunt

444 1559 690 1631 propria,
722 1573 833 1614 non
861 1559 991 1614 data
1018 1576 1120 1631 per
1139 1560 1395 1633 gratiam.
1420 1559 1642 1614 Tradita
1661 1565 1842 1614 autem
1861 1555 2046 1612 omnia

440 1663 551 1703 non
579 1647 776 1704 ccelum
806 1653 859 1701 et
888 1655 1037 1704 terra
1064 1655 1117 1703 et
1144 1657 1344 1704 caetera
1372 1664 1493 1720 quae
1528 1646 1655 1703 fecit
1686 1664 1700 1700 :
1726 1646 1822 1701 sed
1844 1645 1900 1699 hi
1954 1646 2048 1716 qui

2142 500 2318 555 turbis
2342 518 2355 555 :
2378 508 2605 571 propter
2621 499 2845 567 nimiam
2890 500 3353 571 importunitatem
3382 517 3592 558 eorum.
3621 504 3729 561 Alii

2141 589 2514 662 Evangelistaa
2532 588 2737 644 addunt
2760 607 2774 643 :
2795 589 3057 645 manibus
3074 591 3418 661 confricassc
3434 591 3589 659 (Luc.
3617 594 3721 665 γι).

2142 678 2298 734 Unde
2327 685 2381 733 et
2409 679 2570 733 Petro
2598 677 2795 733 dicitur
2828 695 2841 731 :
2869 678 3047 733 Macta
3074 681 3129 732 et
3158 679 3443 736 manduca
3471 680 3612 751 (Act.
3637 684 3727 754 χ.)

2213 767 2383 822 Vnas.
2415 770 2468 823 2.
2491 795 2562 806 —
2582 767 2702 822 Non
2741 766 2892 821 licet.
2940 765 3251 821 Secundum
3276 775 3614 839 prmceptum
3634 769 3722 826 le-

2143 854 2249 926 gis.
2284 855 2392 909 Sed
2423 854 2551 925 quia
2577 853 2687 909 alia
2736 853 3007 924 scriptura
3052 854 3183 910 dicit
3233 872 3246 908 :
3299 856 3740 915 Misericordiam

2142 944 2294 998 malo
2324 960 2492 1015 quam
2522 942 2869 1011 sacriﬁcium
2900 942 3045 1012 (Ose.
3079 944 3181 1013 iv),
3212 942 3407 998 melius
3437 943 3537 999 fuit
3566 946 3741 1002 homi-

2144 1046 2269 1086 nem
2299 1031 2368 1086 de
2397 1029 2557 1086 famis
2585 1030 2830 1101 periculo
2876 1030 3136 1098 liberare,
3187 1047 3352 1103 quam
3398 1033 3735 1090 sacriﬁcium

2144 1120 2259 1174 Deo
2288 1118 2507 1183 offerre,
2532 1119 2659 1190 quia
2687 1117 2865 1172 hostia
2892 1117 3118 1188 placens
3140 1126 3223 1173 est
3244 1119 3392 1174 salus
3430 1121 3733 1178 hominum.

2145 1209 2225 1262 De
2254 1206 2558 1263 vastatione
2586 1206 2809 1279 frugum
2828 1222 2938 1262 non
2959 1214 3218 1280 arguunt,
3242 1206 3370 1279 quia
3389 1209 3517 1265 licet
3534 1226 3636 1281 per
3656 1211 3737 1268 1e-

2143 1311 2272 1368 gem
2309 1295 2436 1350 inde
2484 1294 2667 1349 edere.

2216 1410 2383 1464 Vaas.
2416 1412 2469 1463 3.
2502 1439 2571 1450 —
2601 1409 2674 1464 At
2701 1410 2800 1464 ille
2830 1408 3002 1474 dixit,
3038 1415 3144 1465 etc.
3178 1410 3240 1464 In
3269 1410 3375 1466 hoc
3403 1409 3549 1467 facto
3595 1412 3734 1469 nihil

2145 1498 2291 1553 aliud
2320 1498 2656 1566 instruimur,
2689 1497 2795 1551 nisi
2831 1505 2889 1551 ut
2921 1497 3205 1552 sabbatum
3234 1514 3345 1553 non
3372 1499 3443 1554 ad
3472 1499 3732 1568 litteram,

2145 1588 2243 1641 sed
2274 1585 2626 1657 spiritualiter
2653 1584 3041 1657 intelligamus.
3075 1588 3195 1642 Non
3219 1588 3451 1658 legistis.
3479 1588 3535 1644 Si
3556 1589 3733 1645 David

2146 1684 2199 1731 et
2227 1674 2545 1730 Abimelech
2576 1690 2685 1729 non
2730 1674 3169 1744 reprehenditur,
3221 1691 3455 1747 quorum
3499 1685 3734 1751 uterque

437 1752 546 1839 Ρθξξ
569 1736 761 1839 Ὲίλίξξω
793 1737 1411 1839 éccessumﬁabemfd
1440 1737 1680 1802 Patrem'
1711 1741 1765 1839 (ξι
1793 1740 1918 1789 ante
1947 1749 2029 1788 τε·
2047 1768 2101 1829 Β
2130 1765 2448 1820 mandatum
2477 1762 2617 1835 legis
2658 1736 2931 1833 probabili
2978 1736 3308 1819 necessitate
3339 1736 3729 1839 transgressus

440 1824 634 1892 belles,
667 1824 959 1879 Dominum
986 1833 1180 1896 postea
1217 1825 1419 1881 sentire
1463 1830 1772 1895 coeperunt.

510 1915 581 1969 Et
602 1928 766 1968 nemo
802 1916 958 1969 novit
977 1916 1210 1981 Filium,
1231 1921 1335 1969 etc.
1370 1913 1620 1984 Seipsum
1663 1910 1931 1967 revelare.
1975 1910 2044 1965 Et

438 2017 600 2057 nemo
643 2000 795 2056 novit
820 2001 1038 2057 Patrem
1068 2002 1173 2057 nisi
1204 2002 1390 2070 Filius,
1423 2010 1477 2057 et
1505 2000 1593 2057 cui
1623 2001 1840 2055 Patrem
1871 1997 2042 2054 voluit

437 2089 707 2147 revelare.
740 2089 824 2144 Ad
852 2099 1142 2163 utrumque
1196 2091 1340 2145 enim
1387 2089 1520 2145 illud
1560 2088 1833 2143 subditum
1860 2086 2040 2142 refer-

439 2186 550 2235 tur.
582 2177 766 2234 Verbo
797 2179 940 2234 enim
972 2196 1071 2235 suo
1100 2180 1265 2235 Pater
1294 2195 1353 2235 se
1384 2179 1650 2235 declarat.
1683 2178 1752 2233 Et
1800 2176 2039 2231 Verbum

446 2269 687 2342 seipsum
713 2269 977 2335 declarat,
1011 2269 1139 2340 quia
1168 2268 1366 2323 mentis
1395 2274 1597 2322 nostrae
1638 2266 1822 2320 lumen
1862 2271 1965 2319 est.

508 2360 633 2417 Nisi
662 2362 843 2419 Filius
873 2362 931 2414 et
958 2359 1054 2413 cui
1085 2358 1266 2413 Filius
1302 2357 1564 2422 voluerit,
1598 2361 1703 2410 etc.
1737 2354 1922 2408 Mutua
1942 2366 2038 2408 co-

441 2447 638 2521 gnitio,
670 2464 790 2521 quae
812 2454 895 2501 est
916 2445 1224 2517 aequalitate
1246 2452 1473 2500 naturae.
1498 2443 1599 2498 Illa
1618 2450 1802 2497 autem
1822 2439 2042 2495 tantilla

439 2553 564 2609 quae
593 2536 651 2592 in
678 2536 839 2593 nobis
869 2543 970 2600 est,
990 2534 1308 2608 dignatione
1328 2531 1626 2589 revelantis
1647 2538 1749 2586 est.
1840 2600 1841 2603 η

504 2625 674 2681 Vens.
698 2629 787 2683 29.
811 2653 880 2665 —
905 2624 1102 2680 Tollite
1121 2625 1348 2695 jugum,
1402 2629 1507 2678 etc.
1558 2621 1760 2692 Jugum
1808 2615 2032 2681 Christi,

437 2712 802 2787 Evangelium
832 2719 936 2775 est,
968 2711 1115 2782 quod
1141 2711 1359 2765 Iudaeos
1393 2717 1446 2766 et
1465 2715 1659 2782 gentes
1688 2707 1744 2761 in
1780 2721 1891 2760 una
1936 2703 2042 2758 fide

434 2801 736 2874 conjungit.
758 2801 955 2858 Tollite
985 2815 1157 2872 super
1184 2815 1295 2854 vos.
1326 2799 1388 2853 Id
1416 2805 1519 2864 est,
1550 2796 1609 2850 in
1682 2796 1891 2849 honore
1937 2793 2035 2847 ha-

434 2890 560 2946 bete
594 2907 609 2944 :
640 2904 750 2945 non
763 2889 974 2953 subtus,
1005 2894 1064 2941 ut
1093 2885 1472 2943 contemnatis.
1506 2884 1612 2953 Qui
1630 2882 1910 2949 laboratis,
1933 2879 2037 2935 dif-

431 2978 673 3035 ﬁcultate
703 2977 865 3051 legis,
897 2983 950 3032 et
967 2975 1179 3031 onerati
1198 2973 1461 3046 peccatis,
1485 2973 1714 3039 scilicet,
1766 2969 2029 3036 reficiam,

447 3066 494 3122 si
517 3068 713 3139 jugum
734 3064 949 3133 tollitis,
983 3064 1038 3119 id
1068 3070 1169 3131 est,
1210 3071 1484 3134 praecepta
1502 3076 1644 3116 mea.
1668 3060 1737 3115 Et
1752 3059 1881 3136 quid
1895 3059 2032 3130 jugo

436 3125 556 3226 eju's
582 3125 852 3210 ;uavius?
880 3125 1011 3225 quid
1039 3125 1415 3206 oneredevius
1443 3152 1472 3206 ?
1490 3125 1834 3221 probabilem
1887 3125 2027 3212 fieri,
2061 3125 2110 3189 Ο

435 3243 711 3299 abstinere
741 3258 775 3298 a
802 3241 968 3307 malo,
1002 3242 1205 3297 bonum
1235 3240 1395 3308 velle,
1427 3254 1616 3294 amare
1634 3252 1847 3303 omnes,
1871 3242 2030 3289 aeter-

436 3347 509 3387 na
538 3332 715 3404 sequi,
749 3330 1114 3402 prmsentibus
1161 3345 1271 3384 non
1320 3327 1463 3400 capi,
1513 3326 1658 3382 nolle
1705 3324 1799 3380 alii
1845 3322 2029 3380 facere

436 3420 584 3492 quod
612 3419 725 3491 pati
755 3434 867 3474 non
894 3419 997 3475 vis.

509 3509 721 3565 Discite
741 3525 777 3564 a
796 3524 906 3564 me.
930 3508 1175 3563 Docente
1187 3506 1358 3562 verbo
1370 3512 1423 3561 et
1440 3503 1710 3575 exemplo,
1728 3509 1787 3556 ut
1802 3500 1920 3555 sitis
1938 3500 2032 3554 hu-

440 3596 601 3653 miles
628 3597 923 3665 mentibus,
958 3596 1142 3651 mites
1172 3595 1438 3650 moribus.
1471 3592 1738 3659 Humiles,
1770 3597 1829 3644 ut
1857 3587 2039 3644 nemi-

431 3702 556 3742 nem
592 3692 942 3742 contemnant
965 3683 1175 3753 ;mites,
1196 3681 1708 3738 utnullumlzedant.
1728 3678 1927 3745 Corde,
1972 3684 2031 3731 ut

430 3775 576 3830 idem
601 3781 755 3831 extra
792 3773 848 3830 in
878 3790 1045 3845 opere
1077 3773 1146 3827 sit
1175 3780 1229 3828 et
1258 3772 1315 3827 in
1344 3772 1531 3839 corde,
1561 3786 1632 3825 ne
1678 3769 1846 3824 lateat
1905 3781 2028 3820 ser-

432 3880 571 3936 pens
602 3863 658 3919 in
679 3863 863 3935 specie
887 3863 1173 3920 columbae.

502 3953 672 4007 Vnus.
696 3955 783 4006 30.
807 3982 878 3992 —
895 3953 1102 4023 Iugum
1131 3952 1285 4006 enim
1313 3966 1523 4004 meum.
1543 3944 1830 4016 Quomodo
1841 3943 2029 3997 Evan-

435 4039 641 4114 gelium
671 4039 797 4111 lege
827 4038 1001 4094 levius
1030 4046 1132 4104 est,
1165 4053 1291 4093 cum
1320 4037 1396 4091 ibi
1424 4050 1614 4107 opera,
1647 4033 1737 4089 hic
1758 4039 1810 4087 et
1830 4044 2033 4087 concu-

427 4127 697 4200 piscentia
734 4127 1026 4181 damnatur
1054 4128 1082 4181 ‘l
1115 4125 1213 4181 sed
1264 4124 1321 4180 in
1367 4125 1492 4197 lege
1536 4122 1707 4177 multa
1745 4120 2027 4191 jubentur,

436 4231 558 4289 quae
587 4215 884 4287 Apostolus
916 4214 1132 4286 impleri
1154 4230 1265 4268 non
1284 4228 1451 4285 posse
1472 4211 1602 4267 dicit
1633 4229 1646 4266 :
1669 4210 1758 4265 hic
1777 4209 2031 4264 voluntas

432 4303 697 4378 quaeritur
731 4320 852 4376 quae
883 4304 940 4358 in
969 4301 1201 4359 arbitrio
1231 4309 1423 4356 nostro
1443 4308 1546 4367 est,
1569 4307 1623 4355 et
1644 4314 1766 4371 qum
1787 4296 1906 4352 sola
1927 4294 2034 4350 suf-

431 4393 597 4450 ficere
610 4399 790 4464 potest
819 4400 874 4447 et
900 4391 1180 4463 praemium
1207 4390 1433 4445 habere.
1457 4391 1592 4444 Item
1620 4386 1894 4460 quomodo
1936 4384 2030 4453 ju-
2072 4434 2087 4451 ,

2146 1860 2248 1919 est,
2283 1860 2335 1907 et
2363 1852 2451 1907 hic
2480 1851 2673 1906 similis
2700 1866 2871 1907 causa
2890 1849 3049 1906 famis
3069 1858 3171 1920 est,
3194 1867 3294 1908 cur
3310 1868 3422 1908 non
3440 1852 3585 1910 idem
3604 1870 3735 1927 pro-

2144 1941 2286 1996 batis
2315 1940 2372 1995 in
2400 1938 2665 2011 apostolis
2712 1940 2741 1995 τ

2214 2083 2383 2138 Vsus.
2417 2084 2743 2137 L—Panes
2777 2082 3197 2154 propositionis.
3221 2081 3379 2152 Quod
3400 2082 3732 2157 significavit

2143 2171 2543 2227 sacerdotalem
2554 2171 2735 2226 cibum
2747 2170 3105 2225 transiturum
3141 2170 3198 2226 in
3207 2188 3367 2227 usum
3380 2173 3710 2243 populorum
3720 2217 3732 2229 .

2142 2260 2239 2316 Vel
2270 2260 2399 2332 quia
2446 2275 2637 2314 omnes
2687 2258 3003 2315 sacerdotes
3055 2257 3318 2316 debemus
3360 2260 3579 2316 imitari.
3634 2262 3735 2318 Vel

2140 2349 2288 2421 quod
2316 2363 2509 2404 omnes
2538 2347 2861 2403 saderdotes
2914 2364 3122 2402 sumus.

2209 2463 2379 2518 Vnus.
2413 2465 2465 2516 5.
2496 2492 2566 2502 —
2620 2461 2762 2528 Quia
2808 2461 3051 2517 sabbatis
3089 2461 3422 2519 sacerdotes.
3477 2463 3578 2520 Hic
3609 2464 3729 2521 sine

2134 2551 2461 2608 necessitate
2493 2549 2734 2605 ostendit
2752 2549 3039 2614 sabbatum
3052 2550 3246 2606 violari
3264 2551 3335 2606 ab
3354 2550 3489 2623 ipsis
3510 2552 3605 2624 qui
3624 2568 3726 2608 ca-

2135 2639 2491 2695 lumniantur.
2524 2640 2705 2694 Unum
2751 2638 3061 2709 exemplum
3091 2639 3280 2694 datum
3310 2646 3393 2695 est
3423 2641 3593 2714 regiae
3621 2658 3730 2713 po-

2134 2728 2347 2784 testatis
2375 2728 2444 2783 de
2473 2726 2650 2782 David
2684 2745 2697 2781 :
2729 2726 2876 2782 aliud
2893 2726 3271 2796 sacerdotalis,
3304 2728 3373 2783 de
3403 2728 3488 2783 his
3518 2730 3610 2801 qui
3628 2744 3732 2802 per

2135 2816 2496 2873 ministerium
2524 2815 2713 2887 templi
2745 2816 3035 2870 sabbatum
3070 2815 3295 2883 violant,
3328 2824 3386 2870 ut
3416 2818 3588 2874 multo
3617 2819 3728 2875 mi-

2133 2922 2237 2960 nus
2265 2904 2335 2959 ad
2364 2904 2544 2975 ipsum
2571 2903 2844 2974 pertineat
2898 2903 3107 2959 crimen
3164 2903 3440 2975 spicarum
3497 2906 3731 2964 sabbato

2132 2994 2432 3061 vulsarum,
2467 2992 2560 3064 qui
2588 3008 2753 3047 verus
2782 3008 2879 3047 rex
2907 2999 2962 3048 et
2991 2993 3252 3049 sacerdos
3281 2999 3367 3048 est
3385 3001 3439 3049 et
3475 2993 3732 3052 dominus

2137 3081 2372 3138 sabbati.

2198 3200 2370 3254 Vana.
2404 3201 2455 3253 6.
2497 3199 2719 3253 —Dico
2749 3202 2942 3254 autem
2969 3197 3137 3254 vobis.
3188 3196 3358 3267 Quasi
3404 3198 3551 3256 dicat
3603 3219 3617 3255 :
3670 3202 3730 3273 Si

2126 3286 2360 3361 ﬁgurale
2391 3285 2652 3357 templum
2683 3285 2857 3356 potuit
2902 3284 3199 3342 defendere
3249 3286 3567 3343 sacerdotes
3617 3288 3724 3345 sibi

2128 3376 2450 3442 servientes,
2482 3390 2582 3431 cur
2612 3374 2895 3445 spirituale
2927 3390 3038 3431 non
3066 3382 3245 3446 potest
3292 3375 3589 3433 defendere
3636 3377 3725 3435 di.

2129 3464 2368 3536 scipulos
2396 3462 2501 3517 sibi
2548 3462 2838 3518 credentes
2875 3462 2904 3518 ?

2200 3582 2369 3636 Vsus.
2401 3582 2455 3635 7.
2479 3609 2549 3619 —
2580 3581 2640 3636 Si
2674 3584 2887 3635 autem.
2928 3581 2998 3635 Et
3028 3594 3127 3635 vos
3174 3580 3490 3637 ostenderet
3537 3583 3726 3640 omnia

2126 3669 2291 3725 futuri
2309 3668 2572 3739 temporis
2593 3667 2833 3739 speciem
2852 3667 3155 3737 continere,
3178 3669 3377 3739 adjecit
3401 3688 3415 3725 :
3440 3671 3502 3727 Si
3523 3676 3722 3729 autem

2128 3760 2370 3823 sciretis,
2394 3756 2449 3811 id
2480 3763 2583 3823 est,
2616 3755 2744 3828 quia
2760 3757 2907 3812 Deus
2916 3768 3027 3827 per
3045 3757 3281 3829 gratiam
3301 3757 3569 3830 disposuit
3588 3759 3729 3816 libe-

2128 3861 2254 3901 rare
2283 3845 2571 3916 p0pulum,
2602 3851 2656 3898 et
2684 3860 2794 3899 non
2820 3861 2921 3916 per
2967 3845 3270 3902 exteriores
3315 3847 3720 3915 observantias,

2127 3950 2237 3989 non
2267 3931 2742 4004 reprehenderetis
2771 3948 2944 3998 meos,
2972 3933 3019 3987 si
3046 3941 3234 3990 vetera
3271 3936 3541 3991 omittunt.

2199 4022 2369 4076 Vnus.
2404 4026 2455 4075 8.
2488 4051 2557 4061 —
2586 4023 2861 4078 Dominus
2883 4023 3158 4079 estenim.
3185 4024 3241 4079 Si
3262 4024 3438 4080 David
3456 4033 3651 4096 pastus
3673 4034 3727 4082 et

2128 4110 2443 4166 sacerdotes
2494 4109 2681 4181 templi
2732 4110 3034 4167 ministerio
3096 4112 3387 4167 sabbatum
3451 4113 3725 4171 violantes

2130 4198 2247 4254 sine
2285 4197 2513 4254 crimine
2547 4206 2692 4266 sunt,
2725 4207 2928 4270 quanto
2948 4201 3128 4274 magis
3157 4200 3322 4255 Filius
3350 4200 3607 4267 hominis,
3631 4202 3722 4275 qui

2129 4303 2294 4343 verus
2324 4294 2414 4341 est
2447 4303 2545 4343 rex
2582 4294 2636 4342 et
2677 4287 2939 4344 sacerdos
2974 4296 3027 4343 et
3047 4288 3301 4359 dominus
3332 4289 3549 4345 sabbati
3587 4292 3617 4346 7

2200 4376 2369 4430 Vens.
2415 4378 2500 4429 10.
2527 4377 2685 4430 —-Et
2740 4391 2864 4432 ecce
2913 4376 3094 4433 homo.
3145 4377 3253 4432 Iste
3301 4378 3466 4432 homo
3513 4378 3718 4435 dicitur

432 4499 565 4556 gum
594 4462 794 4537 Christi
823 4462 1010 4549 suave,
1043 4496 1169 4536 cum
1201 4494 1368 4550 supra
1388 4478 1588 4534 dicitur
1612 4495 1625 4532 :
1651 4477 1821 4534 Arcto
1839 4480 1932 4536 via
1945 4483 2031 4535 est

2149 4462 2512 4519 :aementarius
2544 4462 2712 4518 fuisse
2752 4464 2880 4535 quia
2907 4480 3105 4520 manus
3133 4465 3223 4520 cui
3253 4464 3557 4536 spiritualis
3588 4468 3719 4523 aedi-

432 4588 554 4644 quae
583 4570 742 4627 ducit
769 4571 842 4626 ad
886 4572 1083 4627 vitam.
1119 4569 1227 4626 Sed
1284 4574 1539 4640 angusta,
1591 4567 1718 4639 quia
1762 4583 1875 4623 non
1918 4568 2024 4623 nisi

433 4666 672 4731 angusto
702 4657 856 4713 initio
875 4658 1153 4728 incipitur,
1185 4670 1595 4729 processuvero
1614 4656 1878 4728 temporis
1898 4656 2029 4713 inef-

436 4744 592 4802 fabili
620 4745 929 4801 dilectionis
974 4746 1262 4802 dulcedine
1317 4745 1595 4800 dilatatur.
1736 4778 1775 4816 ο

496 4835 648 4892 Onus
685 4851 895 4891 meum.
945 4835 1088 4902 Quia
1105 4834 1268 4907 {illud
1313 4839 1773 4893 momentaneum
1817 4839 2027 4892 nostrae

444 4924 833 4980 tribulationis
867 4927 1148 4979 mternum
1174 4924 1395 4997 pondus
1431 4924 1628 4995 gloriae
1657 4928 1923 4996 operatur
1964 4925 2028 4979 in

435 5013 591 5070 cwlis
618 5014 671 5084 (Ι
705 5013 826 5071 Cor.
860 5012 959 5082 ιν).

1026 5152 1251 5210 CAPUT
1304 5154 1427 5209 XII.

499 5294 671 5352 Vnus.
697 5297 747 5349 1.
771 5296 916 5351 -Ιη
945 5296 1047 5354 illo
1079 5300 1342 5370 tempore.
1378 5296 1616 5351 Narrata
1635 5293 2024 5367 praedicatione

414 5390 485 5440 et
530 5382 811 5440 miraculis
883 5385 1043 5440 unius
1080 5384 1210 5441 anni
1254 5391 1379 5440 ante
1428 5384 1783 5456 quaestionem
1801 5383 2025 5441 Joannis

431 5473 609 5541 factis,
641 5473 836 5528 transit
862 5474 934 5529 ad
960 5474 1055 5529 illa
1084 5489 1205 5545 quae
1234 5472 1378 5529 facta
1408 5480 1530 5528 sunt
1559 5472 1666 5530 alio
1683 5488 1846 5540 anno,
1872 5472 2023 5529 scili-

436 5569 543 5630 cet,
577 5568 704 5634 post
727 5570 963 5619 mortem
996 5561 1241 5627 Joannis,
1280 5562 1494 5634 quando
1535 5562 1650 5632 jam
1680 5562 1737 5617 in
1772 5562 2023 5618 omnibus

430 5650 647 5708 Christo
662 5650 1071 5710 contradicitur.
1105 5652 1452 5719 Esurientes,
1472 5658 1575 5709 etc.
1596 5650 1739 5721 Quia
1792 5658 1852 5707 ut
1884 5650 2024 5707 alius

2131 4551 2237 4607 ficii
2258 4567 2392 4608 cura
2418 4552 2712 4608 commissa
2739 4550 2839 4606 fuit
2871 4553 3028 4608 arida
3043 4560 3161 4608 erat
3192 4569 3367 4625 usque
3399 4554 3469 4609 ad
3506 4561 3724 4626 tempus

2127 4640 2346 4696 Christi.
2371 4643 2507 4698 Ecce
2529 4640 2690 4697 homo
2707 4658 2963 4707 manum,
2987 4649 3093 4698 etc.
3120 4640 3403 4714 Signiﬁcat
3420 4642 3723 4701 humanum

2126 4747 2303 4803 genus
2323 4730 2380 4784 in
2448 4728 2799 4786 fmcunditate
2853 4729 2981 4785 boni
3027 4730 3213 4802 operis
3267 4730 3571 4787 arefactum
3618 4749 3724 4804 pro

2126 4834 2285 4874 manu
2314 4818 2385 4873 ad
2410 4818 2631 4895 pomum
2675 4825 2916 4885 extensa,
2962 4834 3120 4891 quam
3160 4818 3369 4875 sanavit
3403 4836 3597 4876 manus
3633 4821 3727 4878 in-

2131 4922 2337 4964 nocens
2366 4907 2419 4961 in
2449 4922 2609 4963 cruce
2636 4915 2878 4963 extensa.
2910 4907 3058 4963 Bene
3086 4923 3278 4962 manus
3315 4906 3370 4962 in
3429 4908 3727 4982 Synagoga

2134 5004 2247 5051 erat
2290 4994 2456 5061 arida,
2506 4994 2628 5067 quia
2687 4995 2780 5049 ubi
2833 4995 3005 5063 majus
3049 4996 3249 5052 donum
3314 4995 3573 5066 scientiae,
3648 4999 3726 5055 ibi

2123 5091 2462 5155 trangressor
2484 5082 2675 5153 majori
2719 5082 2961 5152 subjacet
3000 5083 3192 5155 culpae.

2194 5208 2642 5281 Interrogabant.
2670 5207 2806 5279 Quia
2831 5208 3126 5280 discipulos
3150 5208 3219 5265 de
3249 5209 3544 5267 violatione
3590 5211 3723 5267 sab-

2122 5297 2231 5352 bati
2272 5296 2537 5369 probabili
2598 5297 2846 5369 exemplo
2919 5305 3290 5365 excusaverat,
3320 5297 3501 5370 ipsum
3528 5300 3726 5357 volunt

2122 5385 2454 5452 calumniari,
2503 5394 2562 5441 ut
2594 5386 2641 5441 si
2683 5401 2793 5442 non
2837 5394 3003 5453 curet,
3050 5386 3400 5469 crudelitatis,
3427 5386 3517 5443 vel
3539 5387 3726 5446 imbe-

2123 5474 2390 5531 cillitatis:
2418 5475 2505 5531 vel
2530 5474 2576 5531 si
2601 5483 2769 5541 curet,
2798 5475 3252 5548 transgressionis
3290 5484 3536 5548 arguant.

2194 5565 2462 5631 Sabbatis,
2498 5572 2601 5621 etc.
2629 5565 2908 5638 Praecipue
2955 5565 3193 5620 sabbatis
3242 5564 3401 5621 docet
3439 5574 3494 5621 et
3524 5580 3723 5638 opera-

2124 5660 2207 5709 tur
2242 5653 2419 5720 Jesus,
2468 5669 2578 5711 non
2627 5653 2799 5711 solum
2848 5662 3067 5727 propter
3113 5652 3352 5727 speciale
3410 5653 3720 5723 sabbatum,
