4028 6178
292 286 395 343 125

1238 279 1509 338 GLOSSA
1547 279 1958 339 ORDINABIA.
1999 310 2069 322 —
2104 281 2369 340 EVANG.
2409 283 2666 340 MATTH.

3490 256 3593 343 ne

290 409 388 465 sed
416 415 473 464 et
499 414 730 480 propter
757 405 1118 463 celebriorem
1145 405 1334 478 populi
1380 413 1707 463 conventum
1737 422 1891 479 quae-
1912 404 1969 466 A
2063 407 2232 464 Vsus.
2264 410 2355 468 24.
2385 439 2455 451 -
2482 411 2548 466 1η
2587 410 2902 466 Beelzebub.
2954 409 3100 478 Beel,
3151 408 3207 464 id
3253 417 3355 479 est,
3410 410 3542 466 Baal
3575 425 3589 465 :

295 514 425 553 rens
454 496 690 552 salutem
721 496 982 551 omnium.

363 586 538 642 Vens.
575 590 660 641 ll.
682 616 754 626 —
780 587 912 655 Quis
932 586 1063 641 erit.
1089 583 1430 656 Competenti
1452 583 1701 655 exemplo
1731 582 1894 639 solvit

290 675 668 747 quaestionem,
721 681 779 729 ut
828 689 923 730 eos
968 674 1222 729 ostendat
1269 672 1559 728 sabbatum
1599 672 1808 729 violare
1836 672 1894 728 in

287 779 460 836 Opere
489 762 823 835 cupiditatis,
857 762 949 835 qui
979 778 1105 818 eum
1134 761 1343 818 violare
1373 769 1611 835 arguunt
1640 762 1694 817 in
1723 777 1891 833 opere

290 851 596 909 charitatis.
630 852 827 925 Arguit
855 866 952 907 eos
989 852 1082 923 qui
1126 851 1309 923 legem
1349 851 1493 906 male
1521 851 1891 922 interpretan-

289 948 399 1010 tur,
436 941 531 1013 qui
559 940 747 997 dicunt
775 939 832 995 in
861 940 1092 995 sabbato
1139 954 1173 995 a
1201 940 1359 995 bonis
1388 940 1647 1011 operibus
1688 939 1891 995 ferian-

289 1030 443 1086 dum.
476 1029 588 1086 Sed
618 1045 653 1084 a
679 1029 840 1085 malis
869 1036 1081 1084 tantum
1108 1028 1418 1084 feriendum
1446 1037 1556 1095 est;
1588 1029 1734 1084 unde
1763 1028 1894 1085 dici-

289 1126 378 1173 tur
410 1136 425 1173 :
463 1119 639 1175 Omne
667 1135 803 1191 opus
851 1118 1054 1174 servile
1089 1134 1206 1175 non
1234 1120 1461 1190 facietis
1490 1120 1555 1174 in
1592 1133 1654 1175 eo
1688 1119 1886 1189 (Levit.

285 1207 478 1279 nm).
511 1208 576 1262 Id
604 1215 705 1275 est,
739 1214 1043 1278 peccatum.
1079 1206 1170 1263 Sic
1219 1213 1272 1262 et
1318 1206 1374 1262 in
1403 1214 1610 1262 aeterna
1638 1206 1828 1279 requie
1858 1221 1892 1262 a

282 1295 444 1351 malis
474 1303 687 1350 tantum
716 1294 1074 1364 feriabuntur,
1110 1311 1220 1350 non
1248 1310 1282 1350 a
1311 1295 1492 1351 bonis.

356 1385 533 1440 Vens.
568 1388 656 1439 13.
688 1414 759 1425 -
786 1385 1064 1440 Extende.
1116 1383 1258 1452 Quia
1300 1383 1375 1438 nil
1405 1384 1527 1454 plus
1556 1384 1703 1439 valet
1730 1399 1891 1441 cura-

284 1473 419 1529 tioni
449 1472 928 1545 eleemosynarum
973 1472 1246 1545 largitate,
1298 1472 1443 1527 unde
1492 1471 1691 1529 dicitur
1725 1490 1737 1528 :
1771 1474 1891 1531 Non

286 1565 361 1618 sit
379 1579 595 1617 manus
618 1566 720 1617 tua
747 1562 1221 1634 adaccipiendum
1238 1566 1520 1634 porrecta,
1544 1562 1640 1618 sed
1658 1563 1731 1618 ad
1750 1563 1892 1619 dan-

286 1651 423 1707 dum
452 1652 693 1707 collecta
707 1650 878 1721 (Eccl.
911 1651 1008 1721 Iv).
1042 1649 1182 1719 Quia
1194 1649 1398 1705 frustra
1418 1666 1520 1721 pro
1540 1651 1781 1722 peccatis
1801 1668 1891 1708 ro-

286 1747 520 1814 gaturus
550 1755 748 1795 manus
776 1739 847 1795 ad
875 1740 1051 1807 Deum
1082 1738 1357 1810 expandit,
1391 1739 1484 1811 qui
1528 1740 1628 1795 has
1656 1741 1727 1797 ad
1755 1757 1891 1813 pau-
1912 1762 1967 1823 Β

287 1846 451 1902 peres
481 1844 586 1901 pro
614 1844 781 1900 posse
808 1844 918 1884 non
947 1828 1206 1885 extendit.

355 1946 520 2002 Sicut
551 1946 759 2001 altera.
792 1944 969 2000 Homo
998 1951 1123 2000 ante
1153 1944 1448 2000 adventum
1479 1943 1680 2001 Christi
1706 1944 1893 2001 dexte-

292 2049 410 2090 ram
439 2033 637 2089 habuit
667 2032 1004 2106 languidam,
1039 2032 1167 2104 quia
1195 2032 1266 2087 ab
1313 2032 1677 2105 eleemosynis
1703 2041 1893 2105 torpe-

291 2123 381 2179 bat
414 2141 428 2178 :
465 2121 749 2178 sinistram
779 2137 971 2178 sanam
1002 2121 1131 2194 quia
1159 2138 1272 2179 suae
1291 2121 1508 2177 utilitati
1540 2122 1852 2179 intendebat
1877 2139 1889 2179 :

291 2213 388 2269 sed
434 2212 693 2268 veniente
740 2210 956 2267 Christo
1002 2211 1231 2267 dextera
1276 2218 1502 2267 sanatur
1538 2218 1597 2266 ut
1625 2211 1890 2269 sinistra:

297 2303 423 2374 quia
453 2301 605 2375 quod
634 2308 1075 2374 congregaverat
1094 2300 1272 2370 avide,
1294 2300 1460 2357 modo
1479 2299 1752 2356 distribuit
1772 2301 1897 2357 cha-

291 2392 473 2447 ritate.

356 2507 535 2563 Vaas.
570 2509 657 2563 15.
690 2534 761 2547 -
788 2507 1035 2562 Recessit
1080 2505 1231 2561 inde.
1264 2504 1407 2559 Nota
1449 2503 1759 2575 exemplum
1791 2520 1803 2559 :
1837 2503 1897 2560 Si

290 2613 380 2654 vos
406 2597 699 2670 persecuti
729 2599 867 2651 sunt
898 2597 961 2651 in
988 2611 1107 2651 una
1138 2595 1390 2662 civitate,
1416 2595 1598 2665 fugite
1624 2596 1689 2649 in
1719 2593 1897 2648 aliam

289 2686 510 2757 (Matth.
546 2685 625 2755 ι).
659 2685 854 2741 Secuti
883 2688 1040 2739 sunt.
1074 2681 1234 2739 Docti
1262 2682 1395 2738 visis
1442 2681 1731 2737 virtutibus
1770 2697 1897 2753 per-

296 2781 623 2847 sequuntur,
654 2773 860 2829 indocti
908 2771 1162 2843 opinione
1208 2772 1327 2841 ejus
1355 2771 1505 2828 ducti
1546 2770 1781 2827 amando
1811 2786 1898 2826 se-

292 2870 561 2934 quuntur,
594 2861 741 2917 unde
769 2869 825 2917 et
850 2861 1034 2918 curari
1061 2867 1363 2917 merentur.

362 2979 541 3034 Vsus.
577 2980 666 3034 16.
699 3007 768 3019 -
797 2979 869 3034 Et
897 2980 1188 3051 praecepit.
1212 2977 1337 3033 Non
1368 2976 1582 3045 timore,
1614 2992 1685 3033 ne
1715 2975 1902 3048 prodi-

290 3076 372 3123 tus
383 3066 755 3136 occideretur,
779 3066 876 3122 sed
888 3066 1167 3137 parcendo
1186 3065 1406 3135 Iudaeis,
1422 3081 1492 3121 ne
1503 3064 1708 3122 invidia
1718 3064 1885 3121 truci-

1993 512 2330 568 muscarum,
2362 498 2435 554 ob
2481 498 2675 554 sordes
2720 498 3046 554 immolatitii
3094 497 3377 570 sanguinis
3409 514 3422 554 :
3455 497 3595 554 deus

1990 594 2073 642 est
2102 589 2373 657 Accaron,
2408 603 2518 660 quo
2545 587 2766 643 nomine
2815 594 3013 644 vocant
3041 587 3347 659 principem
3388 587 3597 643 daemo-

1991 675 2228 732 niorum.

2062 791 2233 846 Vens.
2283 794 2374 849 25.
2415 821 2485 832 -
2517 790 2693 847 Omne
2739 807 2995 863 regnum.
3054 790 3388 847 Necessaria
3444 805 3596 847 com-

1991 879 2244 952 plexione
2274 896 2371 935 eos
2414 880 2615 953 arguit.
2657 880 2759 937 Vel
2802 880 2948 935 enim
2980 880 3231 935 Christus
3270 880 3469 936 virtute
3496 878 3601 936 Dei

1992 971 2270 1026 daemones
2301 969 2463 1038 ejicit,
2498 970 2586 1024 vel
2605 969 2661 1024 in
2680 970 2929 1042 principe
2950 969 3367 1025 daemoniorum.
3400 968 3459 1024 Si
3486 968 3599 1024 vir-

1992 1066 2106 1114 tute
2136 1058 2255 1126 Dei,
2290 1057 2496 1113 frustra
2544 1058 2964 1114 calumniantur.
3008 1059 3065 1115 Si
3108 1057 3165 1112 in
3192 1057 3442 1129 principe
3488 1057 3600 1113 dte-

1991 1148 2320 1215 moniorum,
2354 1163 2587 1220 regnum
2617 1148 2735 1217 ejus
2762 1147 2996 1203 divisum
3026 1154 3129 1216 est,
3159 1160 3263 1202 nec
3293 1144 3459 1201 stabit
3493 1162 3506 1201 :
3538 1153 3596 1201 et

1990 1236 2117 1292 ideo
2159 1251 2193 1291 a
2239 1251 2413 1308 regno
2462 1237 2579 1305 ejus
2609 1237 2870 1291 recedant
2903 1252 2917 1292 :
2950 1236 3097 1308 quod
3138 1234 3311 1290 innuit
3356 1250 3455 1291 eos
3491 1233 3598 1292 sibi

1994 1326 2250 1400 elegisse,
2282 1326 2414 1380 dum
2442 1326 2500 1380 in
2528 1338 2588 1381 se
2618 1341 2728 1381 non
2757 1325 3009 1382 credunt.

2064 1441 2235 1496 Vnus.
2266 1442 2527 1499 26.—-Et
2548 1443 2731 1498 omnis
2752 1443 2973 1497 civitas.
3004 1439 3216 1495 Eadem
3244 1438 3383 1495 ratio
3412 1445 3494 1494 est
3514 1438 3592 1494 ci-

1994 1529 2175 1586 vitatis
2204 1538 2257 1585 et
2286 1531 2501 1601 domus,
2536 1547 2658 1603 quae
2676 1530 2850 1603 regni.
2886 1529 3088 1585 Civitas
3117 1528 3421 1584 Jerusalem
3450 1542 3593 1581 sem-

1994 1635 2095 1689 per
2124 1619 2385 1692 gloriosa,
2420 1628 2711 1692 postquam
2740 1618 2796 1673 in
2826 1618 3100 1674 Christum
3132 1626 3184 1674 et
3212 1618 3268 1673 in
3297 1615 3590 1689 Apostolos

1997 1708 2218 1778 exarsit,
2252 1708 2396 1764 facta
2424 1708 2708 1776 divisione,
2743 1708 2955 1764 excidio
2984 1707 3199 1763 cecidit.
3532 1770 3539 1777 α

2067 1798 2238 1853 Vnus.
2271 1800 2362 1854 27.
2387 1828 2439 1840 -
2464 1800 2534 1854 Et
2561 1798 2612 1853 si
2640 1814 2737 1869 ego
2763 1800 2827 1853 in
2881 1797 3196 1853 Beelzebub.
3248 1796 3304 1852 Si
3345 1794 3590 1866 expulsio

1994 1886 2301 1942 daemonum
2330 1887 2385 1940 in
2413 1886 2538 1941 filiis
2568 1886 2761 1941 vestris
2782 1887 2899 1941 Deo
2928 1900 3039 1941 non
3067 1884 3405 1940 daemonibus
3425 1885 3590 1955 depu-

1993 1983 2152 2042 tatur,
2183 1991 2348 2048 quare
2378 1975 2434 2030 in
2478 1991 2567 2032 me
2606 1975 2752 2031 idem
2800 1991 2938 2045 opus
2983 1974 3235 2029 eamdem
3265 1989 3375 2029 non
3422 1972 3587 2029 habet

1992 2079 2212 2121 causam
2244 2065 2273 2120 Ἰ

2063 2155 2195 2227 Ipsi,
2228 2160 2330 2208 etc.
2364 2152 2801 2225 Contemptibilia
2830 2152 3018 2207 mundi
3043 2152 3127 2217 [in
3156 2149 3354 2224 quibus
3400 2157 3588 2207 sancta

1997 2242 2317 2314 simplicitas
2344 2258 2485 2298 mese
2511 2242 2721 2299 virtutis
2749 2250 2995 2313 apparet.
3027 2242 3127 2297 Vel
3156 2240 3229 2295 ita
3258 2240 3474 2312 potius:
3510 2239 3591 2295 Fi~

1992 2331 2069 2398 lii,
2094 2330 2150 2385 id
2180 2338 2282 2397 est,
2312 2329 2557 2401 Apostoli
2588 2331 2680 2402 qui
2707 2331 2846 2386 bene
2876 2330 2981 2385 sibi
3006 2328 3213 2386 conscii
3241 2336 3411 2395 erant,
3454 2327 3591 2384 nihil

1992 2419 2154 2474 malae
2181 2418 2314 2473 artis
2340 2420 2411 2474 ab
2441 2435 2507 2474 eo
2534 2419 2789 2475 didicisse
2822 2436 2835 2472 :
2870 2418 2993 2474 ideo
3010 2418 3114 2490 ipsi
3136 2424 3301 2474 testes
3321 2417 3429 2473 mei
3448 2416 3590 2487 judi-

1998 2507 2087 2575 cii,
2114 2508 2422 2578 judicantes
2447 2507 2736 2563 duodecim
2766 2507 2939 2563 tribus
2966 2506 3155 2561 Israel.

2064 2597 2236 2653 Vens.
2267 2601 2358 2654 28.
2380 2628 2449 2637 -
2469 2597 2528 2653 Si
2555 2601 2749 2653 autem
2769 2612 2884 2668 ego.
2928 2595 3029 2650 Illa
3057 2610 3189 2666 pars
3223 2611 3238 2648 :
3272 2595 3332 2652 Si
3380 2609 3478 2666 ego
3520 2594 3586 2649 in

2005 2685 2299 2742 Beelzebub
2321 2687 2483 2758 ejicio
2506 2686 2806 2750 daemones,
2840 2684 2911 2739 ad
2953 2684 3110 2755 plura
3151 2681 3589 2739 inconvenientia

1994 2774 2258 2847 perducta
2286 2782 2389 2841 est,
2419 2774 2585 2829 modo
2614 2773 2792 2845 agitur
2820 2774 2889 2828 de
2916 2772 3024 2827 alia
3050 2779 3204 2844 parte
3247 2769 3587 2841 complexio-

1997 2864 2102 2919 nis.
2126 2864 2185 2919 Si
2212 2868 2405 2920 autem
2424 2880 2518 2935 ego
2542 2864 2752 2935 spiritu
2778 2864 2896 2918 Dei.
2918 2861 3018 2917 Hic
3044 2861 3220 2917 Lucas
3234 2859 3307 2915 ait
3351 2876 3365 2913 :
3400 2860 3466 2914 in
3495 2858 3590 2915 di-

1998 2954 2113 3025 gito
2140 2952 2274 3023 (Luc
2293 2951 2399 3024 x1).
2421 2951 2636 3023 Digitus
2695 2951 2890 3007 dicitur
2916 2949 3146 3021 Spiritus
3185 2954 3403 3004 sanctus
3462 2962 3588 3018 pro-

1999 3041 2289 3112 partitione
2317 3041 2605 3096 donorum.
2635 3039 2886 3113 Regnum
2916 3037 3141 3105 Dei,vel
3167 3037 3408 3108 seipsum
3436 3035 3585 3092 dicit.
3640 3074 3645 3077 ν

288 3156 554 3213 darentur
600 3155 659 3210 in
706 3124 824 3225 ejus
868 3124 1181 3212 innocentia
1227 3161 1281 3211 et
1308 3124 1745 3210 mansuetudine.
1786 3153 1887 3209 Hic
1905 3124 1956 3188 Ο
1982 3129 2140 3225 vllae
2159 3129 2285 3184 alibi
2308 3149 2322 3196 ἓ
2345 3129 2554 3225 Medii?
2564 3130 2725 3225 in!"
2745 3144 2835 3185 υθδ
2853 3129 3033 3193 “et”,
3054 3142 3218 3225 qf‘ﬁm
3230 3141 3321 3182 υοδ
3333 3125 3572 3225 "escit"

292 3245 523 3317 mystice
550 3260 656 3301 nos
684 3242 921 3314 instruit,
953 3260 1024 3300 ne
1057 3259 1183 3300 cum
1212 3242 1417 3316 aliquid
1453 3241 1892 3316 magnifacimus,

298 3333 522 3390 laudem
546 3332 685 3389 foris
714 3347 1041 3404 quaeramus.

375 3453 554 3508 Vnus.
589 3455 678 3507 18.
701 3481 772 3493 -
798 3451 1187 3509 Animaemew.
1218 3450 1325 3507 Per
1339 3449 1579 3506 animam
1609 3448 1788 3506 omnis
1817 3448 1898 3505 af-

286 3538 454 3597 fectus
481 3540 912 3596 demonstratur.

354 3629 531 3685 Vsus.
564 3631 658 3687 20.
690 3658 760 3670 -
789 3628 1161 3685 Arundinem.
1186 3627 1425 3697 Iudaeos,
1458 3628 1610 3684 omni
1627 3635 1789 3684 vento
1808 3643 1900 3685 ce-

292 3718 498 3787 dentes,
534 3717 632 3789 qui
662 3717 735 3773 ab
779 3716 1017 3773 invicem
1062 3716 1430 3789 discrepando
1475 3716 1724 3788 dissipati
1753 3724 1896 3786 sunt,

292 3822 392 3863 non
438 3822 573 3863 mox
622 3806 923 3874 damnabit,
986 3804 1085 3861 sed
1134 3804 1496 3877 supportabit.
1548 3806 1902 3863 Arundinem

293 3900 638 3969 quassatam.
672 3894 778 3965 Qui
808 3894 1061 3967 peccanti
1109 3910 1220 3951 non
1252 3893 1489 3967 porrigit
1524 3910 1767 3964 manum,
1800 3909 1903 3952 nec

300 3992 474 4055 portat
504 4000 649 4040 onus
680 3982 887 4051 fratris,
931 3990 1252 4055 quassatum
1279 3982 1555 4039 calamum
1583 3984 1899 4058 confringit.

302 4072 363 4128 Et
389 4074 483 4146 qui
515 4072 647 4129 ﬁdei
677 4072 952 4129 modicam
1002 4071 1292 4128 scintillam
1339 4073 1637 4128 contemnit
1682 4072 1739 4128 in
1767 4088 1901 4145 par-

294 4163 443 4233 vulis,
496 4162 672 4217 linum
723 4160 1000 4235 fumigans
1062 4160 1331 4233 extinguit
1388 4178 1400 4216 :
1452 4162 1601 4233 quod
1656 4161 1904 4217 Christus

294 4265 395 4307 non
421 4251 574 4320 fecit,
612 4251 706 4323 qui
738 4251 920 4323 potius
968 4249 1115 4307 venit
1154 4265 1404 4322 quaerere
1449 4249 1596 4322 quod
1624 4250 1900 4321 perierat;

290 4340 606 4410 patientiam
635 4354 873 4412 namque
921 4339 1183 4408 servavit,
1237 4338 1415 4396 donec
1457 4338 1725 4408 judicium
1755 4338 1903 4410 quod

291 4426 347 4481 in
373 4443 437 4484 eo
468 4428 763 4501 agebatur,
798 4428 868 4483 ad
900 4427 1185 4484 victoriam
1214 4426 1548 4499 perveniret,
1583 4435 1635 4481 et
1669 4426 1895 4498 expulso

290 4515 473 4571 mundi
505 4516 756 4588 principe
778 4516 848 4572 ad
870 4533 1102 4589 regnum
1131 4515 1356 4586 rediret,
1386 4516 1444 4571 in
1471 4515 1697 4571 dextera
1720 4514 1899 4571 Patris

291 4605 508 4673 sedens,
544 4604 723 4660 donec
753 4612 921 4676 ponat
968 4604 1219 4662 inimicos
1269 4605 1371 4662 sub
1401 4605 1651 4678 pedibus.
1694 4606 1901 4660 Linum

288 4695 601 4766 fumigans.
651 4692 876 4763 Gentes,
912 4708 1049 4765 quas
1075 4693 1343 4749 naturalis
1390 4694 1528 4767 legis
1558 4693 1758 4749 ardore
1785 4692 1902 4751 fere

291 4782 529 4838 extincto
598 4780 783 4836 fumus
840 4781 1044 4836 erroris
1103 4782 1479 4837 amarissimus
1512 4823 1526 4851 ,
1600 4788 1651 4836 et
1717 4780 1904 4837 odoris

289 4871 490 4927 noxius
525 4870 755 4927 involvit
788 4887 801 4926 :
836 4886 973 4943 quas
1018 4885 1131 4926 non
1178 4870 1449 4939 exstinxit,
1500 4869 1597 4925 sed
1634 4869 1704 4925 de
1730 4884 1904 4941 parva

287 4959 525 5017 scintilla
569 4960 628 5015 in
662 4974 925 5034 magnum
975 4959 1234 5017 ardorem
1280 4958 1423 5033 ignis
1470 4958 1571 5015 Dei
1599 4957 1897 5015 suscitavit-

287 5049 495 5104 Donec.
537 5048 751 5104 Tandiu
781 5048 1103 5120 praedicatio
1151 5050 1269 5119 ejus
1298 5047 1460 5104 nullis
1488 5047 1697 5102 insidiis
1736 5064 1904 5120 supe—

286 5144 414 5191 rata
444 5137 647 5193 mundo
684 5136 850 5207 lucet,
902 5138 1078 5195 donec
1124 5146 1292 5210 ponat
1339 5137 1393 5191 in
1440 5145 1588 5192 terra
1611 5136 1897 5205 judicium,

283 5234 336 5279 et
366 5224 668 5296 impleatur
721 5242 736 5281 :
768 5228 897 5283 Fiat
944 5228 1205 5284 voluntas
1238 5231 1355 5295 tua,
1405 5227 1555 5283 sicut
1592 5227 1655 5282 in
1682 5227 1817 5285 caelo
1846 5232 1902 5285 et

282 5314 346 5369 in
374 5319 553 5370 terra.

349 5402 526 5458 Vens.
561 5406 651 5460 22.
690 5432 762 5443 -
790 5404 861 5458 Et
891 5405 1131 5460 curavit.
1181 5402 1313 5458 Tria
1356 5402 1516 5478 signa
1558 5403 1719 5461 simul
1754 5404 1901 5463 facta

288 5497 419 5544 sunt
453 5507 575 5562 quae
604 5499 660 5547 et
690 5490 935 5562 quotidie
963 5491 1020 5546 in
1039 5491 1421 5562 conversione,
1446 5492 1727 5549 hominum
1745 5494 1898 5563 ﬁunt,

288 5584 345 5631 ut
376 5578 607 5648 expulso
656 5579 906 5635 daemone
952 5578 1139 5636 lumen
1187 5579 1317 5635 fidei
1362 5580 1585 5638 videant
1631 5588 1684 5635 et
1725 5581 1899 5636 Deum

284 5665 529 5723 laudent.
1212 5676 1229 5688 ‘

1998 3220 2151 3291 (Luc.
2185 3233 2265 3285 χι,
2296 3220 2456 3276 Joan.
2488 3218 2687 3289 t).Vel,
2717 3233 2947 3289 regnum
2968 3215 3112 3288 quod
3130 3216 3371 3271 Joannes
3392 3221 3447 3269 et
3462 3213 3582 3285 ipse

1997 3308 2156 3363 Iesus
2166 3307 2497 3379 praedicavit.
2513 3308 2919 3363 Paenitentiam
2929 3308 3080 3377 agite
3093 3324 3111 3361 :
3123 3321 3193 3377 ap
3195 3303 3594 3377 propinquabit

1998 3397 2153 3453 enim
2178 3413 2420 3469 regnum
2449 3397 2717 3452 czelorum
2746 3395 2965 3466 (Matth.
2993 3396 3141 3459 XXI).
3175 3393 3274 3448 Est
3303 3399 3356 3447 et
3371 3390 3585 3447 tertium

1997 3501 2232 3559 regnum
2255 3485 2547 3556 Scripturae
2586 3482 2960 3555 sanctse,quod
2986 3481 3229 3538 aufertur
3255 3497 3286 3535 a
3310 3479 3511 3537 Judmis
3540 3486 3595 3536 et

1999 3574 2160 3629 datur
2189 3574 2338 3646 genti
2368 3573 2585 3630 facienti
2607 3573 2841 3629 fructum
2856 3573 2993 3642 ejus.
3018 3571 3118 3627 Vel
3142 3584 3392 3643 regnum,
3409 3569 3463 3624 id
3479 3574 3583 3635 est,

1999 3678 2190 3719 omnes
2217 3662 2406 3718 mundi
2434 3669 2641 3733 partes,
2670 3661 2944 3731 Apostolis
2973 3668 3025 3716 et
3054 3658 3465 3717 successoribus
3494 3672 3589 3715 eo-

2000 3768 2118 3807 rum
2153 3752 2223 3807 ad
2251 3750 2677 3807 convertendum
2725 3748 3018 3803 distribuit.

2072 3841 2243 3897 Vens.
2271 3841 2361 3897 29.
2384 3839 2582 3894 —-Aut
2611 3836 2876 3911 quomodo
2904 3839 3105 3909 potest.
3153 3834 3406 3891 Ostendit
3447 3849 3587 3909 ergo

2000 3928 2266 3985 Dominus
2295 3943 2393 3999 per
2416 3926 2762 3982 manifestam
2791 3924 3133 3997 parabolam,
3160 3924 3305 3999 quod
3333 3938 3445 3980 non
3458 3937 3589 3980 con-

2003 4019 2197 4075 cordat
2221 4018 2277 4072 in
2309 4015 2491 4071 fallaci
2537 4015 2856 4087 operatione
2893 4030 3018 4071 cum
3066 4014 3405 4072 daemonibus
3450 4011 3588 4069 sicut

2002 4107 2491 4173 calumniabautur,
2522 4105 2622 4161 sed
2667 4104 2863 4161 virtute
2917 4103 3212 4161 divinitatis
3256 4102 3505 4161 homines
3557 4115 3593 4157 a

2002 4196 2270 4253 daemonio
2297 4195 2588 4261 liberaret;
2620 4192 2851 4266 ideoque
2877 4194 3083 4267 grande
3114 4193 3295 4251 scelus
3338 4189 3591 4249 commit-

2000 4293 2136 4355 tunt,
2169 4284 2262 4357 qui
2291 4283 2439 4356 quod
2465 4284 2564 4338 Dei
2604 4299 2728 4339 esse
2771 4291 3159 4355 cognoverant,
3210 4280 3416 4338 diaboli
3460 4294 3587 4334 esse

2002 4372 2327 4428 clamabant.
2360 4372 2552 4443 Neque
2582 4372 2727 4427 enim
2768 4381 2998 4443 possunt
3036 4388 3160 4428 esse
3214 4367 3514 4428 concordes
3573 4384 3587 4421 :

1917 4485 1971 4547 D
2002 4476 2232 4534 quorum
2260 4474 2428 4532 opera
2455 4460 2669 4517 diversa
2690 4467 2833 4515 sunt.
2854 4460 3006 4515 Unde
3027 4460 3175 4515 addit
3200 4477 3213 4513 :
3245 4458 3351 4526 Qui
3369 4472 3486 4515 non
3505 4458 3592 4512 est

1999 4565 2242 4617 mecum,
2276 4556 2379 4605 etc.

2070 4641 2308 4697 Domum
2337 4639 2493 4694 illus.
2527 4636 2626 4692 Vel
2654 4636 2896 4705 domum,
2945 4635 3001 4690 id
3047 4642 3149 4705 est,
3179 4648 3370 4692 omnes
3395 4631 3589 4690 mundi

1998 4736 2180 4800 partes
2207 4726 2481 4799 Apostolis
2510 4733 2564 4781 et
2593 4740 2783 4780 eorum
2822 4724 3230 4781 successoribus
3262 4724 3332 4779 ad
3364 4738 3585 4780 conver-

2000 4816 2225 4873 tendum
2267 4812 2558 4871 distribuit.

2071 4905 2243 4961 Vnns.
2276 4907 2364 4959 30.
2382 4933 2453 4944 —
2478 4903 2581 4971 Qui
2609 4916 2726 4959 non
2751 4905 2839 4957 est
2866 4917 3107 4967 mecum,
3131 4908 3234 4958 etc.
3268 4900 3331 4956 Id
3357 4907 3458 4967 est,
3490 4899 3586 4972 qui

2001 4992 2287 5049 dissimilia
2309 4992 2447 5047 meis
2474 4990 2598 5047 facit
2626 5005 2815 5062 opera,
2876 4989 3183 5046 contrarius
3236 4988 3371 5045 mihi
3426 4996 3510 5045 est
3567 5007 3581 5045 :

2000 5082 2092 5139 ille
2120 5080 2284 5138 trahit
2310 5080 2381 5138 ad
2409 5079 2555 5147 vitia,
2589 5094 2695 5151 ego
2723 5079 2794 5136 ad
2839 5078 3088 5136 virtutes.

2076 5199 2242 5254 Vsus.
2271 5199 2441 5253 31.—
2457 5196 2629 5254 Omne
2648 5200 2943 5269 peceatum
2954 5199 3012 5252 et
3038 5192 3406 5269 blasphemia.
3429 5191 3594 5264 Quod

1999 5289 2239 5344 humana
2263 5286 2550 5358 fragilitate
2588 5284 2942 5350 contrahitur,
3002 5283 3325 5341 remissibile
3382 5291 3483 5353 est,
3544 5282 3595 5339 si

2000 5375 2351 5450 congregatio
2377 5390 2487 5429 non
2516 5374 2821 5431 deseratur.
2851 5374 2908 5429 Si
2939 5388 3068 5431 vero
3098 5372 3367 5432 diabolica
3412 5372 3590 5430 obsti-

1998 5466 2217 5522 natione
2246 5464 2315 5519 de
2344 5462 2688 5534 dispersione
2715 5462 2786 5518 ad
2813 5463 3295 5535 congregationem
3314 5473 3590 5532 nunquam

1998 5553 2225 5619 reditur,
2256 5559 2546 5623 peccatum
2573 5551 2866 5609 insolubile
2901 5551 3198 5622 judicatur.

2068 5667 2281 5742 (Πιειι.)
2295 5668 2471 5727 Omne
2485 5672 2801 5743 peccatum.
2819 5667 2945 5725 Non
2964 5667 3150 5724 omnia
3166 5669 3385 5739 peccata
3415 5660 3590 5722 omni-
