4000 6182
405 240 509 325 1‘27

975 266 1380 325 WALAFRIDI
1393 265 1661 340 LSTRABI
1698 266 1897 325 FULD.
1936 263 2112 322 MON.
2154 262 2309 321 OPP.
2349 262 2527 322 PARS
2563 264 2605 320 Ι.
2645 293 2715 308 --
2751 262 3219 322 THEOLOGICA.

3594 270 3696 325 128

404 395 510 450 bus
536 392 905 460 remittuntur,
940 394 1040 449 sed
1069 393 1177 461 his,
1209 401 1340 459 etc.,
1373 409 1549 467 usque
1576 393 1852 450 adomnes
1900 406 2002 449 ve-
2023 390 2080 454 A
2108 389 2263 445 ribus
2289 390 2480 457 haeret,
2513 389 2659 463 quod
2687 390 2826 448 sicut
2853 390 3030 448 bonus
3056 392 3347 448 homonon
3359 397 3542 463 potest
3565 406 3698 464 pro-

404 483 555 538 niam
582 490 977 539 consecuturos
1003 490 1128 553 post
1156 482 1472 538 universale
1497 482 1789 551 judicium,
1822 488 2001 537 trans-

407 571 545 631 actis
573 570 702 629 licet
727 571 912 627 multis
942 570 1179 637 saeculis,
1222 586 1500 626 asserens.

477 688 725 760 Spiritus
752 690 965 743 autem.
998 686 1105 755 Qui
1132 685 1421 741 manifeste
1450 700 1621 756 opera
1650 683 1752 740 Dei
1797 682 2001 740 intelli-

406 775 507 849 git,
541 790 666 832 cum
696 775 765 831 de
793 775 991 831 virtute
1011 788 1217 847 negare
1235 789 1347 829 non
1363 773 1557 844 possit,
1585 773 1632 827 si
1652 773 1960 830 stimulatus
1984 791 1997 828 :

405 862 610 920 invidia
657 863 1036 930 calumniatur,
1088 871 1141 917 et
1188 862 1320 918 dicit
1365 878 1489 917 esse
1536 861 1860 927 Beelzebub,
1914 862 2001 917 isti

406 967 519 1010 non
548 952 866 1007 dimittetur.
899 951 1022 1006 Non
1057 951 1202 1023 quod
1233 959 1286 1006 et
1316 951 1366 1006 ei
1393 958 1627 1023 negetur
1654 950 1907 1006 remissio
1955 951 2002 1006 si

406 1041 742 1113 paeniteret:
790 1040 887 1097 sed
934 1040 1064 1112 quia
1106 1040 1196 1095 hic
1234 1039 1608 1110 blasphemus,
1659 1039 2002 1112 exigentibus

406 1129 618 1185 meritis
646 1129 760 1185 suis
787 1129 966 1197 malis,
1001 1130 1139 1186 sicut
1174 1144 1450 1200 nunquam
1499 1129 1571 1184 ad
1599 1128 1998 1197 remissionem,

405 1218 484 1274 ita
510 1233 615 1274 nec
643 1218 714 1274 ad
743 1219 1118 1289 paenitentiam
1146 1226 1509 1289 perventurus
1539 1217 1627 1273 sit.
1660 1217 1812 1274 Sicut
1836 1219 2006 1274 Joan‘

405 1323 506 1363 nes
536 1307 877 1378 evangelista
907 1308 975 1362 de
998 1307 1325 1379 quibusdam
1354 1306 1707 1377 blasphemiae
1739 1323 1851 1361 suae
1878 1322 2001 1362 me-

406 1396 513 1454 rito
543 1395 831 1453 excaecatis
858 1396 931 1449 ait
963 1413 977 1451 :
1008 1398 1311 1472 Propterea
1338 1412 1455 1451 non
1470 1400 1739 1468 poterant
1778 1396 2003 1452 credere

376 1556 383 1559 Α
408 1485 595 1558 (Joan.
628 1484 713 1555 Χ).
740 1483 898 1553 Quod
918 1485 1117 1540 iterum
1145 1484 1278 1538 dixit
1300 1484 1472 1539 Isaias
1496 1501 1509 1538 :
1531 1485 1852 1540 Exetecavit
1880 1501 2005 1541 ocuo

413 1576 494 1632 los
522 1590 714 1630 eorum
745 1574 881 1645 (Isa.
917 1572 1015 1644 γι).
1050 1571 1154 1642 Qui
1185 1573 1445 1643 Spiritum
1465 1580 1836 1629 sanctumnon
1856 1588 1998 1640 esse,

408 1662 496 1720 vel
525 1662 796 1718 minorem
828 1663 990 1717 Patre
1021 1662 1272 1728 credunt,
1307 1669 1359 1716 et
1386 1661 1573 1717 dicunt
1604 1680 1617 1715 :
1652 1661 1781 1735 quia
1795 1677 1905 1717 non
1922 1662 2004 1716 in-

409 1750 558 1809 vidia
586 1750 878 1817 diabolica,
914 1750 1012 1806 sed
1038 1751 1273 1806 humana
1303 1750 1613 1823 ignorantia
1640 1751 1745 1807 hoc
1777 1750 2005 1819 faciunt,
2024 1753 2078 1814 B

413 1839 777 1896 irremissibili
807 1840 1035 1895 crimine
1055 1855 1165 1895 non
1187 1847 1457 1895 tenentur.
1490 1839 1600 1894 Sed
1632 1839 1724 1911 qui
1758 1840 1815 1894 in
1852 1839 2008 1895 simi-

415 1928 643 1984 litudine
681 1927 885 1983 diaboli
915 1937 1106 1984 contra
1135 1928 1527 1984 conscientiam
1558 1943 1714 1983 suam
1758 1929 2010 1997 majesta-

416 2024 529 2073 tem
578 2017 678 2072 Dei
721 2025 1060 2090 oppugnant,
1110 2032 1220 2072 non
1261 2017 1464 2072 habent
1510 2016 1887 2073 remissionem
1952 2017 2010 2071 in

412 2113 698 2172 aeternum,
733 2106 873 2162 sicut
900 2106 1118 2161 Marcus
1148 2113 1333 2176 aperte
1363 2104 1638 2162 declarat:
1691 2105 1783 2177 qui
1828 2105 2008 2177 posito

411 2195 518 2250 hoc
546 2193 857 2250 testimonio
885 2193 1104 2250 Domini
1160 2193 1434 2262 subjunxit
1479 2212 1493 2249 :
1532 2196 1807 2263 Quoniam
1861 2194 2008 2251 dice-

413 2282 569 2349 bant,
605 2284 876 2356 spiritum
903 2283 1269 2359 immundum
1299 2282 1461 2338 habet
1511 2278 1735 2353 (Matth.
1794 2284 1897 2353 ιιι).

483 2370 653 2428 Vens.
688 2376 776 2431 32.
828 2401 897 2412 -
949 2373 1018 2427 Et
1046 2372 1381 2445 quicunque.
1414 2371 1645 2443 (Anam)
1689 2371 1867 2427 Etiam
1917 2372 2007 2443 qui

415 2461 813 2518 scandalizatus
842 2458 1156 2515 infirmitate
1186 2459 1369 2517 carnis
1399 2476 1555 2527 mem,
1589 2476 1789 2532 purum
1835 2461 2007 2516 homi-

410 2565 537 2606 nem
567 2550 654 2608 vel
702 2558 1015 2609 voratorem
1073 2549 1382 2624 suspicatus
1437 2549 1618 2617 fuerit,
1678 2550 2007 2606 remissibile

411 2639 534 2697 erit.

488 2756 593 2824 Qui
621 2759 834 2811 autem.
874 2754 1125 2811 Gratiam
1155 2754 1331 2811 sancti
1363 2754 1597 2825 Spiritus
1625 2769 1732 2826 qua
1746 2754 2006 2824 poeniten-

408 2843 487 2899 tia
512 2842 813 2914 inspiratur
860 2851 913 2898 et
961 2843 1033 2898 ad
1080 2843 1569 2916 congregationem
1616 2842 1844 2910 reditur,
1898 2858 2005 2897 non

408 2946 751 3004 cognoscens
780 2931 1139 3003 impaenitenti
1195 2932 1363 2988 corde
1407 2931 1774 3002 permanserit
1816 2950 1829 2985 :
1881 2946 2005 2987 cum

407 3020 513 3077 hoc
534 3021 649 3090 jam
668 3035 778 3076 non
807 3021 874 3074 sit
910 3021 1225 3086 humanum,
1260 3020 1357 3075 sed
1386 3020 1732 3089 diabolicum,
1774 3016 2008 3076 irremis-

2100 477 2247 534 ferre
2274 478 2440 547 mala,
2470 479 2560 535 vel
2586 478 2764 535 malus
2794 479 2955 550 bona,
2989 480 3070 536 sic
3099 495 3203 536 nec
3230 479 3477 537 Christus
3526 479 3693 549 mala,

2099 581 2204 623 nec
2232 566 2484 625 diabolus
2513 567 2654 622 bona
2698 583 2863 638 opera
2908 575 3089 639 potest
3130 567 3333 624 facere.

2172 656 2530 711 Vens.36.-—
2558 657 2787 713 Verbum
2812 659 3073 713 otiosum.
3108 656 3165 711 Si
3194 656 3261 713 de
3292 656 3470 713 otioso
3521 658 3695 715 verbo

2101 744 2294 799 reddet
2318 745 2482 799 homo
2511 744 2856 800 rationemin
2886 745 2974 800 die
3006 744 3217 814 judicii,
3268 753 3468 817 quanto
3517 748 3696 820 magis

2101 848 2201 889 vos
2232 833 2323 904 qui
2352 848 2521 904 Opera
2550 833 2725 889 sancti
2756 833 2986 904 Spiritus
3014 832 3196 888 dicitis
3225 849 3347 889 esse
3368 834 3694 906 Beelzebud.

2173 922 2405 993 (Gnec..)
2435 921 2683 977 Otiosum
2710 922 2938 977 verbum
2982 929 3083 989 est,
3133 922 3279 995 quod
3325 930 3419 977 aut
3466 923 3698 979 utilitate

2103 1010 2468 1077 rectitudinis,
2500 1019 2593 1066 aut
2632 1010 2841 1065 ratione
2896 1011 3057 1079 juste
3108 1011 3455 1067 necessitatis
3526 1020 3698 1080 caret,

2101 1098 2246 1170 quod
2276 1097 2498 1168 scilicet,
2512 1106 2638 1165 etc.,
2667 1114 2843 1172 usque
2870 1099 2944 1154 ad
2962 1098 3051 1157 hic
3076 1114 3183 1155 non
3215 1098 3375 1155 otiosi
3402 1099 3553 1155 verbi
3596 1100 3698 1157 sed

2102 1187 2378 1244 criminosi
2410 1188 2675 1242 tenebitur
2699 1204 2844 1243 reus.

2174 1275 2345 1331 Vens.
2369 1276 2457 1330 37.
2484 1306 2553 1316 ——
2568 1277 2657 1332 Ex
2675 1277 2876 1337 verbis.
2895 1276 3037 1331 Mors
3057 1282 3111 1332 et
3128 1274 3559 1333 vitainmanibus
3595 1276 3700 1333 lin-

2102 1379 2244 1435 guae.

2175 1452 2348 1507 Vens.
2381 1455 2469 1507 38.
2503 1482 2572 1493 —
2599 1454 2750 1508 Tunc
2776 1452 3206 1524 responderunt.
3240 1452 3374 1507 Cum
3403 1452 3607 1510 Scribae
3647 1462 3702 1510 et

2104 1539 2361 1596 Pharisaei
2406 1540 2572 1597 verba
2617 1541 2919 1596 nullatenus
2963 1548 3190 1612 possent
3240 1540 3564 1612 improbare,
3641 1542 3700 1597 in

2104 1628 2358 1700 Operibus
2387 1636 2629 1699 qummnt
2659 1636 2880 1695 tentare,
2949 1636 3256 1701 quaerentes
3283 1629 3439 1701 signa
3498 1630 3704 1702 videre,

2108 1715 2262 1789 quasi
2292 1731 2400 1772 non
2428 1716 2624 1772 fuerint
2654 1716 2808 1788 signa
2843 1734 2963 1789 quae
3008 1717 3271 1773 viderant.

2177 1835 2348 1888 Vens.
2373 1836 2462 1888 39.
2490 1863 2560 1873 —
2580 1834 2705 1889 Nisi
2729 1834 2964 1905 signum
3001 1837 3175 1890 Jonw.
3199 1834 3449 1891 Ostendit
3485 1836 3704 1892 Judmos

2107 1921 2175 1976 ad
2207 1920 2377 1976 instar
2405 1920 2759 1978 Ninivitarum
2787 1921 3127 1989 criminosas,
3160 1931 3213 1978 et
3257 1923 3364 1978 nisi
3409 1923 3707 1995 poeniteant

2107 2004 2446 2060 subversioni
2472 2005 2771 2076 proximos.
2792 2005 2900 2060 Sed
2935 2006 3070 2061 sicut
3102 2006 3210 2061 illis
3258 2015 3310 2062 et
3363 2008 3705 2063 denuntiatur

2108 2093 2451 2165 supplicium,
2485 2100 2539 2149 et
2566 2094 2963 2149 demonstratur
3000 2095 3297 2150 remedium
3358 2114 3371 2150 :
3402 2095 3471 2151 ita
3499 2096 3706 2154 Judetei

2107 2198 2218 2237 non
2245 2183 2445 2238 debent
2475 2183 2770 2253 desperare
2810 2182 3041 2249 veniam,
3091 2183 3138 2238 si
3182 2183 3371 2240 saltem
3419 2193 3704 2257 postquam

2107 2271 2351 2327 Christus
2392 2272 2678 2326 resurrexit
2731 2288 2764 2327 a
2819 2272 3062 2340 mortuis,
3128 2272 3438 2329 commoniti
3491 2274 3705 2346 egerint

2107 2359 2523 2431 paenitentiam:
2582 2360 2704 2432 quia
2757 2377 2903 2417 mors
2958 2360 3157 2417 Christi
3187 2361 3562 2419 reconciliatio
3620 2371 3707 2419 est

2108 2448 2316 2504 mundi.

2178 2564 2350 2620 Vens.
2382 2567 2470 2620 4ο.
2503 2595 2571 2604 -
2597 2564 2758 2621 Sicut
2785 2566 2941 2621 enim
2961 2568 3080 2637 fuit
3092 2567 3283 2622 Jonas.
3308 2566 3491 2633 Jonas,
3518 2565 3573 2621 id
3595 2575 3701 2633 est,

2108 2651 2318 2719 dolens,
2352 2652 2620 2727 significat
2647 2652 2795 2709 illum
2824 2654 2914 2726 qui
2942 2654 3156 2709 dolores
3187 2662 3403 2710 nostros
3450 2655 3701 2726 portavit.

2106 2741 2212 2804 Vel
2241 2742 2490 2800 columba
2524 2760 2537 2796 :
2572 2741 2740 2797 Piscis
2769 2742 2860 2814 qui
2914 2743 3117 2799 voravit
3170 2743 3225 2797 in
3274 2744 3494 2817 pelago,
3554 2760 3705 2800 mors

2106 2851 2265 2909 quam
2296 2848 2490 2903 passus
2517 2837 2598 2887 est
2625 2831 2680 2885 in
2709 2830 2929 2887 mundo.
2962 2830 3109 2887 Sicut
3137 2832 3339 2901 ejectus
3367 2840 3449 2889 est
3487 2832 3543 2887 in
3592 2832 3705 2888 ari-

2106 2925 2249 2988 dam,
2286 2921 2363 2976 sic
2392 2919 2634 2974 Christus
2665 2920 2893 2974 surrexit
2925 2919 2978 2974 in
3027 2919 3273 2992 gloriam.

2185 3012 2375 3067 Tribus
2406 3008 2619 3064 diebus.
2650 3008 2796 3063 More
2842 3007 3207 3080 antiquorum,
3255 3008 3346 3081 qui
3393 3009 3536 3065 diem
3581 3025 3706 3065 cum

410 3109 568 3165 sibile
587 3109 708 3165 erit.
749 3109 796 3164 Ν
805 3125 938 3181 eque
956 3111 1020 3164 in
1041 3109 1141 3165 hoc
1160 3110 1384 3165 sceculo.
1408 3107 1672 3177 Quaedam
1684 3109 1827 3164 enim
1839 3109 2012 3180 culpae
2031 3108 2081 3171 C
2109 3107 2268 3157 ηοοῐθ
2326 3096 2666 3169 Pl‘ﬂecedeme
2724 3096 3122 3167 computabam
3182 3096 3394 3152 Ρδΐίθῐῐι
3436 3097 3545 3153 diei
3604 3114 3711 3171 qua

410 3197 469 3254 in
496 3198 602 3255 hoc
630 3197 833 3253 saeculo
863 3197 1116 3252 laxantur
1144 3217 1162 3253 :
1213 3198 1463 3268 quadam
1492 3213 1624 3253 vero
1673 3214 1859 3269 parvae
1902 3198 2007 3253 sci-

412 3285 543 3342 licet
597 3285 763 3341 etiam
792 3285 849 3339 in
881 3284 1081 3341 futuro.
1143 3284 1278 3354 Quae
1334 3285 1553 3357 quidem
1606 3294 1731 3357 post
1778 3295 2008 3341 mortem

409 3382 660 3447 gravant,
694 3374 796 3429 sed
833 3380 884 3431 et
913 3374 1274 3441 dimittuntur,
1308 3374 1355 3428 si
1385 3376 1549 3429 homo
1581 3375 1739 3431 bonis
1795 3376 2009 3432 actibus

417 3462 475 3518 in
504 3462 634 3529 vita,
666 3470 723 3517 ut
755 3462 827 3517 ibi
892 3462 1251 3530 dimittantur,
1284 3463 1605 3533 promeruit.
1640 3465 1821 3537 Neque
1838 3466 1901 3520 in
1924 3468 2011 3536 fu-

419 3556 571 3609 turo.
610 3550 754 3621 Quia
782 3560 908 3607 sunt
937 3552 1191 3624 quaedam
1217 3551 1379 3620 levia,
1414 3568 1536 3624 quae
1565 3552 1613 3607 si
1656 3552 1714 3607 in
1756 3554 1858 3609 hac
1905 3553 2011 3608 vita

413 3640 656 3697 nondum
686 3648 811 3695 sunt
839 3640 1090 3707 remissa,
1122 3648 1247 3712 post
1283 3649 1521 3697 mortem
1549 3649 1803 3714 gravant,
1835 3641 1933 3697 sed
1961 3649 2014 3697 et

415 3729 784 3797 remittuntur,
810 3729 856 3784 si
878 3729 1033 3802 digni
1045 3738 1190 3785 sunt.

481 3818 651 3875 Vens.
675 3821 763 3874 33.
794 3847 864 3861 --
883 3819 995 3875 Aut
1013 3821 1209 3890 facite.
1258 3819 1407 3875 Nihil
1453 3818 1599 3875 enim
1620 3819 1862 3876 medium
1883 3820 2013 3891 quin

411 3906 543 3963 boni
563 3907 802 3963 auctoris
832 3908 977 3963 bona
1006 3915 1216 3962 tantum
1251 3907 1358 3962 sint
1387 3923 1573 3978 opera,
1607 3916 1661 3964 et
1686 3908 1817 3964 mali
1844 3907 2009 3963 mala.

414 3994 672 4050 Coarctat
718 4010 815 4049 eos
860 3996 989 4052 hinc
1036 3996 1165 4051 inde
1226 3996 1624 4066 complexione,
1670 4005 1724 4051 et
1783 4004 2016 4067 utroque

414 4097 588 4138 cornu
630 4081 850 4153 premit.
908 4082 965 4138 Si
1019 4083 1199 4138 malus
1254 4092 1337 4138 est
1392 4084 1663 4150 diabolus,
1714 4100 1826 4139 non
1884 4083 2015 4142 facit

414 4169 598 4238 bona;
624 4170 672 4225 si
699 4170 846 4226 bona
874 4178 1015 4239 sunt,
1050 4187 1160 4226 non
1189 4180 1315 4227 sunt
1352 4172 1574 4228 diaboli.

485 4259 599 4315 Aut
627 4260 825 4331 facite,
858 4267 964 4315 etc.
1016 4259 1243 4330 Mystice
1289 4261 1457 4317 arbor
1499 4261 1661 4329 bona,
1715 4261 2018 4331 Christus;

415 4347 646 4416 fructus,
677 4347 996 4419 praedicatio
1034 4348 1359 4421 Evangelii;
1409 4350 1741 4417 curationes,
1794 4351 2009 4406 redem-

398 4436 763 4544 ptio.'Arbor
789 4436 937 4493 mala
955 4437 1220 4544 diabolus”
1237 4445 1290 4492 et
1320 4437 1421 4505 sui,
1453 4438 1509 4536 id
1692 4439 1898 4544 scribae
1953 4449 2007 4496 et
2028 4466 2085 4529 D

416 4525 678 4582 Pharismi
700 4544 713 4580 :
739 4534 792 4582 et
822 4526 1005 4582 caeteri
1033 4526 1166 4582 mali
1193 4525 1420 4592 fructus,
1452 4526 1674 4593 invidia,
1718 4528 2003 4597 detractio,

416 4612 775 4684 blasphemia,
807 4615 1036 4670 haeresis
1082 4624 1136 4670 et
1177 4615 1507 4685 hujusmodi.

487 4726 659 4783 Vens.
691 4728 779 4783 34.
810 4758 880 4770 -
908 4732 1209 4803 Progenies
1238 4733 1583 4804 viperarum,
1617 4739 1723 4788 etc.
1759 4730 2010 4789 Ostendit

418 4830 515 4872 eos
543 4816 745 4872 malam
773 4817 1029 4873 arborem
1054 4837 1068 4873 :
1102 4828 1156 4874 et
1183 4818 1391 4877 fructus
1409 4818 1609 4877 afferre
1631 4821 2005 4892 blasphemiae.

420 4905 509 4962 Ex
536 4905 911 4962 abundantia.
945 4907 1120 4963 Homo
1149 4924 1295 4979 saepe
1324 4909 1547 4979 fallitur,
1582 4910 1671 4982 qui
1700 4919 1896 4982 pensat
1915 4926 2012 4968 cor

417 5011 486 5050 ex
514 5010 632 5061 ore,
666 5001 719 5050 et
748 5010 935 5065 opere.
970 4995 1082 5052 Sed
1110 4996 1258 5052 Deus
1287 5013 1424 5069 opus
1455 5006 1508 5054 et
1538 5000 1708 5056 verba
1734 5016 1799 5056 ex
1848 5001 2013 5057 corde

354 5150 359 5157 ,
418 5082 566 5154 quod
584 5082 735 5139 novit
755 5083 984 5152 judicat.
1016 5084 1102 5140 111i
1131 5101 1266 5158 ergo
1297 5101 1362 5141 ex
1391 5087 1722 5144 abundantia
1741 5089 1925 5146 cordis
1949 5105 2014 5147 os

417 5165 658 5239 loquitur
685 5166 778 5239 qui
825 5168 928 5224 scit
973 5184 1039 5223 ex
1084 5184 1193 5241 qua
1220 5170 1515 5227 intentione
1564 5172 1690 5229 exit.

491 5280 662 5338 Vens.
694 5285 783 5338 35.
817 5286 1087 5341 —Bonus
1116 5285 1296 5344 homo.
1343 5287 1658 5344 Thesaurus
1702 5291 1886 5346 cordis
1934 5290 2016 5346 in-

419 5369 590 5426 tentio
621 5378 723 5439 est,
758 5387 823 5426 ex
853 5388 963 5445 qua
976 5374 1125 5430 Deus
1140 5374 1349 5444 judicat
1365 5390 1548 5447 opera,
1571 5385 1629 5433 ut
1650 5385 1703 5434 et
1721 5378 2016 5452 aliquando

418 5458 636 5515 minora
667 5460 951 5529 majorem,
1000 5464 1213 5532 majora
1258 5463 1523 5521 minorem
1571 5467 1810 5523 habeant
1866 5483 2015 5523 mer—

421 5548 634 5604 cedem.
668 5547 786 5605 Hoc
814 5548 871 5604 in
897 5549 1039 5619 loco,
1071 5552 1159 5608 vel
1202 5552 1421 5609 Iudaeos
1468 5556 1707 5611 ostendit
1752 5557 1820 5612 de
1868 5555 2016 5629 quali

420 5636 682 5696 thesauro
708 5637 991 5712 proferant
1018 5640 1435 5715 blasphemiam.
1464 5644 1570 5702 ,νει
1609 5659 1733 5703 cum
1764 5645 2015 5719 superio-

2107 3188 2349 3260 sepultus
2378 3193 2460 3241 est
2491 3201 2610 3239 cum
2640 3184 2901 3254 praeterita
2945 3192 3123 3251 nocte,
3175 3201 3273 3256 pro
3318 3193 3473 3242 nocte
3524 3193 3576 3242 et
3617 3187 3709 3243 die

2107 3276 2311 3348 accipe,
2339 3275 2445 3329 hoc
2475 3281 2558 3328 est
2584 3288 2682 3343 pro
2714 3280 2823 3328 toto
2851 3272 2938 3328 die
2968 3290 3067 3344 per
3114 3274 3513 3345 synecdochen.
3565 3275 3707 3330 Sab-

2106 3364 2216 3419 bati
2246 3370 2458 3419 noctem
2486 3369 2538 3416 et
2593 3361 2736 3416 diem
2790 3360 3020 3432 integre.
3082 3363 3313 3418 Noctem
3368 3363 3707 3421 Dominicam

2108 3470 2230 3511 cum
2260 3452 2451 3508 eadem
2479 3450 2568 3505 die
2599 3449 2961 3517 illucescente,
2994 3459 3201 3521 partem
3230 3467 3331 3522 pro
3358 3459 3489 3522 toto,
3538 3461 3593 3508 et
3638 3453 3712 3509 ita

2109 3542 2279 3597 habes
2307 3547 2415 3596 tres
2442 3539 2560 3594 dies
2589 3546 2642 3593 et
2670 3544 2777 3592 tres
2834 3546 3041 3594 noctes.
3099 3539 3263 3594 Primi
3317 3540 3435 3596 dies
3489 3549 3714 3613 propter

2108 3630 2339 3686 futurum
2368 3627 2602 3683 hominis
2628 3626 2836 3697 lapsum
2866 3642 2896 3680 a
2926 3627 3045 3683 luce
3074 3627 3129 3682 in
3160 3636 3396 3684 noctem.
3427 3629 3521 3684 Isti
3575 3646 3710 3701 pro-

2110 3728 2229 3791 pter
2284 3716 2520 3774 hominis
2576 3715 2967 3786 reparationem
3021 3732 3054 3771 a
3118 3716 3356 3772 tenebris
3410 3717 3480 3772 ad
3530 3718 3708 3774 lucem

2111 3814 2499 3879 computantur.

2183 3920 2426 3991 Mystice.
2467 3921 2595 3975 Tres
2623 3919 2761 3985 dies,
2793 3918 2892 3972 tria
2921 3926 3183 3991 tempora,
3214 3926 3337 3975 ante
3366 3919 3567 3991 legem,
3600 3921 3706 3976 sub

2113 4009 2257 4083 lege,
2289 4009 2388 4063 sub
2419 4007 2609 4081 gratia.
2642 4008 2775 4064 Tres
2803 4016 3009 4076 noctes,
3042 4015 3151 4064 tres
3180 4008 3375 4064 mortui
3402 4024 3539 4081 quos
3580 4025 3708 4064 sus-

2115 4097 2301 4155 citavit
2322 4096 2603 4151 Dominus.

2188 4211 2359 4266 Vens.
2397 4211 2482 4265 41.
2516 4240 2586 4250 -
2623 4211 2734 4266 Viri
2766 4210 3051 4266 Ninivitce.
3080 4209 3148 4265 Et
3175 4218 3257 4266 est
3285 4226 3478 4267 sensus
3503 4228 3516 4265 :
3537 4212 3709 4268 Jonas

2117 4299 2302 4373 paucis
2327 4299 2517 4355 diebus
2559 4307 2609 4355 et
2667 4298 2784 4354 sine
2844 4298 3016 4371 signis
3060 4299 3371 4371 praedicavit
3427 4301 3578 4374 genti
3628 4300 3712 4356 in-

2120 4389 2372 4455 credulae,
2406 4396 2458 4443 et
2484 4387 2747 4459 profecit:
2780 4402 2884 4461 ego
2913 4388 3080 4462 longo
3109 4395 3367 4461 tempore,
3406 4397 3459 4446 et
3505 4390 3709 4462 populo

2263 4485 2316 4533 et
2336 4476 2704 4547 compluribus
2736 4476 2927 4549 signis,
2958 4477 3013 4530 in
3053 4493 3249 4533 vanum
3303 4477 3563 4549 praidico.
3627 4479 3709 4535 Eo

2107 4566 2280 4639 magis
2308 4565 2521 4638 indigni
2548 4572 2673 4620 sunt
2699 4565 2875 4632 venia,
2910 4566 3002 4638 qui
3033 4582 3099 4622 ex
3129 4567 3254 4640 lege
3285 4577 3407 4622 sunt
3438 4566 3708 4634 infideles,

2108 4672 2214 4729 quo
2243 4655 2364 4727 plus
2393 4662 2477 4711 est
2508 4652 2634 4710 fidei
2664 4654 2719 4708 in
2748 4654 2853 4725 his,
2888 4656 2979 4727 qui
3008 4655 3189 4726 legem
3233 4656 3561 4712 nescierunt.
3613 4656 3711 4712 Ni-

2107 4745 2254 4814 nive,
2289 4745 2543 4818 speciosa
2576 4763 2594 4798 :
2624 4744 2806 4815 signat
2834 4744 3189 4817 gentilitatem
3237 4760 3400 4816 quam
3458 4745 3710 4801 Christus

2107 4833 2308 4890 amavit
2338 4832 2564 4899 foedam,
2596 4840 2654 4887 ut
2682 4831 2885 4888 faceret
2912 4832 3213 4904 pulchram.
3259 4834 3318 4888 In
3354 4832 3613 4890 Ninivitis
3661 4841 3716 4892 et

2108 4922 2298 4996 regina
2328 4922 2528 4991 Austri,
2564 4919 2699 4977 fides
2727 4921 2989 4979 Ecclesize
3020 4921 3283 4995 signatur,
3318 4938 3436 4995 qua:
3465 4938 3578 4979 non
3607 4922 3711 4979 mi-

2110 5028 2213 5068 nus
2241 5028 2341 5083 per
2369 5010 2748 5082 pcenitentiam
2774 5019 3010 5082 peracta
3037 5010 3363 5082 insipientiaa
3410 5027 3575 5084 quam
3612 5028 3717 5084 per

2110 5099 2430 5156 industriam
2459 5099 2732 5155 discendae
2764 5099 3042 5171 sapientiae
3072 5101 3188 5156 Deo
3216 5099 3547 5157 conciliatur.
3580 5102 3720 5159 Duae

2111 5188 2255 5247 enim
2284 5196 2464 5259 partes
2492 5196 2614 5243 sunt
2642 5188 2922 5257 Ecclesiae,
2976 5205 3097 5261 quae
3140 5204 3371 5262 peccare
3412 5190 3608 5257 nescit,
3664 5199 3721 5246 et

2112 5293 2232 5349 quae
2260 5292 2494 5348 peccare
2556 5277 2786 5347 desistit,
2845 5277 3161 5349 poenitentia
3215 5278 3362 5335 enim
3416 5286 3705 5350 peccatum

2111 5364 2307 5429 abolet.
2344 5364 2608 5437 sapientia
2639 5373 2811 5422 cavet.

2185 5472 2355 5527 Vens.
2389 5473 2478 5528 43.
2502 5502 2572 5513 -
2594 5472 2733 5530 Cum
2761 5476 2974 5541 autem,
3006 5480 3112 5529 etc.
3147 5471 3316 5542 Quasi
3345 5472 3488 5529 dicat
3533 5491 3548 5527 :
3601 5473 3716 5530 Vos

2112 5574 2223 5616 non
2254 5560 2385 5616 estis
2417 5560 2623 5617 similes
2649 5560 2903 5617 Ninivitis
2934 5561 3020 5618 vel
3046 5562 3249 5635 regina:
3295 5562 3479 5618 Austri
3527 5580 3542 5615 :
3586 5562 3715 5635 quia

2112 5665 2202 5709 me
2227 5649 2555 5723 praedicante
2583 5648 2957 5723 paenitentiam
2987 5665 3097 5709 non
3124 5650 3473 5724 poenituistis,
3507 5658 3564 5707 et
3620 5668 3713 5708 me
