4000 6182
310 305 406 357 129

1230 303 1501 360 GLOSSA
1541 274 1971 360 onnmanmf
1993 332 2062 342 —
2091 302 2354 358 EVANG.
2387 304 2644 358 MATTH.

3501 310 3602 363 130

308 427 539 482 docente
571 427 896 497 sapientiam
924 442 1034 482 non
1063 428 1346 483 didicistis.
1383 429 1491 483 Sed
1521 428 1652 484 estis
1698 427 1903 482 similes
1923 426 1978 486 A
2005 425 2221 495 itinera,
2254 435 2383 496 etc.,
2416 444 2589 500 usque
2619 428 2691 483 ad
2720 427 2788 482 ad
2819 443 2939 499 qua
2979 428 3153 482 Judai
3200 443 3310 484 non
3355 430 3602 488 intrave-

306 514 512 568 homini
541 531 573 568 a
603 531 713 584 quo
743 512 991 570 diabolus
1035 515 1286 571 exclusus
1333 517 1530 571 iterum
1578 515 1902 588 ingreditur.

377 602 555 657 Distat
583 602 728 657 inter
757 619 930 674 opera
960 619 1084 658 mea
1117 604 1207 675 qui
1238 604 1445 675 polluta
1474 605 1698 673 mundo,
1733 612 1786 660 et
1807 604 1906 660 Sa-

305 699 468 758 tana,
503 690 598 762 qui
629 691 894 746 mundata
920 692 1145 764 gravius
1175 694 1526 753 contaminat.

375 779 644 834 Ambulat
658 795 762 852 per
785 781 925 835 loca.
950 780 1213 851 Explorat
1234 782 1403 837 corda
1437 780 1681 836 fidelium
1713 797 1747 835 a
1775 782 1908 837 mol-

306 866 421 922 litie
448 866 611 922 ﬂuxa
641 867 990 938 cogitationis
1020 877 1274 940 purgata,
1311 870 1354 923 si
1388 886 1526 940 quos
1574 885 1802 942 gressus
1829 869 1906 924 ibi

304 954 477 1028 ﬁgere
506 955 682 1026 possit
713 955 881 1027 quod,
917 957 1045 1028 quia
1074 956 1281 1028 nequit,
1317 957 1385 1012 ad
1417 957 1640 1012 humida
1670 958 1830 1013 redit.

382 1043 558 1098 Vens.
594 1044 682 1098 ιιι.
716 1074 785 1084 -
832 1047 1101 1100 Revertar
1128 1047 1191 1100 in
1242 1045 1488 1102 domum.
1541 1046 1653 1101 Sub
1710 1045 1908 1102 umbra

303 1132 527 1202 dormit,
559 1133 617 1187 in
649 1140 864 1189 secreto
894 1132 1108 1202 calami,
1143 1141 1195 1188 et
1224 1133 1360 1190 locis
1382 1135 1748 1189 humentibus.
1785 1135 1908 1191 Um-

306 1220 408 1275 bra
437 1221 756 1289 tenebrosa,
808 1222 1147 1277 conscientia
1182 1240 1195 1277 :
1231 1223 1473 1278 calamus
1517 1223 1650 1278 foris
1679 1223 1904 1294 nitidus,

302 1309 450 1363 intus
496 1324 707 1365 vacuus
732 1351 746 1378 ,
787 1310 1074 1366 simulator
1111 1328 1125 1365 :
1156 1311 1313 1367 locus
1358 1312 1613 1368 humidus
1636 1355 1650 1381 ,
1699 1312 1908 1370 lasciva

303 1396 603 1470 mollisque
632 1414 808 1453 mens.

378 1486 558 1541 Vens.
593 1489 681 1542 45.
714 1517 784 1526 -
813 1489 1037 1559 Septem
1067 1491 1209 1545 alios
1237 1491 1496 1561 spiritus.
1542 1490 1762 1560 Septem
1819 1490 1904 1546 vi-

295 1575 396 1643 tia,
422 1582 638 1646 septem
667 1575 959 1630 virtutibus
990 1577 1363 1647 spiritualibus
1385 1579 1679 1634 contraria.
1705 1581 1906 1652 Nequi-

299 1679 450 1720 ores.
486 1662 631 1732 Quia
659 1678 770 1719 non
800 1664 966 1720 modo
1013 1665 1180 1721 habet
1225 1666 1376 1736 vitia,
1411 1667 1508 1723 sed
1539 1675 1592 1722 et
1639 1667 1784 1722 bona
1826 1668 1906 1722 si-

297 1751 495 1852 mulat.
531 1753 707 1808 Tanto
736 1753 1051 1852 nequiores,
1077 1761 1280 1864 qufpto
1300 1755 1633 1864 callidiores.
1659 1757 1899 1829 Septem,
1923 1782 1978 1843 Β
2010 1822 2074 1864 co

295 1841 429 1912 quia
459 1849 541 1897 tot
570 1849 729 1897 erant
758 1842 951 1915 gratia
979 1858 1105 1899 cum
1135 1843 1352 1900 Christo
1381 1844 1683 1901 destinata.

367 1954 598 2025 Septem
622 1954 751 2010 vitia
770 1997 783 2024 ,
818 1964 1028 2026 septem
1075 1957 1348 2014 damonia
1377 1967 1586 2030 septem
1616 1959 1901 2031 spiritibus

291 2043 572 2098 contraria
604 2044 818 2114 spiritui
849 2045 1130 2116 sapientia
1163 2054 1217 2101 et
1246 2047 1573 2118 intellectus,
1615 2055 1720 2105 etc.

371 2131 462 2186 Sic
494 2133 626 2198 erit,
663 2140 767 2188 etc.
815 2131 974 2200 Quod
1003 2133 1072 2189 de
1119 2149 1228 2190 una
1258 2135 1376 2191 sola
1426 2153 1484 2192 re
1514 2137 1679 2206 dixit,
1712 2138 1818 2194 hoc
1847 2137 1903 2192 in

298 2220 407 2274 hac
437 2227 552 2274 tota
581 2227 748 2292 gente
776 2218 852 2274 ﬁt.
887 2222 1206 2277 Immundus
1250 2224 1484 2294 Spiritus
1516 2241 1550 2279 a
1575 2225 1778 2281 Judais
1809 2242 1902 2281 ex-

298 2307 416 2376 ivit,
451 2308 674 2379 quando
702 2308 884 2382 legem
913 2320 1262 2381 acceperunt.
1309 2313 1622 2369 Ambulavit
1667 2315 1737 2369 ad
1766 2330 1903 2387 gen-

298 2404 406 2462 tes,
443 2412 566 2468 qua
598 2411 724 2452 cum
744 2406 935 2467 postea
955 2399 1190 2455 Domino
1211 2401 1520 2472 crederent,
1545 2418 1654 2458 non
1675 2402 1901 2459 invento

292 2484 419 2540 loco
450 2486 506 2539 in
537 2486 619 2540 eis
648 2485 782 2541 dixit
814 2505 828 2542 :
860 2488 1128 2544 Revertar
1155 2489 1211 2543 in
1245 2490 1466 2545 Judaos
1494 2500 1754 2547 vacantes
1768 2507 1906 2562 pra-

294 2573 440 2628 sidio
485 2573 587 2628 Dei
635 2581 689 2629 et
737 2575 1101 2647 angelorum,
1146 2577 1609 2649 increpationibus
1639 2587 1694 2635 et
1723 2595 1905 2636 corre-

295 2662 587 2733 ptionibus
616 2664 929 2733 mandatos,
963 2672 1187 2721 ornatos
1235 2667 1527 2738 superﬂuis
1556 2668 1904 2726 observatio-

291 2750 484 2805 nibus.
523 2750 814 2807 Adduntur
835 2761 1064 2824 septem,
1104 2754 1232 2826 quia
1254 2756 1425 2812 multo
1446 2757 1653 2826 majore
1673 2775 1904 2815 numero

301 2838 625 2895 damonnm
653 2841 1005 2912 possidentur
1049 2843 1493 2915 blasphemantes
1523 2847 1710 2902 Iesum
1740 2864 1904 2919 quam

296 2927 356 2982 in
396 2929 634 3002 Egypto
665 2930 909 3001 possessi
937 2929 1176 2987 fuerunt.
1199 2933 1403 2989 Contra
1440 2943 1650 3007 septem
1682 2936 1905 3009 spiritus

299 3017 569 3076 virtutum
602 3027 685 3074 est
713 3035 974 3075 numerus
1003 3020 1276 3078 vitiorum.

2005 524 2149 584 runt,
2184 515 2316 570 foris
2344 515 2399 570 in
2426 515 2604 570 littera
2637 514 2748 570 fixi.

2078 603 2248 658 Vens.
2279 607 2334 660 2.
2372 604 2548 660 Turba
2577 605 2783 660 stabat.
2819 604 2885 659 Hi
2915 612 3040 658 sunt
3081 605 3173 676 qui
3212 621 3385 676 nuper
3415 607 3606 665 audire

2006 699 2290 761 venerunt,
2326 692 2416 764 qui
2447 700 2501 747 et
2528 709 2559 746 a
2589 691 2841 748 ﬂuctibus
2870 693 3041 748 maris
3061 694 3263 749 secreti
3286 703 3431 766 sunt,
3477 711 3606 753 nec-

2006 781 2134 835 dum
2164 779 2480 835 calestibus
2511 781 2788 852 mysteriis
2818 798 2939 854 qua
2968 782 3213 838 desirant
3259 783 3451 840 imbuti
3482 799 3606 842 cum

2009 869 2230 923 Christo
2262 869 2584 925 ascendunt.

2076 983 2247 1038 Vens.
2264 987 2316 1038 3.
2340 1013 2408 1023 —
2424 985 2666 1040 Locutus
2679 988 2764 1040 est
2779 986 2984 1040 multa.
3002 983 3140 1054 Quia
3154 986 3313 1042 turba
3328 1001 3439 1042 non
3449 987 3610 1044 unius

2007 1079 2090 1127 est
2119 1071 2402 1127 sententia
2431 1072 2529 1127 sed
2580 1072 2925 1128 diversarum
2974 1073 3331 1145 voluntatum,
3364 1075 3608 1148 loquitur

2006 1159 2086 1216 eis
2142 1160 2327 1215 multis
2387 1160 2688 1231 parabolis,
2738 1169 2796 1215 ut
2837 1162 2992 1230 juxta
3039 1163 3219 1217 varias
3267 1163 3601 1235 voluptates,

2007 1248 2259 1304 diversas
2305 1248 2577 1320 recipiant
2631 1249 2969 1320 disciplinas.
3022 1251 3126 1317 Qui
3170 1254 3439 1309 seminat.
3488 1254 3612 1326 Ipse

2007 1337 2276 1407 Christus,
2313 1337 2407 1408 qui
2457 1337 2689 1393 verbum
2733 1338 2981 1394 veritatis
3019 1338 3165 1410 quod
3205 1341 3348 1412 apud
3393 1342 3612 1399 Patrem

2006 1426 2142 1481 vidit
2172 1426 2484 1481 hominibus
2514 1443 2615 1498 per
2643 1443 2703 1482 se
2732 1427 2819 1482 vel
2849 1444 2951 1498 per
2980 1443 3110 1484 suos
3158 1429 3465 1486 seminavit.
3499 1430 3606 1500 Qui

2005 1514 2288 1585 discipulis
2336 1522 2686 1571 sacramenta
2736 1514 3105 1587 loquebatur,
3139 1517 3273 1573 exiit
3337 1519 3612 1578 seminare

2007 1603 2108 1658 Dei
2135 1603 2365 1659 verbum
2393 1604 2450 1658 in
2479 1604 2687 1659 turbas.

2080 1719 2252 1774 Vens.
2290 1720 2339 1774 4.
2375 1751 2445 1760 -
2478 1721 2650 1776 Secus
2678 1722 2849 1777 viam.
2884 1721 2985 1776 Via
3013 1728 3124 1793 est,
3156 1737 3315 1778 mens
3342 1721 3611 1780 malarum

2079 1808 2403 1880 gitationum
2453 1808 2644 1864 scdulo
2692 1817 2874 1866 meatu
2923 1808 3048 1864 trita
3095 1817 3150 1866 et
3194 1811 3456 1868 arefacta.
3507 1811 3611 1868 Ubi

2003 1897 2294 1968 dupliciter
2321 1898 2463 1969 perit
2494 1914 2701 1970 semen,
2728 1900 2855 1971 quia
2877 1907 2931 1954 et
2951 1899 3184 1954 transitu
3207 1900 3601 1973 cogitationum

2014 1985 2389 2057 conculcatur,
2423 1995 2482 2042 ut
2528 1987 2703 2044 Lucas
2733 1987 2844 2057 ait,
2877 1995 2931 2043 et
2958 2003 2992 2042 a
3029 1987 3343 2043 volucribus
3362 1989 3592 2060 rapitur.

2003 2075 2294 2130 Damones
2321 2075 2577 2132 dicuntur
2607 2076 2882 2146 volucres,
2916 2092 3014 2131 seu
3045 2076 3172 2147 quia
3221 2076 3462 2132 calestis
3495 2077 3606 2150 spi-

2003 2163 2326 2235 ritualisque
2371 2172 2600 2233 natura,
2635 2181 2732 2219 seu
2766 2165 2889 2237 quia
2945 2180 3047 2236 per
3089 2179 3222 2220 aera
3249 2165 3494 2221 volitant.
3525 2169 3597 2223 Et

2002 2257 2302 2307 venerunt.
2335 2253 2649 2308 Secundum
2680 2253 2882 2308 Lucam
2939 2253 3009 2307 ab
3038 2253 3350 2308 hominibus
3379 2255 3597 2312 concul-

2003 2347 2185 2396 catum
2208 2348 2310 2405 est,
2346 2341 2473 2412 quia
2503 2355 2676 2411 prava
2708 2341 3064 2412 persuasione
3095 2341 3387 2413 impiorum
3419 2343 3608 2400 subla-

2001 2436 2115 2482 tum
2147 2435 2248 2483 est.
2285 2429 2356 2484 Et
2385 2429 2772 2486 comederunt.
2821 2429 2958 2498 Quia
3005 2431 3282 2486 mentibus
3324 2431 3605 2488 hominum

2002 2516 2136 2571 illud
2197 2517 2596 2589 surripuerunt.

2073 2632 2244 2686 Vens.
2279 2633 2331 2685 5.
2389 2661 2458 2672 —-
2513 2633 2578 2686 In
2624 2636 2872 2704 petrosa.
2922 2633 3150 2687 Petrosa
3195 2633 3304 2688 cito
3353 2643 3607 2706 quarunt

2003 2720 2338 2793 germinare,
2379 2719 2479 2775 sed
2511 2735 2625 2776 non
2655 2719 2845 2792 ﬁgitur
2872 2720 3050 2791 radix,
3087 2721 3215 2792 quia
3241 2737 3354 2777 non
3383 2730 3466 2778 est
3494 2723 3607 2780 alta

2002 2817 2170 2876 terra,
2203 2808 2259 2864 id
2288 2816 2390 2878 est,
2426 2807 2555 2880 quia
2583 2823 2778 2880 parum
2826 2808 2967 2865 inest
3015 2809 3278 2865 desiderii
3322 2810 3600 2868 salutaris.

2003 2899 2062 2952 In
2074 2899 2177 2955 hac
2189 2897 2525 2969 expositione
2546 2897 2766 2953 Domini
2789 2897 3070 2965 discimus,
3086 2899 3216 2970 quia
3234 2915 3325 2954 res
3337 2916 3446 2956 non
3467 2917 3606 2958 sem.

2001 3003 2100 3057 per
2130 2986 2187 3040 in
2240 2985 2436 3041 eadem
2484 2985 2886 3059 significatione
2922 2993 3225 3062 ponuntur.
3275 2988 3418 3045 Nam
3446 2997 3607 3062 petra

2007 3074 2097 3130 hic
2142 3091 2243 3146 pro
2289 3075 2490 3130 duritia
2512 3117 2526 3144 ,
2562 3082 2712 3130 terra
2742 3091 2844 3146 pro
2871 3074 3096 3131 lenitate
3137 3077 3355 3147 mentis,
3388 3078 3472 3134 sol
3500 3094 3604 3150 pro

369 3130 560 3235 Y3“:
593 3135 700 3235 ξδ’,
719 3163 786 3174 ’⁵
815 3135 952 3190 Ecce
980 3139 1188 3235 ‘matei'
1218 3139 1377 3235 fjf‘s'
1410 3136 1593 3208 (RH)
1632 3137 1889 3235 ,θξῖδίίίξα
1914 3138 1964 3202 θ
2003 3130 2219 3220 fervdre
2250 3130 2671 3235 persecutionis.
2711 3130 2847 3219 C‘um
2877 3164 2959 3219 sol
2990 3130 3121 3219 alibi
3162 3130 3219 3220 in
3247 3130 3606 3224 bo‘rio—i-Fful:

301 3221 480 3276 Mater
513 3230 568 3276 et
601 3220 801 3278 fratres
830 3222 1064 3294 populus
1093 3231 1176 3279 est
1209 3225 1525 3280 Judaorum
1555 3225 1647 3296 qui
1673 3227 1803 3280 Jesu
1829 3226 1906 3281 in-

300 3315 389 3364 tus
421 3310 658 3366 docente
689 3325 800 3366 non
829 3321 1057 3382 possunt
1102 3313 1329 3384 intrare,
1365 3314 1493 3385 quia
1547 3314 1902 3385 spiritualiter

297 3399 417 3467 ejus
451 3399 647 3468 verba,
686 3407 816 3468 etc.,
851 3417 1024 3472 usque
1053 3401 1125 3456 ad
1141 3401 1362 3456 Fratres
1392 3403 1609 3458 Domini
1630 3412 1754 3458 sunt
1776 3419 1903 3460 con-

297 3486 511 3540 sobrini
541 3487 682 3556 ejus,
715 3486 812 3542 filii
827 3489 1010 3544 Maria
1031 3498 1340 3546 matertera:
1362 3492 1479 3560 ejus
1514 3509 1528 3546 :
1561 3507 1682 3563 qua
1703 3492 1901 3548 dicitur

297 3584 475 3630 mater
504 3577 700 3631 Jacobi
728 3577 958 3632 minoris
1000 3587 1054 3634 et
1099 3581 1322 3651 Joseph,
1354 3588 1407 3635 et
1451 3580 1604 3636 Juda
1633 3588 1688 3636 et
1716 3581 1898 3637 Simo-

299 3663 402 3718 nis.

364 3752 539 3807 Vens.
597 3754 683 3806 47.
736 3783 806 3794 -
853 3756 1019 3811 Dixit
1065 3760 1258 3812 autem
1313 3759 1384 3814 ei.
1421 3757 1688 3814 Insidiose
1716 3765 1898 3814 utrum

303 3840 576 3911 spirituali
608 3842 763 3912 operi
808 3858 1030 3899 carnem
1075 3844 1332 3915 praeferat
1363 3863 1377 3900 :
1410 3855 1462 3902 et
1489 3846 1614 3903 ideo
1646 3863 1706 3902 se
1734 3863 1899 3903 nosse

298 3928 611 3984 dissimulat
658 3939 890 3986 matrem
934 3942 987 3987 et
1032 3934 1310 4004 proximos
1357 3951 1458 4006 per
1506 3936 1895 4008 cognitionem,

293 4019 387 4073 sed
416 4034 520 4090 per
552 4019 997 4089 conjunctionem
1043 4022 1266 4094 spiritus
1302 4039 1426 4080 esse
1479 4025 1583 4080 sibi
1615 4027 1899 4098 proximos

299 4105 447 4163 dicit.

367 4221 540 4279 Vens.
579 4224 666 4278 48.
701 4255 770 4265 -
803 4225 933 4292 Quae
975 4231 1062 4282 est
1091 4232 1279 4284 mater
1323 4235 1499 4286 mea?
1526 4231 1650 4286 Non
1680 4240 1899 4288 recusat

293 4311 560 4383 obsequia
611 4313 804 4367 matris
828 4355 842 4381 ,
904 4315 1003 4370 sed
1049 4315 1273 4386 prafert
1324 4317 1628 4374 ministeria
1674 4320 1894 4375 Patris:

293 4397 489 4454 fratres
519 4415 634 4454 non
664 4403 992 4472 contemnit,
1028 4405 1126 4458 sed
1175 4421 1314 4476 opus
1363 4406 1643 4477 spirituale
1673 4407 1900 4479 prafert

1995 3253 2203 3322 gebunt
2244 3255 2397 3324 justi
2446 3255 2605 3309 sicut
2677 3255 2762 3309 sol
2817 3254 3041 3323 (Matth.
3084 3256 3230 3325 xm),
3279 3262 3332 3310 et
3359 3263 3518 3327 petra
3546 3255 3604 3310 in

1999 3338 2356 3396 fundamento
2385 3356 2488 3412 pro
2522 3340 2843 3397 fortitudine
2886 3340 3034 3412 fidei,
3068 3350 3121 3397 et
3151 3349 3300 3398 terra
3343 3360 3445 3415 pro
3493 3351 3603 3400 ter-

1999 3428 2148 3482 renis
2199 3430 2650 3502 cogitationibus.
2686 3431 3072 3487 Altitudincm
3121 3435 3308 3487 terra.
3356 3432 3601 3490 Altitudo

1999 3523 2162 3574 terrae
2191 3525 2276 3573 est
2303 3518 2552 3588 probitas
2584 3519 2764 3574 animi
2792 3519 3096 3591 disciplinis
3138 3520 3452 3578 calestibus
3482 3539 3602 3580 eru-

1999 3604 2116 3675 diti,
2150 3614 2204 3661 et
2232 3606 2289 3660 in
2310 3608 2702 3663 tentationibus
2732 3609 2970 3678 probati.

2071 3694 2240 3749 Vens.
2267 3698 2317 3748 8.
2338 3725 2406 3734 —
2425 3697 2869 3766 Sexagesimum.
2894 3696 3034 3764 Quia
3052 3696 3108 3752 in
3128 3713 3360 3754 numero
3381 3700 3600 3757 senario

1997 3782 2188 3836 mundi
2229 3790 2456 3838 ornatus
2486 3783 2736 3854 expletus
2779 3791 2881 3852 est,
2915 3800 3017 3854 per
3044 3785 3191 3841 hunc
3220 3785 3366 3841 bona
3395 3801 3594 3858 opera-

1999 3871 2076 3926 tio
2106 3871 2378 3944 signatur.

2069 3961 2242 4015 Vens.
2262 3965 2314 4015 9.
2338 3990 2408 4000 —
2430 3961 2533 4028 Qui
2554 3960 2718 4016 habet
2738 3976 2906 4016 aures
2919 3960 3208 4019 audiendi.
3233 3960 3460 4032 Quoties
3479 3962 3599 4021 hac

1999 4047 2296 4104 admonitio
2345 4048 2402 4103 in
2449 4049 2752 4122 Evangelio
2787 4049 2876 4104 vel
2897 4049 2954 4104 in
3001 4051 3334 4124 Apocalypsi
3373 4052 3597 4110 Joannis

1997 4136 2382 4208 interponitur,
2416 4137 2706 4209 mysticum
2738 4139 2887 4210 quod
2915 4139 3115 4196 dicitur
3160 4140 3486 4197 insinuatur.

2068 4226 2239 4280 Vens.
2276 4229 2362 4280 10.
2397 4256 2468 4266 -
2499 4228 2568 4281 Et
2616 4227 2946 4285 accedentes
2991 4230 3274 4302 discipuli,
3312 4237 3414 4286 etc.
3450 4229 3599 4300 Quo-

1997 4313 2162 4369 modo
2193 4314 2461 4370 accedunt
2491 4315 2748 4387 discipuli
2778 4333 2905 4372 cum
2937 4318 3200 4373 Dominus
3220 4319 3276 4372 in
3295 4319 3420 4374 navi
3443 4319 3597 4375 sede-

1998 4402 2131 4458 ret?
2162 4401 2270 4457 Sed
2302 4401 2444 4459 forte
2475 4403 2912 4477 intelligendum,
2939 4406 3085 4477 quod
3105 4407 3311 4461 dudum
3330 4421 3456 4462 cum
3474 4407 3596 4479 ipso

293 4488 646 4559 cognationi,
681 4498 738 4543 ut
777 4498 831 4545 et
875 4507 978 4546 nos
1025 4492 1180 4548 carni
1222 4493 1473 4565 spiritum
1517 4495 1968 4567 praeferamus,D
1997 4506 2195 4547 navem
2224 4493 2654 4549 conscenderint
2687 4512 2700 4548 :
2735 4501 2789 4549 et
2818 4494 2892 4549 ibi
2923 4501 3133 4550 stantes
3163 4502 3431 4566 quarunt.

293 4575 446 4631 Unde
471 4595 486 4631 ε
509 4577 789 4644 Quiamat
806 4583 1032 4650 patrem
1052 4586 1157 4637 aut
1174 4588 1419 4640 matrem
1436 4586 1570 4658 plus
1589 4603 1756 4658 quam
1776 4603 1887 4658 me,

288 4679 403 4720 non
458 4669 550 4720 est
622 4683 714 4723 me
786 4667 989 4738 dignus
1067 4670 1292 4740 (Matth.
1368 4673 1454 4743 ι).
1512 4675 1652 4731 Ecce
1705 4680 1892 4732 mater

289 4767 434 4820 mea,
468 4759 578 4809 etc.
610 4753 681 4809 Hi
709 4762 835 4812 sunt
861 4763 1040 4813 mater
1069 4774 1210 4827 mea,
1243 4760 1336 4832 qui
1355 4777 1444 4816 me
1463 4761 1521 4817 in
1546 4763 1890 4820 credentium

285 4841 550 4898 cordibus
579 4851 870 4916 generant.
892 4845 962 4902 Hi
981 4855 1106 4903 sunt
1127 4847 1352 4920 fratres,
1379 4849 1472 4922 qui
1493 4849 1698 4908 faciunt
1717 4868 1890 4924 opera

284 4927 463 4987 Patris
480 4931 611 4988 mei.
633 4931 859 4992 Fratres
887 4943 943 4992 et
966 4951 1127 4993 soror
1141 4937 1442 5008 credendo,
1480 4949 1658 4997 mater
1688 4943 1887 5013 pradi-

285 5019 482 5077 cando.

869 5157 1094 5214 CAPUT
1144 5158 1293 5215 XIII.

359 5291 526 5350 Vens.
562 5298 614 5349 1.
649 5324 720 5337 ——
748 5297 814 5352 In
842 5299 944 5356 illo
971 5299 1080 5357 die.
1112 5301 1218 5357 Per
1244 5303 1350 5359 hoc
1377 5301 1585 5360 indicat
1609 5303 1718 5361 hoc
1753 5320 1881 5376 ges-

286 5387 406 5435 tum
436 5392 864 5456 consequenter,
894 5387 1001 5443 nisi
1030 5387 1171 5446 forte
1199 5389 1319 5446 dies
1347 5400 1585 5462 ponatur
1611 5409 1714 5464 pro
1745 5401 1882 5450 tem-

277 5483 438 5539 pore,
469 5487 626 5528 more
655 5473 972 5546 Scriptura.
1004 5477 1221 5534 Marcus
1249 5481 1502 5536 eumdem
1546 5489 1694 5538 tenet
1723 5482 1882 5540 ordi-

282 5572 430 5613 nem.
479 5561 660 5618 Lucas
726 5563 784 5618 in
827 5564 978 5621 aliud
1033 5567 1261 5638 transit,
1293 5569 1391 5624 sed
1438 5586 1541 5626 nec
1605 5580 1880 5644 repugnat

280 5645 426 5704 huic.
455 5649 648 5722 (11η.)
677 5652 803 5709 Non
831 5653 1011 5712 solum
1038 5654 1185 5714 facta
1202 5665 1257 5714 et
1275 5657 1421 5715 dicta
1441 5657 1680 5732 Domini,
1702 5660 1802 5719 sed
1821 5669 1877 5719 et

2061 4581 2234 4636 Vens.
2273 4584 2360 4635 11.
2395 4611 2463 4622 -
2502 4582 2654 4638 Vobis
2685 4581 2886 4638 datum
2916 4586 3021 4638 est.
3071 4583 3217 4638 Nota
3261 4599 3371 4638 non
3419 4582 3598 4639 solum

1990 4669 2163 4725 verba
2193 4669 2433 4740 Domini,
2467 4670 2566 4725 sed
2599 4676 2654 4725 et
2686 4668 2851 4740 facta,
2883 4670 3182 4742 parabolas
3211 4688 3336 4728 esse
3365 4690 3379 4728 :
3411 4671 3467 4728 id
3489 4679 3594 4742 est,

1989 4756 2148 4830 signa
2201 4759 2563 4830 mysticarum
2614 4775 2802 4814 rerum
2827 4801 2842 4830 ,
2893 4775 3016 4832 qua
3044 4776 3156 4816 non
3211 4761 3599 4836 intelligebant

1993 4845 2149 4900 multi
2181 4846 2272 4917 qui
2307 4845 2442 4902 foris
2475 4855 2618 4902 sunt.

2059 4935 2231 4990 Vens.
2266 4938 2354 4993 12.
2391 4965 2460 4976 -
2491 4935 2596 5003 Qui
2644 4939 2802 4994 enim
2850 4939 3034 4996 habet.
3086 4938 3148 4994 Id
3195 4945 3298 5010 est,
3333 4938 3597 5012 apostolis

1985 5022 2314 5078 habentibus
2361 5021 2546 5096 ﬁdem,
2580 5024 2627 5080 si
2657 5026 2788 5098 quid
2834 5028 3014 5083 minus
3063 5027 3328 5085 virtutum
3355 5029 3582 5101 habent,

1983 5111 2302 5166 conceditur
2328 5113 2552 5181 Judais,
2585 5114 2678 5187 qui
2706 5131 2817 5172 non
2860 5117 3090 5173 credunt
3135 5117 3191 5173 in
3224 5117 3421 5174 Filium
3470 5118 3590 5185 Dei,

1985 5199 2150 5255 etiam
2180 5199 2227 5254 si
2273 5201 2404 5273 quid
2463 5203 2591 5258 boni
2619 5219 2720 5275 per
2773 5213 3029 5261 naturam
3077 5207 3300 5275 habent,
3361 5206 3590 5264 tollitur.

1982 5288 2124 5344 Nam
2152 5288 2288 5344 nihil
2322 5300 2556 5362 possunt
2601 5293 2880 5364 sapienter
2925 5293 3236 5368 intelligere
3289 5296 3384 5370 qui
3428 5303 3597 5367 caput

1982 5392 2094 5432 non
2169 5379 2374 5435 habent
2436 5380 2736 5452 sapientia.
2800 5384 3111 5455 Auferetur
3175 5387 3242 5443 ab
3298 5402 3381 5445 eo.
3428 5383 3595 5440 Nulla

1983 5481 2129 5522 vera
2158 5468 2441 5538 sapientia
2486 5469 2783 5528 dulcedine
2810 5473 3092 5545 gaudebit.

2064 5577 2239 5634 Vens.
2272 5583 2360 5636 13.
2391 5581 2516 5640 Ideo
2565 5585 2632 5640 in
2676 5586 2983 5656 parabolis.
3036 5585 3248 5642 Dicitur
3297 5582 3443 5657 quod
3465 5581 3595 5638 ideo

1981 5667 2242 5729 excacati
2274 5676 2422 5742 sunt,
2453 5679 2511 5730 et
2556 5673 2844 5733 sententia
2899 5673 3118 5730 Domini
3147 5689 3248 5744 per
3295 5668 3597 5745 parabolas
