4000 6182
393 279 486 331 131

888 276 1289 333 WALAFRIDI
1329 278 1572 333 STRABI
1612 279 1809 334 FULD.
1851 277 2023 334 MON.
2067 277 2220 335 OPP.
2262 278 2438 334 PARS
2478 279 2518 331 I.
2562 309 2630 318 —
2667 276 3139 334 THEOLOGICA.

3580 278 3681 330 132

394 399 474 453 eis
503 399 787 454 occultata
820 407 962 468 sunt,
997 409 1052 454 ut
1082 409 1206 470 post
1225 401 1500 456 salubrius
1522 409 1994 464 converterentur,
2022 405 2076 467 Α
2106 402 2449 474 pr0ponitur,
2474 401 2714 457 dimissis
2743 402 2936 471 turbis,
2985 401 3133 456 domi
3176 399 3500 472 rogantibus
3530 399 3697 455 disci-

341 536 344 538 .
394 483 535 536 Nam
567 482 695 552 quia
724 483 962 538 obscure
991 483 1137 538 dicta
1170 502 1279 539 non
1309 485 1712 554 intellexerunt,
1737 485 1862 541 ideo
1885 503 1999 542 non

395 570 747 626 crediderunt
792 570 847 624 in
879 587 1024 639 eum,
1059 581 1112 627 et
1154 573 1233 628 sic
1275 573 1631 642 cruxiferunt,
1667 581 1720 628 et
1751 575 1831 630 sic
1871 584 1999 645 post

393 660 859 715 resurrectionem
920 661 1205 716 miraculis
1255 662 1450 730 territi,
1483 662 1708 730 majoris
1755 663 2000 719 criminis

398 765 556 812 reatu
586 757 896 828 compuncti
919 765 1065 812 sunt.
1092 758 1246 813 Unde
1270 767 1497 830 accepta
1517 759 1861 833 indulgentia
1883 777 1998 816 am-

396 853 558 924 pliori
589 854 827 927 ﬂagrant
855 854 1168 910 dilectione.
1205 857 1314 910 Sed
1354 858 1597 912 Joannes
1643 859 1788 913 hunc
1816 859 1999 914 locum

395 943 470 997 ita
500 943 667 998 dicit:
698 945 1007 1014 Proyterea
1036 960 1152 999 non
1170 949 1441 1016 poterant
1459 946 1704 1012 credere,
1730 949 1863 1018 quia
1884 950 1998 1003 ite-

398 1049 530 1086 rum
560 1032 714 1087 dixit
745 1032 926 1087 Isaias
957 1052 975 1087 :
1005 1034 1328 1088 Excazvavit
1349 1035 1535 1090 oculos
1558 1051 1770 1101 eorum,
1798 1041 1863 1091 ut
1883 1053 1998 1092 non

397 1120 627 1176 videant
657 1120 844 1190 (Joan.
878 1122 984 1190 xi).
1022 1121 1125 1176 Ubi
1156 1129 1343 1192 aperte
1365 1122 1496 1178 dicit
1516 1139 1625 1178 non
1644 1123 1768 1179 ideo
1797 1123 1999 1180 factam

402 1209 845 1279 excaecationem,
880 1217 938 1263 ut
968 1225 1032 1264 ea
1062 1211 1395 1280 commoniti,
1429 1219 1482 1266 et
1509 1211 1760 1268 dolentes
1791 1229 1851 1268 se
1887 1230 1999 1269 non

401 1297 732 1370 intelligere,
776 1305 1230 1354 converterentur
1249 1300 1542 1371 aliquando
1567 1319 1581 1356 :
1603 1317 1713 1356 non
1733 1303 1878 1357 enim
1893 1304 2000 1360 hoc

403 1395 630 1458 possent
659 1387 764 1441 nisi
795 1387 1105 1456 crederent,
1139 1388 1235 1442 sed
1264 1389 1446 1458 potius
1474 1390 1598 1446 ideo
1630 1392 1906 1460 exceecati,
1941 1401 1998 1446 ut

409 1493 519 1531 non
549 1476 858 1540 crederent,
912 1476 1057 1546 quod
1074 1475 1194 1530 aliis
1240 1478 1482 1547 peccatis
1522 1489 1859 1534 meruerunt.
1911 1483 2000 1538 Vi-

403 1563 600 1618 dentes
628 1579 744 1619 non
767 1562 977 1618 vident.
1013 1563 1163 1618 Sicut
1193 1579 1394 1619 avarus
1424 1566 1624 1622 multas
1653 1567 1818 1623 habet
1863 1584 1998 1639 opes

400 1658 454 1706 et
499 1650 698 1720 nullas,
747 1650 875 1722 quia
902 1651 1122 1707 inutiles
1151 1660 1276 1707 sunt
1323 1653 1392 1708 ei.

2098 490 2243 562 pulis
2273 490 2580 560 exponitur.
2614 491 2684 544 Et
2710 489 2872 546 docet
2899 490 2988 545 hic
3017 489 3218 544 bonam
3249 487 3604 556 voluntatem,
3637 495 3692 542 et

2101 578 2389 649 cautelam,
2406 587 2460 635 et
2488 578 2824 649 patientiam,
2857 585 2912 634 et
2939 577 3348 646 discretionem,
3367 584 3422 633 et
3441 575 3692 649 longani-

2099 668 2364 738 mitatem,
2400 675 2455 722 et
2477 667 2764 737 justitiam.

2172 757 2342 811 Vens.
2373 758 2463 813 25.
2495 786 2565 796 —
2595 745 2874 813 Homines.
2924 753 3030 822 Qui
3076 752 3198 809 aliis
3245 753 3316 809 ad
3364 752 3592 809 tutelam
3637 760 3694 808 et

2100 844 2404 900 custodiam
2451 844 2696 916 deputati
2743 850 2870 899 sunt
2913 842 3126 914 praelati
3162 842 3221 896 in
3265 841 3566 898 Ecclesia:
3602 841 3692 897 vel

2101 949 2225 987 cum
2252 933 2638 989 dormitionem
2666 932 2861 989 mortis
2887 930 3156 1003 accipient
3183 929 3438 1002 apostoli.

2171 1022 2341 1077 Vens.
2391 1051 2462 1063 —
2507 1025 2596 1080 28.
2654 1024 2738 1078 Vis
2784 1024 2956 1078 imus.
3004 1020 3140 1076 Cum
3187 1019 3485 1091 spiritualis
3524 1019 3690 1075 homo

2100 1109 2250 1165 audit
2279 1111 2385 1166 hoc
2414 1127 2537 1166 esse
2567 1125 2601 1165 a
2627 1109 2848 1166 diabolo
2897 1109 2989 1182 qui
3033 1107 3168 1164 nihil
3197 1107 3344 1165 valet
3372 1115 3565 1165 contra
3594 1123 3691 1163 vo-

2100 1198 2364 1254 luntatem
2393 1199 2512 1268 Dei,
2545 1206 2727 1270 potest
2756 1199 2808 1254 ei
2854 1198 3108 1254 voluntas
3155 1197 3414 1266 suboriri,
3446 1203 3505 1251 ut
3551 1195 3694 1252 tales

2099 1287 2313 1343 auferat
2343 1287 2411 1343 de
2441 1287 2646 1343 mundo
2678 1287 2725 1342 si
2754 1286 3071 1342 facultatem
3096 1285 3316 1342 habeat.
3353 1285 3464 1340 Sed
3492 1300 3693 1340 consu-

2099 1376 2160 1430 lit
2181 1376 2449 1446 justitiam
2479 1376 2597 1446 Dei,
2631 1391 2701 1432 an
2731 1375 2912 1432 facere
2942 1375 3159 1445 debeat,
3194 1383 3249 1430 et
3275 1389 3350 1430 an
3377 1375 3526 1429 Deus
3560 1373 3695 1429 velit

2099 1481 2222 1520 esse
2252 1466 2358 1520 hoc
2385 1464 2623 1520 oﬂicium
2652 1464 2950 1519 hominum.
2985 1464 3095 1519 Sed
3116 1463 3330 1518 Veritas
3352 1462 3690 1533 respondet:

2098 1554 2222 1609 Non
2269 1570 2434 1610 nosse
2481 1553 2758 1609 hominem
2803 1553 2860 1608 in
2897 1555 3002 1608 hac
3031 1553 3142 1608 vita
3169 1551 3347 1624 qualis
3375 1550 3591 1606 futurus
3620 1551 3692 1606 sit

2101 1643 2193 1714 qui
2223 1644 2390 1699 modo
2421 1649 2588 1712 errat,
2623 1650 2677 1698 et
2705 1641 2836 1714 quid
2867 1641 3026 1697 bonis
3057 1641 3306 1698 conferat
3334 1640 3452 1710 ejus
3484 1656 3644 1696 error
3676 1658 3691 1694 :

472 1739 644 1795 Vens.
696 1739 784 1793 tt.
832 1769 902 1780 —
947 1739 1162 1797 Audita
1208 1740 1474 1797 audietis.
1525 1743 1655 1799 Harc
1701 1744 1770 1799 de
1821 1739 2153 1824 turbisBet
2180 1732 2431 1824 ideoeos
2459 1747 2570 1824 non
2597 1747 2720 1824 esse
2747 1731 3040 1824 tollendus.
3072 1745 3143 1824 ne
3185 1728 3692 1824 furte_iuterﬁc_iuu-

401 1829 725 1898 prophetata
754 1835 898 1897 sunt,
934 1827 1062 1898 quia
1094 1836 1237 1884 stant
1264 1829 1541 1899 inlittore,
1566 1838 1620 1886 et
1640 1831 1856 1887 Domini
1889 1849 1998 1888 non
2020 1818 2068 1824 ”
2102 1828 2208 1887 ων,
2234 1821 2326 1892 qui
2345 1820 2486 1876 forte
2507 1820 2673 1876 futuri
2695 1827 2818 1875 sunt
2849 1838 2862 1874 :
2897 1819 2984 1875 vel
3012 1837 3081 1874 ne
3112 1818 3269 1874 bonis
3297 1818 3460 1884 obsit,
3493 1818 3694 1890 quibus

398 1925 682 1972 merentur
712 1917 900 1972 audire
935 1933 1266 1972 sermonem.

2098 1917 2362 1980 prosunt,
2415 1916 2519 1964 etc.
2597 1909 2748 1964 Tunc
2814 1924 2946 1964 vero
2993 1915 3298 1979 opportune
3355 1906 3500 1973 ﬁeri,
3561 1922 3688 1962 cum

471 2005 640 2060 Vens.
678 2006 764 2058 15.
795 2034 864 2044 -
901 2005 1100 2061 Oculos
1130 2023 1279 2062 suos.
1305 2007 1365 2060 Id
1397 2015 1498 2076 est,
1533 2006 1639 2078 ipsi
1693 2007 1797 2064 sibi
1833 2025 1992 2065 causa

2117 2013 2209 2052 am
2235 2013 2346 2053 non
2373 2004 2457 2054 est
2477 1996 2877 2053 commutandae
2897 1996 3024 2054 vita:
3043 2003 3258 2068 tempus
3279 2003 3333 2052 et
3351 1993 3683 2066 proﬁciendi

401 2092 624 2148 fuerunt
654 2099 713 2147 ut
741 2092 890 2147 Deus
919 2093 1000 2148 eis
1029 2093 1218 2148 oculos
1251 2093 1550 2150 clauderet.

468 2209 544 2263 Ne
595 2208 835 2280 quando.
888 2209 948 2263 Id
999 2216 1102 2277 est,
1138 2208 1301 2277 ideo,
1336 2209 1464 2280 quia
1511 2209 1701 2265 oculos
1731 2218 1786 2265 et
1837 2226 2000 2266 aures

404 2297 621 2368 aperire
651 2297 961 2365 noluerunt,
1016 2311 1128 2353 non
1173 2306 1496 2353 meruerunt
1542 2297 1837 2370 aliquando
1869 2315 1999 2356 con-

397 2384 536 2440 verti
570 2403 583 2438 :
619 2385 766 2456 quod
797 2392 979 2440 tamen
1010 2384 1445 2442 misericorditer
1476 2385 1682 2442 factum
1713 2395 1797 2443 est
1827 2387 1926 2443 eis.

476 2474 646 2528 Vens.
683 2477 768 2528 16.
801 2504 871 2514 -
928 2475 1107 2530 Beati.
1141 2474 1284 2530 Vere
1337 2475 1501 2545 beati,
1537 2475 1664 2546 quia
1701 2476 1808 2532 hoc
1837 2476 2003 2532 etiam

394 2561 817 2632 praesentialiter
837 2561 1028 2618 videre
1059 2569 1114 2618 et
1151 2563 1346 2618 audire
1367 2573 1692 2619 meruerunt
1713 2565 1858 2635 quod
1889 2565 2004 2620 nul-

396 2650 482 2705 lus
512 2650 760 2722 priorum
789 2651 1064 2722 quantivis
1112 2651 1294 2707 meriti
1325 2653 1547 2722 meruit,
1583 2653 1833 2724 quamvis
1861 2655 2003 2710 mul-

395 2747 511 2794 tum
541 2739 958 2795 desideraverit.

469 2829 640 2884 Vens.
677 2829 762 2882 17.
797 2859 867 2869 -
895 2830 966 2883 Et
1003 2830 1174 2900 justi.
1221 2828 1396 2884 Lucas
1438 2829 1618 2898 justos
1651 2846 1817 2903 reges
1847 2831 1997 2903 dicit,

398 2917 526 2988 quia
556 2925 738 2972 motus
767 2932 896 2972 suos
926 2916 1066 2972 bene
1113 2925 1330 2988 regunt.

467 3005 639 3062 Vens.
676 3009 762 3059 18.
796 3035 865 3045 -
903 3006 998 3061 Vos
1029 3021 1153 3076 ergo
1184 3005 1397 3061 audite.
1421 3005 1659 3060 Primam
1679 3007 2002 3078 parabolam

2100 2085 2222 2140 aliis
2255 2105 2268 2140 :
2303 2093 2358 2141 et
2401 2093 2530 2142 tunc
2575 2101 2686 2142 non
2732 2085 2804 2140 ab
2831 2084 3144 2142 hominibus
3167 2126 3182 2155 ,
3214 2084 3313 2141 sed
3361 2083 3432 2139 ab
3476 2082 3692 2156 angelis

2101 2173 2232 2230 dicit
2259 2174 2399 2230 ﬁeri.

2172 2290 2345 2346 Vens.
2377 2293 2468 2347 29.
2517 2318 2586 2329 —
2632 2290 2705 2344 Et
2750 2290 2835 2344 ait
2880 2289 3019 2354 Non,
3054 2294 3160 2344 etc.
3211 2287 3359 2343 Ecce
3405 2286 3691 2358 patientia.

2100 2378 2226 2434 Non
2256 2377 2400 2433 enim
2449 2377 2636 2432 audito
2683 2376 2874 2432 dolore
2921 2376 3127 2432 exarsit
3153 2375 3210 2430 in
3236 2375 3397 2446 iram,
3431 2390 3534 2431 nec
3561 2390 3692 2432 mox

2101 2467 2294 2522 ulcisci
2322 2466 2512 2536 voluit,
2544 2466 2622 2521 ita
2650 2473 2705 2521 et
2731 2481 2832 2522 nos
2862 2465 2981 2521 laesi
3023 2464 3295 2536 patienter
3351 2464 3615 2520 feramus.

2173 2552 2250 2607 Ne
2279 2553 2448 2622 forte.
2481 2550 2581 2606 Hic
2610 2551 2771 2605 datur
2799 2549 2954 2606 locus
2972 2549 3312 2622 pmnitentize
3331 2556 3386 2604 et
3401 2564 3692 2607 monemur

2097 2654 2210 2694 non
2228 2639 2336 2694 cito
2400 2645 2684 2710 amputare
2717 2656 2731 2693 :
2764 2638 2894 2710 quia
2959 2638 3052 2710 qui
3097 2644 3257 2694 errat
3310 2637 3475 2694 hodie
3499 2679 3513 2704 ,
3563 2653 3693 2693 cras

2101 2726 2242 2782 forte
2269 2726 2525 2783 defendet
2579 2727 2884 2782 veritatem.
2921 2726 2979 2782 Si
3008 2743 3145 2798 ergo
3196 2726 3366 2782 modo
3423 2713 3693 2782 avellere-

2103 2822 2210 2885 tur,
2244 2815 2481 2872 triticum
2526 2816 2674 2888 quod
2717 2815 2960 2870 futurum
2992 2823 3112 2872 erat
3161 2815 3555 2870 eradicaretur.
3590 2814 3694 2870 Vel

2104 2919 2333 2960 necesse
2380 2911 2465 2960 est
2508 2913 2567 2958 ut
2613 2903 2742 2959 mali
2769 2904 3020 2975 permisti
3066 2903 3174 2958 sint
3200 2902 3360 2959 bonis
3405 2919 3506 2973 per
3551 2917 3693 2974 quos

2106 3001 2485 3048 exerceantur.
2520 2993 2620 3048 Vel
2650 3009 2882 3064 quorum
2912 2992 3320 3065 comparatione
3349 2991 3592 3080 nitamur
3620 2991 3693 3046 ad

400 3095 639 3166 exponit,
672 3101 732 3148 ιιι
761 3093 908 3148 idem
938 3093 1222 3149 attendam
1247 3094 1304 3148 in
1335 3095 1568 3150 caeteris.
1602 3096 1841 3166 Εχροηίι
1886 3114 1996 3153 non
2019 3125 2068 3188 Ο
2102 3079 2318 3151 melius,
2353 3081 2549 3153 quibus
2571 3081 2802 3154 sublatis
2831 3081 3055 3137 altitudo
3076 3079 3359 3138 charitatis
3396 3079 3695 3137 marcescit

399 3183 699 3239 secundum
744 3181 962 3254 singula
1009 3182 1198 3251 verba,
1233 3183 1331 3237 sed
1381 3199 1651 3238 summam
1690 3185 1990 3241 sententiai.

398 3272 562 3341 (Anc.
597 3287 721 3343 sup.
773 3272 934 3340 Gen.)
985 3269 1220 3326 Proinde
1269 3271 1415 3342 quod
1462 3272 1710 3328 narravit
1749 3289 1995 3346 evange-

396 3360 521 3415 lista
542 3359 731 3431 (etiam
751 3358 951 3415 factum
974 3359 1078 3429 est)
1101 3359 1394 3414 Dominum
1433 3359 1643 3416 scilicet
1673 3361 1805 3416 talia
1824 3361 1995 3420 fuisse

398 3449 659 3504 locutum.
687 3447 862 3519 Ipsius
899 3455 1100 3516 autem,
1135 3457 1264 3517 etc.,
1297 3465 1469 3521 usque
1508 3449 1581 3504 ad
1609 3449 1746 3504 illud
1794 3451 1996 3522 quippe
2053 3522 2065 3530 ἢ

399 3537 618 3608 scripsit
646 3544 902 3592 narrator
932 3553 1116 3591 rerum
1145 3536 1570 3608 prseteritarum,
1595 3539 1702 3593 hoc
1738 3555 1994 3610 praenun-

397 3625 562 3681 tiator
589 3625 964 3681 tantummodo
993 3625 1320 3682 futurorum.

469 3743 639 3797 Vens.
673 3746 762 3800 20.
796 3771 866 3782 —
893 3743 1072 3814 Super
1107 3746 1354 3814 petrosa.
1407 3742 1583 3813 Super
1610 3750 1828 3815 petram
1855 3750 1910 3799 et
1935 3743 1991 3799 in

397 3830 568 3903 spinis
597 3831 956 3901 seminantur,
991 3831 1082 3902 qui
1114 3832 1252 3887 bene
1283 3830 1558 3902 accipiunt
1591 3850 1605 3887 :
1636 3832 1736 3887 sed
1779 3832 1866 3889 vel
1895 3833 1993 3888 ad-

397 3935 560 3975 versa
588 3922 866 3988 terrendo,
899 3920 985 3975 vel
1016 3937 1285 3990 prospera
1316 3920 1666 3989 blandiendo,
1705 3921 1991 3976 retardant

396 4024 492 4063 eos
521 4024 591 4063 ne
617 4007 923 4078 perﬁciant.
958 4008 1173 4062 Divitiis
1198 4008 1448 4078 jungitur
1465 4008 1776 4064 sollicitudo
1809 4017 1992 4064 custo-

398 4096 522 4166 diat,
556 4113 677 4167 quae
707 4095 916 4166 affligit,
951 4103 1004 4150 et
1031 4096 1302 4166 voluptas,
1337 4113 1458 4166 qua)
1498 4095 1720 4151 effluere
1749 4096 1899 4153 facit.

471 4184 642 4239 Vens.
667 4188 754 4240 22.
775 4184 1101 4238 ——Fallacia
1117 4184 1466 4240 divitiarum.
1491 4185 1852 4258 (Cnnvsosr.)
1875 4186 1992 4241 Suf-

403 4273 652 4331 focantur
711 4272 882 4343 spinis
905 4289 1027 4344 quae
1055 4271 1381 4342 audivimus,
1415 4289 1525 4327 non
1575 4273 1799 4344 quidem
1843 4275 1991 4346 ipsa-

401 4380 524 4419 rum
556 4362 838 4434 spinarum
869 4361 1030 4432 culpa
1053 4403 1066 4430 ,
1101 4361 1200 4416 sed
1247 4361 1364 4430 ejus
1385 4362 1476 4432 qui
1495 4362 1640 4431 illas,
1665 4371 1793 4433 etc.,
1817 4381 1991 4437 usque

398 4453 470 4510 ad
498 4453 606 4509 duo
637 4451 837 4524 quippe
867 4451 997 4507 vitia
1025 4449 1166 4505 inter
1194 4467 1253 4504 se
1275 4450 1524 4521 opposita
1545 4450 1598 4505 in
1621 4452 1822 4507 divitiis
1844 4460 1968 4508 sunt

409 4559 576 4600 unum
599 4543 743 4614 quod
766 4539 1460 4610 incenditsollicitudinem,
1485 4549 1539 4595 et
1559 4540 1792 4598 oﬂ'uscat
1811 4542 1994 4598 curis:

405 4631 641 4686 alterum
671 4632 818 4701 quod
848 4631 1127 4686 molliores
1158 4629 1368 4686 deliciis
1399 4630 1595 4685 reddit.

475 4737 647 4791 Vens.
679 4739 770 4794 23.
805 4766 874 4777 —
901 4738 1070 4793 Aliud
1118 4738 1342 4811 quidem
1383 4741 1776 4796 centesimum.
1811 4737 1997 4810 (ΗΑΒ.)

405 4825 540 4882 Tres
570 4823 891 4880 differentia:
919 4834 1046 4880 sunt
1074 4826 1130 4880 in
1174 4828 1318 4883 bona
1360 4837 1510 4884 terra
1529 4871 1544 4898 ,
1587 4827 1728 4884 sicut
1756 4827 1910 4884 fuere
1939 4828 1998 4884 in

400 4915 568 4970 mala.
599 4913 848 4987 Triginta
877 4914 1023 4969 enim
1054 4914 1290 4971 refertur
1319 4917 1392 4973 ad
1421 4918 1659 4989 nuptias.
1693 4917 1996 4990 Sexaginta

401 5004 492 5074 ad,
516 5011 646 5074 etc.,
696 5020 869 5076 usque
917 5003 989 5059 ad
1020 5004 1356 5061 tricesimum
1400 5008 1838 5080 conjugatorum,
1869 5007 1998 5078 quia

400 5093 518 5149 haec
547 5100 633 5149 est
659 5100 794 5149 aetas
824 5092 1204 5165 praeliantium,
1239 5102 1294 5152 et
1319 5094 1406 5152 his
1443 5103 1530 5154 est
1571 5097 1747 5167 major
1773 5096 1997 5155 conﬂic-

400 5188 488 5236 tus
514 5197 586 5238 ne
611 5181 837 5240 libidine
859 5191 1202 5255 superentur.

472 5298 645 5352 Vens.
668 5298 757 5355 24.
782 5327 852 5340 —
872 5299 1061 5356 Aliam
1079 5299 1428 5371 parabolam.
1453 5299 1624 5368 Quasi
1639 5301 1796 5359 dives
1815 5309 1998 5374 pater-

399 5386 634 5442 familias
663 5386 920 5444 invitatos
949 5387 1180 5444 diversis
1208 5387 1387 5445 reﬁcit
1427 5389 1584 5460 cibis,
1615 5398 1676 5446 ut
1702 5391 1996 5463 unusquis-

399 5492 506 5548 que
536 5476 840 5533 secundum
868 5485 1120 5533 naturam
1150 5478 1422 5534 stomachi
1448 5479 1530 5534 sui
1559 5479 1711 5535 varia
1737 5479 1997 5536 alimenta

398 5565 721 5638 susciperet.
757 5566 913 5623 Unde
955 5575 1011 5623 et
1053 5566 1190 5623 dixit
1234 5566 1400 5623 aliam
1449 5567 1772 5639 parabolam
1799 5576 1856 5626 et
1883 5584 1997 5625 non

403 5653 657 5729 alteram,
687 5661 749 5713 ut
775 5655 966 5728 plures
986 5656 1146 5731 sequi
1158 5655 1557 5730 intelligantur.
1579 5657 1710 5717 Haec
1727 5657 1997 5731 parabola

2099 3170 2245 3242 quod
2275 3177 2360 3226 est
2388 3169 2679 3226 eradicari.

2173 3285 2253 3340 Ibi
2283 3285 2556 3356 patienter
2600 3284 2874 3341 tolerandi
2947 3291 3074 3341 sunt
3101 3275 3250 3356 mali,
3282 3283 3376 3340 ubi
3403 3283 3571 3356 aliqui
3599 3282 3691 3340 in-

2097 3373 2392 3430 veniuntur
2422 3374 2620 3446 quibus
2640 3374 2966 3443 adjuvantur
2996 3373 3143 3430 boni.

2192 3462 2404 3534 (Auc.)
2454 3463 2741 3518 Multitudo
2805 3479 2916 3518 non
2961 3470 3046 3520 est
3127 3461 3688 3531 excommunicanda,

2095 3565 2199 3608 nec
2231 3550 2486 3622 princeps
2514 3551 2720 3623 p0puli.

2166 3639 2339 3695 Vens.
2363 3642 2452 3694 30.
2485 3669 2556 3680 —
2582 3639 2786 3695 Sinite.
2819 3638 2936 3694 Hoc
2975 3638 3192 3696 videtur
3227 3636 3568 3695 contrarium
3608 3636 3692 3694 illi

2097 3726 2446 3798 apostolico:
2493 3728 2730 3798 Auferte
2757 3727 2978 3783 malum
3025 3743 3099 3783 ea:
3147 3727 3315 3783 vobis.
3349 3727 3401 3798 (Ι
3448 3726 3569 3783 Cor.
3604 3726 3688 3792 v).

2096 3815 2207 3871 Sed
2237 3815 2380 3872 sicut
2429 3815 2572 3870 inter
2619 3815 2809 3871 lolium
2856 3822 2909 3872 et
2956 3815 3195 3871 triticum
3226 3813 3486 3887 quamdiu
3515 3812 3694 3869 herba

2095 3911 2198 3974 est,
2230 3920 2426 3976 parum
2457 3904 2623 3960 distat
2655 3922 2670 3959 :
2702 3904 2778 3959 ita
2806 3912 2992 3974 monet
3021 3904 3287 3960 Dominus
3315 3921 3386 3960 ne
3414 3903 3485 3959 de
3515 3902 3692 3958 ambi-

2094 4009 2204 4066 guo
2255 3993 2585 4063 judicemus,
2628 3993 2774 4065 quod
2814 3993 3080 4050 DominUs
3127 3994 3184 4049 in
3220 3993 3309 4050 die
3331 3991 3525 4063 judicii
3581 4007 3694 4049 non

2094 4081 2416 4154 suspiciose,
2449 4083 2548 4139 sed
2576 4082 2864 4138 manifeste
2893 4082 3191 4138 damnabit.

2164 4198 2227 4252 In
2282 4197 2538 4268 patiendo
2562 4197 2831 4268 justitiam
2887 4197 3214 4256 meditemur
3247 4215 3262 4253 :
3294 4197 3352 4254 in
3390 4195 3691 4267 judicando

2087 4285 2354 4355 justitiam
2383 4303 2493 4343 non
2535 4289 2905 4361 negligamus.

2162 4405 2233 4458 Et
2262 4405 2325 4459 in
2357 4407 2622 4477 tempore.
2658 4404 2763 4473 Qui
2811 4402 3200 4477 longanimiter
3229 4403 3352 4458 tulit
3393 4418 3494 4474 per
3519 4401 3690 4470 justi-

1915 4483 1993 4565 :‘_"_
2016 4483 2070 4543 D
2104 4491 2256 4563 tiam,
2287 4493 2456 4565 digna
2485 4493 2774 4549 retribuit:
2807 4493 3061 4549 discretae
3090 4492 3236 4548 enim
3265 4498 3392 4547 sunt
3430 4490 3685 4558 virtutes,

2102 4581 2200 4636 sed
2229 4598 2339 4636 non
2367 4582 2676 4639 contrariae.
2709 4584 2781 4638 Et
2809 4583 3063 4652 alligate.
3095 4582 3158 4636 In
3189 4582 3295 4637 hac
3322 4580 3436 4636 vita
3465 4595 3578 4634 non
3609 4586 3696 4634 est

2101 4669 2368 4742 alligatio,
2399 4671 2643 4742 alioquin
2669 4687 2780 4726 non
2809 4677 2888 4727 tot
2915 4671 2987 4726 ab
3025 4685 3219 4726 errore
3275 4667 3690 4740 resipiscerent.

2173 4769 2345 4824 Vens.
2377 4771 2466 4824 3i.
2499 4799 2568 4809 —
2613 4769 2810 4825 Simile
2851 4773 2941 4824 est
2983 4784 3259 4841 regnum,
3290 4774 3393 4824 etc.
3443 4766 3695 4838 Regnum

2100 4857 2378 4924 caelorum,
2439 4857 2773 4929 praedicatio.
2791 4864 2878 4913 est
2921 4856 3229 4930 Evangelii,
3262 4855 3330 4912 de
3376 4870 3479 4926 qua
3522 4851 3694 4908 alibi:

2099 4947 2408 5017 Auferetur
2434 4964 2470 5002 a
2495 4948 2643 5003 vobis
2682 4964 2922 5019 regnum
2949 4947 3067 5012 Dei,
3091 4950 3147 5002 et
3168 4946 3397 5000 dabitur
3415 4945 3574 5015 genti
3605 4945 3696 5012 [a—

2099 5036 2277 5090 cienti
2304 5038 2564 5106 fructum
2592 5037 2716 5106 ejus
2746 5036 2968 5105 (Matth.
2999 5034 3146 5104 xxi).
3180 5033 3278 5088 Vel
3311 5031 3494 5088 notitia
3513 5030 3698 5101 Scrip-

2099 5130 2354 5178 turarum.
2390 5124 2572 5179 Grano
2600 5125 2839 5195 sinapis.
2884 5123 3066 5178 Grano
3114 5121 3319 5192 sinapis
3358 5126 3698 5190 comparatur

2096 5225 2196 5282 pro
2237 5210 2446 5267 fervore
2493 5209 2640 5277 ﬁdei,
2673 5211 2796 5283 quia
2845 5210 3036 5266 dicitur
3075 5225 3285 5266 venena
3313 5207 3606 5280 expellere,
3639 5205 3699 5261 id

2097 5299 2411 5367 cst,omnia
2440 5299 2691 5372 dogmata
2717 5298 3012 5371 pravitatis.
3044 5299 3226 5355 Potest
3256 5298 3312 5352 in
3357 5311 3530 5370 grano
3550 5294 3700 5350 sina-

2097 5387 2184 5459 pis
2229 5387 2499 5444 humilitas
2545 5388 2844 5445 Dominica:
2869 5385 3256 5444 incarnationis
3281 5383 3531 5458 intelligi.
3575 5381 3698 5452 Quo

2098 5485 2323 5550 accepto
2345 5478 2506 5535 homo
2556 5477 2704 5532 misit
2733 5477 2788 5532 in
2832 5477 3045 5533 hortum
3077 5492 3252 5544 suum,
3312 5474 3438 5546 quia
3497 5487 3700 5544 corpus

2099 5564 2346 5623 cruciﬁxi
2389 5566 2692 5623 Salvatoris
2749 5565 3027 5638 accipiens
3069 5565 3276 5636 Joseph
3322 5563 3380 5618 in
3407 5562 3568 5618 horto
3599 5575 3696 5616 se-

2098 5655 2305 5729 pelivit.
2334 5655 2611 5729 Expendit
2636 5670 2819 5714 ramos
2847 5655 2904 5712 in
2945 5655 3139 5727 quibus
3179 5653 3430 5712 volucres
3453 5649 3582 5710 caeli
3608 5665 3698 5707 re-
