4000 6182
255 266 352 317 133

1196 230 1205 239 ’
1268 247 1539 319 GLOSSA
1577 262 1987 320 ORDINARIA.
2029 293 2097 302 —
2136 261 2398 318 EVANG.
2441 263 2698 317 unm.

3444 267 3543 319 134

259 386 586 456 quiescent,
608 385 732 456 quia
761 387 1148 456 praedicatores
1177 387 1435 458 dispersit
1463 389 1519 442 in
1565 388 1847 453 mundum,
1868 389 1923 449 A
1951 386 2082 440 terri
2103 395 2155 441 et
2170 387 2326 441 Novo
2347 359 2712 453 Te’stamento,
2739 386 2872 441 etin
2900 401 3053 440 mare
3075 386 3260 442 saeculi
3280 387 3548 441 miserunt

243 474 298 527 in
326 489 570 544 quorum
602 473 764 528 dictis
795 483 848 529 et
877 475 1343 530 consolationibus
1373 476 1562 531 ﬁdeles
1593 477 1662 530 ab
1691 476 1850 544 hujus

250 562 374 616 vitae
404 560 734 634 fatigatione
773 563 1132 634 respirarent.
1653 613 1658 620 .

316 649 492 704 Vnus.
530 652 617 706 32.
653 679 723 689 —
755 650 895 704 Cum
924 655 1118 706 autem
1149 653 1412 706 creverit.
1466 651 1599 707 Toto
1648 651 1852 706 mundo

247 736 332 791 vel
366 737 426 790 in
455 737 640 790 animo
672 737 1017 810 singulorum
1055 756 1067 792 :
1102 738 1226 810 quia
1255 755 1418 794 nemo
1463 748 1689 810 repente
1718 756 1850 810 per-

246 824 445 879 fectus.
481 825 664 878 Crevit
695 833 748 879 et
777 823 982 880 factum
997 828 1093 880 'est
1123 826 1178 879 in
1207 827 1484 890 arborem,
1518 827 1645 897 quia
1675 843 1853 881 surre-

248 912 322 966 xit
351 920 406 967 et
436 912 690 968 accendit
721 912 777 967 in
807 913 1025 968 caelum.
1061 914 1158 968 Vel
1190 914 1447 981 creverit,
1482 914 1538 968 id
1569 923 1671 977 est,
1692 931 1851 970 men-

253 1001 393 1056 tibus
432 1000 714 1055 hominum
745 1010 958 1072 quantm
986 1002 1056 1057 sit
1070 1002 1283 1058 virtutis
1317 1002 1623 1058 innotuerit.
1650 1004 1853 1059 Caetera

248 1096 514 1159 apparent
543 1089 714 1158 olera,
745 1107 867 1162 qua:
902 1090 1007 1146 cito
1038 1100 1289 1147 crescunt
1321 1099 1373 1146 et
1404 1099 1659 1147 corruunt
1693 1109 1706 1146 :
1743 1107 1852 1146 non

249 1177 455 1243 vivida,
491 1177 591 1233 sed
621 1177 856 1233 marcida
889 1196 903 1232 :
935 1178 1022 1232 illa
1052 1194 1159 1234 non
1187 1179 1326 1245 olus,
1352 1180 1448 1234 sed
1475 1179 1638 1235 arbor
1662 1177 1736 1246 ﬁt,
1759 1181 1852 1235 ubi

247 1263 378 1320 folia
407 1281 531 1320 cum
559 1265 756 1332 fructu,
790 1275 841 1321 et
867 1267 922 1320 in
952 1267 1067 1336 ejus
1098 1267 1332 1324 diversis
1365 1268 1645 1323 sententiis
1676 1267 1845 1339 spiri-

251 1353 428 1408 tuales
454 1354 758 1426 quiescunt.

322 1443 587 1498 01eribus
619 1447 675 1499 et
704 1444 770 1512 ﬁt
803 1444 985 1501 arbor.
1019 1444 1078 1498 Id
1109 1453 1210 1508 est,
1239 1445 1582 1515 dogmatibus
1608 1445 1852 1516 philosoo

252 1532 510 1600 phorum,
562 1549 682 1603 qua:
728 1532 834 1588 cito
880 1541 1127 1588 crescunt
1172 1542 1224 1588 et
1269 1540 1539 1600 corruunt,
1581 1533 1654 1588 nil
1694 1534 1852 1589 vitale

251 1619 641 1689 promittentis.

1954 490 2074 545 qua:
2103 490 2278 545 usque
2308 475 2470 529 hodie
2501 475 2751 543 trahitur,
2805 483 2858 529 et
2887 475 2942 528 in
2971 474 3226 530 ﬂuctibus
3266 474 3542 528 tenditur:

1957 561 2180 632 capiens
2230 562 2456 633 quiquid
2505 562 2721 630 incidit,
2775 563 2948 618 bonos
2981 571 3033 618 et
3061 563 3266 631 malos,
3313 578 3451 633 quos
3481 561 3553 616 ad

1950 650 2101 705 littus
2132 650 2314 718 trahit,
2347 651 2402 704 id
2433 659 2533 719 est,
2567 651 2637 706 ad
2669 650 2834 706 ﬁnem
2855 651 3070 719 mundi,
3096 660 3155 706 ut
3185 659 3312 707 tunc
3343 649 3436 704 ﬁat
3467 650 3550 704 di-

1959 738 2116 793 visio.
2139 739 2294 794 Unde
2324 739 2570 810 sequitur
2595 757 2608 793 :
2632 741 2721 796 Sic
2738 743 2849 795 erit
2867 741 2930 795 in
2952 741 3438 798 consummatione
3460 756 3556 794 sa:-

1957 828 2092 892 culi,
2128 834 2231 882 etc.
2258 827 2488 898 Sagenae
2519 836 2869 897 comparatur
2899 828 3146 882 Ecclesia
3177 827 3260 882 vel
3290 826 3554 898 praedica-

1976 914 2050 969 tio
2105 915 2457 988 evangelica,
2492 933 2613 986 qua:
2657 931 2690 970 a
2734 915 2988 970 fluctibus
3034 916 3217 971 saeculi
3252 916 3322 970 ad
3353 915 3553 970 malum

1969 1001 2153 1056 trahit.

2030 1091 2200 1145 Vens.
2241 1091 2326 1145 48.
2351 1092 2509 1145 -Ει
2537 1105 2698 1146 secus
2731 1093 2917 1146 littus.
2951 1091 3143 1158 Littus,
3179 1090 3302 1145 ﬁnis
3345 1091 3550 1160 saeculi,

1965 1178 2022 1232 in
2051 1194 2159 1248 quo
2188 1177 2317 1233 boni
2345 1179 2416 1232 ad
2447 1177 2664 1246 cmlum,
2697 1178 2827 1232 mali
2854 1179 2924 1233 ad
2955 1179 3212 1234 tenebras
3233 1179 3514 1234 mittentur
3538 1196 3552 1232 :

1968 1267 2023 1321 in
2051 1267 2306 1337 praesenti
2336 1266 2478 1320 enim
2511 1274 2668 1321 erant
2697 1267 2961 1337 permisti.

2026 1357 2192 1409 Vens.
2230 1359 2316 1411 52.
2342 1385 2411 1395 -—
2434 1355 2559 1411 Ideo
2589 1356 2774 1412 omnis
2795 1357 2986 1413 Scriba
3013 1356 3237 1422 doctus,
3273 1364 3377 1412 etc.
3413 1353 3556 1424 Quia

1973 1443 2273 1515 intelligitis
2301 1443 2562 1515 mysteria
2589 1461 2711 1515 qua:
2739 1444 2893 1500 vobis
2924 1445 3107 1499 revelo
3141 1463 3154 1497 :
3186 1444 3310 1499 ideo
3359 1443 3556 1500 faciam

1967 1547 2064 1586 vos
2091 1532 2500 1602 praedicatores,
2535 1541 2587 1587 et
2618 1531 2768 1586 eritis
2796 1532 2926 1586 mihi
2957 1532 3164 1586 similes
3194 1532 3286 1602 qui
3315 1531 3382 1586 de
3431 1533 3555 1588 the-

1961 1635 2127 1674 sauro
2157 1620 2399 1675 scientiae
2427 1637 2582 1688 meae,
2617 1637 2761 1676 nova
2789 1629 2842 1676 et
2869 1629 3057 1676 vetera
3086 1620 3336 1692 profero,
3372 1628 3430 1675 ut
3457 1638 3554 1676 vos

322 1733 500 1789 Vens.
536 1737 624 1788 33.
657 1763 728 1774 —
755 1735 821 1789 In
849 1736 1058 1805 farina:
1086 1737 1248 1790 satis.
1282 1736 1351 1790 Ut
1371 1734 1613 1806 spiritus,
1647 1734 1846 1800 anima,
1873 1742 1926 1802 Β
1958 1708 2210 1806 animi"
2237 1708 2476 1806 ξδθίδῐίδσ

254 1831 303 1876 et
334 1837 544 1892 corpus
573 1822 629 1876 in
661 1839 826 1877 unum
854 1823 1070 1878 redacta
1114 1839 1225 1878 non
1248 1822 1562 1894 discrepent
1605 1823 1744 1878 inter
1773 1839 1852 1878 se.

255 1909 353 1964 Vel
386 1919 503 1964 tres
530 1910 724 1964 anima:
755 1910 980 1965 virtutes
1013 1909 1068 1963 in
1093 1927 1259 1965 unum
1305 1911 1644 1983 rediguntur,
1697 1920 1752 1966 ut
1801 1910 1856 1964 in

257 1998 471 2053 ratione
500 1998 879 2068 possideamus
919 1998 1280 2068 prudentiam,
1329 1999 1382 2052 in
1418 1999 1502 2054 ira
1540 1999 1722 2054 odium
1770 1999 1857 2053 vi-

258 2087 478 2152 tiorum,
512 2087 566 2141 in
598 2087 887 2158 cupiditate
916 2087 1248 2142 desiderium
1280 2087 1553 2142 virtutum.
1591 2087 1708 2153 Vel,
1742 2104 1856 2142 mu-

259 2174 382 2239 lier,
430 2174 702 2240 Ecclesia,
750 2175 915 2229 ﬁdem
954 2175 1231 2230 hominum
1277 2174 1466 2230 farina:
1513 2174 1682 2230 tribus
1727 2176 1857 2230 satis

262 2263 470 2328 miscet,
504 2263 808 2318 credulitati
835 2263 1009 2317 Patris
1037 2271 1090 2318 et
1119 2263 1234 2318 Filii
1285 2272 1338 2318 et
1385 2263 1618 2335 Spiritus
1664 2264 1852 2319 sancti.

267 2351 509 2422 Cumque
536 2350 592 2404 in
633 2367 798 2406 unum
842 2350 1001 2405 fuerit
1047 2350 1446 2418 fermentatum,
1493 2367 1601 2407 non
1647 2367 1748 2407 nos
1790 2352 1859 2406 ad

265 2438 534 2509 triplicem
564 2440 761 2503 Deum,
791 2439 887 2493 sed
914 2439 1073 2493 unius
1091 2439 1306 2494 deitatis
1326 2439 1566 2494 notitiam
1588 2440 1854 2511 perducit,

267 2528 390 2599 quia
421 2544 531 2582 non
563 2536 650 2582 est
677 2520 902 2582 diversa
920 2536 1112 2582 natura
1140 2528 1197 2582 in
1240 2528 1494 2599 singulis.

331 2646 519 2700 Donec
548 2647 986 2716 fermentatum.
1017 2644 1223 2699 Tandiu
1243 2645 1472 2701 charitas
1493 2645 1549 2698 in
1567 2653 1749 2700 mente
1770 2662 1858 2702 re-

266 2734 484 2789 condita
511 2749 766 2790 crescere
796 2734 976 2798 debet,
1007 2733 1186 2788 donec
1232 2741 1468 2788 mentem
1500 2741 1663 2788 totam
1689 2733 1744 2788 in
1775 2734 1859 2788 sui

266 2821 662 2892 perfectionem
689 2831 1002 2887 commutet,
1024 2830 1080 2875 ut
1105 2821 1239 2875 nihil
1259 2831 1459 2891 praeter
1480 2823 1651 2877 Deum
1672 2823 1860 2894 diligat

267 2911 349 2965 vel
379 2910 611 2976 recolat,
634 2911 778 2982 quod
810 2911 897 2965 hic
927 2909 1200 2980 incipitur,
1230 2909 1287 2964 in
1306 2909 1408 2964 alia
1427 2909 1534 2965 vita
1554 2909 1854 2980 perﬁcitur.

334 2999 508 3054 Vnus.
542 2999 631 3054 34.
663 3028 733 3040 -
763 3000 829 3054 In
855 2999 1137 3070 parabolis
1167 2999 1239 3053 ad
1283 3000 1496 3055 turbas.
1533 2997 1669 3067 Quia
1697 2999 1859 3070 quid-

265 3086 499 3186 quidibi
526 3087 726 3186 dicitur
751 3087 820 3142 de
850 3086 1090 3186 exercitu
1135 3087 1326 3155 Israel,
1377 3096 1430 3142 et
1474 3087 1658 3143 omnia
1703 3088 1858 3161 signa
1880 3100 1929 3162 α
1965 3086 2258 3186 Un'd

267 3176 474 3232 occulta
497 3184 625 3230 sunt
654 3184 1011 3231 sacramenta.

338 3265 511 3320 Vens.
548 3266 638 3319 44.
672 3294 742 3305 -
780 3266 1056 3322 Thesauro
1085 3264 1407 3321 abscondito
1435 3266 1499 3320 in
1528 3281 1680 3336 agro.
1714 3265 1862 3320 The-

269 3369 456 3408 saurus
480 3363 665 3426 potest
695 3353 871 3424 accipi
899 3355 1124 3410 verbum
1153 3353 1273 3420 Dei,
1293 3354 1384 3425 qui
1403 3352 1457 3407 in
1483 3368 1645 3410 carne
1665 3353 1864 3410 Christi

272 3443 640 3498 absconditur.
677 3441 776 3498 Vel
808 3443 1105 3514 Scriptura,
1137 3443 1193 3497 in
1222 3459 1326 3513 qua
1365 3442 1600 3514 reposita
1629 3451 1712 3497 est
1757 3459 1862 3498 no-

274 3530 377 3585 titia
411 3531 734 3586 Salvatoris.
789 3531 907 3597 Vel,
954 3532 1060 3587 duo
1109 3531 1451 3586 Testamenta
1489 3531 1546 3585 in
1590 3531 1860 3597 Ecclesia,

272 3635 362 3688 pro
388 3635 621 3691 quorum
653 3618 1002 3690 intelligentia
1049 3620 1297 3675 omnibus
1340 3619 1670 3676 renuntiatur
1707 3627 1764 3674 ut
1807 3619 1862 3673 in

274 3708 377 3763 otio
402 3708 704 3763 discantur.

342 3806 600 3862 Terrenis
621 3822 845 3876 regnum
866 3805 1123 3862 ccelorum
1143 3805 1421 3874 similatur,
1445 3814 1502 3860 ut
1520 3821 1620 3877 per
1645 3804 1864 3876 cognita

277 3903 452 3966 surgat
482 3895 551 3948 ad
581 3894 856 3970 incognita
882 3894 1110 3959 animus,
1145 3903 1196 3949 et
1223 3894 1434 3966 diligat.

345 3983 648 4039 Abscondit
679 3987 735 4038 et
762 3999 882 4054 prae
899 3982 1100 4054 gaudio
1120 3983 1302 4038 illius.
1325 3983 1393 4038 Ut
1430 3989 1670 4038 servetur
1690 3997 1721 4037 a
1743 3997 1863 4036 ma-

275 4069 432 4140 lignis
463 4070 744 4141 spiritibus
777 4078 830 4125 et
866 4070 1110 4125 laudibus
1139 4070 1442 4125 hominum.
1499 4071 1587 4126 Sic
1618 4070 1686 4126 sit
1727 4086 1866 4142 opus

276 4159 331 4212 iu
356 4160 594 4230 publico,
623 4168 681 4214 ut
711 4158 933 4214 intentio
962 4167 1172 4215 maneat
1201 4159 1430 4215 occulta.

349 4276 516 4331 Vens.
552 4278 642 4331 45.
675 4306 744 4316 -
775 4277 1140 4348 Negotiatori.
1169 4275 1557 4331 Beatitudinem
1580 4291 1684 4347 qua
1722 4275 1868 4330 exuti

278 4377 457 4418 sumus
484 4365 641 4434 culpa
671 4364 827 4434 primi
857 4364 1110 4430 hominis,
1143 4365 1404 4420 debemus
1429 4380 1640 4433 omnes,
1676 4362 1864 4419 intelli-

2029 1796 2274 1867 Apostoli
2305 1805 2430 1851 sunt
2459 1797 2653 1853 scribta
2683 1806 2737 1851 et
2764 1797 2962 1852 notarii
2992 1798 3212 1868 Christi,
3236 1800 3407 1855 verba
3437 1801 3560 1870 ejus

1957 1884 2240 1956 signantes
2269 1884 2325 1938 in
2353 1885 2551 1940 tabulis
2584 1885 2785 1954 cordis,
2821 1895 2873 1940 et
2902 1887 3107 1956 pollent
3136 1888 3331 1959 opibus
3358 1889 3554 1960 patris-

1958 1981 2209 2048 familias,
2251 1981 2529 2050 ejicientes
2549 1983 2618 2036 de
2651 1985 2908 2039 thesauro
2937 1984 3312 2040 doctrinarum
3333 2003 3553 2042 suarum

1958 2085 2103 2124 nova
2133 2078 2186 2124 et
2233 2078 2449 2142 vetera,
2501 2071 2625 2141 quia
2673 2072 2898 2143 quiquid
2927 2072 2982 2126 in
3020 2074 3322 2147 Evangelio
3352 2075 3556 2146 praedi-

1961 2166 2135 2226 catur,
2170 2158 2311 2231 legis
2343 2167 2396 2214 et
2425 2160 2814 2230 prophetarum
2843 2161 3068 2217 vocibus
3098 2164 3478 2234 comprobant.

2031 2247 2204 2302 Vens.
2230 2249 2319 2302 54.
2336 2278 2405 2288 -
2421 2250 2484 2305 Ut
2504 2249 2881 2305 mirarentur.
2905 2251 3107 2323 Magna
3127 2253 3365 2322 caecitas,
3392 2269 3555 2325 quem

1959 2334 2143 2389 verbis
2174 2343 2227 2389 et
2254 2334 2411 2390 factis
2441 2335 2720 2391 Christum
2751 2346 3110 2410 cognoscunt,
3135 2339 3206 2394 ob
3226 2341 3445 2411 generis
3464 2355 3557 2396 no-

1960 2422 2138 2478 titiam
2170 2430 2540 2478 contemnunt.

2031 2512 2201 2566 Vnus.
2236 2515 2324 2566 55.
2349 2543 2416 2551 -
2440 2513 2601 2566 Fabri
2623 2513 2798 2581 ﬁlius.
2845 2514 2971 2567 Non
3003 2513 3120 2568 sine
3152 2530 3212 2568 re
3252 2515 3420 2569 voluit
3447 2515 3556 2572 dici

1960 2598 2101 2652 fabri
2133 2598 2294 2666 ﬁlius,
2330 2615 2439 2654 non
2469 2599 2610 2654 illius
2642 2615 2804 2670 quem
2830 2608 3048 2670 putant,
3080 2602 3178 2656 sed
3216 2601 3556 2658 fabricatoris

1960 2687 2222 2742 omnium.
2261 2688 2370 2742 Sed
2400 2688 2558 2757 hujus
2589 2689 2918 2744 sacramenti
2946 2689 3118 2744 Judaei
3148 2690 3329 2763 ignari
3359 2691 3557 2748 divina:

1961 2775 2175 2830 virtutis
2195 2791 2366 2846 opera
2387 2775 2623 2832 carnalis
2645 2777 2916 2847 prosapiae
2947 2778 3404 2848 contemplatione
3426 2795 3558 2835 con-

1960 2873 2225 2919 temnunt.
2241 2866 2364 2919 Non
2386 2865 2530 2919 enim
2547 2866 3196 2937 considerantprzesentia
3217 2868 3333 2937 ejus
3356 2884 3553 2940 opera,

1962 2953 2059 3008 sed
2090 2953 2342 3026 fragilem
2374 2955 2736 3009 recordantur
2764 2955 3069 3011 infantiam.

2034 3042 2203 3096 Vens.
2239 3043 2327 3097 57.
2350 3072 2420 3082 -
2439 3043 2737 3115 Propheta.
2772 3043 3019 3098 Christus
3049 3043 3249 3100 dicitur
3269 3047 3556 3116 propheta.

1964 3235 2074 3273 nus
2092 3218 2158 3273 de
2178 3220 2394 3274 semine
2415 3223 2598 3275 vestro
2619 3219 2805 3289 (Deut.
2830 3222 3016 3291 xvm).
3051 3223 3117 3277 In
3135 3223 3347 3293 patria.
3374 3223 3434 3277 Id
3455 3232 3556 3293 est,

1963 3306 2020 3360 in
2039 3306 2239 3376 populo
2258 3307 2571 3363 Iudaeorum
2591 3324 2604 3363 :
2629 3309 2840 3377 majora
2855 3318 3036 3364 autem
3058 3309 3188 3366 facit
3207 3310 3260 3364 in
3283 3312 3558 3383 gentibus.

2035 3395 2207 3450 Vnus.
2241 3398 2330 3450 58.
2361 3426 2432 3436 —
2459 3399 2528 3452 Et
2557 3415 2672 3454 non
2703 3400 2861 3469 fecit.
2885 3398 3034 3454 Fecit
3070 3399 3297 3454 virtutes
3326 3400 3559 3472 aliquas,

1965 3483 2062 3539 sed
2082 3499 2192 3538 non
2214 3484 2433 3552 multas,
2457 3501 2526 3539 ne
2546 3485 2859 3541 incredulos
2883 3488 3295 3543 condemnaret.
3320 3489 3421 3544 Vel
3441 3490 3562 3545 des-

1961 3581 2154 3644 pectus
2183 3588 2361 3644 pauca
2389 3573 2534 3639 facit,
2570 3590 2638 3628 ne
2669 3575 2886 3644 penitus
2916 3577 3258 3633 excusabiles
3289 3577 3416 3644 sint,
3439 3594 3563 3634 ma-

1956 3661 2081 3728 jora
2111 3669 2291 3718 autem
2319 3662 2375 3715 in
2405 3661 2660 3734 gentibus
2699 3663 2844 3719 facit.

2607 3802 2833 3858 CAPUT
2878 3805 3024 3860 XIV.

2035 3943 2206 3999 Vens.
2242 3947 2291 3999 1.
2315 3973 2383 3985 -
2405 3945 2471 3999 1η
2499 3944 2600 4001 illo
2634 3948 2882 4018 tempore
2919 3947 3135 4002 audivit
3159 3949 3414 4006 Herodes.
3448 3949 3560 4004 Lu-

1966 4048 2061 4088 cas
2107 4049 2236 4088 vero
2283 4033 2358 4088 ita
2389 4049 2404 4088 :
2435 4034 2663 4090 Audiuit
2713 4039 2906 4091 autem
2973 4037 3207 4092 Herodes
3275 4039 3564 4095 tetrarcha

1967 4121 2142 4192 (Luc.
2194 4123 2316 4191 lx),
2351 4130 2456 4178 etc.
2510 4121 2673 4191 Quod
2721 4141 2857 4197 ergo
2904 4124 3023 4179 ait:
3059 4127 3156 4181 llic
3189 4130 3276 4181 est
3320 4127 3564 4184 Joannes

1967 4210 2164 4278 (Joan.
2193 4226 2249 4264 ιν
2271 4210 2309 4280 ).
2354 4211 2453 4265 Vel
2483 4210 2840 4267 confirmatus
2889 4214 3250 4284 quorumdam
3299 4215 3568 4270 sententia

1966 4307 2090 4368 post
2135 4298 2531 4354 haesitationem
2578 4301 2750 4370 dixit,
2803 4300 2890 4356 vel
2938 4302 3115 4358 adhuc
3158 4302 3404 4358 dubius:
3446 4305 3566 4360 haec

1969 4386 2114 4441 enim
2145 4387 2314 4441 verba
2343 4388 2413 4442 ad
2442 4397 2733 4460 utrumque
2765 4407 2824 4444 se
2853 4391 3074 4444 habent.

279 4453 455 4522 gendo
485 4461 631 4507 recte
663 4463 716 4507 et
729 4453 1004 4523 operando
1024 4453 1181 4519 bene,
1202 4453 1485 4526 negotiari.
1514 4455 1695 4508 Bonas
1717 4468 1865 4507 mar-
1891 4457 1943 4518 D
2041 4476 2212 4530 VERS.
2244 4480 2298 4534 ε.
2324 4507 2392 4516 _
2412 4479 2480 4531 Et
2509 4479 2610 4532 αεε.
2645 4453 2789 4532 Nom
2820 4478 3080 4532 invidiam
3099 4479 3430 4534 Iudaeorum.
3463 4479 3563 4536 Hic

280 4544 515 4611 garitas.
550 4542 714 4596 Bona:
739 4542 1059 4612 margaritae,
1090 4543 1175 4597 lex
1201 4551 1252 4597 et
1273 4542 1568 4613 prophetae.
1593 4543 1709 4598 Una
1737 4557 1866 4611 pre-

281 4629 433 4696 tiosa,
466 4629 692 4684 scientia
723 4629 1031 4699 Salvatoris,
1062 4647 1158 4701 pro
1187 4647 1290 4702 qua
1332 4631 1514 4696 homo,
1546 4637 1603 4684 ut
1649 4629 1862 4697 Paulus,

281 4717 527 4772 omnibus
547 4717 819 4790 mysteriis
839 4719 977 4789 legis
988 4727 1039 4774 et
1054 4719 1514 4776 observationibus
1527 4717 1862 4774 renuntiavit.

351 4823 532 4880 Vsus.
554 4826 643 4879 46.
677 4855 748 4866 —
775 4825 1011 4881 Inventa
1039 4830 1251 4882 autem.
1285 4827 1342 4880 Id
1373 4833 1472 4891 est,
1507 4825 1739 4889 Christo,
1776 4823 1866 4896 qui

278 4922 473 4984 praest
503 4913 757 4968 omnibus
805 4913 1131 4983 hominibus,
1161 4914 1247 4970 vel
1295 4913 1553 4985 spirituali
1595 4921 1866 4985 praecepto

280 5002 606 5058 dilectionis.
672 5003 773 5058 Vel
816 5002 1086 5059 intellecto
1133 5003 1318 5068 verbo,
1377 5002 1520 5074 quod
1571 5011 1683 5057 erat
1730 5002 1871 5073 apud

279 5092 452 5146 Deum
480 5099 759 5162 penetrata
793 5091 970 5146 carnis
1012 5091 1336 5147 testitudine.
1379 5091 1478 5148 Vel
1491 5091 1728 5148 caalestis
1747 5091 1872 5147 vitae

279 5179 586 5247 dulcedine,
619 5195 719 5252 pro
751 5196 855 5252 qua
879 5179 1059 5236 omnia
1087 5180 1371 5236 vilescunt.

351 5269 520 5324 Vens.
535 5271 626 5324 47.
643 5269 954 5341 -Sagenaz
970 5272 1179 5326 missa.
1197 5269 1454 5340 Impletur
1471 5267 1717 5324 let-emite
1737 5267 1874 5323 vati-

279 5356 482 5412 cinium
513 5375 528 5410 :
559 5359 697 5414 Ecce
727 5373 822 5428 ego
851 5359 1018 5414 mitto
1047 5357 1120 5413 ad
1165 5374 1259 5415 vos
1304 5359 1615 5429 piscatores
1661 5341 1873 5414 multo:

279 5446 418 5515 (Jer.
450 5446 590 5517 xvx).
622 5445 910 5518 Postquam
945 5446 1224 5503 audierunt
1268 5448 1457 5503 Petrus
1501 5454 1554 5503 et
1591 5445 1870 5514 Δηὼ-ωδε,

276 5534 510 5592 Iacobus
529 5542 582 5590 et
596 5535 836 5590 Joannes
855 5552 870 5590 :
895 5535 1210 5608 Sequimini
1223 5551 1331 5602 me,
1351 5537 1565 5608 faciam
1584 5551 1676 5592 vos
1693 5537 1874 5607 pisca-

286 5630 434 5681 tores
464 5625 757 5683 hominum
787 5643 806 5682 :
837 5631 1224 5683 contexuerunt
1249 5623 1354 5681 sibi
1380 5639 1638 5698 sageum
1666 5639 1732 5681 ex
1761 5623 1873 5682 Ve-

1967 4563 2272 4636 alienigena
2299 4565 2430 4620 dicit
2477 4566 2847 4620 resurrexisse
2877 4567 3141 4620 Joannem
3165 4607 3178 4634 ,
3230 4567 3321 4638 qui
3354 4567 3563 4622 nullum

1969 4653 2187 4726 signum
2230 4653 2375 4708 fecit.
2428 4653 2507 4706 Illi
2553 4655 2740 4708 Jesum
2772 4661 2847 4708 tot
2878 4653 3167 4709 virtutibus
3203 4656 3565 4726 approbatum

1969 4757 2079 4796 non
2109 4740 2475 4796 resurrexisse
2532 4743 2883 4796 contendunt.
2944 4745 3014 4797 Et
3071 4743 3210 4799 ideo.
3265 4745 3566 4801 Senserunt

1969 4829 2115 4885 enim
2145 4831 2290 4901 quod
2321 4828 2542 4897 majoris
2571 4829 2783 4884 virtutis
2813 4839 2940 4884 sunt
2969 4829 3134 4886 futuri
3155 4833 3329 4889 sancti
3359 4850 3393 4888 a
3419 4850 3567 4890 mor-

1969 4920 2075 4974 tuis
2105 4927 2476 4990 resurgentes,
2513 4933 2675 4988 quam
2704 4918 2887 4992 fragili
2917 4937 3082 4976 carne
3122 4923 3352 4994 gravati.

2041 5007 2210 5062 Vens.
2244 5011 2296 5061 3.
2320 5036 2389 5046 —
2417 5007 2652 5062 Herodes
2673 5011 2847 5064 enim.
2883 5007 3022 5077 Quia
3051 5009 3185 5064 dixit
3212 5011 3282 5066 de
3311 5011 3568 5083 opinione

1970 5094 2389 5150 resurrectionis
2420 5109 2545 5150 cum
2576 5095 2707 5149 nihil
2737 5097 2805 5152 de
2835 5106 3013 5154 morte
3043 5098 3299 5167 dixisset,
3332 5102 3568 5158 reverti-

1971 5192 2060 5238 tur
2088 5191 2141 5237 et
2167 5192 2354 5238 narrat
2383 5184 2614 5254 qualiter
2641 5192 2696 5239 et
2725 5201 2822 5240 cur
2848 5187 3064 5243 obierit.
3097 5188 3346 5244 Herodes
3383 5190 3486 5247 iste
3517 5200 3572 5248 et

1972 5271 2250 5342 Philippus
2277 5271 2474 5327 fratres
2505 5272 2726 5328 fuerunt
2753 5273 2849 5329 ﬁlii
2881 5275 3134 5346 Herodis,
3171 5278 3271 5332 sub
3302 5296 3412 5351 quo
3453 5283 3569 5336 Do-

1971 5359 2151 5416 minus
2180 5359 2320 5432 fugit
2347 5361 2403 5416 in
2433 5361 2746 5433 Egyptum.
2779 5366 3144 5422 Ilerodiadem
3173 5384 3433 5426 uxorem.
3465 5370 3572 5426 He-

1973 5448 2155 5504 rodias
2184 5447 2294 5503 ﬁlia
2322 5451 2542 5505 Aretha:
2573 5451 2740 5522 regis,
2776 5470 2936 5524 quam
2966 5453 3084 5525 ipse
3113 5465 3271 5527 pater
3300 5459 3421 5514 tulit
3447 5458 3571 5514 Phi-

1971 5537 2139 5610 lippo,
2173 5544 2228 5592 et
2253 5536 2313 5592 in
2331 5538 2579 5595 dolorem
2609 5539 2727 5608 ejus
2747 5541 2897 5597 dedit
2923 5543 3131 5600 Herodi
3162 5545 3382 5604 inimico
3401 5547 3568 5604 illius.

2045 5626 2216 5684 Vnus.
2249 5626 2303 5683 4.
2326 5656 2394 5668 -
2414 5628 2534 5686 Non
2567 5629 2718 5686 licet.
2752 5629 3001 5689 Herodes
3030 5631 3255 5691 forsitan
3273 5635 3459 5710 legem
3479 5637 3573 5696 Ju-
