4028 6178
3633 254 3734 306 136

452 245 552 297 135
877 313 896 318 ὀ
981 245 1382 300 VVALAFRIDI
1419 245 1659 328 ΞΤΒᾼΒΙ
1689 245 1894 302 FULD.
1942 244 2031 301 MO

2147 245 2299 302 OPP.
2343 248 2516 304 PARS
2543 249 2583 303 Ι.
2626 279 2694 290 --
2720 249 3196 306 THEOLOGICA.

451 367 695 421 daaorum
726 367 961 434 tenebat,
1015 376 1066 422 et
1097 369 1218 424 ideo
1247 370 1483 424 Joannes
1514 387 1634 425 eum
1676 370 1746 424 ab
1776 369 2040 426 adulterio
2069 372 2124 433 A
2218 371 2385 427 Vens.
2419 375 2504 427 16.
2536 404 2604 414 —
2634 377 2771 431 Date
2802 377 2940 431 illis.
2975 375 3235 430 Provocat
3263 373 3331 428 ad
3379 374 3643 440 dandum,
3677 382 3739 428 ut

451 455 792 510 prohibebat.
2137 459 2244 510 illis
2273 477 2332 510 se
2362 477 2471 510 non
2499 462 2704 510 habere
2734 463 3052 510 testantibus
3082 463 3264 510 notior
3295 463 3364 510 sit
3413 462 3735 510 magnitudo

449 464 792 526 prohibebat.

521 544 691 599 Vens.
725 547 776 598 5.
810 575 878 584 —
915 545 1125 601 Timuit
1167 549 1462 618 populum.
1496 547 1760 617 Populum
1789 547 2032 615 timebat,

450 633 547 687 sed
575 647 729 688 amor
759 634 1072 704 superabat,
1106 649 1206 703 pro
1237 650 1346 705 quo
1377 643 1430 689 et
1449 635 1621 689 Deum
1652 636 2032 707 postponebat.

448 721 634 777 Timor
663 721 762 776 Dei
793 721 1034 794 corrigit,
1069 721 1230 776 timor
1259 723 1538 777 hominum
1569 721 1768 791 differt,
1805 724 1903 778 sed
1935 739 2036 778 vo-

449 810 708 865 luntatem
737 825 848 865 non
876 809 1052 864 aufert
1083 828 1095 863 :
1129 810 1272 865 unde
1322 819 1375 866 et
1422 811 1694 867 avidiores
1742 811 1922 867 reddit
1967 812 2037 867 ad

449 899 656 954 crimen
686 915 824 970 quos
853 897 1146 970 aliquando
1175 899 1456 970 suspendit
1483 915 1517 954 a
1547 900 1793 955 crimine.

520 987 690 1042 Vens.
725 989 777 1042 7.
811 1017 880 1026 —
913 987 1052 1042 Cum
1063 990 1419 1059 juramento.
1444 987 1525 1042 Ad
1556 988 1660 1044 hoc
1681 987 1821 1043 forte
1836 988 2038 1057 juravit

449 1084 506 1131 ut
534 1075 879 1131 occasionem
900 1084 1142 1146 pararet,
1182 1092 1291 1146 qua
1321 1076 1595 1131 videretur
1625 1075 1807 1132 facere
1837 1076 2037 1132 invitus

449 1165 593 1236 quod
626 1163 860 1220 faciebat
889 1173 1239 1235 spontaneus.
1272 1165 1395 1218 Non
1425 1163 1568 1219 enim
1615 1165 1720 1220 hoc
1756 1165 2039 1236 implesset

446 1253 516 1308 de
545 1253 728 1325 aliquo
755 1259 958 1321 amato,
1013 1252 1158 1324 quod
1185 1251 1428 1323 implevit
1457 1253 1526 1308 de
1563 1253 1829 1324 propheta
1853 1271 1866 1307 :
1892 1253 2039 1325 quod

447 1349 500 1396 et
528 1350 653 1396 ante
684 1340 929 1408 fecisset,
981 1340 1027 1394 si
1059 1340 1445 1396 excusabiliter
1473 1349 1678 1412 posset.

519 1430 730 1501 (BEDA.
755 1431 774 1499 )
806 1428 863 1484 Si
912 1428 1042 1500 quid
1071 1445 1172 1484 nos
1202 1429 1341 1484 forte
1371 1429 1587 1485 incaute
1610 1430 1829 1498 jurasse
1858 1428 2037 1485 conti-

447 1518 608 1592 gerit,
633 1525 738 1573 etc.
758 1558 772 1587 ,
797 1533 974 1589 usque
1002 1519 1074 1573 ad
1094 1534 1196 1574 nec
1223 1517 1429 1590 aliquid
1451 1517 1624 1589 culpae
1648 1535 1706 1572 se
1736 1517 1831 1572 tali
1859 1518 2038 1589 perju-

447 1607 528 1662 rio
557 1605 894 1662 contraxisse
922 1605 1113 1660 doluit.

515 1695 690 1768 (Ism.
715 1694 734 1765 )
763 1695 888 1750 Non
917 1701 1000 1750 est
1027 1695 1463 1750 conservandum
1495 1702 1899 1750 sacramentum
1931 1709 2040 1765 quo

447 1783 652 1839 malum
677 1783 893 1840 incaute
923 1783 1274 1854 promittitur,
1306 1783 1453 1838 velut
1484 1783 1548 1851 si,
1583 1790 1685 1838 etc.
1706 1827 1718 1848 ,
1764 1799 1940 1854 usque
1970 1783 2042 1838 ad

447 1871 780 1928 tolerabilius
829 1871 973 1927 enim
1021 1881 1103 1926 est
1150 1888 1258 1927 non
1304 1872 1533 1943 implere
1591 1878 1994 1927 sacramentum
2020 1912 2035 1940 ,

447 1977 612 2033 quam
641 1976 864 2017 manere
894 1960 950 2014 in
981 1969 1190 2032 stupro.

513 2050 685 2105 Vens.
719 2054 770 2105 9.
794 2081 862 2089 —
886 2049 1317 2106 Constristatus.
1353 2049 1422 2103 Ut
1452 2047 1922 2104 discumbentibus
1952 2047 2037 2103 vi-

443 2139 695 2194 debatur.
727 2137 874 2192 Talis
905 2137 1106 2208 quippe
1136 2145 1254 2191 erat
1283 2136 1503 2192 tristitia
1541 2136 1774 2192 Herodis
1796 2178 1813 2204 ,
1862 2135 2038 2207 qualis

442 2227 758 2298 poenitentia
800 2225 1052 2282 videlicet
1082 2225 1400 2281 Pharaonis.

514 2341 684 2396 Vens.
717 2343 803 2395 10.
838 2371 906 2380 —
934 2341 1005 2395 Et
1034 2341 1351 2396 decollavit.
1400 2339 1637 2394 Minatus
1686 2347 1768 2395 est
1797 2340 2034 2395 Joannes

443 2429 640 2500 capite,
672 2428 940 2484 exaltetus
970 2437 1054 2483 est
1098 2429 1154 2482 in
1201 2443 1365 2484 cruce
1396 2429 1644 2483 Christus
1677 2446 1691 2482 :
1725 2427 1850 2500 quia
1894 2427 2036 2482 illius

443 2517 590 2573 fama
634 2517 910 2587 decrevit,
961 2516 1114 2572 istius
1142 2517 1351 2584 crevit;
1401 2517 1582 2572 unde:
1608 2518 1780 2573 Illum
1817 2519 2038 2588 oportet

441 2623 719 2673 crescere,
769 2623 860 2662 me
889 2610 1085 2662 autem
1110 2607 1298 2661 minui
1327 2606 1508 2676 (Joan
1537 2607 1660 2675 ιιι).
1693 2605 1754 2658 Ιιι
1787 2613 2036 2659 truncato

441 2696 616 2768 capite
645 2695 886 2764 Joannis,
913 2694 1274 2749 ostenduntur
1303 2693 1474 2748 Judaei
1504 2691 1777 2748 Christum
1796 2692 1920 2764 (qui
1953 2700 2038 2748 est

441 2791 602 2855 caput
629 2783 870 2838 omnium
897 2783 1327 2853 prophetarum)
1357 2781 1683 2851 perdidisse.

512 2871 808 2927 Moraliter.
841 2870 987 2925 Mors
1006 2870 1231 2925 Joannis
1254 2869 1419 2924 ﬁnem
1449 2869 1718 2942 significat
1745 2868 1904 2942 legis,
1930 2885 2036 2940 qua

443 2960 594 3016 finita
637 2960 833 3016 merito
879 2958 1150 3032 migratur
1195 2959 1262 3014 ad
1310 2959 1606 3025 Christum,
1658 2958 1750 3030 qui
1797 2965 1880 3013 est
1910 2957 2034 3012 ﬁnis

441 3050 581 3124 legis
610 3050 681 3105 ad
703 3047 965 3118 justitiam
995 3047 1143 3104 omni
1173 3047 1436 3104 credenti.

513 3139 680 3194 Vnus.
716 3141 801 3192 13.
824 3168 893 3178 —-
917 3137 1068 3204 Quod
1087 3153 1218 3193 cum
1247 3137 1497 3192 audisset
1525 3137 1708 3192 Jesus.
1739 3135 2030 3206 Postquam

439 3227 584 3299 apud
610 3225 828 3281 Judmos
855 3225 942 3304 lex
974 3233 1027 3280 et
1055 3226 1320 3296 propheta
1351 3232 1510 3295 caput
1527 3224 1704 3296 perdit
1734 3231 1788 3278 et
1807 3238 2028 3279 vocem:

439 3316 598 3370 Jesus
625 3314 819 3369 transit
849 3314 918 3368 ad
947 3313 1218 3368 desertum
1251 3313 1510 3368 Ecclesiae
1543 3312 1741 3377 locum,
1767 3327 1887 3382 quae
1907 3319 2030 3366 ante

441 3421 546 3459 non
579 3403 815 3458 habebat
842 3403 1035 3458 virum.
1065 3403 1323 3458 Secessit.
1357 3402 1479 3456 Non
1508 3401 1648 3474 fugit
1675 3401 1889 3468 timore,
1933 3399 2032 3454 sed

441 3492 668 3548 secessit
696 3508 930 3564 parcens
978 3491 1212 3546 inimicis
1259 3506 1327 3545 ne
1357 3489 1708 3545 homicidium
1736 3488 2032 3544 homicidio

425 3583 736 3654 jungerent,
771 3581 907 3635 dans
939 3579 1249 3651 exemplum
1279 3579 1510 3634 vitandae
1540 3577 1880 3634 temeritatis.
1916 3576 2018 3633 Vel

436 3672 688 3739 secessit,
740 3676 797 3724 ut
826 3669 1080 3740 probaret
1109 3667 1274 3723 fidem
1305 3667 1683 3733 credentium;
1733 3667 1878 3722 unde
1912 3684 1927 3720 :
1959 3667 2032 3722 Et

436 3775 566 3814 cum
585 3758 879 3813 audissent
901 3757 1095 3825 turbae,
1113 3765 1216 3812 etc.
1240 3757 1549 3812 Pedestres.
1576 3756 1800 3826 PrOprio
1821 3755 2026 3820 labore,

430 3854 490 3901 ut
507 3846 756 3902 ardorem
784 3845 1374 3912 mentis_ostenderent.
1408 3845 1735 3914 Relinquunt
1766 3844 2027 3910 civitates,

435 3934 490 3989 id
519 3943 618 4000 est,
652 3935 905 4005 pristinas
934 3933 1394 3989 conversationes.
1430 3932 1643 3985 Habent
1672 3931 2025 3999 voluntatem,

436 4023 534 4077 sed
562 4038 672 4078 non
702 4022 847 4078 vires
877 4021 1251 4094 perveniendi.
1284 4021 1412 4074 Ideo
1441 4020 1601 4074 Jesus
1629 4018 1845 4073 obviam
1895 4018 2025 4086 exit,

435 4119 488 4167 et
515 4111 774 4167 misertus
793 4119 962 4181 curat,
996 4120 1053 4166 ut
1073 4110 1233 4182 plena
1263 4101 1398 4162 fi'des
1420 4107 1603 4162 statim
1632 4107 1910 4177 praemium
1929 4108 2028 4161 ha-

435 4200 578 4256 beat.
601 4201 746 4256 Ecce
767 4209 1027 4272 quantum
1041 4199 1341 4254 delectatur
1351 4196 1641 4253 devotione
1662 4195 2021 4251 credentium.

503 4289 676 4345 Vnus.
712 4292 796 4344 15.
829 4319 899 4329 —
936 4290 1160 4358 Vespere
1207 4290 1398 4340 autem
1429 4289 1606 4354 facto,
1661 4293 1766 4340 etc.
1801 4283 2027 4341 Recedit

432 4378 592 4434 Jesus
621 4379 691 4432 de
720 4377 924 4440 Judaaa,
958 4375 1106 4430 vadit
1135 4374 1190 4427 in
1228 4373 1509 4428 desertum
1555 4373 1728 4427 turbae
1777 4389 2022 4444 sequun-

433 4475 538 4531 tur,
574 4466 770 4536 quibus
791 4463 975 4519 obviat
1004 4470 1058 4516 et
1087 4469 1258 4516 curat.
1292 4461 1408 4516 Hoc
1434 4477 1544 4515 non
1571 4477 1730 4516 mane
1761 4461 1845 4516 vel
1866 4461 2028 4516 meri-

431 4555 548 4620 die,
571 4554 668 4608 sed
695 4568 922 4623 vespere
952 4551 1170 4621 quando
1201 4550 1282 4604 sol
1297 4549 1517 4618 justitiae
1545 4550 1802 4606 occubuit
1831 4557 1884 4606 et
1903 4549 2028 4606 ﬁnis

434 4641 620 4696 mundi
648 4639 1117 4711 apprOpinquavit.

503 4729 781 4801 Discipuli
809 4729 949 4798 ejus.
983 4727 1244 4783 Camales
1267 4769 1280 4796 ,
1331 4735 1386 4784 et
1431 4728 1500 4782 de
1544 4726 1725 4782 futuro
1764 4725 2026 4783 miraculo

433 4817 742 4874 refectionis
770 4816 966 4889 ignari,
989 4817 1187 4889 quibus
1207 4817 1410 4873 dictum
1440 4824 1558 4872 erat
1583 4833 1595 4871 :
1621 4817 1686 4873 In
1705 4818 1856 4873 viam
1883 4833 2024 4889 gen-

435 4909 586 4963 tium
613 4923 686 4964 ne
733 4905 989 4962 abieritis
1037 4907 1257 4974 (Matth.
1293 4907 1373 4978 ιι).

500 4994 746 5065 Mystice.
795 4994 1096 5050 Fastidiunt
1140 4994 1314 5049 Judaei
1359 5003 1552 5067 gentes
1592 4993 1761 5065 recipi
1794 5002 1847 5049 et
1875 5010 2025 5049 mur-

431 5091 680 5139 murant:
707 5099 940 5155 quorum
968 5099 1103 5140 voce
1134 5082 1302 5137 utitur
1330 5083 1496 5137 ISaias
1526 5083 1664 5152 (Isa.
1701 5083 1804 5152 xx.)
1839 5099 1852 5138 :
1884 5085 2024 5140 Ecce

429 5175 624 5245 gentes
663 5173 826 5245 quasi
859 5173 1022 5228 stilla
1059 5172 1268 5228 situlw.
1313 5172 1514 5227 Iterum
1548 5187 1560 5225 :
1598 5171 1801 5228 Omnes
1828 5175 2024 5243 gentes

428 5260 591 5332 quasi
610 5277 725 5318 non
740 5261 879 5328 sint,
903 5261 1000 5316 sed
1017 5263 1154 5317 sunt
1175 5277 1368 5318 coram
1387 5277 1470 5317 eo.
1501 5259 1610 5316 Sed
1632 5259 1900 5315 Dominus
1920 5276 2023 5331 per

430 5348 706 5420 apostolos
735 5348 966 5406 reficere
1021 5348 1300 5415 decrevit;
1369 5348 1514 5405 unde
1563 5348 1746 5404 subdit
1798 5365 1811 5403 :
1864 5349 2023 5405 Jesus

429 5441 650 5506 autem,
684 5446 787 5494 etc.

498 5528 733 5584 Dimitte
764 5527 977 5583 turbas.
1000 5527 1104 5582 Diu
1135 5534 1218 5582 est
1237 5526 1383 5598 quod
1412 5525 1556 5581 idola
1586 5525 1848 5597 sequitur,
1871 5523 2023 5582 ideo-

429 5632 534 5688 que
563 5632 674 5675 non
703 5623 786 5674 est
813 5631 844 5672 a
873 5615 1031 5674 nobis
1060 5616 1340 5688 pascenda
1368 5629 1507 5686 pane
1537 5613 1689 5670 verbi
1719 5613 1840 5670 Dei.

2137 459 2244 514 illis
2273 477 2332 515 se
2362 477 2471 516 non
2498 462 2704 518 habere
2734 463 3052 535 testantibus
3082 463 3264 519 notior
3295 463 3364 517 sit
3413 462 3735 535 magnitudo

2137 548 2298 620 signi,
2331 549 2422 603 ubi
2451 550 2616 605 etiam
2643 551 2834 617 innuit,
2868 552 3014 623 quod
3043 567 3144 623 per
3173 566 3268 607 eos
3302 559 3426 606 sunt
3453 551 3736 622 pascenda

2132 636 2317 706 jejuna
2351 638 2540 694 corda.

2208 749 2380 805 Vnus.
2412 752 2498 805 17.
2531 781 2600 790 —
2632 751 2883 823 Quinque
2911 767 3087 824 panes
3117 755 3175 807 et
3204 751 3340 808 duos
3368 753 3572 823 pisces.
3627 751 3733 806 Per

2138 837 2375 909 quinque
2401 853 2574 908 panes
2604 847 2656 894 et
2686 839 2824 894 duos
2851 839 3054 909 pisces,
3106 847 3275 894 totum
3323 839 3489 894 Vetus
3535 839 3731 894 Testa-

2136 935 2376 982 mentum
2405 926 2758 999 significatur.
2806 929 2910 983 Per
2951 927 3189 1001 quinque
3238 943 3432 998 panes,
3485 928 3730 1000 quinque

2137 1013 2258 1069 libri
2286 1016 2480 1086 Moysi,
2513 1017 2602 1087 qui
2632 1017 2772 1072 bene
2801 1017 3116 1082 hordeacei,
3166 1016 3258 1088 qui
3307 1016 3464 1072 cibus
3513 1025 3596 1071 est
3637 1016 3732 1085 ju-

2137 1110 2461 1169 mentorum,
2493 1103 2721 1159 rudibus
2765 1104 2910 1160 enim
2957 1119 3154 1175 aspera
3193 1111 3247 1159 et
3292 1118 3492 1177 gressa
3531 1103 3733 1159 danda.

2138 1191 2420 1248 Animalis
2450 1195 2604 1248 enim
2633 1194 2793 1251 homo
2824 1209 2940 1249 non
2964 1194 3213 1266 percipit
3233 1209 3300 1249 ea
3329 1210 3452 1265 quae
3468 1197 3608 1249 sunt
3625 1194 3737 1265 spi-

2137 1282 2285 1336 ritus
2313 1283 2414 1337 Dei
2441 1283 2493 1351 (Ι
2520 1283 2641 1339 Cor.
2674 1282 2735 1352 1).
2769 1283 2918 1336 Intus
2946 1289 3126 1337 tamen
3163 1282 3296 1336 latet
3325 1279 3568 1337 medulla
3601 1296 3733 1336 sua-

2140 1368 2347 1424 vissimi
2366 1385 2578 1424 sensus.
2605 1371 2707 1424 Per
2739 1369 2877 1426 duos
2907 1369 3110 1440 pisces,
3133 1370 3410 1441 prophetae
3431 1377 3484 1425 et
3504 1368 3734 1448 psalmi:

2140 1459 2284 1513 unde
2313 1466 2368 1513 et
2393 1466 2520 1528 post
2546 1459 3006 1514 resurrectionem
3035 1459 3109 1514 ait
3143 1475 3156 1514 :
3192 1459 3324 1526 Quae
3349 1460 3566 1531 scripta
3594 1462 3735 1515 sunt

2140 1548 2203 1601 in
2235 1547 2352 1618 lege
2385 1550 2441 1602 et
2471 1547 2757 1619 praphetis
2786 1549 3055 1619 plurimis
3085 1547 3152 1604 de
3178 1563 3269 1603 me
3299 1547 3459 1617 (Luc.
3510 1547 3696 1617 xxxv).

2212 1635 2381 1690 Vnus.
2417 1637 2504 1690 19.
2537 1664 2607 1676 —-
2634 1636 2892 1708 Acceptis
2909 1637 3170 1708 quinque,
3197 1643 3304 1690 etc.
3328 1634 3554 1706 Accepit
3572 1634 3728 1706 quin-

2061 1730 2114 1790 B
2145 1739 2249 1794 que
2275 1715 2466 1794 panes,
2499 1740 2610 1779 non
2638 1739 2811 1780 novos
2840 1725 3067 1791 creavit,
3101 1724 3231 1796 quia
3247 1724 3473 1780 veniens
3493 1724 3735 1779 incarne

2140 1827 2249 1866 non
2277 1812 2379 1866 alia
2409 1827 2574 1884 quam
2603 1813 2864 1882 praedicta
2893 1821 3044 1868 erant
3087 1812 3421 1884 praedicavit,
3473 1820 3526 1867 et
3566 1826 3736 1882 opere

2141 1900 2408 1970 implevit.
2442 1900 2766 1956 Benedixit.
2801 1901 2935 1955 Cum
2964 1900 3216 1972 aperiens
3234 1915 3474 1969 sensum,
3491 1907 3550 1955 ut
3578 1897 3736 1954 intel-

2139 1987 2375 2059 ligerent
2404 1988 2731 2058 Scripturas,
2764 1989 2910 2044 dono
2929 1988 3154 2044 interna;
3175 1987 3456 2043 suavitatis
3474 1986 3735 2057 multipli-

2139 2075 2298 2132 cavit.
2332 2077 2518 2148 Fregit
2548 2092 2671 2132 cum
2701 2076 2964 2148 mysteria
2982 2076 3122 2149 legis
3143 2075 3199 2130 in
3227 2075 3467 2132 medium
3487 2074 3730 2147 protulit.

2211 2165 2380 2220 Vnus.
2412 2167 2503 2222 20.
2537 2195 2607 2205 —
2638 2167 2941 2238 Reliquias.
2976 2165 3283 2222 Secretiora
3304 2181 3425 2237 quae
3453 2181 3485 2219 a
3504 2163 3732 2219 rudibus

2137 2253 2256 2324 capi
2287 2261 2582 2325 nequeunt,
2617 2268 2727 2308 non
2758 2262 2883 2308 sunt
2911 2253 3258 2327 negligenter
3286 2252 3556 2318 habenda,
3581 2251 3678 2308 sed
3698 2265 3733 2306 ο,

2136 2343 2426 2398 duodecim
2457 2342 2718 2414 apostolis
2735 2343 2826 2413 qui
2841 2358 2942 2413 per
2957 2342 3221 2413 cophinos
3244 2339 3532 2398 duodecim
3552 2339 3730 2412 signi-

2136 2430 2386 2498 ficantur,
2419 2439 2474 2485 et
2502 2431 2570 2484 ab
2591 2446 2780 2486 eorum
2810 2431 3220 2486 successoribus
3241 2429 3533 2502 diligenter
3551 2427 3730 2500 inqui-

2137 2520 2321 2574 renda.
2357 2517 2616 2590 Cophinis
2648 2519 2870 2574 servilia
2899 2535 3066 2590 opera
3093 2526 3376 2592 geruntur.
3403 2520 3476 2574 Et
3491 2517 3728 2586 inﬁrma

2086 2619 2094 2627 '
2136 2608 2338 2664 mundi
2367 2609 2533 2679 elegit
2562 2610 2728 2676 Deus,
2761 2611 2829 2664 ut
2858 2608 3174 2679 confundat
3201 2609 3380 2679 fortia
3411 2607 3463 2677 (Ι
3490 2607 3611 2662 Cor.
3660 2604 3723 2676 ι).

2207 2697 2376 2752 Vnus.
2423 2700 2512 2753 21.
2562 2727 2631 2736 —
2668 2698 2937 2770 Exceptis
2979 2697 3313 2753 mulieribus
3351 2699 3408 2751 et
3445 2695 3724 2768 parvulis.

2137 2787 2310 2841 Sexus
2340 2785 2550 2857 fragilis
2580 2793 2634 2840 et
2661 2786 2840 2842 minor
2867 2794 2998 2841 aetas
3047 2793 3174 2840 sunt
3218 2799 3445 2840 numero
3492 2782 3722 2855 indigni.

2135 2872 2412 2946 Significat
2442 2873 2689 2930 infirmos
2718 2874 2774 2928 in
2803 2873 2910 2929 fide
2938 2873 3182 2930 nondum
3211 2872 3440 2929 idoneos
3468 2886 3685 2944 pugnae.

2203 2963 2376 3017 Vnus.
2409 2966 2498 3020 22.
2531 2993 2600 3002 —
2629 2965 2700 3018 Et
2727 2964 2928 3019 statim
2943 2963 3237 3035 compulit,
3270 2969 3376 3016 etc.
3391 2960 3577 3031 (ΗΑΒ.)
3598 2957 3724 3028 Qui,

2131 3059 2191 3105 ut
2217 3050 2291 3104 ait
2317 3052 2572 3118 Joannes,
2607 3053 2836 3107 venturi
2875 3055 3043 3108 erant
3073 3055 3140 3106 ut
3180 3052 3441 3121 facerent
3469 3064 3600 3106 eum
3627 3064 3724 3103 re-

2130 3157 2253 3212 gem
2283 3141 2467 3211 (Joan.
2501 3141 2600 3210 v1),
2633 3140 2725 3212 qui
2744 3139 3062 3196 miraculum
3078 3153 3280 3211 panum
3300 3138 3567 3204 viderant,
3591 3144 3720 3203 etc.,

2132 3245 2307 3301 usque
2336 3229 2410 3284 ad
2436 3243 2539 3299 pro
2567 3228 2762 3299 quibus
2790 3244 2859 3283 ne
2888 3243 2990 3284 nos
3021 3226 3321 3292 emolliant,
3371 3240 3612 3282 oremus.

2203 3317 2373 3372 Vens.
2419 3321 2508 3374 23.
2554 3346 2625 3358 —
2665 3316 2950 3372 Ascendit.
2994 3315 3148 3371 Pavit
3187 3314 3401 3370 turbam
3447 3321 3508 3368 ut
3551 3313 3722 3378 Deus,

2131 3405 2381 3461 ascendit
2409 3420 2570 3460 orare
2597 3413 2655 3459 ut
2685 3405 2867 3460 homo.
2899 3403 3023 3458 Non
3054 3403 3201 3475 quod
3249 3402 3430 3458 omnia
3457 3417 3568 3456 non
3617 3401 3720 3455 ha-

2133 3494 2269 3548 bens
2298 3493 2355 3547 in
2384 3501 2670 3564 potestate,
2703 3493 2802 3547 sed
2830 3500 2890 3548 ut
2917 3491 3150 3548 formam
3185 3490 3421 3546 hominis
3448 3487 3718 3561 impleret.

2133 3582 2194 3636 In
2221 3583 2328 3638 hoc
2353 3581 2595 3637 officium
2621 3581 2838 3653 pietatis
2867 3589 2970 3648 est,
3004 3579 3252 3652 sequitur
3298 3578 3514 3651 insigne
3558 3585 3724 3648 pote-

2130 3670 2282 3725 statis
2310 3669 2650 3726 miraculum.
2680 3671 2904 3743 Vespere
2925 3673 3140 3726 autem.
3163 3667 3356 3722 Merito
3377 3665 3579 3722 dicitur
3601 3666 3720 3720 haec

2129 3767 2422 3830 tempestas
2451 3775 2574 3814 esse
2603 3759 2657 3813 in
2673 3774 2924 3829 vespere,
2949 3758 3075 3829 quia
3104 3757 3234 3812 dum
3253 3754 3508 3811 Ecclesia
3537 3753 3591 3808 in
3621 3753 3718 3807 tri-

2132 3847 2404 3902 bulatione
2431 3856 2534 3913 est,
2568 3847 2760 3902 dicitur
2786 3861 2910 3902 esse
2938 3846 3091 3918 quasi
3119 3845 3176 3900 in
3204 3851 3386 3909 nocte,
3427 3849 3482 3898 et
3510 3841 3593 3898 sol
3615 3841 3712 3910 ju-

2133 3935 2291 3990 stitiae
2320 3952 2379 3990 se
2408 3935 2763 3990 abscondisse
2792 3934 3024 3989 videtur.

2202 4055 2370 4110 Vens.
2418 4057 2508 4112 24.
2540 4083 2609 4094 -
2637 4055 2910 4111 Navicula
2957 4057 3171 4109 autem.
3221 4050 3392 4107 Navis
3440 4049 3496 4106 in
3532 4047 3716 4106 medio

2129 4143 2285 4210 mari,
2319 4143 2466 4199 solus
2495 4144 2653 4199 Jesus
2681 4143 2736 4198 in
2776 4151 2922 4198 terra
2955 4159 2968 4198 :
3003 4142 3126 4214 quia
3174 4138 3464 4211 aliquando
3513 4138 3586 4193 ita
3635 4145 3722 4192 est

2127 4231 2374 4288 Ecclesia
2401 4247 2510 4288 non
2539 4232 2702 4288 modo
2721 4230 2938 4298 aﬁlicta,
2971 4230 3070 4286 sed
3099 4237 3154 4284 et
3182 4228 3380 4284 foedata
3406 4234 3465 4282 ut
3492 4241 3720 4298 prorsus

2127 4321 2376 4376 videatur
2403 4320 2662 4377 derelicta
2691 4337 2720 4374 a
2751 4322 2866 4376 Deo
2901 4338 2915 4375 :
2949 4319 3048 4374 sed
3079 4319 3226 4374 Deus
3255 4331 3377 4372 eam
3407 4331 3517 4371 non
3547 4314 3717 4371 relin-

2045 4448 2098 4510 D
2128 4409 2263 4481 quit.
2294 4409 2450 4464 Unde
2479 4410 2690 4464 Marcus
2720 4409 2793 4464 ait
2824 4424 2837 4463 :
2880 4408 3022 4464 Vidit
3057 4423 3147 4464 eos
3189 4406 3518 4510 laborante:
3538 4404 3719 4458 remi-

2128 4497 2308 4569 gando
2338 4498 2531 4568 (Marc.
2563 4498 2663 4567 γι).
2696 4497 2815 4552 Etsi
2835 4512 2945 4552 non
2966 4510 3232 4566 praesens,
3265 4501 3320 4548 et
3339 4492 3386 4548 si
3414 4490 3615 4556 ditiert,
3645 4498 3720 4544 ta-

2127 4601 2252 4642 men
2281 4586 2428 4641 videt
2456 4593 2510 4640 et
2553 4586 2894 4641 corroborat.

2197 4675 2369 4730 Vnus.
2386 4676 2476 4732 25.
2499 4705 2570 4716 —
2592 4674 2805 4742 Quarta
2823 4677 3038 4731 autem.
3069 4671 3202 4728 Tota
3219 4677 3381 4726 nocte
3401 4668 3712 4741 periclitan-

2127 4770 2232 4831 tur,
2266 4763 2396 4835 quia
2425 4778 2552 4818 cum
2581 4778 2641 4818 se
2670 4763 2833 4818 homo
2851 4760 3185 4823 considerat,
3217 4757 3353 4814 nihil
3381 4757 3590 4814 invenit
3609 4757 3716 4812 nisi

2123 4851 2383 4908 tenebras
2410 4850 2784 4922 angustiarum
2813 4857 2869 4905 et
2897 4857 3063 4906 astus
3091 4846 3350 4903 hostium.

2204 4965 2363 5020 Venit
2390 4964 2462 5018 ad
2489 4980 2600 5021 eos.
2632 4965 2848 5018 Marcus
2876 4961 2950 5016 ait
2981 4979 2996 5017 :
3036 4961 3230 5018 Valens
3257 4960 3553 5031 praeterire
3597 4974 3710 5023 eos,

2127 5066 2226 5125 pro
2255 5053 2451 5124 quibus
2481 5060 2661 5106 tamen
2688 5050 2985 5106 liberandis
3013 5049 3179 5106 venit.
3231 5046 3390 5116 Quod
3437 5045 3496 5101 ﬁt
3539 5054 3598 5100 ut
3645 5046 3716 5102 ad

2124 5143 2315 5198 horam
2345 5140 2565 5206 turbati,
2599 5140 2696 5196 sed
2723 5155 2850 5195 mox
2896 5138 3114 5195 liberati
3159 5135 3392 5207 amplius
3438 5143 3711 5206 stupeant,

2125 5239 2179 5286 et
2205 5229 2408 5304 gratias
2435 5236 2602 5302 agant
2629 5229 2776 5302 quod
2804 5229 2952 5285 idem
2980 5243 3126 5301 saepe
3164 5225 3225 5282 fit
3269 5225 3328 5281 in
3366 5223 3717 5296 passionibus

2125 5326 2460 5374 sanctorum.

2195 5433 2366 5490 Vnus.
2397 5435 2488 5491 26.
2519 5463 2590 5476 -
2619 5435 2688 5489 Et
2717 5433 2986 5499 videntes,
3021 5438 3126 5487 etc.
3168 5428 3308 5499 Quia
3354 5443 3500 5498 saepe
3548 5425 3609 5481 ﬁt
3656 5432 3716 5480 ut

2125 5538 2250 5579 cum
2278 5522 2457 5596 aliqua
2487 5522 2666 5578 subito
2695 5521 2918 5578 duitina:
2946 5517 3306 5576 tribulationis
3337 5516 3514 5572 oritur
3542 5512 3708 5570 seda-

2124 5613 2218 5681 tio,
2252 5628 2362 5671 non
2391 5612 2570 5668 statim
2599 5610 2854 5671 credatur
2882 5625 3012 5668 vera
3030 5606 3301 5666 liberatio.
3324 5605 3564 5677 Ideoque
3583 5619 3713 5675 per-
3763 5603 3774 5614 '
