4028 6178
267 316 370 369 13Ἷ

1065 310 1337 367 GLOSSA
1375 307 1785 366 0RDINARIA.
1827 335 1896 349 -
1933 305 2196 362 EVANG.
2242 307 2504 363 ΜΑΤΤΗ.

3479 315 3578 368 138

277 441 539 490 manente
572 433 745 505 priori
775 430 1063 488 formidine
1109 432 1346 499 intensa,
1379 433 1450 487 ad
1496 431 1876 487 liberationem
1899 431 1955 492 A
1984 430 2309 502 compellitis
2342 449 2356 486 :
2391 431 2539 502 quod
2572 432 2688 487 Deo
2717 431 2999 488 oblaturus
3029 448 3185 490 eram
3207 433 3265 488 in
3291 442 3415 490 tuos
3442 451 3579 492 con-

282 523 543 596 dirigitur
571 522 766 577 oratio.

343 614 519 667 Vens.
545 615 632 668 27.
658 641 728 651 —
747 612 855 682 Ego
874 627 1020 677 sum,
1038 612 1218 667 nolite
1240 609 1607 681 timere.|Non
1628 607 1887 680 supponit

283 700 434 772 quis,
467 700 596 771 quia
626 716 693 754 ex
723 716 857 755 voce
890 698 991 753 sibi
1020 708 1150 755 nota
1198 705 1452 770 poterant
1498 714 1624 753 eum
1670 713 1884 770 cogno-

276 804 459 845 scere.
495 788 595 843 Vel
627 788 756 859 quia
786 788 904 858 ipse
934 794 1018 843 est
1045 788 1138 859 qui
1170 788 1303 842 dixit
1334 807 1352 843 :
1384 788 1488 855 Qui
1515 788 1771 844 estmisit
1799 801 1888 842 me

280 878 354 933 ad
383 894 479 934 vos
514 876 714 948 (Exod.
751 877 854 947 In).

358 966 533 1021 Vens.
570 969 659 1022 28.
692 967 949 1031 Domine,
984 967 1035 1021 si
1066 969 1131 1021 tu
1160 981 1239 1021 es.
1274 964 1329 1019 Si
1359 971 1417 1019 tu
1450 979 1509 1019 es
1540 963 1632 1018 ille
1679 962 1887 1018 libera-

274 1063 380 1121 tor,
412 1054 549 1123 jube
579 1069 669 1109 me
698 1054 891 1111 venire
912 1054 985 1109 ad
1012 1062 1164 1109 tuam
1184 1052 1543 1109 imitationem
1573 1051 1887 1124 superando

273 1158 599 1215 pressurus.

352 1233 531 1287 Vens.
565 1233 655 1287 29.
689 1261 761 1272 —
792 1233 861 1287 Et
890 1230 1252 1288 descendens.
1304 1231 1385 1285 De
1413 1230 1654 1285 humano
1682 1228 1886 1299 despe-

282 1336 418 1376 rans
448 1319 746 1388 adjutorio,
778 1328 959 1374 mente
989 1320 1167 1377 calcat
1196 1334 1507 1390 pressuras,
1559 1325 1618 1372 ut
1643 1318 1773 1373 Jesu
1822 1316 1892 1371 sit

288 1408 613 1489 conformis.
646 1408 998 1475 Ambulabat,
1026 1417 1129 1465 etc.
1162 1408 1309 1464 Ecce
1330 1408 1494 1463 homo
1528 1422 1695 1477 super
1714 1420 1889 1476 aquas

281 1497 551 1553 ambulat.
583 1496 667 1552 Ne
697 1512 835 1569 ergo
863 1497 1080 1552 dubites
1124 1496 1401 1550 Christum
1445 1511 1639 1551 verum
1688 1509 1889 1565 corpus

278 1603 425 1651 esse,
462 1585 594 1657 quia
646 1601 812 1656 super
843 1600 1017 1657 aquas
1067 1585 1385 1640 ambulavit.

354 1676 543 1745 Super
573 1689 729 1729 mare
761 1673 1046 1728 ambulare
1075 1672 1225 1738 fecit,
1260 1681 1319 1727 ut
1350 1671 1603 1728 ostendat
1648 1670 1891 1725 divinam

1990 535 2146 574 sumo
2177 519 2351 584 cibos,
2386 519 2592 591 tibique
2624 520 2870 591 prodest,
2902 537 2935 576 ο
2954 529 3133 593 pater,
3166 531 3224 577 ut
3252 522 3438 579 timeat
3457 541 3583 581 con-

1990 615 2209 662 secrata
2237 608 2548 663 comedere.
2604 609 2701 664 Vel
2734 609 2881 680 quod
2927 610 3043 665 Deo
3089 609 3284 677 offero,
3334 612 3432 667 tibi
3479 612 3585 683 ipsi

1988 697 2232 767 prodest.
2272 698 2597 770 Quicunque
2645 698 2881 754 dixerit.
2929 698 3167 766 Scilicet,
3219 699 3333 756 vita
3379 707 3585 757 aeterna

1989 784 2190 857 dignus
2220 785 2340 840 erit.
2393 786 2490 840 Vel
2541 786 2777 852 dixerit,
2830 786 2885 841 id
2935 796 3036 856 est,
3086 788 3272 845 dicere
3316 789 3581 861 proderit.

1989 874 2269 930 Proderit.
2305 873 2475 942 Quasi
2504 874 2652 931 dicat
2684 893 2699 930 :
2730 875 2876 943 Non,
2906 876 3017 931 imo
3051 878 3358 951 sacrilegus
3406 894 3580 946 esses,

1991 962 2039 1017 si
2068 955 2391 1032 acciperes,’
2404 962 2533 1033 quia
2577 964 2694 1021 Deo
2738 963 2956 1032 devovi,
2996 966 3087 1022 Vel
3136 966 3238 1024 tibi
3278 968 3583 1040 proderit:

1991 1050 2039 1106 si
2068 1052 2185 1106 Deo
2214 1051 2443 1107 dedero.

2061 1140 2232 1193 Vens.
2264 1140 2317 1193 7.
2354 1168 2425 1179 —-
2451 1140 2599 1196 Bene
2626 1142 3004 1213 prophetavit,
3037 1149 3142 1199 etc.
3176 1142 3241 1198 In
3270 1141 3466 1215 spiritu
3500 1143 3580 1199 si-

1990 1226 2348 1282 mulationem
2375 1227 2714 1298 Judaaorum,
2766 1230 2914 1302 quod
2941 1230 3001 1286 in
3047 1230 3175 1288 dolo
3204 1240 3582 1305 repugnarent

1989 1314 2316 1388 Evangelio.

2062 1406 2233 1461 Vens.
2270 1408 2322 1460 8.
2356 1434 2426 1446 -
2452 1406 2639 1463 Labiis
2668 1422 2758 1463 me
2778 1406 3040 1464 honorat.
3065 1407 3344 1480 Magister,
3367 1411 3580 1466 scimus

1991 1495 2123 1566 quia
2152 1509 2329 1549 verax
2360 1510 2418 1549 es
2449 1494 2641 1565 (Marc.
2675 1495 2800 1567 xu).
2833 1495 2935 1552 Vel
2983 1496 3314 1553 exteriorem
3360 1497 3584 1553 mundi-

1990 1581 2123 1637 tiam
2153 1582 2607 1650 commendando,
2638 1583 2867 1640 interior
2896 1592 2949 1640 et
2980 1600 3102 1656 quae
3130 1600 3265 1642 vera
3292 1592 3396 1652 est,
3428 1584 3485 1640 in
3505 1585 3585 1642 eis

1990 1686 2102 1726 non
2130 1678 2232 1725 est.

280 1770 635 1835 potestatem.
666 1762 841 1835 Mergi
872 1760 1020 1828 facit,
1054 1777 1122 1817 ne
1169 1760 1539 1815 inﬁrmitatem
1589 1758 1889 1815 oblivisca-
1909 1793 1964 1853 B
2065 1760 2234 1814 Vens.
2272 1762 2359 1813 11.
2390 1788 2463 1801 —-
2490 1759 2612 1816 Non
2640 1760 2782 1832 quod
2810 1762 3016 1817 intrat.
3039 1760 3187 1817 Nihil
3216 1768 3302 1817 est
3320 1768 3476 1817 extra
3496 1762 3589 1818 ho-

290 1860 397 1919 tur,
432 1868 504 1906 ne
534 1858 690 1922 putet
718 1867 778 1906 se
808 1851 1076 1922 aequalem
1106 1852 1242 1915 Deo,
1276 1857 1331 1905 et
1358 1866 1428 1905 ne
1477 1848 1777 1920 superbiat.

350 1941 532 1995 Vens.
569 1943 657 1995 30.
690 1969 761 1980 —
788 1942 859 1995 Et
888 1957 1019 1996 cum
1046 1941 1321 2011 cazpisset,
1358 1946 1463 1994 etc.
1507 1937 1795 1993 Paululum
1812 1951 1896 1991 re-

282 2029 553 2101 linquitur
580 2028 885 2093 tentationi,
916 2036 976 2083 ut
1002 2020 1274 2100 augeatur
1304 2026 1442 2082 ﬁdes
1465 2044 1479 2093 ;
1513 2033 1572 2080 ut
1600 2025 1745 2080 enim
1766 2040 1894 2081 cre-

286 2118 421 2173 didit
452 2134 513 2172 se
548 2118 668 2187 ejus
696 2116 928 2188 imperio
955 2132 1121 2188 posse
1167 2116 1426 2171 ﬂuctibus
1466 2113 1783 2181 sustentari,
1816 2112 1898 2169 sic

279 2207 405 2261 dum
454 2206 761 2278 mergitur,
811 2222 976 2276 posse
1024 2206 1143 2274 ejus
1174 2205 1372 2260 virtute
1423 2203 1647 2259 salvari.

354 2295 537 2349 Vens.
572 2298 661 2351 32.
692 2323 763 2335 -—
795 2295 1041 2350 Cessavit
1072 2296 1293 2349 ventus.
1319 2294 1379 2347 In
1402 2307 1731 2363 quocunque
1752 2292 1899 2346 Deus

289 2401 401 2455 per
434 2382 678 2456 gratiam
705 2382 882 2449 adest,
912 2399 1039 2438 mox
1066 2381 1325 2437 universa
1352 2381 1498 2436 bella
1529 2380 1834 2451 quiescunt.

360 2473 541 2527 Vens.
581 2476 669 2526 33.
702 2501 772 2511 —
802 2473 872 2526 Et
894 2472 1294 2536 adoraverunt,
1330 2478 1434 2525 etc.
1471 2469 1600 2524 Viso
1624 2468 1783 2540 signo
1813 2466 1899 2522 Fi-

304 2561 439 2615 lium
484 2560 587 2615 Dei
633 2560 963 2617 conﬁtentur
995 2578 1008 2614 :
1040 2575 1139 2616 cur
1186 2575 1324 2631 ergo
1370 2557 1534 2613 Arius
1591 2565 1903 2614 creaturam

304 2665 427 2704 esse
459 2648 776 2718 perducat?

369 2739 548 2792 Vens.
586 2739 672 2791 34.
708 2766 778 2777 -—
810 2738 875 2792 In
911 2741 1127 2792 terram
1163 2737 1428 2793 Genesar.
1464 2734 1800 2808 Allegorice.
1826 2733 1909 2789 Ge

298 2842 465 2883 aesar
495 2827 889 2897 interpretatur
918 2827 1114 2882 hortus
1164 2828 1510 2898 principum.
1563 2826 1668 2879 Per
1718 2832 1905 2895 typum

299 2932 435 2988 ergo
465 2915 847 2986 apostolorum
876 2922 929 2969 et
957 2914 1134 2981 navis,
1166 2914 1583 2986 intelligendum
1602 2920 1685 2968 est
1706 2912 1906 2967 Eccle-

301 3004 438 3058 siam
485 3004 557 3058 de
585 3002 1059 3074 persecutionibus
1106 3002 1397 3057 liberatam
1444 3017 1478 3057 a
1506 3001 1739 3057 Domino
1782 3000 1908 3057 duci

1993 1846 2199 1902 minem
2228 1847 2377 1918 quod
2407 1846 2637 1903 interius
2682 1848 2947 1921 inquinet,
2996 1866 3101 1906 nec
3145 1849 3488 1907 idolothitum
3535 1851 3592 1906 in

1994 1937 2101 1991 hoc
2130 1936 2276 2007 quod
2306 1935 2409 1991 Dei
2440 1944 2695 1992 creatura
2723 1946 2844 2004 est;
2876 1954 2985 1994 uno
3015 1954 3269 1995 sermone
3301 1939 3480 1996 omnis
3503 1956 3596 1995 su-

1993 2024 2241 2097 perstitio
2273 2016 2723 2081 Observationum
2752 2026 2990 2096 eliditur,
3022 2042 3149 2085 cum
3176 2028 3235 2084 in
3263 2027 3594 2086 discernen-

1996 2112 2083 2168 dis
2114 2112 2252 2168 cibis
2283 2112 2481 2187 religio
2508 2122 2749 2185 putetur.

2071 2202 2241 2257 Veas.
2277 2205 2363 2259 12.
2397 2232 2469 2243 -
2504 2205 2653 2261 Tunc
2682 2204 3033 2261 accedentes.
3063 2204 3466 2262 Pharisaeorum
3486 2221 3599 2263 ma-

2002 2305 2113 2363 gna
2144 2296 2227 2344 est
2254 2290 2453 2363 religio
2481 2290 2539 2346 in
2567 2292 2725 2361 cibis,
2758 2293 2851 2363 qui
2880 2293 3068 2349 audito
3098 2294 3270 2351 verbo
3298 2296 3405 2352 hoc
3435 2311 3600 2351 scan-

2002 2377 2225 2435 dalizati
2253 2387 2398 2445 sunt,
2440 2379 2498 2434 id
2545 2389 2649 2449 est,
2700 2380 2969 2453 indignati
3016 2390 3160 2438 sunt.
3209 2384 3599 2441 Scandalizati

2002 2480 2159 2533 sunt.
2177 2467 2482 2555 Σκάνᾷαλον
2512 2478 2726 2547 Graece,
2758 2496 2860 2535 nos
2874 2479 3264 2537 oﬁ'endiculum
3280 2481 3366 2537 vel
3383 2482 3603 2538 ruinam

2003 2565 2091 2622 vel
2147 2566 2535 2638 impactionem
2577 2568 2735 2641 pedis
2776 2584 3073 2640 possmus
3120 2570 3325 2627 dicere.
3378 2571 3533 2627 Unde
3575 2590 3591 2627 :

2006 2652 2113 2723 Qui
2143 2656 2599 2714 scandalizaverit
2625 2656 2891 2731 aliquem,
2921 2656 2979 2714 id
3006 2664 3109 2727 est,
3132 2657 3483 2716 occasionem
3499 2658 3609 2718 rui-

2004 2758 2090 2799 nte
2119 2744 2350 2801 dederit.

2082 2833 2249 2888 Vens.
2287 2835 2373 2889 14.
2406 2863 2477 2876 -
2507 2834 2710 2901 Sinite,
2743 2842 2849 2892 etc.
2884 2834 3186 2891 Permittite
3219 2850 3321 2892 suo
3351 2836 3601 2904 arbitrio,

2008 2918 2136 2991 quia
2161 2920 2556 2978 irrevocabiles
2585 2930 2729 2979 sunt.
2774 2923 2928 2980 Unde
2975 2923 3178 2979 Paulus
3210 2940 3226 2979 :
3258 2925 3599 2983 Hcereticum

2010 3008 2295 3067 hominem
2320 3015 2450 3083 post
2475 3014 2727 3084 primam
2758 3014 2817 3069 et
2843 3012 3155 3070 secundam
3193 3016 3605 3073 correctionem

302 3092 369 3146 ad
397 3091 574 3159 littus,
624 3092 679 3145 id
725 3100 808 3147 est
853 3091 1112 3162 quietem,
1160 3091 1253 3145 ubi
1299 3090 1544 3161 paradisi
1588 3089 1907 3146 restituetur
1933 3160 1974 3170 Α
2010 3095 2196 3153 devita
2226 3099 2359 3170 (Tit,
2393 3100 2496 3170 ιιι),

304 3180 600 3235 hereditas
628 3188 681 3235 et
710 3180 901 3250 primae
932 3181 1085 3235 stola:
1108 3179 1441 3249 jucunditas.

368 3270 541 3324 Vens.
577 3273 666 3337 335.
702 3299 771 3309 —
801 3269 1109 3324 Fimbriam
1160 3269 1505 3337 vestimenti,
1557 3274 1662 3323 etc.
1713 3266 1775 3321 Id
1796 3274 1898 3332 est,

303 3356 588 3412 minimum
618 3357 957 3423 mandatum,
990 3357 1076 3413 vel
1109 3372 1240 3413 caro
1273 3372 1381 3428 qua
1410 3357 1480 3411 ad
1527 3356 1758 3411 verbum
1807 3354 1907 3409 Dei

302 3447 568 3512 venimus,
604 3462 768 3517 quem
798 3447 892 3517 qui
920 3446 1198 3502 credendo
1247 3445 1439 3518 tangit,
1472 3445 1541 3500 ab
1572 3444 1719 3501 omni
1748 3460 1903 3499 mor-

314 3534 380 3590 bo
408 3534 713 3607 impietatis
742 3544 988 3590 sanatur.

911 3649 1138 3706 CAPUT
1176 3649 1298 3705 XV.

373 3779 543 3839 Vens.
582 3783 636 3836 1.
655 3810 726 3821 -
752 3781 902 3837 Tunc
933 3782 1317 3837 accesserunt.
1339 3777 1600 3834 Homines
1632 3776 1901 3844 Genesar,

309 3869 484 3925 minus
514 3870 687 3936 docti,
721 3869 971 3936 credunt,
1006 3869 1105 3924 sed
1136 3868 1229 3941 qui
1259 3868 1536 3941 sapientes
1565 3866 1818 3923 videntur
1835 3864 1905 3920 ad

308 3975 543 4032 pugnam
576 3958 820 4013 veniunt.

374 4047 743 4119 (Cnnrsosr.)
772 4046 944 4111 Tunc,
976 4043 1171 4117 inquit,
1220 4045 1435 4115 quando
1486 4043 1693 4101 scilicet
1738 4042 1901 4097 innu-

309 4152 458 4191 mera
488 4136 652 4209 signa
681 4142 942 4205 operatus
973 4141 1077 4201 est,
1115 4134 1353 4205 quando,
1389 4141 1519 4199 etc.,
1552 4149 1723 4205 usque
1754 4132 1826 4187 ad
1845 4139 1904 4186 ut

308 4240 563 4297 magnam
594 4220 1082 4279 eorum'malitiam
1137 4222 1473 4277 ostenderet.

379 4314 546 4369 Vens.
580 4318 636 4371 2.
660 4342 731 4352 -
751 4312 871 4368 Non
906 4314 1059 4367 enim
1082 4312 1298 4367 lavant.
1324 4312 1473 4365 Intus
1492 4308 1625 4364 nihil
1644 4316 1900 4381 arguunt,

315 4400 405 4472 qui
430 4402 577 4457 intus
605 4402 781 4455 livore
808 4400 1000 4470 polluti
1032 4407 1174 4455 sunt.
1213 4401 1275 4455 In
1304 4416 1507 4456 vanum
1539 4399 1775 4470 quidem
1806 4413 1904 4452 sua

312 4490 637 4561 baptismata
666 4496 902 4569 servant,
936 4489 1028 4561 qui
1059 4505 1285 4544 suorum
1331 4488 1581 4546 cordium
1611 4495 1664 4544 et
1696 4502 1900 4559 corpo-
1923 4519 1977 4579 D

314 4594 433 4635 rum
460 4578 662 4635 sordes
689 4578 914 4633 abluere
955 4578 1261 4652 negligunt.

382 4669 553 4723 Vens.
587 4672 620 4723 3
651 4698 721 4708 —
753 4668 933 4735 Quare
982 4671 1037 4723 et
1084 4682 1195 4723 vos.
1248 4667 1307 4722 Si
1354 4682 1452 4722 vos
1496 4665 1756 4721 mandata
1805 4663 1907 4720 Dei

311 4755 657 4813 contemnitis
675 4764 901 4827 propter
932 4754 1252 4811 traditiones
1283 4754 1585 4822 hominum,
1622 4768 1794 4825 quare
1816 4767 1906 4807 ar-

314 4845 475 4917 guitis
503 4843 826 4916 discipulos,
860 4843 951 4915 qui
980 4845 1239 4900 mandata
1281 4843 1563 4899 hominum
1609 4842 1903 4909 dimittunt,

316 4941 372 4988 ut
402 4935 533 4990 scita
560 4934 664 4989 Dei
693 4932 1044 4989 custodiant?

389 5022 556 5077 Vens.
610 5024 663 5077 4.
696 5052 766 5062 -
794 5023 1015 5076 Honora
1060 5024 1305 5094 patrem.
1357 5020 1557 5092 (Hier.)
1604 5022 1791 5076 Honor
1853 5018 1909 5074 in

321 5110 636 5180 Scripturis,
668 5125 779 5164 non
810 5117 1016 5165 tantum
1043 5110 1101 5164 in
1151 5110 1567 5165 salutationibus
1614 5118 1667 5164 et
1715 5107 1907 5164 officiis

316 5198 644 5265 deferendis,
679 5208 963 5270 quantum,
996 5206 1125 5263 etc.,
1159 5215 1333 5272 usque
1355 5199 1516 5275 ad'ut
1545 5196 1641 5253 ﬁlii
1661 5199 1907 5253 honora-

317 5296 444 5343 rent
469 5288 631 5343 etiam
660 5287 716 5342 in
745 5288 869 5344 vitae
899 5287 1228 5343 necessariis
1278 5287 1653 5343 ministrandis
1699 5302 1909 5358 paren-

324 5383 407 5431 tes
448 5392 593 5431 suos.

350 5494 357 5499 σ
392 5464 561 5519 Vens.
595 5468 646 5519 ὃ.
680 5493 752 5506 -
788 5466 882 5521 Vos
903 5466 1098 5521 autem
1125 5465 1335 5532 dicitis,
1373 5471 1477 5520 etc.
1502 5465 1697 5520 Vestra
1726 5470 1911 5520 autem

323 5552 540 5610 traditio
568 5553 848 5610 contraria
894 5560 995 5609 est.
1027 5554 1144 5611 Hoc
1172 5553 1314 5611 ﬁlios
1358 5553 1544 5611 dicere
1590 5553 1910 5625 parentibus

602 5676 848 5735 ΡΑτιοι..
882 5674 1073 5732 CXIV.

1926 3160 1976 3223 C
2074 3160 2245 3242 Vens.
2294 3191 2379 3243 15.
2411 3160 2482 3230 -λ
2508 3189 2783 3245 Edissere.
2826 3188 2986 3259 Quod
3033 3197 3224 3261 aperte
3257 3198 3342 3246 est
3368 3191 3597 3261 dictum,

2004 3281 2197 3344 putant
2224 3276 2461 3348 apostoli
2489 3294 2591 3349 per
2616 3276 2943 3349 parabolam
2971 3277 3196 3335 dictum.
3232 3278 3472 3336 Vitiosus
3516 3288 3602 3336 est

2007 3363 2243 3431 auditor,
2275 3365 2368 3436 qui
2413 3364 2501 3422 vel
2546 3366 2783 3422 obscura
2827 3365 3137 3438 manifeste,
3184 3367 3273 3426 vel
3314 3368 3602 3427 manifeste

2005 3450 2150 3507 dicta
2178 3453 2414 3509 obscure
2442 3453 2559 3509 vult
2593 3454 2921 3527 intelligere.

2077 3540 2247 3596 Vens.
2282 3545 2444 3596 19.-
2466 3544 2544 3598 De
2555 3544 2736 3610 corde,
2762 3552 2867 3599 etc.
2894 3544 3019 3599 Non
3038 3543 3183 3600 enim
3210 3559 3245 3601 a
3263 3544 3486 3602 diabolo
3503 3545 3603 3602 im-

2004 3627 2310 3697 mittuntur,
2344 3631 2444 3685 sed
2476 3648 2543 3685 ex
2570 3632 2795 3702 prOpria
2827 3633 3108 3689 voluntate
3134 3642 3456 3691 nascuntur.
3477 3634 3602 3693 Dia-

2005 3716 2165 3772 bolus
2194 3718 2340 3773 enim
2367 3719 2619 3774 incentor
2649 3727 2732 3774 est
2760 3735 2872 3775 non
2903 3728 3117 3788 auctor,
3152 3721 3282 3793 quia
3323 3738 3428 3781 nec
3453 3723 3599 3781 inte-

2003 3805 2155 3861 riora
2182 3805 2288 3860 nisi
2315 3823 2417 3877 per
2445 3807 2666 3862 habitus
2694 3815 2749 3863 et
2778 3816 2971 3881 gestus
2999 3809 3167 3865 novit.

2075 3894 2244 3949 Vens.
2277 3898 2365 3952 20.
2398 3925 2471 3936 —
2499 3896 2621 3951 Non
2650 3896 2800 3952 lotis.
2834 3896 3147 3968 Spiritualia
3177 3895 3327 3954 dicta
3351 3896 3592 3970 prophe-

2001 3988 2202 4049 tarum,
2234 3982 2304 4037 de
2333 3982 2517 4039 cordis
2547 3990 2602 4039 et
2627 3984 2881 4056 corporis
2910 3984 3292 4059 castigatione,
3323 3993 3384 4042 ut
3423 3986 3544 4042 haec
3576 4004 3591 4042 :

2002 4072 2316 4139 Lavamini,
2350 4072 2552 4128 mundi
2580 4076 2755 4129 estote
2788 4074 2920 4144 (Isa.
2963 4074 3026 4146 ι).
3080 4074 3346 4131 ΡΙ)αήεωί
3392 4089 3594 4131 carna-

2002 4158 2128 4213 liter
2155 4160 2225 4215 de
2255 4160 2374 4216 solo
2405 4176 2639 4233 corpore
2669 4160 3033 4234 accipiebant,
3067 4163 3217 4235 quod
3264 4179 3467 4221 vanum
3511 4171 3599 4221 est

2002 4245 2142 4303 ﬁeri.

2074 4337 2243 4391 Vens.
2276 4339 2366 4395 21.
2398 4366 2468 4379 --
2496 4339 2569 4394 Et
2595 4354 2867 4410 egressus,
2900 4346 3005 4395 etc.
3038 4337 3261 4395 Relictis
3291 4338 3599 4396 calumnia-

2000 4423 2213 4479 toribus
2243 4424 2385 4480 intra
2414 4424 2552 4482 ﬁnes
2581 4426 2711 4498 Tyri
2741 4435 2795 4481 et
2824 4426 3063 4494 Sidonis,
3096 4435 3156 4483 ut
3186 4426 3356 4483 tiliam
3384 4426 3596 4483 libera-

2007 4521 2111 4581 ret,
2144 4521 2198 4569 et
2221 4531 2323 4585 per
2354 4513 2519 4570 ﬁdem
2546 4515 2767 4589 gentilis
2798 4514 3012 4571 feminae
3040 4515 3329 4587 perﬁdiam
3367 4513 3599 4575 Scriba-

2005 4618 2131 4659 rum
2186 4611 2461 4676 argueret.
2520 4602 2747 4659 Relictis
2792 4602 3276 4660 calumniatoribus
3323 4603 3601 4678 signiﬁcat

2008 4691 2153 4764 quod
2181 4699 2307 4763 post
2324 4692 2789 4749 resurrectionem
2808 4692 3100 4749 relicturus
3130 4699 3276 4749 esset
3303 4692 3595 4765 perﬁdiam

2005 4780 2341 4848 Judaeorum,
2371 4797 2472 4852 per
2498 4778 2942 4852 praedicationem
2968 4781 3144 4837 iturus
3172 4780 3245 4837 ad
3271 4790 3484 4855 gentes.

2078 4869 2249 4924 Vens.
2274 4873 2437 4927 22.—
2452 4870 2746 4938 Clamavit,
2771 4876 2875 4927 etc.
2900 4871 3005 4926 Per
3025 4868 3189 4926 ﬁdem
3208 4869 3426 4938 clamat,
3448 4870 3594 4929 unde

2006 4956 2159 5013 novit
2186 4973 2383 5013 vocare
2401 4957 2569 5013 ﬁlium
2583 4958 2775 5026 David,
2799 4959 3001 5018 Christi
3019 4959 3449 5018 incarnationem
3468 4975 3595 5018 con-

2008 5044 2187 5101 ﬁtens.
2224 5047 2405 5118 Rogat
2433 5063 2534 5119 pro
2565 5045 2695 5114 ﬁlia,
2727 5047 2783 5103 id
2810 5056 2913 5117 est,
2944 5064 3045 5121 pro
3073 5050 3277 5121 populo
3317 5067 3418 5107 suo
3446 5065 3590 5107 non-

2008 5135 2139 5191 dum
2166 5135 2445 5202 credente,
2477 5143 2536 5191 ut
2562 5135 2683 5208 ipsa
2725 5135 2915 5192 fraude
2962 5136 3167 5193 diaboli
3212 5140 3585 5197 absolvantur.

2008 5224 2129 5289 Vel,
2160 5222 2273 5278 ﬁlia
2301 5232 2385 5279 est
2412 5225 2595 5280 anima
2623 5225 2708 5281 vel
2738 5226 3072 5283 conscientia
3116 5228 3407 5296 cujuslibet
3453 5230 3592 5285 intra

2008 5312 2315 5369 Ecclesium
2343 5312 2561 5370 diabolo
2590 5313 2917 5386 mancipata,
2938 5331 3040 5386 pro
3061 5331 3171 5388 qua
3190 5325 3365 5374 mater
3390 5317 3588 5376 Eccle-

2012 5400 2095 5457 sia
2122 5409 2303 5473 rogat,
2335 5402 2424 5458 vel
2452 5402 2569 5474 ipse
2598 5404 2762 5459 homo
2790 5418 2893 5475 pro
2938 5402 3142 5459 fcedata
3169 5406 3519 5463 conscientia.

2083 5490 2255 5546 Vens.
2288 5494 2377 5549 23.
2400 5520 2471 5534 -
2490 5492 2595 5559 Qui
2615 5509 2729 5549 non
2750 5491 3058 5564 respondit.
3080 5493 3205 5550 Non
3222 5495 3293 5552 de
3311 5484 3587 5564 superbia,

2012 5577 2111 5635 sed
2137 5593 2209 5637 ne
2238 5577 2309 5637 sit
2334 5579 2640 5638 contrarius
2669 5580 2952 5638 sententiae
2980 5597 3094 5639 suae
3126 5599 3142 5637 :
3191 5584 3259 5639 In
3286 5584 3435 5637 viam
3461 5596 3595 5652 gen-

3220 5680 3254 5729 5
