4028 6178
197 303 289 358 141

1180 301 1450 358 GLOSSA
1489 300 1898 359 0RDINARIA.
1940 331 2008 344 —
2044 303 2310 361 EVANG.
2352 305 2608 363 MATTH.

3384 312 3488 367 Ml

200 440 397 497 porum
426 424 704 497 ignorant,
737 439 860 481 cum
879 424 1057 480 omnis
1077 424 1163 480 lex
1186 433 1239 481 et
1257 426 1567 496 prophetas,
1592 426 1796 481 adven-
1814 426 1872 488 Α
1900 433 2006 496 tur,
2055 428 2148 499 qui
2193 435 2446 485 ostensus
2494 437 2576 485 est
2620 429 2676 484 in
2723 428 2978 485 columba
3005 430 3077 485 ab
3105 446 3171 487 eo
3203 447 3365 503 quem
3403 432 3495 487 Fi-

205 523 291 568 tus
322 514 406 569 sui
434 513 634 569 indicia
662 529 728 569 ex
759 529 987 585 operum
1024 529 1147 586 quae
1176 522 1398 587 gereret
1443 514 1815 571 admiratione
1902 514 2037 572 lium
2065 518 2166 573 Dei
2194 518 2303 578 vivi
2330 526 2641 585 vocaverat,
2672 526 2724 573 et
2762 517 2874 574 ﬁlio
2905 518 3173 575 columbas
3200 527 3359 591 pater
3405 537 3498 577 re-

207 602 539 676 signiﬁcent.
606 667 613 674 ,

1907 607 2069 673 velat,
2103 607 2230 679 quia
2259 623 2368 662 una
2398 616 2479 662 est
2510 607 2755 678 operatio
2786 608 2961 662 Patris
2991 616 3045 663 et
3074 608 3193 664 Filii
3221 624 3346 665 cum
3376 625 3500 664 san-

278 692 453 748 Vsas.
489 695 540 746 3.
571 721 641 732 —
669 692 892 748 Rutilat
912 693 1087 748 enim.
1113 692 1395 747 Patiuntur
1422 692 1657 763 apostoli
1683 700 1810 764 post
1910 703 1996 751 cto
2028 695 2248 766 Spiritu.
2281 696 2524 761 Revelat,
2556 695 2797 767 inquam,
2828 696 3148 768 mysterium
3175 695 3323 765 ﬁdei,
3375 696 3504 769 quia

210 780 694 848 resurrectionem,
728 798 829 852 per
848 796 987 852 quos
1007 798 1095 837 me
1119 781 1366 851 judicare
1387 782 1444 835 in
1464 781 1645 837 futuro
1666 782 1810 838 scire
1912 800 2044 840 caro
2076 792 2128 839 et
2158 784 2380 857 sanguis
2409 801 2519 839 non
2546 785 2796 840 revelare
2823 785 3018 856 potuit,
3042 786 3098 841 id
3128 794 3229 853 est,
3252 785 3503 842 homines

209 869 459 941 potestis,
493 870 621 942 quia
658 886 784 926 cum
822 886 932 925 non
978 886 1149 942 parco
1176 871 1314 926 meis
1363 870 1521 926 bonis
1552 870 1682 942 quin
1709 886 1811 942 pa-
1913 872 2122 930 carnali
2170 873 2436 945 sapientia
2473 873 2662 941 inﬂati,
2705 873 2796 945 qui
2833 890 2944 929 non
2980 875 3249 931 columbae
3286 873 3409 941 ﬁlii,
3451 880 3509 930 et

211 960 428 1025 tiantur,
462 976 572 1016 non
598 975 828 1031 parcam
856 959 977 1014 aliis
1006 959 1062 1014 in
1091 959 1292 1015 futuro.

1915 962 2039 1018 ideo
2079 977 2112 1017 a
2150 961 2417 1032 sapientia
2454 962 2684 1033 Spiritus
2732 962 2933 1031 alieni;
2965 963 3033 1020 de
3063 964 3260 1036 quibus
3288 978 3457 1035 supra
3490 979 3507 1017 :

283 1049 457 1103 Vens.
493 1049 543 1105 4.
576 1078 646 1091 -
677 1050 871 1121 Signa.
903 1049 987 1105 Ad
1019 1056 1232 1121 tempus
1263 1050 1458 1123 gratiae
1488 1048 1817 1120 pertinentia
1918 1053 2032 1107 Alii
2060 1053 2334 1107 Joannem
2363 1053 2694 1122 Baptistam,
2729 1053 2835 1108 alii
2865 1057 3057 1109 autem
3086 1054 3293 1119 Eliam,
3327 1060 3431 1109 etc.

211 1136 496 1209 prophetis
526 1138 811 1209 prmdicta,
853 1155 963 1194 non
991 1147 1222 1211 possunt
1251 1139 1407 1195 vobis
1438 1138 1603 1195 ﬁdem
1631 1137 1818 1194 facere

1992 1141 2165 1195 Vens.
2199 1144 2284 1194 18.
2318 1170 2387 1180 -
2421 1142 2498 1195 Tu
2527 1156 2602 1196 es.
2635 1141 2759 1196 Non
2777 1140 2902 1197 dico
2921 1141 3230 1209 vocaberis,
3253 1139 3351 1197 sed
3372 1148 3427 1196 tu
3448 1155 3510 1195 es

210 1226 279 1281 de
306 1242 437 1281 meo
467 1226 725 1282 adventu.
759 1229 933 1299 Signa
960 1233 1173 1284 autem.
1198 1228 1362 1300 Signa
1392 1236 1701 1298 temporum
1731 1226 1819 1281 di-
1921 1230 2117 1285 Petrus
2146 1228 2217 1283 ob
2246 1227 2619 1284 fortitudinem
2647 1228 2776 1284 ﬁdei
2796 1237 2849 1284 et
2868 1229 3226 1285 confessionis
3254 1237 3513 1286 constan-

212 1315 286 1370 xit
315 1315 389 1370 de
420 1315 662 1371 adventu
692 1331 793 1370 suo
833 1316 919 1372 vel
959 1316 1215 1387 passione
1259 1317 1347 1372 cui
1387 1316 1563 1371 simile
1604 1324 1687 1371 est
1724 1330 1822 1371 ro-
1923 1318 2074 1373 tiam.
2108 1320 2329 1374 Petrus.
2363 1320 2409 1372 Α
2438 1334 2525 1372 me
2555 1324 2731 1388 petra,
2780 1317 2856 1373 ita
2894 1326 3079 1374 tamen
3113 1326 3173 1373 ut
3208 1318 3342 1374 mihi
3377 1317 3513 1375 reti-

217 1420 373 1459 seum
404 1403 609 1459 coelum
654 1421 905 1475 vespere.
956 1405 1023 1459 Et
1060 1404 1191 1460 item
1219 1405 1287 1461 de
1319 1404 1667 1479 tribulatione
1696 1411 1823 1460 ante
1925 1423 2086 1462 neam
2118 1406 2439 1480 dignitatem
2478 1405 2816 1462 fundamenti
2847 1424 2861 1461 :
2896 1414 2954 1461 tu
2983 1423 3151 1479 super
3176 1423 3265 1463 me
3292 1405 3516 1463 ordina-

217 1493 520 1549 adventum
566 1492 829 1559 futurum,
879 1493 966 1549 cui
1015 1492 1190 1548 simile
1238 1502 1322 1548 est
1358 1510 1578 1550 roseum
1626 1492 1827 1549 coelum
1928 1496 2013 1552 bis
2043 1496 2255 1567 lapides
2283 1495 2537 1562 mundos,
2572 1504 2624 1551 et
2655 1494 2880 1565 abjicies
2909 1495 3182 1567 leprosos.

218 1598 342 1637 cum
371 1581 620 1636 tristitia.
653 1583 774 1639 Non
802 1582 1029 1638 dabitur
1058 1585 1130 1639 ei.
1167 1583 1275 1639 Sed
1302 1583 1464 1639 datur
1485 1582 1737 1638 ﬁdelibus
1757 1582 1827 1638 de

217 1669 357 1726 ccelo
390 1670 619 1742 quando
648 1670 958 1726 videntibus
979 1671 1240 1743 apostolis
1260 1673 1315 1727 in
1336 1671 1538 1729 caelum
1558 1670 1825 1738 ascendit,

221 1768 270 1815 et
300 1759 576 1831 Spiritum
605 1768 856 1815 sanctum
887 1760 1050 1817 misit.

285 1850 469 1905 Vnus.
505 1851 561 1904 5.
594 1880 664 1890 -
696 1850 868 1906 Obliti
897 1854 1033 1906 sunt
1045 1866 1223 1922 panes
1244 1852 1518 1921 accipere.
1543 1848 1833 1918 Quomodo

2004 1586 2153 1642 Sicut
2180 1585 2366 1640 lumen
2396 1592 2448 1640 et
2477 1592 2678 1641 caetera
2704 1585 2954 1652 nomina,
3003 1593 3063 1640 ut
3093 1602 3107 1641 :
3151 1586 3244 1642 Vos
3271 1586 3409 1641 estis
3437 1582 3526 1641 sal

1933 1680 2118 1741 terrae,
2152 1690 2186 1729 a
2214 1673 2447 1728 Domino
2478 1673 2653 1729 sortiti
2682 1682 2808 1729 sunt
2844 1672 3097 1745 apostoli,
3148 1673 3228 1730 sic
3257 1672 3465 1730 Simoni
3492 1686 3530 1729 ο,

1849 1787 1905 1848 Β
1935 1780 1994 1819 se
2024 1778 2225 1819 nomen
2254 1761 2400 1818 Petri
2429 1761 2596 1818 dedit.

2007 1854 2077 1909 Et
2100 1856 2297 1925 portae.
2330 1853 2509 1907 Porta
2536 1849 2699 1906 inferi
2728 1859 2853 1907 sunt
2881 1857 3126 1923 peccata,
3157 1851 3339 1918 minas,
3374 1849 3525 1909 blan-

220 1955 393 2011 panes
426 1956 544 1994 non
573 1938 777 1994 habent
809 1939 902 2010 qui
929 1938 1093 1994 modo
1122 1937 1361 2009 impletis
1391 1938 1592 2009 sportis
1638 1953 1837 1994 navem
1937 1941 2200 2009 dimenta,
2231 1942 2494 2008 haereses,
2536 1939 2734 2013 quibus
2762 1939 2966 1995 inﬁrmi
3001 1947 3165 1995 ruunt
3192 1940 3249 1994 in
3276 1945 3531 2009 mortem,

223 2027 597 2085 ascenderunt
627 2036 680 2083 et
707 2026 1033 2100 navigantes
1064 2027 1289 2082 audiunt
1316 2034 1375 2082 ut
1406 2035 1635 2083 caveant
1664 2043 1695 2080 a
1726 2027 1836 2082 fer—

1941 2030 2033 2099 qui
2062 2046 2173 2086 non
2201 2046 2331 2086 vere
2363 2045 2530 2101 supra
2558 2038 2793 2100 petram,
2854 2029 2953 2085 sed
2983 2045 3148 2100 super
3176 2043 3402 2085 arenam
3431 2026 3539 2084 do-

227 2125 414 2173 mento
446 2117 873 2173 Pharisaeorum.
916 2116 1025 2173 Sed
1056 2124 1240 2171 tamen
1269 2116 1343 2171 ait
1372 2116 1657 2187 Scriptura
1689 2116 1837 2188 quod
1941 2135 2092 2173 mum
2134 2118 2499 2190 professionis
2548 2134 2662 2174 sua}
2699 2117 2959 2174 credendi
2995 2125 3120 2172 sunt
3157 2115 3539 2184 aediﬁcavisse,

229 2206 383 2263 obliti
413 2213 544 2261 sunt
573 2204 769 2261 tollere
798 2221 972 2277 panes
1003 2220 1190 2261 secum
1220 2205 1380 2260 unius
1410 2206 1528 2262 veri
1558 2212 1611 2261 et
1642 2204 1842 2261 interni
1942 2208 1999 2264 id
2028 2216 2131 2275 est,
2173 2224 2284 2264 non
2313 2207 2547 2279 simplici
2576 2216 2630 2263 et
2658 2222 2791 2263 vera
2816 2205 3113 2263 intentione
3144 2204 3420 2262 Christum
3448 2219 3544 2260 se-

234 2296 391 2367 panis
422 2295 545 2367 (qui
574 2312 700 2351 cum
729 2294 811 2351 eis
844 2294 985 2365 erat)
1032 2294 1321 2350 dulcedine
1352 2294 1517 2365 capti,
1554 2309 1751 2365 parum
1783 2309 1842 2348 se

239 2400 437 2439 curare
478 2383 792 2453 judicantes
831 2384 901 2439 de
937 2398 1068 2439 cura
1108 2382 1358 2454 corporis
1401 2390 1453 2438 et
1491 2382 1841 2449 necessariis,

240 2488 361 2528 cum
390 2482 447 2529 et
478 2472 603 2544 ipsa
632 2472 893 2527 naturalis
922 2471 1147 2528 refectio
1177 2488 1210 2527 a
1237 2480 1420 2527 mente
1457 2479 1788 2527 excesserat.

306 2563 486 2618 Vens.
522 2566 576 2618 6.
610 2592 680 2602 -—
706 2563 747 2617 Α
786 2565 1088 2633 fermento.
1112 2562 1462 2617 Fermcntum
1482 2570 1565 2617 est
1582 2576 1849 2633 perversa

247 2652 518 2717 doctrina,
555 2667 679 2722 quae
708 2650 797 2706 vel
826 2650 1043 2705 modica
1063 2658 1233 2706 totam
1253 2666 1496 2707 massam
1526 2650 1846 2721 corrummt,

251 2748 299 2795 et
325 2741 381 2796 in
415 2756 581 2796 suum
612 2754 870 2810 saporem
900 2738 1081 2794 trahit.

314 2828 491 2885 Vnus.
528 2832 582 2884 8.
625 2859 695 2868 —
746 2828 888 2895 Quid
934 2830 1217 2900 cogitatis.
1272 2827 1416 2897 Quid
1463 2827 1717 2901 cogitatis
1763 2842 1853 2882 me

251 2918 447 2973 dixisse
478 2917 550 2973 de
582 2917 820 2973 terrenis
847 2916 1082 2987 panibus
1113 2917 1182 2972 de
1215 2917 1413 2989 quibus
1443 2932 1553 2972 non
1583 2923 1666 2971 est
1693 2915 1854 2971 vobis

252 3006 631 3073 dubitandum,
682 3021 809 3063 cum
838 3005 907 3061 de
937 3014 1047 3062 tam
1076 3005 1268 3078 paucis
1298 3013 1478 3061 tantas
1526 3004 1632 3061 feci
1674 3004 1854 3060 abun-

255 3095 382 3151 dare
414 3095 681 3168 reliquias
710 3096 738 3151 ?

1946 2297 2058 2371 qui,
2109 2297 2207 2352 sed
2264 2297 2337 2352 ob
2376 2305 2651 2352 terrenam
2690 2295 2989 2368 quamlibet
3027 2310 3253 2353 causam
3297 2292 3545 2350 habitum

1946 2384 2331 2458 praetendisse.
2364 2384 2470 2454 Qui
2516 2385 2662 2440 enim
2700 2384 2757 2439 in
2795 2384 2985 2440 intimo
3025 2384 3209 2441 cordis
3247 2398 3437 2439 amore
3474 2378 3548 2437 ﬁ-

1948 2476 2074 2530 dem
2105 2473 2305 2530 Christi
2334 2473 2585 2545 percipit,
2619 2472 2884 2546 quidquid
2916 2471 3123 2546 ingruit
3153 2478 3329 2539 extra,
3385 2468 3549 2528 facile

1949 2563 2136 2620 vincit.

2022 2651 2193 2708 Vens.
2219 2654 2305 2705 19.
2320 2652 2471 2707 —Et
2489 2649 2869 2722 quodcumque
2888 2648 3167 2721 ligaveris.
3183 2646 3245 2704 Id
3262 2654 3365 2714 est,
3380 2660 3545 2720 quem

1952 2741 2009 2796 in
2039 2739 2282 2812 peccatis
2309 2738 2696 2810 persistentem
2732 2736 2955 2794 aeternis
2984 2735 3162 2809 poenis
3193 2734 3549 2807 adjudicave-

1954 2830 2031 2885 ris
2063 2847 2077 2883 :
2112 2827 2198 2884 vel
2228 2843 2392 2899 quem
2420 2826 2682 2882 humilem
2709 2834 2764 2882 et
2791 2841 2922 2883 vere
2964 2824 3320 2897 pmnitentem
3368 2821 3552 2880 absol-

1956 2917 2123 2984 veris,
2155 2916 2235 2972 sic
2266 2916 2370 2971 erit
2400 2923 2453 2971 et
2481 2916 2537 2969 in
2565 2914 2738 2971 caelis.

2028 3009 2100 3062 Et
2119 3004 2497 3079 quodcumque
2517 3005 2779 3076 ligaveris
2795 3019 2963 3077 super
2979 3007 3212 3061 terram.
3228 3000 3441 3075 (Ηωιι.)
3452 3001 3554 3059 Ha-

1960 3096 2093 3151 bent
2140 3094 2359 3167 quidem
2406 3092 2657 3149 eamdem
2698 3091 3045 3161 judiciariam
3091 3098 3420 3165 potestatem
3464 3088 3560 3146 alii

323 3186 495 3239 Van.
524 3145 621 3239 11.
654 3215 724 3224 -
758 3186 958 3242 Cavete
988 3187 1318 3255 afermento
1350 3183 1788 3239 Pharisaeorum.
1814 3183 1860 3237 A
1879 3145 1931 3209 δ’
1963 3145 2216 3255 apostoii,
2259 3182 2455 3254 quibus
2492 3189 2617 3254 post
2654 3145 3116 3238 resurrectionem
3157 3180 3231 3236 ait
3262 3197 3277 3234 :
3309 3179 3562 3254 Accipite

268 3273 647 3345 superstitiosa
678 3272 949 3339 doctrina,
982 3288 1103 3344 qua:
1138 3289 1290 3327 more
1329 3271 1582 3327 fermenti
1610 3271 1725 3327 veri
1752 3285 1858 3341 pa-

264 3362 341 3417 nis
371 3360 592 3417 simulat
623 3378 683 3416 se
715 3360 1077 3416 substantiam
1120 3361 1347 3416 habere.
1400 3362 1505 3416 Per
1534 3362 1639 3416 hoc
1669 3359 1864 3425 innuit,

266 3451 385 3522 quid
416 3449 735 3523 signiﬁcant
767 3449 1007 3521 quinque
1036 3466 1205 3521 panes
1238 3448 1324 3504 vel
1373 3458 1602 3519 septem.
1638 3448 1693 3503 Si
1724 3447 1870 3503 enim

269 3538 592 3595 fermentum
623 3538 757 3594 dicit
785 3538 1043 3594 hmretica
1072 3539 1353 3612 dogmata,
1385 3554 1559 3609 panes
1582 3545 1706 3592 sunt
1736 3552 1871 3593 vera

270 3628 532 3684 doctrina.

334 3718 506 3772 Vens.
544 3720 634 3771 13.
667 3746 736 3756 -
766 3705 831 3771 In
856 3719 1051 3788 partes
1077 3718 1341 3772 Caesarem
1361 3715 1633 3787 Philippi.
1660 3715 1768 3769 Iste
1791 3713 1872 3768 lo-

271 3822 357 3862 cus
383 3815 486 3872 est,
523 3805 617 3859 ubi
645 3804 921 3860 Jordanus
951 3803 1123 3859 oritur
1153 3804 1224 3860 ad
1255 3805 1499 3859 radicem
1530 3803 1738 3871 Libani,
1800 3818 1867 3857 ex

274 3897 359 3950 lor
386 3905 437 3950 et
468 3896 589 3949 Dan
621 3894 837 3949 duobus
868 3892 1123 3947 fontibus.
1148 3895 1409 3949 Homines
1431 3909 1566 3948 esse.
1607 3891 1867 3946 Homines

280 3993 389 4038 sunt
421 3984 513 4056 qui
545 3983 616 4037 de
664 3982 796 4037 Filio
837 3982 1070 4035 hominis
1106 3981 1401 4053 loquuntur
1436 3999 1449 4035 :
1481 3980 1557 4035 dii
1596 3987 1740 4037 enim
1777 3978 1869 4051 qui

278 4072 538 4127 Deitatem
566 4070 900 4143 intelligunt.
936 4071 1147 4125 Filium
1180 4070 1429 4124 hominis
1455 4074 1477 4124 .9
1505 4069 1771 4125 Dominus
1800 4069 1870 4123 de

280 4177 335 4215 se
393 4161 753 4215 humilitatem
818 4158 1167 4213 humanitatis
1230 4156 1550 4229 proﬁtetur,
1617 4155 1872 4228 discipuli

286 4250 542 4305 Deitatem
572 4248 903 4320 intelligunt.

346 4338 513 4393 Vsus.
548 4338 635 4391 14.
670 4367 739 4377 --
769 4337 884 4390 Alii
914 4336 1189 4391 Joannem
1224 4336 1557 4406 Baptistam.
1594 4333 1684 4389 Sic
1712 4339 1872 4404 pote-

286 4436 400 4480 rant
428 4442 617 4481 errare
651 4426 705 4479 in
735 4424 859 4479 Elia
888 4422 973 4478 vel
1004 4423 1059 4478 in
1090 4422 1305 4478 caeteris
1343 4422 1484 4487 aliis,
1519 4423 1657 4476 sicut
1694 4423 1875 4476 Hero-

1965 3275 2244 3346 Spiritum
2273 3275 2537 3328 sanctum
2567 3271 2748 3343 (Joan.
2785 3270 2909 3342 xx),
2953 3278 3081 3339 etc.,
3114 3285 3287 3342 usque
3315 3267 3388 3325 ad
3414 3267 3562 3325 unde

1964 3362 2021 3415 in
2049 3360 2286 3415 Levitico
2317 3359 2609 3415 ostendere
2658 3374 2719 3414 se
2767 3357 3147 3415 sacerdotibus
3185 3357 3448 3427 jubentur
3475 3354 3563 3414 le-

1965 3448 2135 3522 prosi,
2171 3464 2308 3519 quos
2338 3448 2414 3503 illi
2443 3464 2553 3502 non
2582 3447 2789 3504 faciunt
2816 3447 3087 3519 leprosos,
3121 3445 3219 3502 sed
3246 3444 3567 3503 discernunt

1969 3537 2060 3610 qui
2090 3535 2279 3591 mundi
2309 3535 2395 3592 vel
2424 3535 2688 3590 immundi
2719 3542 2862 3605 sunt,
2896 3536 2971 3589 ita
2999 3542 3053 3590 et
3090 3533 3197 3589 hic.

2039 3625 2211 3681 Vnus.
2244 3627 2332 3681 20.
2366 3652 2434 3663 -
2487 3625 2553 3680 Ut
2596 3625 2835 3692 nemini,
2887 3630 2993 3678 etc.
3044 3622 3226 3693 Supra
3272 3620 3567 3677 adventum

1971 3728 2129 3767 suum
2166 3711 2469 3781 praedicare
2509 3710 2782 3781 praecipit,
2824 3709 2913 3764 hic
2951 3725 3019 3763 ne
3058 3709 3239 3763 dicant
3278 3724 3403 3763 eum
3442 3722 3568 3764 esse

1969 3800 2174 3855 Jesum.
2210 3798 2319 3853 Sed
2349 3797 2498 3853 aliud
2527 3806 2611 3852 est
2636 3797 2939 3867 praedicare
2970 3796 3263 3863 Christum,
3311 3794 3458 3867 quod
3486 3800 3570 3850 est

1972 3903 2259 3945 commune
2294 3902 2493 3941 nomen
2520 3885 2798 3959 dignitatis
2832 3903 2845 3939 :
2878 3884 3023 3939 aliud
3052 3884 3258 3953 Jesum,
3312 3882 3457 3955 quod
3486 3889 3571 3939 est

1971 3976 2251 4049 prOprium
2284 3975 2601 4030 Salvatoris.
2629 3974 2800 4044 Quasi
2827 3974 2971 4029 dicat
3004 3990 3017 4028 :
3049 3974 3174 4029 Non
3203 3972 3426 4043 prodest
3469 3986 3571 4044 pu-

1973 4066 2113 4121 blice
2145 4063 2432 4135 prmdicari
2462 4064 2800 4131 majestatem
2828 4062 3046 4134 populis
3078 4079 3092 4116 :
3127 4060 3219 4133 qui
3248 4060 3419 4117 visuri
3448 4067 3574 4116 sunt

1972 4170 2060 4209 me
2090 4154 2261 4207 multa
2300 4152 2433 4223 pati,
2469 4152 2613 4224 quod
2645 4160 2773 4207 tunc
2810 4151 3031 4207 demum
3068 4150 3272 4220 licebit,
3315 4165 3440 4207 cum
3478 4164 3574 4205 re-

1976 4242 2244 4298 surrectio
2274 4241 2572 4313 potentiam
2601 4241 2828 4296 Deitatis
2857 4240 3177 4296 ostenderit.
3209 4238 3574 4297 Jesus-Chri-

1976 4335 2117 4387 stus.
2151 4331 2423 4395 Salvator,
2447 4346 2515 4385 ne
2538 4329 3043 4386 scandalizarentur
3062 4328 3118 4383 in
3137 4343 3203 4383 eo
3224 4342 3388 4399 quem
3406 4325 3570 4397 paulo

1975 4427 2100 4491 post
2128 4418 2299 4475 visuri
2333 4428 2455 4473 sunt
2484 4419 2713 4489 conspui
2744 4427 2796 4473 et
2826 4417 3093 4489 cruciﬁgi.

285 4517 379 4570 des
399 4515 603 4571 erravit
621 4514 679 4567 in
696 4515 908 4568 Joanne
930 4528 1054 4569 cum
1074 4512 1149 4567 ait
1182 4529 1194 4565 :
1228 4513 1470 4568 Joannes
1492 4528 1655 4583 quem
1677 4528 1773 4583 ego
1799 4511 1892 4566 de-
1912 4500 1965 4562 D
2034 4509 2206 4564 Vens.
2242 4512 2329 4579 21.
2384 4537 2453 4549 -
2495 4508 2735 4573 Exinde,
2771 4515 2874 4562 etc.
2910 4508 3054 4561 Ecce
3093 4519 3257 4560 causa
3283 4500 3573 4573 prohibita

285 4606 482 4662 collari
507 4604 769 4659 surrexit
797 4620 831 4658 α
860 4602 1101 4659 mortuis
1123 4620 1141 4656 :
1162 4604 1218 4656 et
1240 4600 1358 4656 ideo
1382 4602 1619 4655 virtutes
1640 4616 1876 4672 cperan—

287 4698 381 4749 tur
410 4694 471 4748 in
499 4709 560 4749 eo
590 4691 785 4761 (Marc.
819 4692 918 4762 γι).
966 4691 1096 4746 Ideo
1135 4688 1248 4745 vult
1286 4687 1485 4760 exponi
1524 4704 1745 4744 errores
1786 4703 1879 4743 eo-

287 4798 427 4847 rum,
473 4788 529 4836 ut
565 4779 648 4836 eis
686 4779 923 4852 repulsis
962 4777 1215 4849 discipuli
1253 4778 1536 4835 veritatem
1573 4776 1877 4848 proferant,

288 4886 396 4924 non
426 4886 490 4925 ex
517 4869 671 4942 vulgi
700 4868 974 4940 opinione,
1015 4866 1114 4923 sed
1143 4883 1210 4921 ex
1240 4865 1458 4921 Domini
1488 4865 1841 4922 revelatione.

1967 4596 2392 4669 praedicationis,
2428 4596 2583 4668 quasi
2620 4596 2767 4651 dicat
2791 4613 2803 4649 :
2827 4596 2977 4651 Tunc
3006 4609 3094 4648 me
3123 4591 3423 4664 praedicata
3453 4607 3579 4650 cum

1969 4688 2075 4741 ista
2105 4701 2302 4756 passus
2336 4685 2509 4749 fuero,
2544 4685 2673 4755 quia
2703 4699 2815 4738 non
2843 4689 2969 4738 ante
2999 4681 3247 4753 prodest.

2044 4776 2217 4831 Vsus.
2251 4778 2339 4830 22.
2375 4802 2445 4815 --
2483 4774 2658 4828 Absit.
2693 4774 2817 4828 Non
2846 4772 2962 4827 vult
2991 4772 3186 4827 Petrus
3215 4769 3424 4827 destrui
3455 4785 3590 4828 con-

1977 4863 2273 4920 fessionem
2330 4877 2486 4918 suam
2546 4880 2559 4916 :
2623 4874 2727 4917 nec
2783 4867 2933 4932 putat
2990 4860 3186 4917 Filium
3266 4857 3366 4915 Dei
3420 4875 3589 4931 posse

355 4959 526 5014 Vens.
561 4961 650 5013 17.
671 4987 741 4998 -
758 4957 1107 5029 Respondens
1130 4956 1325 5014 Simon
1345 4957 1567 5011 Petrus.
1594 4954 1723 5010 Ideo
1743 4969 1887 5009 unus
1985 4953 2182 5009 occidi.

292 5047 649 5120 respondens,
684 5053 737 5101 et
766 5045 860 5101 uni
889 5044 1253 5117 respondetur
1286 5060 1387 5115 pro
1416 5043 1669 5099 omnibus
1690 5051 1745 5098 ut
1769 5042 1890 5099 uni-

2061 5042 2233 5096 Vnns.
2264 5043 2351 5097 23.
2388 5069 2456 5081 —
2495 5039 2651 5096 Vade.
2686 5039 2867 5110 Supra
2900 5057 2912 5094 :
2947 5038 3128 5096 omnia
3148 5037 3243 5093 illa
3262 5036 3512 5111 gloriosa
3539 5038 3596 5097 in

291 5145 372 5192 tas
393 5137 714 5193 inomnibus
734 5135 1077 5191 observetur.
1102 5135 1206 5190 Dei
1224 5135 1355 5191 vivi.
1379 5133 1464 5188 Ad
1484 5132 1893 5188 distinctionem
1992 5129 2233 5185 futurum
2262 5127 2536 5199 promissa
2564 5137 2709 5198 sunt,
2749 5144 2861 5184 non
2888 5128 2945 5183 in
2975 5127 3231 5199 praesenti
3260 5126 3408 5186 data.
3445 5128 3601 5186 Αῖάὶ-

295 5223 556 5281 falsorum
584 5225 839 5291 deorum,
874 5239 1010 5294 quos
1039 5230 1232 5296 gentes
1264 5222 1353 5278 vel
1372 5222 1441 5276 de
1461 5221 1693 5277 mortuis
1726 5218 1896 5276 homi-

246 5298 253 5303 ’
297 5314 476 5381 nibus,
506 5314 593 5371 vel
623 5314 694 5370 de
722 5312 969 5369 sensibili
996 5311 1227 5369 materia
1258 5310 1363 5365 sibi
1400 5310 1765 5366 instituerunt.

364 5405 625 5476 Barjona.
690 5404 837 5460 Bene
883 5400 1024 5456 ﬁlius
1082 5400 1372 5467 columbae,
1426 5399 1554 5472 quia
1602 5397 1900 5455 Dominum
1999 5394 2299 5452 invenisset
2328 5393 2385 5448 in
2414 5410 2500 5450 eo.
2538 5394 2683 5463 Quia
2710 5410 2843 5452 non.
2876 5394 3000 5450 Non
3028 5392 3211 5466 placet
3241 5392 3367 5465 tibi,
3421 5401 3480 5448 ut
3504 5408 3607 5464 per
3694 5446 3703 5453 ,

1994 5217 2166 5287 ﬁcabo
2212 5217 2524 5273 Ecclesium
2569 5234 2773 5283 meam,
2827 5222 2885 5273 et
2934 5217 3034 5272 tibi
3072 5217 3208 5273 dabo
3255 5217 3457 5287 claves,
3492 5225 3599 5275 etc.

1998 5305 2133 5375 Quae
2162 5304 2209 5359 si
2230 5305 2410 5361 statim
2430 5305 2691 5375 dedisset,
2714 5319 2994 5378 nunquam
3014 5312 3209 5377 postea
3226 5302 3410 5362 locum
3446 5320 3607 5363 error

301 5492 388 5562 pia
435 5491 784 5565 simplicitate
832 5489 1185 5563 sequebatur,
1236 5488 1323 5544 vel
1374 5487 1503 5561 quia
1547 5486 1744 5559 plenus
1784 5486 1902 5560 spi-
2001 5490 2236 5540 mortem
2266 5498 2449 5555 meam
2477 5483 2741 5540 mundum
2771 5482 3055 5554 redimam,
3089 5498 3212 5556 quae
3241 5489 3326 5540 est
3359 5479 3611 5536 voluntas

303 5579 483 5639 rituali
546 5580 731 5656 gratia
797 5586 931 5638 erat.
1004 5578 1170 5636 Filius
1236 5575 1472 5651 Spiritus
1530 5570 1708 5636 Sancti
1762 5575 1904 5635 dici-
2004 5572 2231 5632 Patris:
2264 5572 2365 5631 sed
2394 5572 2693 5632 carnaliter
2725 5572 2846 5631 haec
2873 5571 3044 5645 sapis.
