4000 6182
429 325 526 377 143

1006 318 1405 373 WALAFRIDI
1443 317 1683 373 STRABI
1724 316 1924 372 FULD.
1958 315 2128 372 MON.
2172 315 2324 371 OPP.
2369 316 2542 372 PARS
2580 316 2621 370 Ι.
2664 346 2732 357 -—-
2769 315 3240 373 THEOLOGICA.

3626 318 3726 373 144

507 447 675 500 Vens.
710 446 797 501 2t.
832 476 900 484 —
920 448 980 500 Si
1009 447 1132 516 quis
1152 446 1292 499 vult.
1318 443 1595 498 Przedicta
1618 441 1878 511 apostolis
1908 457 2034 510 pas-
2055 444 2111 502 A
2139 443 2405 495 mandans
2459 451 2666 496 vestem
2723 458 2872 495 suam
2938 442 3004 495 ab
3078 443 3223 497 omni
3298 441 3728 513 inquinamento.

436 535 589 588 sione
620 542 672 589 et
703 533 1126 600 resurrectione,
1176 534 1419 586 hortatur
1448 532 1517 585 ad
1550 532 1886 601 sequendum
1919 538 2029 584 tam

434 639 531 677 eos
561 638 725 693 quam
756 623 963 675 turbas.
1016 622 1263 692 Abneget
1300 622 1680 692 semetipsum.
1724 619 1881 687 Quod
1931 636 2030 688 per

435 718 757 765 vetustatem
786 718 888 779 est,
922 717 978 763 ut
1008 709 1185 779 capiat
1217 710 1361 780 quod
1392 709 1535 763 ultra
1565 726 1623 762 se
1654 715 1755 761 est.
1790 707 2029 761 Remotis

434 799 597 867 vitiis,
647 799 818 854 virtus
862 806 1123 869 sequatur
1157 815 1170 851 ε
1205 798 1353 852 tollat
1381 813 1602 852 crucem
1633 812 1808 861 suam,
1861 804 1914 849 et
1945 811 2030 849 se-

435 897 633 959 quatur
660 904 768 943 me.
802 887 959 955 Quod
991 894 1107 941 erat
1136 903 1236 957 per
1264 894 1605 955 vetustatem,
1657 885 2030 955 abnegaverat

430 976 524 1031 ille
572 976 665 1048 qui
706 976 967 1032 dicebat:
1008 977 1130 1031 Vivo
1173 979 1365 1029 autem
1413 991 1528 1046 ego,
1566 978 1693 1046 jam
1738 990 1852 1029 non
1911 988 2027 1043 ego.

433 1063 593 1133 Quod
621 1082 753 1121 vero
783 1065 922 1119 ultra
953 1080 1010 1118 se
1042 1071 1179 1132 erat,
1222 1072 1464 1134 coeperat
1498 1082 1510 1117 :
1546 1065 1686 1119 vivit
1714 1078 1837 1118 vero
1860 1063 2031 1115 inme

437 1154 693 1210 Christus
713 1154 857 1223 (Gal.
882 1153 963 1219 ιι).
994 1154 1174 1207 Tollat
1194 1170 1439 1207 crucem.
1465 1151 1684 1206 Scilicet
1717 1168 1729 1204 :
1765 1152 1907 1205 Crux
1930 1149 2031 1203 tol-

431 1240 559 1296 litur
586 1241 673 1296 vel
702 1257 827 1296 cum
856 1258 955 1311 per
984 1241 1366 1294 abstinentiam
1397 1256 1619 1310 corpus,
1657 1239 1743 1293 vel
1776 1254 1899 1293 cum
1932 1254 2032 1307 per

430 1330 869 1399 compassionem
917 1329 1150 1399 proximi
1198 1329 1410 1382 animus
1469 1327 1743 1399 allligitur.
1799 1327 2031 1381 Crucem

432 1418 774 1473 abstinentia:
804 1418 991 1472 habuit
1014 1417 1231 1485 Paulus,
1264 1418 1393 1471 dum
1414 1417 1629 1471 dicebat
1651 1417 1725 1485 (II
1746 1418 1868 1471 Cor.
1896 1416 1979 1485 xi)
2015 1432 2028 1468 :

439 1507 661 1579 Castigo
692 1524 891 1579 corpus
909 1523 1101 1562 meum
1123 1511 1181 1561 et
1199 1508 1260 1560 in
1282 1508 1614 1561 servitutem
1639 1504 1847 1575 redigo.
1873 1504 2032 1557 Com-

430 1596 706 1665 passionis
736 1612 951 1668 quoque
984 1612 1107 1652 cum
1135 1595 1207 1649 ait
1241 1612 1254 1649 :
1292 1596 1424 1661 Quis
1457 1595 1818 1663 inﬁrmatur,
1852 1596 1909 1647 et
1936 1608 2032 1663 ego

432 1691 551 1747 non
579 1685 887 1754 inﬁrmor?

506 1772 678 1827 Vens.
710 1777 799 1829 26.
854 1803 922 1812 —
962 1773 1103 1840 Quid
1142 1774 1295 1827 enim
1324 1771 1568 1843 prodest.
1597 1769 1844 1825 Ecclesia
1871 1770 2033 1823 habet

430 1866 644 1930 tempus
681 1861 1070 1932 persecutionis
1107 1878 1119 1914 :
1152 1861 1312 1914 habet
1353 1868 1406 1914 et
1443 1868 1652 1929 tempus
1689 1858 1858 1929 pacis.
1906 1860 2033 1913 Haec

433 1955 674 2018 tempora
722 1949 969 2020 designat
1011 1950 1064 2002 in
1112 1948 1415 2019 praeceptis.
1459 1949 1596 2002 Nam
1638 1956 1875 2017 tempore
1903 1963 2031 2017 per-

437 2036 729 2092 secutionis
784 2038 1033 2108 ponenda
1092 2045 1173 2091 est
1224 2037 1419 2103 anima,
1480 2045 1533 2091 et
1589 2044 1828 2107 tempore
1883 2035 2032 2107 pacis

436 2124 732 2196 frangenda
763 2135 885 2181 sunt
915 2134 1124 2181 terrena
1154 2125 1441 2179 desideria.

444 2254 449 2259 ι
510 2215 624 2270 Aut
653 2231 839 2286 quam,
872 2223 976 2269 etc.
1008 2215 1123 2269 Nec
1150 2213 1315 2279 lucra,
1350 2230 1450 2267 nec
1477 2212 1653 2281 timor,
1703 2228 1803 2267 nec
1834 2210 2032 2283 aliquid

436 2304 579 2359 aliud
608 2304 837 2358 retrahat
866 2319 898 2356 a
928 2302 1096 2357 salute
1128 2320 1142 2356 :
1175 2302 1296 2373 quia
1329 2319 1494 2373 quam
1530 2302 2032 2357 commutationem

440 2392 598 2448 dabit
626 2391 805 2455 homo,
838 2400 941 2446 etc.
977 2392 1219 2446 Calicem
1242 2392 1514 2445 salutaris
1536 2391 1832 2461 accipiam,
1859 2393 1913 2444 et
1937 2406 2034 2445 n0—

433 2497 566 2537 men
604 2481 831 2535 Domini
875 2481 1135 2536 invocabo
1178 2480 1349 2545 (Psal.
1385 2484 1537 2549 cxv).
1570 2478 1669 2533 Vel
1698 2477 1832 2531 nihil
1860 2486 2032 2533 terre-

436 2585 564 2624 num
595 2584 694 2639 pro
723 2568 899 2621 anima
928 2568 1134 2638 perdita
1163 2567 1357 2637 poterit
1382 2568 1543 2621 homo
1571 2567 1716 2620 dare.

509 2657 681 2712 Vens.
722 2659 812 2713 27.
855 2685 924 2695 -—
968 2657 1148 2710 Filius
1187 2658 1361 2711 enim.
1406 2656 1520 2710 Nec
1560 2655 1749 2708 durum
1793 2653 2035 2708 videatur

437 2747 541 2801 hoc
568 2744 676 2815 pati
709 2762 723 2798 :
760 2745 901 2811 Quia
928 2760 1043 2798 non
1076 2747 1213 2798 sunt
1240 2743 1534 2813 condigna:
1549 2744 1839 2814 passiones
1865 2742 2033 2812 hujus

444 2834 708 2904 temporis
738 2832 811 2886 ad
840 2836 1101 2902 futuram
1127 2832 1403 2901 gloriam,
1451 2847 1572 2901 quo:
1601 2830 1943 2886 revelabitur
1970 2830 2033 2884 in

436 2921 595 2978 nobis
625 2924 803 2991 (Rom.
840 2922 984 2990 vin).

506 3011 676 3064 Vnus.
709 3013 797 3066 28.
834 3038 903 3048 —
935 3009 1079 3064 Sunt
1108 3008 1356 3079 quidam.
1392 3007 1527 3076 Quia
1547 3007 1707 3062 rudes
1727 3015 1877 3062 erant
1904 3022 2034 3077 apo-

436 3098 579 3163 stoli,
634 3097 877 3152 etiamin
909 3096 1166 3166 praesenti
1214 3096 1320 3150 vita
1367 3096 1691 3166 promittitur
1737 3096 1817 3150 eis
1859 3096 2034 3166 aliqua

434 3185 751 3250 consolatio,
802 3192 859 3239 ut
905 3184 1100 3239 certius
1129 3185 1350 3239 credant
1389 3185 1456 3239 de
1496 3185 1688 3239 futuro.
1733 3186 1797 3239 In
1833 3201 2022 3255 regno.

434 3275 494 3329 In
525 3290 693 3344 regno
720 3273 1065 3328 beatitudinis
1095 3282 1327 3342 (eternze,
1378 3273 1465 3328 vel
1494 3273 1830 3328 ostendendo
1875 3288 2026 3327 suam

433 3370 754 3433 potestatem
780 3362 833 3416 in
865 3362 1117 3433 praesenti
1152 3362 1412 3416 Ecclesia.

1008 3497 1231 3553 CAPUT
1257 3498 1430 3551 XVII.

503 3622 672 3679 Vens.
709 3623 760 3677 1.
791 3650 860 3663 --
889 3623 959 3676 Et
982 3626 1111 3693 post
1136 3622 1274 3689 dies,
1307 3628 1407 3675 etc.
1460 3621 1608 3676 Idem
1640 3621 1847 3678 Marcus
1875 3622 2021 3692 dicit,

431 3712 529 3768 sed
569 3712 739 3767 Lucas
777 3718 917 3766 octo.
970 3710 1038 3763 Ili
1080 3726 1211 3781 ergo
1253 3718 1459 3781 ponunt
1487 3711 1715 3780 medios,
1740 3712 1909 3767 Lucas
1939 3712 2027 3765 ad-

429 3801 526 3867 dit,
578 3809 704 3870 etc.,
762 3816 933 3871 usque
976 3799 1047 3853 ad
1089 3808 1141 3852 et
1184 3798 1236 3852 in
1286 3798 1461 3854 futuro
1494 3800 1640 3854 omni
1671 3801 1831 3855 modo
1863 3817 2025 3871 sepa-

427 3890 698 3954 rabantur,
750 3905 872 3942 cum
918 3887 1211 3941 abscondet
1256 3904 1351 3941 eos
1398 3888 1452 3940 in
1510 3889 1825 3944 abscondito
1868 3889 2025 3943 faciei

428 3994 540 4031 sua:
571 3994 601 4030 a
632 3975 1037 4031 conturbatione
1066 3974 1363 4029 hominum.

502 4068 755 4120 Petrum.
814 4062 1046 4115 Nomina
1106 4063 1324 4116 istorum
1380 4064 1723 4118 conveniunt.
1787 4063 2025 4136 Quisque

430 4152 591 4207 debet
636 4158 782 4206 esset
827 4150 1033 4213 Petrus,
1087 4149 1139 4201 id
1180 4158 1281 4218 est,
1314 4150 1496 4203 ﬁrmus
1532 4152 1583 4204 in
1625 4152 1747 4206 fide.
1786 4154 1916 4207 Inde
1945 4155 2026 4207 Ja-

429 4242 615 4305 cobus,
661 4239 713 4293 id
758 4247 859 4305 est,
911 4238 1275 4308 supplantator
1304 4237 1568 4293 vitiorum.
1604 4241 1735 4294 Inde
1763 4242 2019 4308 Joannes,

431 4330 488 4385 id
515 4337 616 4395 est,
651 4328 828 4383 omnia
857 4327 1041 4399 gratimf
1072 4326 1268 4380 divinae
1294 4326 1571 4380 ascribens
1617 4337 1801 4383 contra
1831 4346 2024 4400 super-

430 4418 573 4472 biam
603 4417 744 4487 vita),
779 4433 897 4487 qua)
930 4415 1065 4469 solet
1093 4413 1218 4469 oriri
1249 4432 1311 4468 ex
1343 4413 1640 4469 virtutibus.

501 4507 672 4560 Vens.
688 4510 740 4563 2.
756 4536 825 4545 —
843 4506 1297 4575 Trans/iguratus
1311 4507 1411 4557 est.
1430 4503 1674 4573 Speciem
1693 4523 1850 4577 quam
1868 4507 2025 4562 habe—
2043 4505 2102 4570 D

430 4594 521 4648 bat
549 4610 647 4664 per
666 4601 925 4657 naturam,
947 4591 1179 4648 ostendit
1212 4607 1319 4646 non
1351 4591 1601 4647 amittens
1630 4610 1845 4648 carnem
1867 4612 2024 4667 quam

429 4690 792 4751 assumpserat
860 4682 1149 4736 voluntate.
1212 4681 1344 4734 Illud
1398 4687 1577 4735 autem
1632 4698 1827 4754 corpus
1880 4686 2024 4755 quod

429 4769 611 4826 habuit
639 4786 735 4839 per
777 4776 1037 4835 naturam,
1086 4768 1231 4822 dedit
1273 4768 1550 4840 discipulis
1597 4771 1708 4825 suis
1752 4772 1808 4825 in
1846 4789 2019 4840 coena,

431 4875 538 4915 non
570 4858 817 4924 mortale,
866 4872 973 4911 non
1017 4856 1378 4927 corruptibile.
1421 4860 1783 4931 Rcsplenduit
1822 4865 2017 4932 facies.

430 4949 490 5002 In
523 4946 825 5016 exemplum
858 4944 1045 4999 futurae
1075 4945 1418 5000 beatitudinis
1446 4957 1498 5001 et
1526 4948 1805 5017 claritatis,
1864 4968 2023 5022 quam

430 5035 685 5092 videbunt
710 5033 857 5104 justi,
889 5033 1037 5104 prius
1065 5033 1288 5087 sublatis
1317 5034 1514 5105 impiis.
1555 5040 1893 5095 Vestimenta
1914 5059 2021 5096 au-

431 5129 564 5194 tem,
599 5131 700 5179 etc.
727 5123 881 5177 Facta
900 5130 1019 5175 sunt
1039 5122 1157 5175 alba
1187 5123 1330 5193 quod
1346 5140 1453 5177 non
1475 5133 1614 5191 ante,
1635 5126 1758 5197 quia
1783 5129 2021 5184 nondum

427 5212 668 5285 apparuit
707 5211 849 5283 quod
884 5210 1102 5276 erimus,
1147 5210 1243 5264 sed
1288 5227 1408 5265 cum
1451 5215 1775 5283 apparuerit,
1817 5217 2021 5272 similes

425 5302 475 5358 ei
508 5300 725 5356 erimus.
760 5300 966 5354 Marcus
994 5298 1086 5364 ait,
1138 5298 1311 5370 qualia
1341 5299 1469 5354 fullo
1501 5318 1661 5371 super
1692 5312 1883 5359 terram
1912 5322 2018 5361 non

422 5396 603 5462 potest
646 5388 841 5443 facere.
886 5387 944 5441 Id
985 5395 1084 5453 est,
1131 5388 1277 5441 Deus
1322 5386 1375 5441 in
1414 5389 1512 5442 hac
1553 5390 1659 5446 vita
1697 5400 1801 5446 tam
1848 5394 2018 5450 claras

421 5478 608 5551 nequit
670 5477 866 5547 facere,
942 5476 1066 5547 quia
1129 5475 1307 5530 nullus
1374 5476 1491 5531 sine
1555 5489 1793 5549 peccato.
1826 5483 2018 5539 Nullus

419 5568 705 5633 mundator
752 5566 833 5622 sui
880 5565 934 5621 in
983 5572 1119 5632 terra
1163 5564 1339 5633 faciet,
1397 5567 1540 5637 quod
1584 5569 1732 5627 Deus
1773 5571 1830 5629 in
1878 5572 2016 5630 coelo

2132 531 2283 585 Fullo
2336 539 2417 585 est
2454 531 2642 586 doctor
2689 530 3005 598 animarum,
3038 531 3125 585 vel
3151 531 3437 586 mundator
3482 530 3566 585 sui
3616 546 3734 586 cor-

2130 619 2296 689 poris.

2200 708 2372 761 Vens.
2406 711 2457 761 3.
2492 736 2561 746 --
2582 708 2655 763 Et
2674 724 2818 763 ecce.
2853 706 3051 775 Quales
3082 708 3167 762 vel
3198 708 3326 778 quid
3356 707 3539 777 locuti,
3563 708 3735 762 Lucas

2129 795 2256 851 dicit
2291 814 2303 849 :
2350 797 2463 851 Visi
2495 798 2558 851 in
2590 799 2907 868 majestate,
2934 800 2989 851 et
3020 797 3279 851 dicebant
3300 813 3598 853 excessum
3614 798 3736 868 ejus

2132 900 2293 956 quem
2315 886 2695 955 completurus
2708 888 2833 939 erat
2851 886 2912 939 in
2929 886 3242 939 Jerusalem
3256 885 3410 957 (Luc.
3434 886 3540 956 1x),
3556 884 3611 938 id
3630 892 3732 950 est,

2129 973 2438 1043 passionem
2456 981 2504 1028 et
2523 972 2988 1028 resurrectionem.
3015 972 3333 1044 Signiﬁcant
3351 974 3586 1039 oracula,
3604 980 3733 1043 etc.,

2132 1078 2305 1133 usque
2332 1062 2405 1117 ad
2434 1062 2577 1133 quod
2604 1062 2649 1115 si
2680 1063 2888 1128 Petrus,
2934 1062 3125 1116 videns
3153 1061 3505 1132 gloriticatam
3536 1062 3736 1115 buma-

2132 1150 2369 1216 nitatem,
2401 1158 2545 1205 tanto
2577 1148 2802 1204 atiicitur
2844 1150 3059 1221 gaudio,
3106 1158 3160 1204 ut
3192 1167 3465 1223 nunquam
3503 1151 3635 1206 velit
3669 1150 3737 1205 ab

2133 1240 2247 1307 ejus
2288 1238 2477 1293 intuitu
2520 1239 2749 1307 secerni,
2797 1239 2925 1310 quid
2954 1240 3246 1309 putandum
3286 1248 3367 1295 est
3406 1240 3473 1295 de
3513 1239 3598 1293 his
3644 1238 3738 1311 qui

2132 1326 2474 1381 Divinitatem
2505 1327 2689 1383 videre
2720 1336 3048 1382 meruerunt.

2203 1416 2373 1469 Vens.
2408 1418 2459 1468 ὕ.
2493 1447 2562 1454 -
2591 1417 2783 1471 Adhuc
2815 1433 2876 1472 eo
2909 1418 3185 1488 loquente.
3232 1416 3295 1471 Ut
3326 1415 3497 1471 discat
3526 1415 3619 1488 qui
3650 1426 3737 1472 ta-

2133 1504 2479 1558 bernaculum
2522 1504 2765 1575 quaesivit
2786 1548 2798 1569 ,
2847 1505 2902 1558 in
2933 1504 3327 1560 resurrectione
3356 1521 3465 1560 non
3494 1506 3738 1576 tegmine

2134 1592 2444 1659 domorum,
2494 1594 2590 1647 sed
2635 1593 2864 1663 Spiritus
2915 1594 3114 1648 sanctis
3159 1593 3328 1665 gratia
3365 1595 3738 1665 protegendos

2135 1698 2275 1736 esse.
2298 1684 2435 1737 Ecce
2456 1682 2629 1736 nubes
2653 1683 2862 1752 lucida,
2896 1690 2997 1737 etc.
3022 1683 3169 1737 Sicut
3189 1682 3451 1753 baptizato
3474 1682 3734 1754 Domino,

2060 1799 2114 1859 B
2136 1770 2213 1825 sic
2242 1779 2291 1825 et
2322 1768 2609 1825 clarificato
2647 1770 2959 1842 mysterium
3010 1780 3208 1826 sancta
3249 1771 3520 1825 Trinitatis
3550 1780 3739 1827 osten-

2135 1858 2275 1912 ditur
2306 1876 2320 1913 :
2351 1858 2474 1930 quia
2516 1858 2742 1929 gloriam
2791 1860 2905 1928 ejus
2952 1876 3109 1930 quam
3158 1860 3212 1913 in
3260 1860 3526 1930 baptismo
3568 1859 3741 1915 conﬁ-

2135 1954 2307 2002 temur
2360 1947 2649 2013 credendo,
2709 1948 2763 2001 in
2823 1948 3213 2003 resurrectione
3270 1947 3607 2003 laudabimus
3655 1949 3740 2004 vi-

2134 2036 2334 2090 dendo.
2382 2036 2609 2105 Spiritus
2640 2044 2857 2091 sanctus
2887 2036 2962 2090 ibi
2992 2037 3045 2089 in
3075 2037 3339 2107 columba,
3388 2037 3474 2093 hic
3503 2037 3560 2091 in
3589 2037 3738 2094 nube

2133 2123 2326 2178 lucida.
2363 2124 2499 2191 Quia
2528 2125 2617 2195 qui
2653 2125 2816 2179 modo
2858 2124 3087 2195 simplici
3131 2126 3293 2180 corde
3332 2124 3495 2179 ﬁdem
3532 2134 3735 2197 servat,

2135 2221 2257 2267 tunc
2284 2222 2464 2283 aperta
2503 2213 2715 2268 visione
2754 2214 2898 2285 quod
2937 2214 3224 2268 crediderit
3261 2213 3732 2285 contemplabitur,

2134 2309 2182 2355 et
2232 2318 2293 2355 ea
2338 2301 2508 2371 gratia
2556 2319 2659 2373 qua
2704 2302 3068 2367 illustrabitur,
3111 2310 3441 2374 protegetur.
3490 2305 3561 2358 Et
3607 2319 3735 2360 ecce

2134 2407 2259 2455 vox,
2294 2397 2396 2443 etc.
2431 2390 2566 2457 Quia
2592 2390 2959 2461 imprudenter
2987 2391 3259 2462 quaesivit,
3320 2390 3737 2461 responsionem

2133 2477 2349 2532 Domini
2379 2494 2487 2532 non
2515 2479 2708 2532 meruit
2740 2496 2753 2533 :
2786 2479 2882 2533 sed
2915 2495 3017 2534 vox
3044 2479 3215 2533 Patris
3236 2479 3304 2533 de
3325 2479 3458 2534 Filio
3490 2488 3733 2549 testatur,

2134 2565 2399 2636 docetque
2450 2566 2683 2636 Petrum,
2733 2576 2786 2621 et
2831 2567 2886 2621 in
2932 2584 2997 2622 eo
3029 2576 3255 2623 caeteros
3284 2568 3581 2623 veritatem.
3634 2570 3738 2624 Hic

2135 2659 2221 2709 est
2252 2656 2445 2709 Filius.
2494 2655 2709 2726 Moyses
2740 2663 2791 2709 et
2818 2656 2964 2710 Elias
3004 2664 3127 2711 sunt
3156 2656 3315 2721 servi,
3367 2664 3420 2711 et
3447 2656 3734 2711 nobiscum

2134 2743 2333 2796 debent
2362 2742 2417 2795 in
2448 2744 2699 2797 cordibus
2722 2744 2953 2799 Domino
2979 2761 3284 2816 praeparare
3307 2744 3730 2800 tabernaculum.

2135 2832 2320 2902 Ipsum
2350 2832 2562 2887 audite.
2614 2833 2728 2887 Hoc
2753 2832 2865 2900 jam
2895 2834 3047 2888 Pater
3078 2832 3348 2904 prazcipit,
3400 2833 3545 2905 quod
3575 2834 3733 2905 Moy-

2133 2936 2223 2974 ses
2277 2918 2630 2974 incarnationi
2675 2920 3036 2976 testimonium
3086 2921 3221 2976 dans
3268 2922 3515 2993 praedixit
3548 2940 3562 2976 :
3597 2925 3736 2979 Pro-

2127 3008 2361 3079 phetam
2390 3010 2691 3064 suscitabit
2716 3009 2902 3081 (Deut.
2936 3011 3122 3080 xvm),
3157 3018 3260 3066 etc.
3293 3010 3459 3079 Quasi
3486 3010 3728 3067 diceret:

2133 3098 2240 3151 Iste
2274 3105 2355 3152 est
2384 3115 2544 3169 quem
2573 3100 2787 3168 Moyses
2821 3098 3084 3168 promisit.

2202 3186 2372 3240 Vens.
2407 3190 2459 3240 6.
2493 3217 2563 3226 —
2594 3189 2661 3241 Et
2683 3188 2979 3242 audientes
3010 3188 3279 3259 discipuli
3304 3188 3641 3244 ceciderunt
3668 3191 3732 3245 in

2127 3276 2354 3345 faciem.
2411 3274 2667 3329 Alliorem
2699 3275 2842 3330 enim
2873 3292 3035 3331 sensu
3065 3293 3226 3331 unam
3253 3276 3532 3349 utriusque
3562 3278 3731 3333 intel-

2126 3363 2370 3417 lexerunt
2418 3364 2703 3418 Deitatem.
2738 3365 3076 3432 Timuerunt,
3128 3366 3213 3420 vel
3260 3366 3383 3437 quia
3429 3383 3490 3421 se
3518 3383 3733 3422 errasse

2128 3459 2519 3522 cognoverunt,
2571 3453 2657 3507 vel
2687 3453 2809 3524 quia
2854 3454 3027 3509 nubes
3070 3453 3279 3525 operuit
3321 3470 3436 3523 eos,
3489 3454 3578 3511 vel
3606 3455 3735 3527 quia

2128 3556 2321 3595 vocem
2352 3541 2523 3595 Patris
2548 3542 2845 3596 audierunt.

2201 3630 2376 3684 Vens.
2412 3632 2465 3683 '7.
2499 3662 2568 3670 —
2609 3633 2853 3703 Surgite,
2907 3641 3008 3687 etc.
3073 3632 3233 3688 Pulso
3282 3640 3450 3701 metu,
3484 3631 3734 3689 doctrina

2127 3717 2303 3787 datur,
2338 3733 2445 3789 quo
2475 3727 2725 3775 manente
2752 3735 2861 3775 non
2891 3721 3180 3775 audiretur.

2197 3808 2368 3861 Vens.
2404 3812 2455 3861 8.
2503 3839 2572 3848 —
2615 3811 2882 3865 Levantes
2912 3814 3104 3865 autem
3136 3811 3343 3877 oculos,
3394 3818 3497 3866 etc.
3540 3810 3732 3865 Ablata

2126 3895 2270 3948 nube
2302 3896 2485 3950 vident
2513 3898 2719 3967 Iesum,
2769 3907 2821 3952 et
2848 3900 3073 3969 Moysen
3104 3908 3156 3954 et
3183 3899 3359 3953 Eliam
3390 3898 3682 3955 evanuisse
3716 3916 3730 3954 :

2128 3983 2248 4053 quia
2279 3991 2567 4055 postquam
2594 3986 2734 4056 legis
2781 3995 2834 4040 et
2878 3989 3261 4057 prOphetarum
3292 3988 3481 4042 umbra
3510 3987 3730 4043 disces-

2132 4071 2220 4141 sit,
2274 4089 2395 4142 qua)
2440 4074 2744 4129 velamento
2788 4090 2886 4129 suo
2934 4077 3208 4145 apostolos
3252 4084 3476 4146 texerat,
3534 4092 3730 4131 verum

2127 4159 2307 4215 lumen
2340 4161 2393 4214 in
2426 4162 2723 4233 Evangelio
2744 4164 3028 4234 reperitur.
3056 4166 3178 4221 Nisi
3207 4167 3389 4221 solum
3421 4167 3635 4221 Iesum.
3671 4165 3728 4221 Si

2127 4248 2272 4303 enim
2302 4250 2517 4320 Meyses
2548 4260 2600 4306 et
2630 4251 2777 4305 Elias
2807 4269 2931 4307 cum
2958 4256 3088 4308 Jesu
3117 4262 3578 4324 perseverassent,
3623 4269 3727 4309 vox

2128 4338 2296 4390 Patris
2339 4338 2610 4395 videretur
2652 4339 2877 4413 incerta,
2926 4342 3013 4398 cui
3058 4342 3236 4413 potius
3283 4342 3522 4399 dedisset
3571 4343 3727 4399 testi-

2126 4441 2388 4481 montum.

2204 4515 2373 4571 Vens.
2408 4520 2459 4570 9.
2492 4546 2562 4557 —
2590 4519 2819 4573 Nemini
2847 4520 3116 4576 dixeritis
3144 4520 3279 4587 nisi,
3315 4528 3418 4576 etc.
3440 4520 3523 4576 Ne
3554 4520 3727 4594 gloria

2122 4602 2285 4658 futuri
2329 4604 2484 4675 regni
2532 4614 2862 4676 prmostensa
2908 4607 3244 4664 incredibilis
3275 4616 3447 4675 esset,
3500 4616 3556 4665 et
3581 4610 3728 4681 apud

2123 4693 2286 4748 rudes
2317 4710 2553 4765 sequens
2584 4710 2719 4751 crux
2749 4697 3061 4751 scandalum
3092 4697 3311 4754 faceret.

2194 4783 2365 4837 Vens.
2400 4786 2485 4837 10.
2519 4814 2587 4824 -
2621 4785 2773 4851 Quod
2804 4787 2991 4841 Etiam
3023 4792 3295 4859 oporteat,
3327 4793 3431 4843 etc.
3482 4784 3724 4844 Traditio

2123 4870 2515 4925 Pharisaeorum
2545 4881 2628 4928 est
2654 4874 2803 4942 juxta
2830 4876 3145 4930 Malachiam
3174 4877 3520 4947 prophetam.
3580 4876 3726 4949 quod

2121 4958 2267 5012 Elias
2314 4961 2495 5015 veniet
2541 4971 2665 5017 ante
2710 4964 3001 5020 adventum
3052 4964 3362 5031 Salvatoris,
3407 4973 3457 5019 et
3496 4965 3729 5022 reducet

2122 5048 2287 5102 corda
2314 5056 2527 5118 patrum
2575 5052 2639 5105 ad
2688 5051 2828 5107 filios
2858 5062 2910 5108 et
2939 5053 3169 5109 ﬁliorum
3194 5054 3262 5108 ad
3289 5062 3493 5124 patres,
3546 5062 3601 5110 et
3631 5071 3728 5110 re—

2123 5136 2299 5191 stituet
2337 5138 2517 5192 omnia
2564 5140 2617 5194 in
2664 5142 2943 5213 antiquum
2990 5151 3203 5197 statum.
3256 5142 3543 5197 AZstimant
3591 5160 3728 5216 ergo

2119 5226 2347 5295 apostoli
2378 5228 2900 5285 transformationem
2936 5231 3122 5301 gloriae
3154 5231 3393 5285 ultimam
3425 5233 3568 5287 hanc
3600 5247 3731 5289 esse

2120 5331 2279 5385 quam
2326 5315 2570 5371 viderant
2609 5326 2661 5372 et
2703 5318 2904 5373 dicunt.
2958 5319 3014 5374 Si
3038 5320 3148 5389 jam
3187 5320 3385 5375 venisti
3425 5320 3479 5374 in
3522 5320 3727 5393 gloria,

2119 5404 2389 5473 quomodo
2419 5421 2721 5476 praecursor
2750 5415 2872 5463 tuus
2902 5424 3014 5463 non
3041 5416 3293 5480 apparet,
3328 5408 3567 5465 maxime
3594 5410 3730 5482 quia

2119 5498 2170 5549 et
2197 5491 2372 5548 Eliam
2399 5494 2642 5560 viderant
2672 5496 3009 5554 recessisset.

2187 5582 2357 5642 Vens.
2393 5587 2479 5642 13.
2512 5614 2581 5631 -
2620 5588 2769 5647 Tunc
2798 5588 3237 5657 intellexerunt,
3275 5593 3381 5648 etc.
3402 5585 3488 5647 Ex
3516 5585 3727 5648 indicio
