4000 6182
279 285 378 341 145

1171 289 1443 348 GLOSSA
1481 291 1894 352 ORDINARIA.
1932 324 2002 339 --
2026 296 2291 356 EVANG.
2326 300 2589 359 ΜΑΤΤΗ.

3473 306 3574 363 146

281 407 554 478 passionis
584 424 701 466 sua}
746 425 912 483 quam
959 428 1104 484 saepe
1151 413 1381 485 dixerat,
1430 424 1483 471 et
1512 422 1869 488 praecursoris
1897 422 1955 482 A
1974 438 2076 492 qua
2104 422 2158 477 in
2190 424 2371 479 tributi
2390 425 2689 482 redditione
2719 427 2950 486 Domino
2978 430 3158 487 fuerat
3188 433 3565 506 comparatus;

286 498 365 553 sui
396 513 565 569 quam
589 500 919 570 completam
951 502 1226 558 videbant.

348 587 525 642 Vens.
563 590 649 643 14.
674 591 838 644 -Ει
886 607 1014 647 cum
1062 594 1322 649 venisset.
1348 595 1493 650 Loca
1524 595 1689 651 rebus
1754 614 1886 654 con-

280 683 505 747 gruunt,
566 683 697 741 etc.,
734 694 909 751 usque
956 680 1028 735 ad
1060 679 1306 736 inﬁrmos
1370 683 1657 753 confortat,
1701 687 1879 755 docet,

281 764 535 835 castigat.
559 764 701 832 Quia
724 767 1015 824 lunaticus
1053 774 1154 824 est.
1186 771 1339 825 Hunc
1387 773 1602 827 Marcus
1657 776 1885 832 surdum

280 860 331 905 et
359 860 574 906 mutum
604 854 756 921 dicit,
782 863 909 923 etc.,
960 874 1132 929 usque
1163 859 1233 913 ad
1262 875 1363 930 per
1393 868 1704 918 creaturam
1736 864 1882 920 infa-

281 950 387 996 met
409 950 721 998 creatorem
731 986 742 997 .

350 1031 738 1088 Vsus.15.—
772 1035 844 1088 Et
900 1034 1095 1103 obtuli,
1165 1044 1268 1092 etc.
1324 1038 1582 1093 Latenter
1654 1051 1879 1098 accusat

275 1117 596 1188 discipulos,
612 1135 739 1175 cum
756 1137 903 1192 saepe
934 1122 1343 1193 impossibilitas
1367 1128 1594 1181 curandi
1618 1145 1728 1183 non
1753 1131 1881 1188 vitio

274 1208 605 1277 curantium,
634 1210 731 1264 sed
762 1226 949 1265 eorum
981 1213 1073 1283 qui
1103 1215 1333 1268 curandi
1383 1224 1524 1281 sunt,
1570 1219 1877 1287 proveniat.

345 1297 1124 1371 Vr:ns.16.—Resp0ndens.
1176 1303 1300 1357 Non
1350 1304 1510 1359 tmdio
1568 1315 1875 1378 superatus,

275 1384 363 1455 qui
390 1384 546 1439 mitis
576 1395 660 1454 est
689 1387 745 1442 in
797 1389 967 1443 verba
1015 1390 1267 1461 erumpit,
1304 1393 1400 1448 sed
1450 1393 1586 1450 sicut
1632 1397 1878 1452 medicus

275 1482 487 1546 aegroto
521 1483 718 1530 contra
747 1492 849 1531 sua
876 1487 1153 1548 praecepta
1183 1480 1387 1552 agenti.

340 1562 517 1617 Vsus.
547 1567 633 1618 17.
657 1594 727 1604 -
748 1567 818 1619 Et
841 1567 1172 1639 increpavit.
1200 1568 1341 1637 Quia
1360 1570 1530 1624 iratus
1557 1580 1759 1627 estnon
1780 1574 1878 1629 ho-

276 1650 423 1717 mini,
447 1651 551 1707 sed
575 1651 707 1707 vitio
733 1671 745 1707 :
776 1662 831 1709 et
859 1672 958 1725 per
1004 1672 1168 1710 unum
1216 1658 1491 1714 hominem
1518 1661 1737 1716 Judmos
1785 1679 1877 1717 ar-

1987 512 2226 567 arbitrati
2257 522 2379 569 sunt
2406 516 2623 570 Petrum
2664 518 2917 573 omnibus
2963 521 3222 592 apostolis
3261 523 3567 594 przelatum.

1984 601 2051 655 In
2090 619 2255 672 regno
2292 606 2576 660 ca’lorum.
2621 606 2719 660 Vel
2765 624 2997 679 regnum
3040 611 3160 679 Dei,
3201 612 3446 667 doctrina
3495 618 3579 667 est

1983 690 2283 761 Evangelii,
2328 692 2412 747 cui
2462 693 2686 749 obedire
2727 696 3042 767 simpliciter
3078 707 3134 755 et
3177 700 3296 756 sine
3336 700 3443 755 ulla
3480 716 3573 756 re-

1982 780 2299 836 tractatione
2346 782 2790 851 debemus,'sicut
2818 804 2953 858 puer
2978 804 3087 845 non
3118 789 3441 847 contradicit
3469 789 3574 846 do—

1983 869 2244 925 ctoribus.

2054 941 2202 994 Vsus
2216 983 2228 994 .
2265 945 2318 997 2.
2341 972 2411 984 —
2432 946 2501 998 Et
2523 946 2816 1002 aduocans.
2836 948 3143 1004 Secundum
3171 952 3412 1007 Marcum
3432 967 3572 1022 pue-

1982 1046 2099 1083 rum
2128 1031 2287 1085 Jesus
2319 1034 2708 1104 complectitur,
2743 1036 3054 1107 signiﬁcans
3097 1039 3329 1101 humiles
3370 1040 3571 1109 dignos

1982 1134 2079 1173 suo
2114 1120 2397 1191 complexu
2426 1130 2477 1176 et
2506 1123 2813 1179 dilectione.
2834 1128 3161 1191 Parvulum,
3194 1135 3298 1185 etc.
3352 1128 3565 1183 Parvu-

1982 1206 2091 1260 lum
2120 1216 2296 1275 mtate,
2345 1218 2402 1264 ut
2440 1210 2845 1266 similitudinem
2895 1214 3313 1270 demonstraret.
3352 1217 3451 1271 Vel
3508 1231 3570 1271 se

1982 1296 2162 1350 statuit
2188 1297 2241 1351 in
2272 1299 2451 1354 medio
2480 1299 2571 1370 qui
2622 1316 2733 1355 non
2763 1301 2909 1356 venit
2952 1302 3263 1370 ministrari,
3324 1304 3422 1359 sed
3459 1304 3567 1359 mi-

1981 1386 2228 1440 nistrare.
2282 1388 2377 1441 Vel
2412 1390 2735 1460 parvulum,
2786 1390 2842 1445 id
2880 1399 2981 1456 est,
3036 1391 3292 1461 Spiritum
3324 1400 3572 1448 sanctum

1977 1475 2155 1544 posuit
2179 1475 2233 1528 in
2262 1476 2516 1531 cordibus
2556 1493 2765 1545 eorum,
2827 1479 3217 1551 ut‘humilitate
3265 1480 3576 1552 superbiam

1979 1564 2228 1619 vitarent.

2050 1655 2219 1709 Vsus.
2246 1656 2297 1708 4.
2330 1684 2398 1694 -
2457 1656 2783 1729 Quicunque
2838 1674 2964 1730 ergo
3013 1659 3421 1726 humiliaverit,
3454 1667 3561 1715 etc.

273 1739 383 1811 guit
396 1738 743 1796 inﬁdelitatis
755 1783 768 1796 .
791 1744 946 1797 Unde
958 1744 1107 1798 addit
1123 1763 1136 1798 :
1152 1746 1191 1799 A
1200 1746 1361 1816 [ferte
1376 1750 1419 1802 il
1426 1750 1543 1804 lum
1557 1749 1664 1805 huc
1676 1751 1748 1805 ad
1766 1769 1873 1807 me.

1990 1742 2167 1797 invitat
2196 1743 2490 1813 discipulos
2522 1762 2669 1812 suos,
2704 1755 2756 1801 et
2789 1763 2979 1801 omnes
3009 1748 3146 1803 alios
3192 1748 3476 1814 Dominus,
3511 1756 3571 1804 ut

277 1830 343 1883 Et
359 1830 515 1885 exiit
545 1830 614 1884 ab
643 1847 704 1887 eo
725 1831 1088 1888 dwmonium.
1123 1836 1336 1890 Marcus
1366 1837 1514 1903 dicit,
1543 1847 1668 1905 etc.,
1703 1857 1877 1912 usque

275 1918 344 1973 ad
375 1933 545 1989 quam
572 1918 722 1990 prius
751 1921 967 1991 quando
986 1922 1299 1992 possidebat
1328 1925 1559 1996 quietus.

342 2007 521 2062 Vens.
560 2010 650 2062 19.
681 2039 750 2047 -
770 2011 1003 2082 Propter
1024 2013 1505 2069 incredulitatem.
1540 2016 1684 2071 Ecce
1706 2034 1875 2088 quan-

277 2096 343 2150 do
371 2110 484 2150 non
517 2096 853 2164 exaudimur,
887 2114 994 2152 non
1041 2108 1124 2154 est
1169 2100 1574 2171 impossibilitas
1605 2115 1872 2175 praestan-

273 2184 354 2247 tis,
388 2184 490 2238 sed
522 2184 683 2255 culpa
711 2185 1071 2256 deprecantis.
1095 2190 1235 2243 Nam
1262 2206 1329 2244 ex
1384 2193 1633 2262 Opposito
1663 2194 1706 2246 si
1739 2194 1873 2250 ﬁdes

274 2282 443 2328 vestra
467 2281 575 2327 tam
626 2272 845 2329 fervens
904 2284 1047 2330 esset
1098 2294 1257 2349 quam
1307 2279 1576 2347 tribulata,
1627 2283 1803 2353 magis
1821 2293 1872 2338 et

273 2362 443 2432 magis
475 2362 797 2417 calesceret.
826 2365 984 2420 Sicut
1001 2384 1247 2436 granum
1276 2371 1509 2441 sinapis.
1546 2370 1733 2425 Fidem
1749 2390 1870 2442 per-

275 2448 463 2505 fectam
498 2467 678 2522 grano
708 2451 916 2523 sinapis
945 2464 1242 2524 comparat,
1262 2474 1382 2527 qua:
1427 2458 1494 2511 sit
1525 2458 1578 2512 in
1609 2458 1743 2515 facie
1774 2462 1870 2515 hu—

271 2538 427 2605 milis,
463 2548 518 2594 et
546 2540 601 2593 in
632 2548 850 2611 pectore
880 2540 1132 2598 fervens:
1158 2544 1280 2599 vilis
1311 2546 1636 2615 videntibus,
1662 2557 1713 2603 et
1744 2550 1869 2603 nul—

272 2626 440 2682 larum
473 2628 676 2683 virium
736 2645 1028 2700 apparens,
1086 2632 1183 2687 sed
1230 2635 1501 2704 pressuris
1531 2637 1673 2704 trita,
1726 2639 1870 2709 quod

273 2716 407 2771 intus
429 2717 602 2771 habet
632 2718 886 2773 ostendit.

337 2806 510 2860 Vsus.
545 2810 635 2863 20.
674 2838 742 2847 —
772 2809 880 2864 Hoc
910 2813 1102 2865 autem
1130 2828 1327 2881 genus.
1348 2811 1631 2880 Quomodo
1660 2823 1870 2885 proter-

279 2894 408 2948 vitas
438 2894 646 2948 diaboli
669 2904 952 2966 superetur
997 2899 1251 2966 ostendit,
1283 2908 1337 2954 ut
1360 2901 1616 2971 graviora
1639 2920 1868 2974 quaque

276 2983 743 3051 sciamusjejuniis
791 2993 841 3039 et
888 2986 1216 3042 orationibus
1277 2991 1584 3060 superanda
1614 3010 1628 3046 :
1663 3001 1714 3046 et
1734 2991 1869 3046 iram

284 3070 374 3126 Dei
398 3071 455 3125 in
487 3087 591 3127 nos
614 3073 720 3127 hoc
748 3074 988 3130 remedio
1008 3091 1171 3146 posse
1200 3077 1423 3148 placari.
1474 3080 1594 3136 Nisi
1622 3097 1721 3152 per
1744 3098 1870 3138 ora-

279 3161 503 3216 tionem.
542 3161 650 3215 Ista
679 3162 974 3216 carnalium
1008 3143 1353 3236 voluptatum
1402 3143 1731 3223 mutabilitas
1760 3187 1871 3225 non
1892 3143 1941 3206 Ο

276 3256 526 3315 mutatur,
562 3256 693 3315 etc.,
726 3267 900 3322 usque
930 3252 1003 3307 ad
1055 3254 1200 3309 unde
1241 3255 1438 3311 dicitur
1472 3275 1486 3311 :
1521 3259 1652 3314 Sine
1683 3261 1870 3314 inter-

276 3339 537 3396 missione
569 3343 730 3396 orate
763 3338 817 3408 (l
846 3340 1030 3396 Thess.
1063 3343 1141 3412 v).

343 3430 517 3484 Vsus.
553 3432 644 3486 2t.
680 3458 750 3467 —
778 3429 824 3484 Γ
824 3429 959 3485 ilius
983 3430 1249 3488 hominis.
1274 3432 1502 3504 Semper
1519 3434 1656 3489 lzetis
1679 3434 1875 3491 miscet

277 3520 456 3584 tristia,
508 3524 567 3571 ut
598 3532 722 3572 cum
778 3518 1025 3573 venerint
1064 3521 1218 3592 quasi
1238 3523 1469 3592 praavisa
1512 3523 1692 3578 minus
1748 3541 1871 3580 mo—

274 3609 397 3665 leste
416 3607 682 3663 ferantur.

342 3699 512 3752 Vens.
532 3698 626 3753 22.
651 3724 720 3735 —
742 3695 813 3749 Et
834 3698 1175 3753 contristati.
1196 3700 1312 3754 Hoc
1332 3715 1440 3754 non
1460 3700 1527 3755 de
1556 3698 1875 3756 inﬁdelitate

276 3786 539 3858 provenit,
577 3783 675 3838 sed
711 3782 781 3837 de
810 3783 1099 3843 dilectione
1127 3805 1140 3841 :
1172 3788 1296 3860 quia
1316 3788 1451 3843 nihil
1479 3789 1680 3844 humile
1709 3790 1778 3845 de
1809 3805 1874 3844 eo

272 3876 538 3947 patiuntur
564 3871 775 3927 audire.

338 3967 507 4021 Vsus.
532 3967 624 4021 23.
646 3993 717 4005 —-
738 3966 809 4020 Et
828 3980 957 4020 cum
980 3968 1267 4021 venissent
1305 3967 1721 4039 Capharnaum.
1768 3968 1870 4023 Per

277 4059 589 4126 Augustum
621 4055 897 4110 Caesarem
925 4055 1110 4108 Judrea
1130 4053 1267 4109 facta
1286 4063 1368 4109 est
1405 4056 1712 4123 tributaria,
1744 4064 1873 4125 etc.,

289 4161 458 4216 usque
497 4144 572 4199 ad
605 4152 785 4199 utrum
817 4143 1007 4199 reddat
1049 4143 1264 4211 tributa,
1289 4158 1358 4198 an
1379 4145 1709 4201 contradicat
1740 4146 1868 4202 Cte-

273 4233 379 4287 sari
393 4275 406 4288 .

344 4321 514 4376 Vens.
568 4323 658 4377 24.
704 4321 849 4388 Quid
886 4321 983 4376 tibi
1032 4321 1273 4377 videtur.
1330 4323 1634 4393 Antequam
1688 4322 1877 4377 Petrus

272 4417 560 4483 suggerat,
603 4409 872 4465 Dominus
901 4410 1199 4483 interrogat
1226 4426 1294 4465 ne
1325 4410 1757 4466 scandalizentur
1789 4411 1876 4466 di-

1976 1832 2117 1903 quod
2140 1848 2275 1902 puer
2302 1834 2464 1888 habet
2491 1851 2588 1904 per
2608 1844 2873 1901 naturam,
2904 1836 2959 1889 id
3002 1846 3085 1891 est
3131 1836 3495 1892 innocentiam
3516 1844 3571 1892 et

1975 1920 2355 1989 humilitatem,
2417 1924 2518 1978 hoc
2573 1924 2809 1979 habeant
2849 1925 3100 1995 discipuli
3156 1934 3209 1980 et
3255 1941 3448 1982 omnes
3477 1926 3568 1980 alii

1974 2025 2073 2079 per
2095 2010 2367 2065 virtutem.
2392 2014 2549 2067 Sicut
2564 2015 2842 2084 parvulus
2862 2015 2990 2069 istc.
3018 2016 3284 2069 Innocens
3306 2015 3409 2069 erit
3429 2014 3570 2070 sicut

1974 2098 2075 2152 iste
2104 2100 2382 2168 parvulus,
2418 2101 2509 2171 qui
2539 2117 2645 2155 non
2668 2111 2990 2171 perseverat
3017 2104 3074 2157 in
3103 2103 3188 2159 ira
3220 2122 3234 2158 :
3274 2104 3434 2159 Jesus
3456 2118 3567 2160 non

1972 2187 2254 2242 meminit:
2286 2189 2457 2243 visam
2480 2190 2762 2244 mulierem
2794 2207 2903 2245 non
2936 2192 3104 2262 cupit.

2045 2276 2215 2331 Vsus.
2242 2280 2294 2331 6.
2314 2308 2383 2319 -—
2411 2280 2515 2347 Qui
2557 2284 2747 2334 autem
2770 2281 3265 2337 scandalizaverit.
3302 2281 3420 2335 Etsi
3457 2282 3563 2337 hoc

1972 2365 2299 2437 generaliter
2325 2366 2524 2421 dicitur
2561 2377 2753 2422 contra
2780 2385 2990 2435 omnes,
3016 2377 3145 2437 etc.,
3179 2386 3353 2442 usque
3382 2370 3568 2426 adnos

1971 2460 2187 2523 oportet
2215 2454 2503 2509 consulere
2534 2456 2771 2525 expedit,
2805 2464 2909 2511 etc.
2930 2459 3195 2529 Expedit.
3222 2457 3364 2525 Quia
3392 2458 3563 2512 multo

1970 2542 2165 2595 melius
2184 2550 2265 2596 est
2286 2558 2387 2612 pro
2409 2542 2570 2613 culpa
2610 2545 2828 2599 brevem
2851 2545 3132 2616 suscipere
3152 2561 3370 2616 paanam
3394 2561 3560 2618 quam

1970 2640 2072 2685 tete
2083 2630 2196 2684 ruis
2218 2632 2429 2687 servari
2450 2631 2796 2688 cruciatibus.
2816 2635 2934 2689 Non
2953 2636 3107 2690 enim
3117 2635 3398 2706 judicabit
3414 2636 3558 2691 Deus

1970 2721 2051 2775 bis
2081 2723 2143 2775 in
2180 2721 2444 2793 idipsum.

2023 2811 2194 2864 Vsus.
2217 2812 2270 2864 7.
2294 2841 2364 2851 —
2404 2813 2485 2866 νω
2517 2811 2751 2868 homini.
2770 2812 2912 2881 Quia
2929 2828 3038 2867 non
3060 2812 3339 2883 judicatur
3358 2827 3560 2868 secun-

1972 2899 2098 2953 dum
2123 2898 2403 2954 utilitatem
2455 2917 2577 2971 quae
2624 2900 2751 2955 inde
2797 2902 3070 2972 provenit,
3113 2902 3211 2957 sed
3262 2901 3563 2958 secundum

1971 2988 2172 3042 exitum
2191 3005 2354 3059 quem
2382 2988 2631 3043 intendit.

2024 3077 2193 3131 Vsus.
2219 3081 2270 3130 8.
2290 3107 2359 3118 —-
2379 3078 2437 3132 Si
2466 3082 2660 3132 autem
2679 3095 2881 3134 manus
2918 3083 3035 3134 tua.
3056 3079 3251 3135 Docuit
3301 3093 3465 3151 supra
3494 3094 3563 3135 ne

1972 3166 2405 3222 scandalizemus
2436 3167 2745 3231 credentes,
2780 3176 2907 3234 etc.,
2962 3184 3136 3240 usque
3163 3168 3235 3223 ad
3266 3184 3365 3239 per
3395 3183 3563 3224 occa-
3612 3178 3615 3183 ‘

1971 3256 2178 3311 sionem
2217 3256 2429 3326 pietatis
2472 3263 2665 3326 pateas
2712 3256 3005 3311 scandalis.
3058 3259 3271 3312 Bonum
3326 3259 3430 3313 tibi
3455 3260 3560 3324 est,

1973 3352 2075 3400 etc.
2109 3344 2299 3398 Melius
2328 3354 2411 3399 est
2442 3345 2606 3399 vitam
2654 3345 2953 3401 solitariam
3002 3346 3225 3414 ducere,
3285 3362 3450 3419 quam
3493 3345 3564 3401 ob

1972 3434 2097 3487 vitae
2125 3434 2412 3503 praesentis
2442 3435 2757 3490 necessaria
2793 3436 2957 3490 vitam
2997 3442 3258 3490 aeternam
3307 3435 3560 3506 perdere.

2047 3522 2216 3575 Vsus.
2246 3525 2334 3575 10.
2376 3552 2445 3561 -
2478 3524 2660 3578 Videte
2689 3540 2762 3578 ne
2792 3524 3203 3580 condemnatis.
3240 3523 3330 3579 Sic
3360 3523 3561 3594 praeci-

1974 3610 2065 3681 pio
2095 3608 2251 3665 vobis
2298 3609 2643 3664 severitatem
2700 3611 3001 3666 dimittendi
3047 3628 3237 3668 omnes
3276 3610 3563 3678 amicitias,

1975 3706 2105 3764 etc.,
2138 3714 2309 3769 usque
2338 3698 2411 3752 ad
2442 3699 2667 3752 salutem
2695 3699 3036 3755 inﬁrmorum
3075 3708 3335 3771 quantum
3372 3707 3568 3775 potes-

1975 3787 2063 3841 tis.
2092 3786 2231 3853 Quia
2262 3787 2679 3857 angelicorum.
2704 3788 2813 3841 Cur
2844 3803 2955 3841 non
2982 3796 3106 3842 sunt
3136 3786 3570 3843 contemnendi?

1978 3875 2102 3948 quia
2131 3890 2229 3945 pro
2260 3874 2338 3929 eis
2368 3874 2609 3946 quotidie
2642 3874 2929 3930 mittuntur
2974 3876 3156 3948 angeli
3185 3877 3393 3946 (lima).
3444 3875 3563 3930 Ma-

1977 3980 2088 4037 gna
2134 3964 2372 4036 dignitas
2416 3963 2739 4031 animarum,
2782 3973 2840 4019 ut
2867 3981 3209 4038 unaquaeque
3255 3964 3457 4019 habeat
3493 3963 3563 4020 ab

1978 4062 2099 4110 ortu
2130 4052 2427 4108 nativitatis
2456 4053 2512 4107 in
2542 4054 2846 4108 custodiam
2900 4054 2984 4108 sui
3031 4054 3287 4125 angelum
3334 4052 3566 4125 delega-

1981 4151 2112 4199 tum.
2146 4144 2374 4214 Semper
2416 4143 2627 4208 vident,
2690 4151 2795 4198 etc.
2846 4143 3066 4197 Visione
3124 4143 3224 4199 Dei
3280 4140 3571 4198 manifesta

1980 4232 2351 4302 perfruuntur,
2377 4240 2503 4295 etc.,
2565 4248 2737 4303 usque
2796 4230 2868 4286 ad
2924 4232 3064 4287 intra
3117 4232 3297 4303 ipsum
3346 4237 3573 4287 currunt

1980 4321 2072 4392 qui
2100 4320 2303 4392 ubique
2333 4328 2433 4375 est.

2050 4410 2226 4463 Vsus.
2271 4412 2353 4467 12.
2386 4440 2454 4450 -
2484 4409 2542 4464 Si
2572 4411 2793 4479 fuerint
2833 4411 3011 4465 alicui
3058 4414 3308 4476 centum,
3338 4417 3443 4466 etc.
3468 4411 3578 4468 Do-

275 4498 463 4568 scipuli
495 4498 565 4553 ad
605 4498 1025 4569 postulationem
1075 4498 1277 4565 tributi,
1329 4516 1452 4554 cum
1490 4499 1710 4555 videant
1752 4503 1944 4564 eumD
1973 4497 2153 4553 minus
2183 4505 2400 4553 centum
2454 4514 2585 4553 oves
2620 4498 2824 4564 habuit,
2887 4506 3016 4564 etc.,
3076 4515 3248 4571 usque
3287 4498 3359 4553 ad
3379 4498 3578 4571 quibus

281 4601 442 4642 nosse
478 4604 597 4659 quae
629 4603 695 4643 eo
726 4587 951 4643 absente
973 4596 1127 4659 gesta
1168 4596 1309 4641 sunt.
1348 4591 1515 4659 Reges
1559 4593 1740 4645 terrm.
1776 4591 1881 4645 Do-

276 4674 449 4729 minus
480 4684 685 4739 noster,
721 4685 774 4731 et
806 4678 1102 4731 secundum
1160 4692 1380 4732 carnem
1421 4676 1561 4731 ﬁlius
1585 4678 1732 4749 regis
1763 4687 1880 4733 erat

275 4778 336 4817 ex
367 4764 540 4819 David
574 4773 754 4831 natus,
790 4773 840 4820 et
886 4765 1273 4836 omnipotentis
1326 4766 1556 4821 verbum
1585 4784 1597 4820 :
1634 4783 1765 4838 ergo
1822 4776 1880 4823 ut

272 4849 408 4907 ﬁlius
432 4868 623 4924 regum
659 4853 863 4908 tributa
895 4869 1002 4908 non
1033 4854 1288 4919 debebat,
1325 4855 1421 4909 sed
1453 4870 1549 4924 pro
1580 4855 1880 4914 humilitate

274 4941 451 4995 carnis
481 4942 637 4997 decet
667 4957 791 4997 eum
819 4942 1048 5014 implere
1078 4958 1295 4999 omnem
1321 4943 1607 5012 justitiam.

342 5030 511 5084 Vsus.
536 5033 627 5088 25.
689 5061 759 5071 —
816 5033 958 5103 Ergo
1016 5032 1196 5099 liberi,
1235 5041 1339 5088 etc.
1374 5032 1552 5089 Liberi
1614 5039 1739 5088 sunt
1788 5029 1881 5094 ﬁlii

274 5118 423 5191 regni
454 5118 505 5174 in
536 5119 687 5175 omni
718 5136 914 5193 regno,
968 5128 1094 5176 tunc
1150 5121 1318 5177 multo
1358 5121 1533 5194 magis
1563 5120 1725 5177 liberi
1756 5124 1881 5174 sunt

271 5204 362 5260 ﬁlii
391 5207 533 5261 illius
553 5209 735 5282 regni,
797 5209 899 5265 sub
928 5226 1035 5281 quo
1070 5218 1193 5265 sunt
1224 5210 1411 5266 omnia
1442 5226 1613 5284 regna
1652 5211 1707 5265 in
1738 5224 1878 5281 quo-

274 5294 401 5352 libet
427 5304 649 5354 terreuo
670 5314 863 5369 regno.

848 5448 1073 5507 CAPUT
1110 5448 1306 5505 XVIII.

343 5580 511 5638 Vsus.
546 5586 595 5636 t.
640 5612 709 5624 --
740 5583 869 5652 Quis
897 5588 1083 5655 putas,
1112 5592 1214 5640 etc.
1249 5583 1331 5640 Ex
1371 5582 1675 5655 aequalitate
1709 5580 1869 5655 pretii

1980 4588 2049 4642 ad
2074 4586 2465 4658 perfectionem
2492 4586 2666 4640 unitas
2694 4587 2865 4641 deest.
2903 4588 3098 4643 Nonne
3126 4588 3429 4659 relinquet,
3464 4595 3570 4644 etc.

1981 4676 2218 4747 (Gnse.)
2265 4674 2404 4742 Quia
2462 4676 2709 4747 seipsum
2759 4677 3081 4730 exinanivit
3127 4677 3371 4745 for-mam
3429 4678 3575 4733 servi

1981 4767 2281 4837 accipiens,
2316 4771 2446 4818 etc..
2497 4779 2670 4834 usque
2702 4764 2773 4819 ad
2832 4778 2955 4819 cum
3002 4771 3205 4819 tantum
3262 4764 3331 4820 sit
3360 4764 3574 4836 siquod

1980 4853 2121 4909 male
2150 4851 2318 4924 gessit
2338 4852 2557 4906 damnat
2588 4850 2834 4919 injustus.

2052 4960 2222 5013 Vsus.
2259 4961 2343 5013 13.
2378 4990 2445 4999 —
2481 4958 2770 5025 Gaudebit,
2806 4966 2907 5013 etc.
2944 4958 3118 5031 Magis
3144 4958 3412 5016 Dominus
3432 4976 3573 5033 gau-

1983 5048 2072 5102 det
2092 5048 2160 5102 de
2192 5054 2377 5102 nostra
2408 5047 2752 5118 reparatione
2807 5048 2962 5119 (quia
2993 5048 3168 5121 magis
3199 5064 3300 5104 nos
3327 5049 3575 5122 gaudere

1981 5136 2129 5207 facit)
2178 5152 2342 5207 quam
2402 5136 2469 5190 de
2528 5135 2849 5210 angelorum
2908 5137 3364 5196 immutabilitate.
3405 5138 3577 5211 Major

1982 5224 2126 5282 enim
2148 5225 2247 5280 Dei
2274 5224 2446 5281 virtus
2501 5233 2554 5280 et
2582 5211 2859 5281 humilitas
2905 5225 2959 5281 in
2998 5235 3188 5282 nostra
3236 5228 3577 5299 reparatione

1983 5314 2329 5387 cognoscitur
2358 5330 2518 5388 quam
2548 5315 2605 5371 in
2635 5322 2821 5371 nostra
2850 5315 3144 5372 creatione.

2054 5405 2221 5460 Vsus.
2259 5407 2344 5461 t5.
2369 5436 2438 5446 —
2468 5406 2526 5462 Si
2581 5408 2775 5462 autem.
2816 5408 3135 5478 peccaverit
3162 5408 3225 5461 in
3262 5411 3334 5473 te,
3369 5412 3478 5462 etc.
3518 5403 3574 5460 Si

1982 5492 2125 5549 enim
2164 5493 2219 5549 in
2268 5494 2462 5563 Deum,
2487 5510 2596 5551 non
2636 5501 2720 5550 est
2749 5494 2922 5551 nostri
2954 5494 3181 5551 arbitrii.
3216 5495 3333 5551 Hoc
3376 5492 3566 5549 ordine
3624 5534 3635 5547 ,

1984 5583 2419 5640 scandalavitare
2473 5583 2739 5641 debemus
2769 5600 2841 5642 ne
2862 5601 3025 5656 quem
3042 5584 3303 5641 laedamus
3329 5624 3340 5647 ,
3367 5588 3416 5636 et
3448 5593 3576 5650 pec-
