4000 6182
437 274 539 331 N7

861 276 1267 335 WALAFRIDI
1292 280 1536 337 STRABI
1565 282 1765 339 FULD.
1841 284 2019 342 MON.
2059 286 2211 345 OPP.
2257 289 2435 347 PARS
2463 291 2510 350 Ι.
2540 320 2610 335 --
2628 292 3106 352 THEOLOGICA.

3631 303 3733 358 ηε

440 404 658 454 cantem
697 397 814 455 zelo
847 400 1068 469 justitia:
1095 403 1476 475 corripiemus,
1520 415 1572 460 et
1597 406 1878 477 poenitenti
1924 410 2032 465 mi-
2052 413 2109 474 A
2136 414 2314 470 eundo
2345 431 2647 486 opponens,
2681 435 2801 490 quae
2838 435 2947 475 non
2976 420 3254 477 voluntate
3283 420 3403 490 Dei,
3449 422 3551 479 sed
3597 438 3731 496 pec-

440 485 759 544 sericordite
780 488 993 547 viscera
1010 492 1338 562 pandemus.
1364 496 1587 567 Corripe
1613 512 1760 564 eum,
1782 506 1886 553 etc.
1910 499 2035 555 Non

442 574 652 646 passim
676 575 831 646 jubet
854 580 1102 659 peccanti
1131 581 1403 637 dimittere
1440 602 1453 649 ;
1490 585 1586 639 sed
1615 586 1920 655 pcenitenti.
1956 589 2036 645 Ita

442 671 637 736 peccat
668 665 760 738 qui
788 666 981 722 videns
1009 668 1234 724 fratrem
1263 686 1496 742 peccare
1528 680 1669 729 tacet
1712 692 1725 729 :
1759 674 1897 730 sicut
1944 678 2037 749 qui

446 752 734 823 ptenitenti
763 771 874 810 non
894 756 1157 828 indulget.
1190 759 1327 814 Nam
1349 761 1493 832 quod
1525 762 1659 816 dixit
1691 780 1704 817 :
1737 764 1782 818 si
1812 765 2038 834 poenitet

450 840 678 909 dimitte,
710 844 992 914 praemisit,
1037 846 1083 901 si
1118 849 1426 918 peccaverit
1455 850 1692 922 increpa.
1735 852 1849 908 Nec
1896 853 2033 908 difﬁ-

449 929 568 986 cilis
599 930 668 986 sit
697 932 858 988 venia
887 948 989 990 nec
1009 935 1240 991 remissa
1261 936 1626 1010 indulgentia.

520 1018 690 1075 Vens.
718 1023 810 1077 17.
857 1051 926 1063 —-
951 1026 1051 1080 Dic
1081 1026 1363 1082 Ecclesiae.
1400 1028 1469 1083 Ut
1519 1028 1866 1085 dctestationi
1913 1048 2037 1086 eum

447 1106 818 1179 habeat,yetc.,
844 1128 1017 1185 usque
1046 1114 1119 1169 ad
1141 1115 1470 1170 damnantur
1488 1116 1783 1173 humanain
1814 1112 2037 1175 senten-

449 1194 580 1250 tiam
610 1197 789 1253 divina
819 1203 1088 1257 sententia
1131 1204 1494 1260 corroborari.
1545 1208 1703 1262 Sicut
1744 1209 2035 1265 Etlmicus.

445 1283 834 1342 Detestabilior
879 1298 963 1344 est
1010 1291 1102 1363 qui
1132 1292 1235 1346 sub
1262 1292 1481 1349 nomine
1546 1294 1722 1350 fidelis
1752 1297 1883 1369 agit,
1909 1306 2037 1365 etc.,

445 1388 620 1447 usque
638 1374 712 1431 ad
739 1392 838 1447 per
865 1376 1007 1434 furta
1028 1387 1081 1435 et
1111 1397 1210 1451 per
1238 1382 1498 1453 perjuria.

503 1461 674 1519 Vens.
701 1467 787 1519 18.
808 1494 879 1507 -
898 1467 1076 1523 Amen
1114 1469 1253 1535 dico,
1289 1478 1393 1525 etc.
1419 1471 1572 1527 Adeo
1603 1481 1789 1528 vestra
1817 1483 2040 1530 senten-

444 1547 524 1604 tia
553 1549 907 1609 confirmatur
936 1555 1120 1611 divina
1175 1558 1262 1613 vel
1320 1560 1388 1613 ad
1444 1560 1820 1631 recipiendum
1867 1564 2042 1635 poeni-

451 1642 676 1708 tentem,
699 1642 787 1698 vel
808 1642 878 1697 ab
907 1643 1274 1713 abjiciendum
1303 1656 1702 1706 contumacem.

2137 504 2373 559 cautium
2402 507 2726 562 necessitate
2757 522 3021 565 concessa
3052 517 3152 566 est.

2208 593 2379 649 Vens.
2416 595 2466 648 4.
2500 624 2569 637 --
2616 597 2688 651 Et
2733 600 3030 668 feminam.
3088 598 3214 654 Non
3270 600 3347 655 ait
3393 600 3643 669 feminas,
3676 611 3736 659 ut

2140 697 2302 736 unum
2333 683 2644 755 conjugium
2704 685 2772 739 sit
2827 701 2935 743 non
2992 686 3173 759 plura,
3207 689 3351 763 quod
3406 706 3473 748 ex
3503 691 3734 763 repudio

2134 771 2381 841 priorum
2412 774 2787 843 quaerebatur.

2209 870 2381 925 Vens.
2414 872 2465 925 5.
2500 903 2567 911 -
2597 872 3117 932 Adlzmrebitztxori.
3144 876 3200 931 Si
3230 877 3432 932 malum
3460 879 3731 949 moribus,

2141 958 2187 1012 si
2216 958 2511 1024 luxuriosa,
2545 977 2641 1015 seu
2671 962 2932 1032 quidlibet
2977 965 3285 1032 hujusmodi
3345 967 3414 1021 sit
3456 984 3615 1036 uxor,
3650 985 3736 1025 ve-

2142 1046 2303 1101 limus
2332 1048 2565 1103 nolimus
2622 1051 2937 1107 sustinenda
2968 1061 3070 1107 est.
3105 1053 3239 1108 Cum
3270 1055 3414 1110 enim
3445 1057 3607 1113 liberi
3642 1075 3737 1114 es—

2142 1152 2344 1201 semus,
2379 1138 2623 1193 volentes
2652 1155 2753 1193 nos
2783 1141 3115 1210 subjecimus
3147 1144 3411 1199 servituti.
3447 1145 3502 1200 Si
3533 1147 3739 1203 ancilla

2139 1224 2332 1290 libero,
2365 1226 2452 1281 vel
2482 1243 2674 1282 servus
2704 1228 2891 1305 liberae
2933 1232 3274 1301 supponitur,
3309 1249 3419 1288 non
3450 1243 3739 1305 reputatur

2140 1314 2454 1386 conjugium
2512 1323 2798 1388 postquam
2857 1318 3129 1375 detectum
3178 1320 3386 1376 fuerit:
3448 1323 3526 1378 sic
3583 1332 3637 1378 et
3666 1324 3738 1380 de

2141 1401 2584 1476 consanguineis.
2645 1407 2715 1461 Et
2745 1410 2917 1463 erunt
2971 1408 3078 1465 duo
3108 1411 3169 1465 in
3200 1426 3391 1466 carne.
3448 1412 3739 1466 Praemium

2141 1492 2450 1562 nuptiarum
2482 1500 2564 1547 est
2618 1511 2684 1548 ex
2715 1494 2927 1549 duobus
2982 1512 3088 1551 una
3132 1513 3263 1553 caro
3296 1516 3309 1552 :
3343 1499 3574 1555 Castitas
3603 1516 3738 1557 con-

2136 1580 2322 1649 juncta
2352 1581 2563 1651 spiritui
2591 1599 2729 1637 unus
2761 1584 2983 1654 spiritus
3040 1584 3286 1643 efﬁcitur.
3322 1588 3540 1643 Salubri
3596 1605 3737 1645 con-

2144 1669 2265 1725 silio
2294 1670 2393 1724 Dei
2424 1669 2626 1727 factum
2656 1680 2757 1739 est,
2789 1680 2848 1727 ut
2889 1675 3199 1744 portionem
3243 1677 3327 1731 sui
3376 1678 3622 1749 corporis
3653 1678 3742 1734 vir

523 1727 694 1800 Vens,
726 1733 816 1788 20.
848 1761 918 1773 —
945 1734 1005 1789 Si
1031 1735 1165 1791 duo.
1204 1735 1425 1807 Typice.
1457 1738 1560 1793 Ubi
1599 1739 1819 1809 spiritus
1862 1743 2040 1797 anima

2746 1727 2757 1739 ,
2889 1727 2948 1744 _,
3244 1727 3327 1731 η-
3380 1727 3619 1749 ---ιπη-

2159 1758 2562 1829 amplecteretur
2617 1759 2674 1814 in
2704 1759 2922 1829 femina,
2979 1779 3048 1817 ne
3077 1779 3109 1819 a
3139 1781 3197 1819 se
3227 1773 3510 1836 putaretur
3552 1766 3741 1824 diver—

451 1822 505 1872 et
525 1832 727 1891 corpus
748 1822 1142 1891 consenserint,
1174 1833 1234 1879 ut
1271 1841 1381 1879 non
1410 1826 1479 1881 sit
1522 1827 1664 1882 inter
1687 1845 1783 1884 eos
1814 1829 2037 1899 bellum,

451 1919 617 1963 carne
646 1909 897 1980 cupiente
926 1919 1112 1969 contra
1145 1912 1395 1983 spiritum
1425 1922 1479 1969 et
1500 1915 1693 1986 spiritu
1713 1925 1902 1973 contra
1917 1936 2041 1975 car-

451 2003 600 2059 nem,
625 1993 889 2067 quidquid
918 2004 1110 2067 petunt
1145 1995 1256 2053 ﬁet.
1290 1998 1431 2066 Quia
1462 2000 1508 2054 si
1539 2015 1738 2071 corpus
1775 2003 1889 2058 vult
1922 2021 2044 2076 quae

456 2079 681 2151 spiritus
713 2083 849 2150 vult,
874 2091 1080 2140 tantum
1099 2084 1370 2141 bonarum
1390 2104 1571 2143 rerum
1602 2096 1684 2144 est
1721 2091 1931 2162 petitio.
1966 2095 2044 2149 Ibi

445 2183 575 2225 sum
594 2171 657 2227 in
676 2188 787 2228 me.
810 2171 1001 2229 Omnis
1022 2190 1204 2231 sermo
1232 2176 1440 2232 scilicet
1468 2177 1539 2232 ad
1553 2180 1897 2235 concordiam
1916 2197 2044 2253 pro-

446 2263 611 2315 vocat
639 2267 694 2315 et
739 2275 935 2333 pacem
980 2277 1145 2336 quam
1191 2265 1329 2321 adeo
1378 2268 1742 2335 commendat,
1796 2277 1854 2324 ut
1901 2270 2043 2327 dicat

446 2344 624 2403 Deum
668 2348 725 2405 in
764 2351 946 2407 medio
988 2368 1110 2409 esse
1148 2370 1357 2421 eorum,
1406 2355 1531 2427 quia
1558 2372 1666 2427 pax
1704 2365 1758 2412 et
1802 2359 2042 2416 charitas

441 2434 633 2493 sedem
653 2437 757 2494 sibi
787 2437 844 2494 in
882 2438 1123 2511 paciﬁcis
1164 2442 1459 2510 constituit,
1497 2452 1550 2499 et
1585 2445 1806 2502 unitatis
1848 2448 2041 2504 merito

444 2524 629 2581 omnia
655 2528 890 2598 petenda
917 2528 1259 2601 impetranda
1279 2547 1403 2588 esse
1434 2531 1737 2590 confirmat.

514 2612 689 2671 Vens.
722 2618 815 2673 23.
838 2646 907 2659 --
927 2618 1052 2675 Ideo
1073 2622 1481 2678 assimilatum.
1531 2623 1602 2680 Ut
1632 2623 1818 2679 sciatis
1848 2624 2039 2680 dimit-

440 2701 668 2759 tendum
700 2720 825 2761 esse
857 2708 1158 2775 conservis,
1184 2710 1473 2765 ostendam
1485 2726 1587 2781 per
1608 2710 2035 2780 similitudinem,

442 2790 572 2863 quia
609 2791 656 2847 si
687 2791 782 2849 ille
824 2809 922 2850 rex
969 2802 1025 2851 et
1071 2795 1326 2852 dominus
1383 2797 1588 2853 dimisit
1634 2815 1816 2867 servo,
1870 2802 2039 2859 multo

444 2879 626 2952 magis
654 2879 819 2937 homo
846 2883 1130 2939 conservis
1158 2885 1289 2941 suis.
1778 2924 1785 2931 ~

503 2967 676 3026 Vens.
702 2972 793 3028 25.
810 3000 880 3013 -
902 2973 973 3029 Et
985 2989 1242 3030 uxorem.
1265 2975 1406 3030 Eum
1425 2989 1536 3031 non
1557 2975 1734 3033 solum
1754 2978 2035 3050 populum,

448 3057 549 3114 sed
566 3058 729 3114 etiam
751 3059 1008 3131 praelatos
1029 3068 1082 3118 et
1102 3062 1349 3118 subditos
1371 3064 1531 3119 simul
1552 3080 1676 3120 cum
1707 3073 1818 3121 tota
1837 3066 2040 3124 familia

448 3146 538 3203 vel
554 3145 853 3204 substantia
874 3165 1062 3205 eorum
1081 3166 1184 3221 pro
1200 3151 1570 3225 magnitudine
1592 3152 1915 3211 delictorum
1936 3165 2042 3212 tra-
2064 3134 2114 3197 C

448 3234 586 3293 didit
629 3237 833 3293 exteris
880 3238 1189 3295 nationibus
1232 3249 1335 3297 :ut
1365 3242 1514 3314 quod
1553 3243 1848 3301 noluerunt
1895 3254 2040 3317 voto,

449 3323 668 3382 solvant
704 3333 996 3384 tormento.
1043 3329 1213 3384 Iussit
1240 3346 1343 3402 pro
1374 3330 1668 3403 cupiditate
1707 3340 1762 3389 et
1792 3335 2045 3406 operibus

454 3413 611 3487 quasi
637 3430 810 3473 uxore
838 3425 894 3475 et
921 3414 1048 3474 ﬁliis
1076 3433 1271 3490 poenas
1301 3419 1537 3478 solvere.

517 3502 689 3563 Vens.
715 3507 805 3564 27.
822 3536 894 3559 -.—
913 3508 1174 3565 Misertus
1206 3512 1419 3566 autem.
1442 3510 1755 3568 Misericors
1785 3512 2048 3568 Dominus

444 3606 556 3650 non
577 3593 754 3651 solum
784 3596 1154 3669 captivitatem
1173 3598 1461 3656 Iudaicam
1490 3599 1743 3668 absolvit,
1767 3602 1865 3657 sed
1886 3601 2049 3657 etiam

445 3690 798 3755 peccatorum
829 3685 1073 3742 omnium
1131 3687 1347 3744 veniam
1389 3687 1443 3743 in
1473 3687 1712 3745 adventu
1761 3689 1961 3746 Christi
1989 3707 2050 3747 se

448 3769 585 3828 dare
601 3773 869 3846 promisit,
912 3775 958 3833 si
972 3775 1330 3848 persisterent
1356 3776 1413 3832 in
1449 3776 1685 3850 incepto.
1717 3780 1949 3836 Dimisit
1970 3783 2043 3837 ei.

446 3858 511 3917 Id
528 3867 632 3930 est,
662 3863 908 3934 pondere
960 3865 1261 3922 carnalium
1307 3866 1753 3923 Observationum
1794 3868 2053 3930 absolvit.

445 3956 502 4006 et
529 3950 772 4008 debitum
792 3953 1015 4020 dimisit,
1047 3954 1104 4009 id
1133 3963 1216 4010 est
1229 3954 1445 4025 priores
1475 3956 1964 4028 transgressiones.

528 4038 702 4095 Vens.
733 4044 823 4097 28.
856 4071 926 4084 -——
955 4042 1180 4097 Invenit
1207 4059 1410 4098 unum.
1453 4041 1725 4098 Gentilem
1771 4044 2054 4115 populum,

450 4124 608 4197 quasi
635 4126 741 4181 sibi
770 4127 1075 4184 debitorem
1105 4128 1373 4202 fatigabat
1398 4147 1411 4184 :
1442 4130 1677 4201 gratiam
1701 4131 1899 4188 Christi
1942 4150 2054 4189 non

453 4227 578 4270 esse
606 4213 687 4270 eis
708 4214 779 4271 ad
808 4214 1042 4272 salutem
1072 4216 1283 4285 dicens,
1307 4218 1552 4275 carnales
1574 4219 1955 4277 observantius
1985 4223 2056 4277 ab

450 4301 534 4360 eis
564 4318 675 4360 non
702 4304 867 4361 modo
905 4304 1374 4378 persuasionibus,
1419 4307 1517 4363 sed
1567 4308 1729 4365 etiam
1767 4311 2051 4367 tormentis

447 4393 822 4466 exspectabat.

2146 1863 2266 1901 sum
2296 1864 2437 1915 esse,
2473 1848 2617 1920 quod
2648 1849 2716 1904 de
2745 1866 2803 1905 se
2834 1861 3192 1923 cognosceret
3223 1852 3566 1911 fabricatum.

2215 1937 2385 1991 Vens.
2420 1940 2471 1991 6.
2506 1969 2574 1977 —
2605 1940 2771 1994 Homo
2828 1956 2943 1996 non
3000 1948 3241 2014 separet.
3290 1944 3465 1999 Homo
3495 1954 3738 2016 separat,

2145 2025 2364 2097 quando
2393 2041 2495 2096 pro
2555 2027 2828 2082 desiderio
2885 2030 3142 2086 secundae
3197 2032 3428 2102 primam
3470 2034 3736 2089 dimittit:

2144 2114 2293 2169 Deus
2324 2121 2539 2185 separat
2570 2115 2685 2187 (qui
2717 2123 2769 2171 et
2796 2118 3099 2191 conjungit)
3130 2121 3347 2192 quando
3378 2138 3443 2177 ex
3465 2138 3742 2179 consensu

2142 2210 2364 2273 prapter
2391 2202 2593 2258 cultum
2647 2205 2767 2272 Dei,
2800 2221 2865 2261 eo
2895 2208 3042 2279 quod
3096 2216 3308 2280 tempus
3365 2211 3421 2266 in
3463 2220 3614 2268 arcto
3646 2212 3738 2282 sit,

2144 2290 2223 2347 sic
2252 2291 2517 2347 habemus
2548 2308 2750 2349 uxores
2781 2296 2935 2367 quasi
2963 2311 3076 2353 non
3104 2297 3383 2355 habentes.

2213 2380 2382 2436 Vens.
2416 2382 2469 2437 7.
2503 2412 2572 2423 -
2637 2383 2780 2452 Quid
2805 2400 2933 2456 ergo
2985 2387 3207 2459 Moyses,
3269 2397 3379 2445 etc.
3447 2389 3732 2461 (Cnnrs.),

2141 2467 2457 2540 Disciplicet
2510 2471 2890 2541 peccatoribus
2936 2474 3203 2541 doctrina,
3263 2484 3392 2545 etc.,
3438 2495 3609 2553 usque
3667 2479 3742 2536 ad

2140 2557 2385 2614 veritatis
2413 2559 2783 2631 interpretatio
2814 2570 3071 2620 taceatur.

2212 2647 2383 2702 Vens.
2418 2650 2476 2702 9.
2515 2678 2584 2688 —
2613 2650 2687 2704 Et
2713 2652 2890 2705 aliam
2920 2652 3154 2708 duxerit
3186 2654 3519 2713 meechatur.
3554 2657 3624 2713 Et
3640 2675 3739 2731 qui

2141 2735 2457 2791 dimissam.
2494 2736 2637 2805 Quia
2668 2746 2880 2808 poterat
2900 2740 3168 2811 accidere,
3216 2750 3273 2797 ut
3304 2742 3499 2816 aliquis
3526 2744 3738 2801 calum-

2140 2824 2285 2878 niam
2315 2822 2521 2881 faceret
2548 2825 2844 2897 innocenti,
2880 2836 2933 2882 et
2961 2829 3030 2884 ob
3059 2832 3360 2887 secundum
3388 2833 3597 2889 crimen
3639 2834 3743 2890 im-

2140 2912 2393 2985 pingeret
2421 2914 2614 2985 primaa
2643 2916 2800 2971 uxori
2834 2934 2846 2970 :
2881 2917 2959 2974 sic
2988 2918 3231 2989 priorem
3260 2921 3531 2979 dimittere
3554 2922 3733 2994 jubet,

2140 3009 2199 3056 ut
2228 3016 2291 3057 ea
2322 3003 2535 3059 vivente
2592 3004 2889 3061 secundam
2949 3023 3060 3062 non
3120 3008 3332 3065 habeat.
3391 3011 3461 3066 Et
3502 3027 3574 3067 ne
3602 3029 3743 3070 uxor

2142 3089 2287 3144 idem
2315 3091 2477 3148 faciat
2506 3092 2622 3148 viro
2640 3093 2828 3149 eadem
2850 3096 3063 3151 cautela
3090 3082 3407 3169 praecipitur
3434 3115 3504 3156 ne
3535 3116 3740 3158 secun-

2144 3178 2275 3233 dum
2304 3180 2502 3235 habeat
2530 3181 2723 3236 virum.
2764 3183 2833 3237 Et
2860 3183 2987 3255 quia
3045 3184 3288 3242 adultam
3315 3202 3422 3243 non
3454 3188 3609 3245 timet
3637 3206 3743 3262 op-

2145 3269 2448 3338 probrium,
2484 3268 2602 3324 viro
2659 3270 2877 3341 dicitur,
2939 3273 3086 3344 quod
3115 3274 3162 3329 si
3202 3274 3365 3331 talem
3422 3276 3592 3346 ducit,
3640 3280 3744 3334 sub

2147 3357 2400 3412 adulterii
2444 3358 2672 3414 crimine
2714 3360 2800 3429 sit,
2849 3361 2980 3417 dicit
3009 3362 3333 3435 Scriptura:
3388 3366 3493 3435 Qui
3525 3367 3746 3424 adulte-

2146 3463 2275 3502 ram
2295 3448 2678 3504 tenetstultus
2710 3454 2767 3505 et
2794 3451 3006 3522 impius
3036 3456 3121 3508 est
3152 3453 3337 3523 (Prov.
3369 3453 3559 3527 xvm).

2219 3536 2387 3590 Vens.
2424 3539 2510 3591 10.
2543 3567 2613 3577 —
2644 3538 2767 3594 Non
2786 3540 3037 3611 expedit.
3052 3540 3322 3597 Videbant
3339 3558 3511 3616 grave
3526 3546 3744 3615 pondus

2147 3639 2397 3691 uxorum,
2446 3624 2593 3697 quod
2664 3626 2964 3694 iracundae,
3016 3628 3249 3685 ebriosae
3304 3638 3358 3686 et
3406 3631 3739 3702 hujusmodi,

2150 3729 2272 3785 quae
2299 3714 2518 3786 quidem
2547 3721 2672 3769 sunt
2727 3716 3078 3785 sustinendae,
3137 3717 3283 3791 quia,
3344 3734 3466 3776 cum
3496 3735 3746 3778 essemus

2151 3801 2331 3869 liberi,
2366 3802 2696 3873 subjecimus
2724 3820 2825 3861 nos
2847 3806 3107 3862 servituti.

2223 3893 2394 3947 Vens.
2430 3895 2516 3949 12.
2541 3923 2609 3934 -
2632 3894 2778 3950 Sunt
2807 3896 2982 3951 enim.
3028 3896 3157 3952 Tria
3186 3903 3312 3952 sunt
3351 3913 3559 3971 genam
3579 3915 3745 3957 eunu-

2152 3981 2396 4047 chorum,
2430 3980 2540 4037 duo
2568 3981 2828 4050 carnalia,
2866 4000 3051 4039 eorum
3082 3984 3173 4058 qui
3207 3986 3287 4043 sic
3315 3996 3636 4057 nascuntur,
3695 3998 3749 4046 et

2152 4068 2243 4141 qui
2275 4068 2584 4140 captivitate
2615 4078 2668 4126 et
2699 4071 2908 4128 deliciis
2965 4073 3305 4130 dominarum
3335 4076 3567 4133 abscissi
3597 4085 3742 4133 sunt.

2152 4158 2395 4213 Tertium
2426 4159 2722 4230 spirituale,
2757 4161 2869 4233 qui,
2905 4177 3028 4218 cum
3059 4172 3283 4234 possent
3304 4180 3426 4222 esse
3455 4166 3577 4233 viri,
3610 4183 3744 4240 pro-

2152 4255 2274 4319 pter
2305 4246 2578 4303 Christum
2609 4248 2906 4306 continent.
2943 4252 3047 4320 Qui
3074 4254 3218 4325 facti
3260 4259 3418 4310 sunt.
3464 4256 3614 4312 Inter
3642 4257 3742 4313 bos

2153 4344 2533 4413 computantur
2561 4337 2723 4393 etiam
2751 4338 2837 4395 hic
2858 4340 2946 4412 qui
2978 4340 3161 4411 specie
3190 4341 3471 4417 religionis
3486 4343 3746 4403 simulant

2153 4425 2478 4481 castitatem.
2527 4429 2631 4497 Qui
2683 4432 2885 4500 potest.
2943 4430 3061 4486 Vox
3091 4438 3173 4486 est
3214 4431 3483 4487 hortantis
3520 4449 3633 4489 non
3656 4435 3742 4504 ju-

520 4483 694 4583 Ῡειὶδ·
719 4488 807 4591 δξ·
828 4514 898 4586 ἡ·
917 4484 1082 4543 δθνυθ
1119 4484 1823 4591 ,ξεραανη-,βεθρεῇξίθδίίξι
1856 4488 2037 4545 ἀίπηίδί
2057 4499 2109 4561 Ι)
2144 4514 2343 4581 bentis,
2378 4483 2937 4590 quasi‘unusquisque
2977 4519 3122 4574 vires
3152 4535 3279 4575 suas
3308 4520 3641 4591 consideret,
3656 4483 3742 4578 Jan

449 4571 568 4639 tibi,
601 4574 819 4647 quando
848 4575 904 4631 in
935 4575 1207 4649 angustiis
1227 4575 1471 4650 rogasti;
1496 4575 1594 4632 sed
1613 4575 1873 4633 liberatus
1893 4594 2041 4634 com-

446 4660 761 4733 passionem
788 4679 899 4719 non
930 4664 1186 4735 habuisti,
1238 4665 1371 4739 quin
1416 4664 1599 4738 potius
1645 4667 1943 4738 prophetas
1983 4676 2037 4724 et

448 4749 727 4821 apostolos
744 4754 1194 4827 persequeris,{et
1223 4755 1474 4829 ingratus
1504 4763 1559 4812 et
1585 4756 1655 4812 de
1669 4755 1875 4825 justitia
1897 4773 2042 4828 prae-

448 4854 672 4894 sumens
719 4841 935 4910 spernis
982 4850 1195 4913 gentes,
1235 4844 1488 4917 indignas
1541 4852 1635 4901 tua
1678 4845 1938 4902 societate
1987 4846 2043 4901 in

450 4925 666 4984 Christo
675 4927 945 4998 judicans.

1021 5028 1248 5085 CAPUT
1320 5030 1471 5087 XIX.

524 5150 694 5209 Vens.
720 5157 772 5210 3.
795 5155 938 5210 —-Et
956 5159 1335 5210 accesserunt.
1360 5153 1530 5223 Quasi
1551 5155 1926 5229 complexione
1956 5172 2047 5213 ca-

450 5240 652 5313 piatur.
697 5241 754 5298 Si
800 5241 1055 5299 diceret:
1102 5242 1435 5298 Dimittenda
1479 5252 1563 5299 est
1610 5260 1933 5318 quacunque
1979 5262 2045 5301 ex

453 5344 642 5397 causa,
667 5338 721 5387 et
735 5330 989 5387 ducenda
1017 5330 1123 5387 alia
1156 5349 1169 5386 :
1203 5331 1479 5403 pudicitiae
1512 5334 1842 5403 praedicator
1858 5342 2049 5390 contra

452 5435 513 5478 se
541 5419 689 5478 facit.
728 5419 785 5476 Si
816 5419 947 5476 dicit
974 5435 1084 5475 non
1117 5427 1203 5476 est
1241 5420 1582 5488 dimittenda,
1609 5430 1795 5478 contra
1841 5423 2049 5479 doctri-

454 5526 581 5568 nam
629 5508 803 5583 Moysi
831 5515 886 5563 et
912 5508 1014 5565 Dei
1058 5508 1210 5567 facit.
1268 5509 1397 5566 Ideo
1428 5526 1752 5583 responsum
1784 5520 2051 5584 temperat

453 5599 756 5659 naturalem
801 5598 1001 5673 legem,
1052 5598 1390 5675 primamque
1446 5598 1545 5656 Dei
1604 5599 1925 5657 sententiam
1956 5614 2047 5656 se-

2148 4612 2311 4676 queat
2338 4604 2667 4679 virginitatis
2699 4614 2752 4661 et
2771 4607 3045 4678 pudicitiae
3072 4608 3302 4681 implere
3320 4619 3617 4684 praecepta.

2217 4711 2385 4767 Vens.
2422 4714 2507 4768 14.
2532 4742 2600 4753 -
2621 4713 2802 4769 Sinite
2814 4716 3100 4787 parvulos.
3122 4715 3177 4771 Si
3195 4715 3367 4773 sancti
3390 4723 3517 4772 sunt
3546 4716 3733 4786 futuri,

2145 4815 2244 4857 cur
2272 4800 2467 4855 vetatis
2498 4802 2684 4858 venire
2729 4802 2797 4857 ad
2827 4810 3036 4874 patrem
3057 4804 3085 4858 ?
3131 4804 3185 4860 Si
3214 4804 3360 4872 mali,
3386 4821 3486 4862 cur
3515 4815 3742 4864 senten-

2145 4889 2277 4943 tiam
2306 4890 2559 4960 profertis
2617 4898 2743 4947 ante
2798 4891 3037 4963 culpam.
3097 4895 3336 4951 Talium.
3379 4895 3523 4950 Nam
3551 4897 3746 4970 quales

2147 4985 2273 5033 sunt
2301 4979 2485 5045 modo,
2509 4995 2691 5035 meum
2722 4981 2937 5055 quidem
2956 4989 3058 5053 est,
3091 4984 3238 5055 quod
3266 4984 3570 5041 honorate:
3605 5002 3746 5058 qua-

2145 5066 2227 5122 les
2256 5074 2378 5137 post
2407 5066 2571 5123 futuri
2606 5077 2748 5137 sunt,
2781 5071 3026 5141 ipsorum
3056 5079 3158 5137 est,
3191 5073 3338 5144 quod
3380 5072 3745 5131 miseremini.

2147 5155 2271 5211 Non
2301 5156 2375 5211 ait
2406 5156 2630 5212 istorum
2662 5158 2759 5213 sed
2790 5159 3015 5215 talium:
3049 5167 3107 5215 ut
3132 5162 3421 5217 ostendant
3473 5178 3587 5219 non
3614 5174 3751 5221 aita-

2148 5251 2258 5299 tem
2287 5259 2543 5316 regnare,
2578 5247 2672 5301 sed
2700 5263 2881 5303 mores
2913 5266 2925 5302 :
2962 5257 3013 5304 et
3042 5249 3128 5304 his
3158 5249 3249 5322 qui
3278 5249 3511 5307 similem
3542 5252 3753 5309 habent

2149 5332 2515 5390 innocentiam
2547 5342 2599 5389 ct
2629 5336 3047 5408 simplicitatem,
3078 5339 3365 5410 praimium
3380 5340 3670 5411 promittit.

2220 5423 2390 5478 Vens.
2428 5424 2602 5477 ‘15.—
2632 5427 2701 5480 Et
2730 5442 2860 5482 cum
2888 5428 3264 5499 imposuisset.
3298 5428 3532 5500 Imponit
3550 5445 3752 5487 manus

2151 5512 2411 5584 parvulis,
2437 5512 2656 5584 quando
2686 5513 2977 5571 humilibus
3008 5515 3266 5571 auxilium
3308 5516 3503 5589 gratia;
3532 5518 3748 5575 tribuit.

2226 5601 2390 5658 Vens.
2428 5604 2512 5657 16.
2545 5632 2613 5644 —-
2642 5603 2713 5658 Et
2743 5618 2866 5660 ecce
2920 5620 3070 5661 unus
3131 5605 3316 5676 (Ben)
3359 5605 3622 5663 Audierat
3656 5606 3752 5665 ille
