4000 6182
340 319 439 374 189

1185 312 1456 372 GLOSSA
1494 312 1906 372 OBDINARIA.
1948 340 2017 355 --
2047 312 2315 371 EVANG.
2356 310 2615 371 ΜΑΤἸἨ.

3551 307 3652 369 150

326 439 779 513 similesparvulo
799 439 1104 514 condignos
1124 454 1247 495 esse
1267 453 1442 512 regno
1458 481 1472 509 ,
1488 438 1709 511 vultque
1729 437 1930 493 certius
1950 438 2008 501 A
2033 454 2265 506 sorores,
2290 443 2346 496 et
2376 439 2439 495 in
2457 441 2660 511 futuro
2688 438 2867 495 vitam
2886 441 3161 496 mternam
3178 439 3368 509 (Marc.
3382 438 3466 510 x),
3480 436 3536 494 id
3550 444 3650 498 est,

329 546 438 587 non
466 544 572 602 per
599 528 894 601 parabolas
914 528 1010 585 sed
1041 536 1231 601 aperte
1262 528 1479 600 exponi,
1507 527 1703 600 quibus
1734 526 1947 583 meritis

329 619 499 675 vitam
547 619 723 690 pOSsit
775 617 1057 691 consequi.
1122 618 1143 687 (
1170 617 1333 672 thn.
1359 617 1378 687 )
1410 617 1516 671 Iste
1545 616 1864 671 adolescens
1894 623 1947 671 et

329 705 489 763 dives
519 714 573 763 et
604 706 877 778 superbus
908 713 1046 762 erat.
1079 706 1148 760 Et
1179 704 1479 762 secundum
1510 704 1672 760 alium
1705 720 1942 777 evange-

329 795 514 852 listam
532 811 656 851 eum
676 811 788 851 non
808 803 936 852 voto
958 794 1219 851 discentis
1237 794 1333 849 sed
1348 794 1600 848 tentantis
1619 794 1941 869 interrpgat.

404 884 585 941 Vana.
624 886 711 939 17.
755 914 824 925 -
864 884 1006 951 Quid
1036 900 1124 938 me
1148 883 1467 954 interrogas
1496 882 1562 939 de
1590 883 1726 938 bono
1751 886 1774 938 ?
1805 881 1944 950 Quia

332 974 537 1029 bonum
586 972 723 1028 dixit
766 972 1115 1046 magistrum,
1150 980 1203 1026 et
1233 986 1340 1026 non
1372 972 1573 1040 Deum,
1608 970 1694 1025 vel
1726 970 1823 1025 Dei
1856 969 1942 1025 Fi-

334 1061 468 1117 lium
499 1061 790 1118 confessus
821 1068 903 1116 est
928 1078 941 1115 :
965 1060 1095 1115 dicit
1126 1058 1419 1132 quemlibet
1471 1066 1717 1114 sanctum
1762 1059 1940 1112 homi-

326 1166 453 1206 nem
496 1151 909 1221 comparatione
948 1149 1049 1204 Dei
1097 1163 1207 1203 non
1260 1164 1381 1203 esse
1424 1148 1663 1202 bonum-
1691 1147 1939 1202 Christus

328 1246 514 1294 autem
542 1255 653 1293 non
686 1240 866 1293 renuit
895 1237 1266 1293 testimonium
1298 1235 1576 1301 bonitatis,
1612 1234 1711 1290 sed
1743 1237 1942 1308 magis-

324 1328 396 1383 tri
421 1329 635 1401 absque
670 1328 787 1382 Deo
818 1326 1055 1383 excludit
1077 1340 1343 1382 errorem.
1368 1325 1488 1381 Non
1514 1340 1573 1380 se
1614 1325 1937 1397 magistrum

323 1416 534 1473 bonum
564 1432 690 1471 esse
721 1423 907 1488 negat,
934 1415 1031 1471 sed
1052 1415 1377 1487 magistrum
1408 1414 1617 1487 absque
1648 1415 1764 1468 Deo
1811 1412 1937 1469 nul-

325 1506 439 1561 lum
472 1505 681 1560 bonum
712 1520 835 1560 esse
865 1504 1013 1559 dicit.
1048 1505 1218 1560 Serva
1248 1503 1542 1558 mandata.
1567 1504 1674 1557 Iste
1705 1502 1938 1574 quaesie-

324 1603 430 1661 rat,
466 1595 602 1666 quid
636 1592 828 1649 faciam
851 1592 879 1647 Ὺ
910 1592 1115 1648 Contra
1144 1607 1252 1647 non
1275 1592 1366 1657 ait,
1402 1591 1552 1646 disce
1585 1608 1599 1645 :
1633 1592 1759 1663 quia
1787 1591 1937 1646 Deus

329 1699 451 1741 eum
486 1683 753 1739 docuerat
786 1681 962 1738 factor
991 1680 1273 1737 rationalis
1294 1688 1560 1737 creaturae
1593 1697 1606 1733 :
1640 1678 1934 1734 ostendens

2044 528 2099 585 in
2127 528 2227 583 hac
2256 527 2362 583 vita
2389 527 2853 600 persecutionibus
2882 527 3042 600 plena
3071 526 3327 600 gaudium
3359 526 3515 598 regni
3547 525 3644 582 de-

2044 626 2299 690 gustant,
2368 627 2422 675 et
2472 617 2711 674 omnium
2760 617 3051 674 electorum
3106 616 3313 672 sincera
3361 614 3648 671 dilectione

2043 705 2303 764 fruuntur.
2338 707 2445 764 Sed
2478 708 2600 781 quia
2629 706 2778 763 multi
2812 715 3093 778 tepescunt
3141 705 3228 763 vel
3284 703 3642 771 retrocedunt,

2046 796 2228 852 subdit
2257 814 2270 853 :
2300 797 2465 853 Multi
2510 800 2706 852 autem
2736 801 2910 853 erunt
2937 795 3115 869 primi
3158 796 3333 867 (Luc.
3366 794 3504 865 xv),
3538 799 3640 848 etc.

2619 885 2844 942 CAPUT
2873 884 3002 940 XX.

2116 975 2286 1031 Vens.
2314 978 2363 1030 1.
2389 1003 2457 1017 —-
2478 976 2673 1033 Simile
2704 980 2787 1030 est
2810 990 3067 1046 regnum.
3094 972 3342 1030 Ostendit
3371 987 3469 1044 per
3491 987 3647 1045 para-

2042 1062 2242 1129 bolam,
2265 1063 2386 1136 quia
2411 1062 2566 1133 primi
2593 1071 2746 1118 erunt
2764 1062 3062 1131 novissimi,
3090 1070 3140 1116 et
3160 1060 3439 1117 novissimi
3463 1060 3641 1132 primi.

2042 1154 2197 1209 Pater
2244 1152 2345 1209 iste
2392 1152 2620 1207 familias
2661 1152 2906 1206 conditor
2954 1160 3136 1206 noster
3188 1158 3303 1218 est,
3352 1149 3441 1221 qui
3488 1148 3647 1206 habet

2043 1242 2295 1312 vineam,
2345 1239 2704 1296 universalem
2752 1240 3084 1304 Ecclesiam,
3135 1255 3254 1310 qua:-
3283 1239 3349 1292 ab
3380 1236 3514 1293 Abel
3541 1254 3637 1293 us-

2040 1349 2145 1404 que
2193 1332 2261 1385 ad
2310 1330 2551 1386 ultimum
2588 1330 2814 1384 electum
2860 1329 2947 1400 qui
2998 1328 3047 1381 in
3072 1326 3179 1382 fine
3224 1328 3521 1383 nasciturus
3562 1335 3646 1384 est

2040 1428 2300 1493 quotquot
2346 1428 2565 1473 sanctos
2611 1417 2860 1489 protulit,
2912 1424 2987 1471 tot
3033 1416 3283 1487 palmites
3332 1416 3497 1470 misit.
3546 1416 3643 1470 llic

2039 1516 2193 1580 pater
2226 1507 2356 1563 exiit
2388 1507 2455 1562 ad
2480 1506 2829 1562 excolendam
2859 1506 3071 1561 vineam
3107 1520 3261 1559 mane
3292 1505 3418 1558 hora
3464 1505 3639 1565 tertia,

2042 1604 2211 1662 sexta,
2244 1611 2385 1653 nona
2412 1640 2424 1661 ,
2474 1595 2759 1651 undecima
2808 1594 3082 1665 operarios
3114 1592 3370 1648 conduxit
3400 1607 3433 1647 a
3460 1591 3644 1647 mundi

2049 1686 2205 1755 hujus
2254 1686 2407 1739 initio
2452 1700 2622 1757 usque
2666 1685 2732 1738 ad
2762 1681 2922 1739 finem
2959 1702 2971 1737 :
3008 1682 3074 1737 ad
3126 1681 3477 1738 erudiendum
3508 1679 3646 1736 fide-

326 1771 455 1844 quia
486 1771 582 1826 ille
612 1786 723 1825 non
755 1778 838 1825 est
868 1770 1042 1827 bonus
1063 1770 1154 1843 qui
1186 1770 1379 1843 quierit
1426 1769 1496 1824 de
1526 1768 1690 1833 bono,
1725 1767 1822 1823 sed
1844 1766 1936 1839 qui
1970 1795 2023 1857 Β
2046 1773 2174 1829 lium
2207 1773 2423 1846 plebem
2453 1772 2836 1845 praedicatores
2884 1772 3098 1826 mittere
3145 1784 3252 1825 non
3298 1768 3529 1826 desistit.
3564 1770 3647 1827 Si-

330 1859 461 1916 faeit
493 1859 643 1932 quod
674 1860 878 1914 bonum
909 1866 1009 1915 est.

395 1948 575 2005 Vens.
609 1951 700 2005 20.
732 1978 803 1990 —-
832 1949 981 2003 Dic-it
1013 1952 1069 2003 et
1100 1946 1441 2003 adolescens.
1473 1945 1659 2015 (Βεο.)
1688 1944 1814 1999 Non
1842 1960 1941 2015 pu-

324 2037 525 2093 tandus
547 2037 652 2092 iste
673 2039 754 2107 (ut
774 2036 995 2108 quidam
1016 2036 1187 2106 aiunt)
1219 2035 1307 2091 vel
1348 2034 1636 2091 Dominum
1676 2040 1937 2103 tentasse,

325 2126 413 2182 vel
466 2126 539 2181 de
593 2140 691 2180 sua
737 2124 852 2181 vita
896 2124 1156 2180 mentitus
1188 2139 1340 2188 esse,
1391 2122 1489 2177 sed
1537 2121 1857 2194 simpliciter
1885 2128 1942 2176 ut

328 2215 482 2281 vixit,
516 2212 807 2270 confessus
839 2221 923 2269 est
955 2230 969 2269 :
1003 2212 1247 2285 alioquin
1276 2212 1374 2283 (ut
1419 2210 1558 2266 alius
1586 2209 1942 2283 Evangelista

329 2304 428 2375 ait)
460 2319 607 2373 non,
638 2303 865 2358 intuitus
885 2318 1085 2359 arcana
1116 2301 1298 2358 cordis
1346 2301 1491 2370 ejus,
1540 2298 1774 2372 diligere
1817 2314 1942 2354 eum

327 2392 606 2449 diceretur
633 2392 811 2448 Iesus.
865 2390 1054 2465 Diligit
1099 2391 1244 2447 enim
1274 2406 1370 2445 eos
1400 2389 1490 2462 qui
1517 2389 1771 2444 mandata
1799 2388 1940 2460 legis

324 2481 660 2547 custodiunt,
697 2480 794 2536 sed
827 2480 975 2554 quod
1004 2480 1079 2536 ibi
1128 2480 1309 2535 minus
1340 2486 1423 2534 est
1454 2479 1539 2533 bis
1569 2477 1661 2549 qui
1706 2476 1939 2549 perfecti

324 2569 516 2626 volunt
535 2585 686 2637 esse,
704 2570 977 2643 adjungit;
996 2569 1139 2625 unde
1156 2568 1401 2640 sequitur
1423 2584 1437 2622 :
1462 2568 1522 2624 Si
1538 2567 1619 2622 vis
1637 2568 1931 2639 perfectus

326 2675 467 2716 esse.
495 2658 703 2716 Omnia
724 2659 860 2715 haec.
886 2658 1097 2729 (Ηιειι.)
1118 2657 1392 2713 Mentitur.
1418 2655 1474 2711 Si
1505 2655 1650 2711 enim
1671 2653 1932 2727 diligeret

323 2748 637 2821 proximum
668 2764 824 2804 suum
865 2748 1003 2803 sicut
1036 2748 1305 2820 seipsum,
1357 2760 1526 2817 opere
1574 2743 1933 2815 complesset,

323 2854 429 2893 non
445 2846 599 2894 esset
632 2837 807 2893 tristis
836 2852 960 2895 cum
991 2852 1092 2892 sua
1119 2834 1453 2908 pauperibus
1473 2834 1606 2889 dare
1630 2832 1933 2901 juberetur.

394 2927 571 2983 Vnns.
593 2928 686 2983 23.
711 2955 782 2968 —
802 2927 963 2983 Dives
983 2925 1240 2997 difﬁcile.
1265 2923 1475 2982 Divites
1493 2936 1605 2977 non
1625 2928 1930 2987 manentes,

324 3015 423 3071 sed
452 3015 549 3088 qui
579 3030 705 3070 esse
732 3014 1012 3071 desierunt
1041 3012 1339 3069 intrabunt.
1373 3013 1455 3068 De
1485 3009 1739 3068 omnibus
1768 3009 1935 3066 tutius

325 3112 409 3160 est
437 3118 542 3160 nec
569 3104 779 3159 habere
808 3118 911 3159 nec
939 3118 1128 3159 amare
1156 3102 1394 3158 divitias.

392 3153 785 3251 vim:
808 3153 1465 3262 admissas...
1488 3188 1508 3258 )
1535 3185 1732 3243 Nullus
1760 3184 1914 3242 dives
1951 3153 2002 3218 Ο

323 3280 586 3348 intrabit,
637 3280 694 3337 id
742 3288 845 3349 est,
898 3278 1180 3337 conﬁdens
1222 3281 1279 3336 in
1309 3277 1530 3346 divitiis,
1564 3283 1624 3332 ut
1650 3276 1810 3331 Iesus
1839 3291 1933 3331 se-

324 3370 571 3427 cundum
610 3370 856 3426 Marcum
888 3370 1128 3443 exponit.

400 3459 580 3518 Vnns.
612 3462 703 3517 25.
727 3488 797 3500 —
817 3459 1189 3517 Mirabantur.
1212 3457 1354 3528 Quia
1382 3459 1439 3515 in
1457 3474 1685 3517 numero
1705 3461 1932 3519 divitum

322 3548 664 3622 deputabant
714 3563 906 3605 omnes
959 3547 1052 3621 qui
1083 3555 1269 3604 amant
1296 3548 1536 3616 divitias,
1568 3550 1671 3605 etsi
1697 3565 1809 3606 non
1835 3550 1932 3606 ha-

323 3638 507 3695 beant.
539 3637 718 3694 Aliter
748 3638 893 3694 enim
923 3654 1048 3695 cum
1095 3638 1165 3693 sit
1191 3638 1369 3707 major
1414 3639 1575 3695 turba
1604 3655 1926 3712 pauperum,

242 3756 250 3762 -
323 3742 434 3783 non
462 3728 753 3785 dicerent:
783 3727 915 3797 Quis
942 3728 1156 3801 poterit
1186 3728 1376 3783 salvus
1407 3743 1527 3785 esse
1553 3733 1576 3784 ?

390 3817 567 3873 Vnns.
598 3819 691 3874 26.
715 3845 785 3859 -
806 3817 1011 3873 Deum.
1047 3814 1153 3886 Qui
1184 3815 1255 3872 ab
1275 3831 1464 3873 amore
1492 3824 1837 3875 terrenorum
1859 3818 1930 3875 ad

324 3905 649 3963 charitatem
701 3914 1036 3963 aeternorum
1083 3906 1354 3963 convertit
1386 3924 1399 3960 :
1430 3921 1541 3963 non
1572 3905 1719 3980 quod
1748 3906 1929 3980 cupidi

327 4002 380 4052 et
407 3995 635 4068 superbi
664 3995 886 4052 intrent.

393 4085 565 4140 Vens.
597 4088 687 4142 28.
717 4114 789 4126 —
832 4085 896 4141 In
942 4086 1327 4157 generatione.
1360 4084 1494 4141 Duas
1523 4092 1649 4141 sunt
1686 4100 1926 4159 regene-

324 4173 585 4239 rationes,
614 4172 796 4244 prima
827 4189 893 4228 ex
922 4188 1067 4247 aqua
1097 4181 1151 4230 et
1180 4173 1385 4245 Spiritu
1417 4181 1626 4239 sancto,
1676 4173 1920 4230 secunda

323 4263 379 4318 in
408 4262 834 4319 resurrectione.
867 4262 948 4318 Ita
975 4262 1098 4319 duae
1144 4263 1467 4334 adoptiones
1514 4270 1568 4318 et
1594 4263 1716 4319 duae
1744 4279 1927 4319 resur-

327 4351 619 4407 rectiones.
655 4351 837 4408 Filius
866 4351 1130 4408 hominis.
1165 4350 1225 4407 Id
1256 4359 1367 4421 est,
1417 4368 1540 4408 cum
1572 4351 1718 4408 servi
1750 4350 1926 4408 forma

323 4456 442 4512 quae
465 4438 715 4509 judicata
743 4447 827 4495 est
846 4440 1194 4510 judiciariam
1225 4440 1529 4497 exercuerit
1575 4447 1922 4513 potestatem,

2048 1863 2183 1919 mile
2213 1866 2297 1918 est
2320 1878 2576 1933 regnum.
2600 1862 2720 1916 Non
2745 1859 2946 1915 homini
2970 1858 3163 1924 solum,
3189 1858 3285 1914 sed
3309 1859 3404 1914 toti
3424 1858 3643 1930 negotio

2045 1951 2112 2005 ab
2156 1950 2375 2007 homine
2421 1959 2610 2022 gesto,
2671 1958 2723 2006 et
2770 1950 2822 2003 in
2852 1948 3117 2004 similibus
3156 1947 3419 2003 similiter.
3455 1948 3643 2002 Primo

2046 2057 2233 2096 mane.
2256 2039 2540 2095 Manifeste
2560 2040 2724 2111 coepit
2742 2053 2775 2094 a
2795 2037 2972 2109 primo
2996 2036 3143 2106 justo
3164 2043 3363 2093 aeterna
3392 2033 3642 2093 mercede

2043 2128 2423 2202 prtedicatores
2453 2127 2521 2183 ad
2542 2127 2889 2201 plantandam
2920 2126 3218 2182 Ecclesiam
3250 2125 3495 2181 invitare.

2115 2218 2286 2274 Vens.
2318 2222 2371 2276 2.
2406 2248 2475 2258 —
2510 2217 2904 2273 Conventione.
2932 2215 2993 2271 Id
3023 2222 3137 2285 est,
3172 2211 3485 2270 conﬁrmata
3513 2226 3641 2283 pro-

2042 2306 2305 2361 missione
2334 2306 2479 2378 quod
2528 2306 2596 2360 ad
2623 2305 2922 2376 imaginem
2952 2304 3055 2361 Dei
3085 2301 3423 2361 reformandi
3454 2306 3641 2357 essent

2044 2394 2089 2449 si
2110 2393 2409 2450 Ecclesiam
2420 2392 2741 2450 aedificando
2755 2393 3022 2448 mandatis
3035 2390 3281 2463 decalogi
3302 2390 3638 2447 insisterent.

2112 2484 2199 2540 Ea:
2219 2483 2471 2539 denario.
2505 2482 2705 2553 (Hinn.
2730 2480 2750 2551 )
2781 2481 3045 2536 Denarius
3068 2480 3228 2535 habet
3249 2479 3541 2552 imaginem
3563 2492 3644 2533 re-

2040 2572 2147 2644 gis,
2182 2579 2323 2638 etc.,
2359 2586 2536 2643 usque
2568 2570 2657 2637 ad,
2691 2569 2777 2627 vel
2803 2569 2856 2625 in
2904 2568 3107 2624 ultimis
3144 2567 3463 2639 resipiscite.

2112 2661 2152 2716 Α
2185 2661 2506 2717 novissimis
2528 2674 2702 2732 usque
2720 2703 2736 2726 ,
2766 2666 2869 2716 etc.
2902 2656 3041 2727 Quia
3070 2657 3161 2730 qui
3194 2656 3248 2712 in
3269 2656 3502 2712 adventu
3523 2655 3633 2711 Do-

2037 2749 2170 2805 mini
2215 2748 2392 2805 vocati
2441 2756 2567 2803 sunt
2611 2747 2681 2804 ad
2710 2762 2941 2820 regnum
2962 2786 2976 2815 ,
3027 2746 3146 2801 sine
3175 2744 3354 2817 aliqua
3383 2742 3632 2800 tarditate

2036 2838 2387 2911 perveniunt,
2436 2836 2676 2909 azquales
2716 2836 2803 2892 his
2830 2835 2921 2908 qui
2950 2834 3017 2890 ab
3048 2834 3201 2890 initio
3229 2832 3416 2888 mundi
3443 2847 3631 2905 cmpe-

2036 2934 2180 2993 runt,
2214 2942 2405 2982 omnes
2433 2924 2652 2999 quidem
2682 2924 2824 2980 idem
2846 2923 3063 2989 cmlum,
3096 2922 3195 2979 sed
3221 2921 3375 2977 stella
3404 2919 3583 2979 diﬂ'ert
3600 2936 3636 2978 a

2037 3015 2194 3072 stella
2222 3015 2278 3071 in
2307 3015 2568 3071 claritate.
2602 3017 2649 3071 Α
2678 3011 2990 3071 novissimis
3019 3012 3259 3083 incmpit,
3310 3012 3437 3066 dum
3481 3010 3634 3083 prius

2034 3104 2301 3162 latronem
2350 3119 2515 3178 quam
2564 3104 2783 3160 Petrum
2830 3103 2886 3159 in
2947 3101 3267 3174 paradisum
3314 3099 3628 3156 introduxit.

2037 3193 2177 3264 Quia
2204 3195 2353 3267 prius
2382 3192 2671 3266 aliquando
2697 3200 3113 3250 remunerantur
3157 3206 3281 3248 sero
3326 3189 3628 3254 venientes,

2033 3284 2159 3357 quia
2186 3283 2340 3356 prius
2368 3282 2438 3339 de
2468 3297 2693 3355 corpore
2724 3289 2954 3348 exeunt,
3006 3294 3169 3354 quam
3198 3280 3290 3353 qui
3315 3279 3370 3335 in
3398 3276 3631 3351 pueritia

2031 3372 2210 3430 vocati
2238 3379 2382 3430 sunt.

2103 3463 2275 3519 Vens.
2309 3465 2394 3518 15.
2428 3491 2498 3504 -
2526 3461 2642 3517 Aut
2668 3476 2783 3517 non
2808 3461 2960 3517 licet.
2983 3458 3153 3516 Stulta
3184 3456 3414 3532 quaestio
3442 3462 3632 3514 contra

2032 3551 2325 3607 bonitatem
2353 3550 2474 3609 Dei.
2512 3549 2879 3619 Quaerendum
2906 3555 3071 3615 esset,
3096 3562 3203 3605 non
3232 3547 3280 3603 si
3307 3547 3461 3602 daret
3479 3543 3627 3619 quod

2030 3655 2141 3698 non
2189 3640 2411 3698 deberet
2440 3658 2454 3693 :
2488 3638 2588 3695 sed
2633 3640 2679 3695 si
2723 3654 2832 3694 non
2861 3638 3004 3711 quod
3035 3637 3276 3694 deberet.
3308 3636 3396 3691 An
3425 3635 3625 3692 oculus

2032 3733 2189 3796 tuus,
2224 3736 2327 3786 etc.
2353 3728 2496 3783 Vere
2524 3726 2697 3783 Judaei
2723 3742 2942 3798 pravam
2958 3725 3309 3781 intentionem
3330 3722 3632 3779 habuerunt

2030 3817 2123 3890 qui
2182 3815 2572 3889 prohibuerunt
2598 3813 2873 3886 apostolos
2906 3812 3158 3886 gentibus
3187 3810 3355 3884 loqui,
3384 3816 3442 3867 ut
3468 3808 3633 3866 salva

2029 3905 2239 3963 fierent.

2101 3995 2273 4052 Vens.
2304 3996 2391 4049 16.
2414 4020 2483 4035 -—
2504 3994 2593 4050 Sic
2622 3995 2795 4049 erunt
2821 3990 3115 4049 novissimi
3136 3988 3357 4064 primi.(
3376 3986 3544 4059 Ana.)
3565 3986 3626 4042 Id

2030 4091 2131 4152 est,
2164 4081 2336 4139 Judaei
2360 4081 2429 4137 de
2456 4081 2631 4153 capite
2660 4087 2935 4137 vertentur
2962 4079 3018 4135 in
3049 4078 3274 4135 caudam
3301 4094 3314 4132 :
3343 4084 3397 4133 et
3432 4083 3624 4149 gentes

2030 4173 2099 4227 de
2128 4171 2297 4228 cauda
2328 4170 2383 4227 in
2405 4177 2582 4242 caput.
2616 4169 2774 4226 Unde
2801 4169 3017 4240 Moyses
3043 4167 3098 4223 in
3127 4164 3536 4223 Deuteronomii
3564 4163 3629 4219 1i-

2035 4261 2135 4317 bro
2161 4278 2174 4315 :
2198 4260 2425 4316 Advcna
2445 4259 2542 4333 qui
2560 4263 2749 4316 tecum
2764 4261 3043 4323 moratur,
3068 4256 3334 4312 ascendet
3354 4269 3527 4327 super
3540 4256 3626 4311 te:

2028 4350 2128 4406 ille
2152 4351 2263 4405 erit
2281 4349 2346 4405 in
2367 4352 2568 4422 caput,
2612 4352 2668 4404 et
2690 4352 2756 4403 tu
2783 4347 2895 4403 eris
2925 4345 2988 4401 in
3010 4345 3270 4402 caudam.
3303 4341 3410 4400 Sed
3444 4348 3621 4397 tamen

2030 4453 2132 4495 nec
2160 4452 2351 4493 omnes
2380 4436 2540 4510 primi
2571 4451 2673 4493 nec
2715 4450 2906 4491 omnes
2934 4432 3215 4490 novissimi
3242 4430 3311 4485 ad
3340 4445 3621 4486 numerum

321 4529 472 4585 eritis
502 4537 558 4584 et
588 4545 689 4585 vos
718 4545 933 4585 mecum
957 4529 1193 4599 judices.
1227 4530 1407 4603 Super
1436 4529 1592 4588 sedes
1613 4531 1926 4587 duodecim.
1945 4516 2000 4579 D
2032 4526 2322 4583 electorum
2348 4525 2635 4598 pertinent.

321 4616 425 4673 Per
470 4618 767 4676 duodecim
816 4618 1007 4689 sedes,
1058 4619 1387 4675 universitas
1409 4619 1789 4689 judicantium.
1824 4621 1928 4676 Per

321 4706 610 4763 duodecim
660 4707 865 4773 tribus,
916 4707 1243 4764 universitas
1265 4708 1690 4778 judicandorum
1720 4708 1925 4766 intelli-

322 4796 481 4868 gitur.
518 4794 998 4869 Quireliquerunt
1052 4796 1256 4875 omnia,
1293 4803 1346 4853 et
1376 4797 1547 4853 secuti
1578 4804 1704 4853 sunt
1733 4798 1925 4854 Domi-

323 4901 468 4949 num,
502 4885 559 4939 hi
582 4884 801 4954 judices
829 4892 989 4941 erunt
1024 4903 1037 4939 :
1073 4885 1162 4958 qui
1197 4885 1342 4941 licita
1373 4886 1640 4943 habentes
1659 4894 1810 4943 recte
1841 4887 1926 4943 usi

324 4981 464 5045 sunt,
490 4973 922 5044 judicabuntur,
974 4974 1173 5046 quibus
1220 4973 1469 5030 dicetur:
1500 4977 1722 5040 Venite,
1756 4975 1924 5031 bene—

323 5063 459 5118 dicti
478 5064 673 5119 Patris
696 5064 808 5119 mei
830 5082 847 5118 :
867 5064 1092 5119 Esurivi
1114 5064 1268 5119 enim
1283 5068 1341 5120 et
1361 5063 1593 5120 dedistis
1610 5065 1752 5120 mihi
1772 5081 1926 5121 man-

321 5152 545 5209 ducare.
578 5152 702 5208 Duo
741 5152 888 5207 enim
918 5160 1044 5208 sunt
1071 5152 1294 5208 ordines
1343 5153 1631 5209 bonorum.

392 5241 564 5297 Vens.
595 5245 686 5299 29.
711 5270 781 5282 -
806 5241 1167 5315 Centuplum.
1204 5242 1263 5299 Id
1291 5249 1393 5311 est,
1428 5243 1519 5315 qui
1559 5242 1805 5299 carnalia
1822 5258 1925 5317 pro

319 5330 552 5387 Domino
582 5330 875 5395 dimiserit,
910 5330 1216 5402 spiritualia
1263 5331 1496 5404 accipiet
1528 5347 1651 5405 quae
1696 5347 1923 5403 compa-

321 5420 530 5475 ratione
559 5427 615 5475 et
642 5418 843 5475 merito
873 5420 955 5475 sui
986 5420 1059 5475 ita
1091 5428 1279 5485 erunt,
1305 5421 1462 5493 quasi
1492 5437 1663 5493 parvo
1693 5436 1924 5477 numero

323 5508 667 5565 centenarius
690 5516 1061 5581 comparetur.
1090 5510 1306 5566 Marcus
1327 5509 1402 5565 ait
1418 5528 1431 5565 :
1450 5510 1672 5568 Centies
1694 5514 1924 5567 tantum

326 5599 560 5657 nuncin
582 5603 836 5672 tempore
857 5599 957 5655 hoc
982 5615 1112 5656 cum
1128 5600 1611 5671 persecutionibus
1632 5604 1846 5673 fratres
1867 5605 1925 5655 et

2100 4616 2274 4672 Vens.
2305 4618 2389 4671 t8.
2413 4644 2481 4656 —
2500 4615 2638 4670 Ecce
2659 4611 3038 4676 ascendimus,
3075 4616 3177 4665 etc.
3229 4606 3476 4681 (Ηιιειι.)
3505 4606 3621 4663 Hoc

2032 4722 2181 4778 saepe
2212 4704 2293 4762 eis
2320 4704 2542 4768 dixerat,
2574 4709 2675 4760 etc.
2698 4745 2713 4766 ,
2747 4717 2921 4773 usque
2951 4701 3023 4756 ad
3061 4706 3487 4757 resurrecturum
3515 4712 3624 4753 non

2028 4794 2293 4852 dubitent.

2100 4884 2271 4939 Vens.
2299 4884 2386 4937 19.
2409 4908 2479 4923 -—
2500 4879 2580 4937 Ad
2599 4878 2981 4947 illudendum,
3004 4885 3109 4935 etc.
3138 4878 3267 4935 ideo
3283 4876 3548 4935 Dominus
3568 4875 3623 4931 in

2027 4972 2230 5029 mundo
2276 4969 2442 5027 noluit
2491 4968 2799 5041 prosperari
2828 4967 2927 5024 sed
2958 4967 3142 5041 gravia
3171 4967 3303 5040 pati,
3350 4974 3408 5023 ut
3437 4972 3626 5022 osten-

2025 5062 2178 5120 deret
2206 5076 2307 5118 nos
2337 5059 2428 5133 qui
2454 5074 2555 5131 per
2571 5058 2982 5115 delectationem
3031 5057 3325 5115 cecidimus
3371 5072 3494 5113 cum
3520 5071 3625 5127 qua

2026 5149 2385 5207 amaritudine
2413 5149 2591 5206 redire
2620 5148 2933 5205 debeamus.

2072 5240 2267 5295 iVaas.
2292 5242 2382 5297 20.
2408 5268 2477 5281 —
2502 5241 2653 5296 Tunc
2674 5239 2911 5295 accessit
2931 5236 3004 5294 ad
3024 5253 3179 5294 eum.
3214 5236 3411 5293 Audita
3446 5251 3625 5293 resur-

2024 5328 2263 5386 rectione
2306 5328 2511 5401 putavit
2555 5343 2679 5384 eum
2726 5327 2870 5384 illico
2916 5326 3245 5399 (immemor
3271 5323 3496 5383 secundi
3526 5324 3621 5377 ad-

2021 5417 2254 5489 ventus)
2283 5426 2649 5489 regnaturum,
2681 5425 2735 5474 et
2762 5416 3014 5474 aviditate
3063 5414 3295 5473 feminea
3330 5410 3617 5485 praesentia

2024 5507 2188 5579 cupit,
2221 5508 2507 5564 immemor
2533 5507 2847 5563 futurorum.

2095 5597 2266 5653 Vens.
2296 5601 2385 5655 21.
2409 5598 2593 5654 --Die
2621 5601 2689 5653 ut
2708 5639 2724 5666 ,
2772 5604 2877 5653 etc.
2910 5596 3115 5651 Bonum
3143 5589 3487 5654 desiderium,
3521 5586 3617 5643 sed
