  <div class='ocr_page' id='page_1' title='image "/cluster/home/n/w/nwhite01/storage/ocr_20150623/114/hvd.32044052819893/081.png"; bbox 0 0 4028 6178; ppageno 0'>
   <div class='ocr_carea' id='block_1_1' title="bbox 292 231 390 290">
    <p class='ocr_par' dir='ltr' id='par_1_1' title="bbox 292 231 390 290">
     <span class='ocr_line' id='line_1_1' title="bbox 292 231 390 290; baseline -0.041 -1"><span class='ocrx_word' id='word_1_1' title='bbox 292 231 390 290; x_wconf 76' lang='grc'>151</span> 
     </span>
    </p>
   </div>
   <div class='ocr_carea' id='block_1_2' title="bbox 790 218 3039 287">
    <p class='ocr_par' dir='ltr' id='par_1_2' title="bbox 790 218 3039 287">
     <span class='ocr_line' id='line_1_2' title="bbox 790 218 3039 287; baseline -0.005 -1"><span class='ocrx_word' id='word_1_2' title='bbox 790 228 1194 287; x_wconf 82' lang='lat' dir='ltr'>WALAFRIDI</span> <span class='ocrx_word' id='word_1_3' title='bbox 1230 226 1475 283; x_wconf 85' lang='lat' dir='ltr'>STRABI</span> <span class='ocrx_word' id='word_1_4' title='bbox 1512 224 1712 283; x_wconf 88' lang='lat' dir='ltr'>FULD.</span> <span class='ocrx_word' id='word_1_5' title='bbox 1755 222 1927 280; x_wconf 88' lang='lat' dir='ltr'>MON.</span> <span class='ocrx_word' id='word_1_6' title='bbox 1969 219 2123 278; x_wconf 89' lang='lat' dir='ltr'>OPP.</span> <span class='ocrx_word' id='word_1_7' title='bbox 2164 219 2342 277; x_wconf 79' lang='lat' dir='ltr'>PARS</span> <span class='ocrx_word' id='word_1_8' title='bbox 2378 220 2421 276; x_wconf 92' lang='grc' dir='ltr'>Ι.</span> <span class='ocrx_word' id='word_1_9' title='bbox 2463 248 2532 262; x_wconf 91' lang='grc'><strong>--</strong></span> <span class='ocrx_word' id='word_1_10' title='bbox 2567 218 3039 278; x_wconf 79' lang='lat' dir='ltr'>THEOLOGICA.</span> 
     </span>
    </p>
   </div>
   <div class='ocr_carea' id='block_1_3' title="bbox 3504 220 3606 278">
    <p class='ocr_par' dir='ltr' id='par_1_3' title="bbox 3504 220 3606 278">
     <span class='ocr_line' id='line_1_3' title="bbox 3504 220 3606 278; baseline 0.069 -8"><span class='ocrx_word' id='word_1_11' title='bbox 3504 220 3606 278; x_wconf 73' lang='grc'>152</span> 
     </span>
    </p>
   </div>
   <div class='ocr_carea' id='block_1_4' title="bbox 296 341 3611 426">
    <p class='ocr_par' dir='ltr' id='par_1_4' title="bbox 296 341 3611 426">
     <span class='ocr_line' id='line_1_4' title="bbox 296 341 3611 426; baseline -0.004 -14"><span class='ocrx_word' id='word_1_12' title='bbox 296 355 695 414; x_wconf 87' lang='lat' dir='ltr'>inconsiderata</span> <span class='ocrx_word' id='word_1_13' title='bbox 722 354 926 426; x_wconf 90' lang='lat' dir='ltr'>petitio.</span> <span class='ocrx_word' id='word_1_14' title='bbox 958 355 1025 410; x_wconf 86' lang='lat' dir='ltr'>Et</span> <span class='ocrx_word' id='word_1_15' title='bbox 1056 354 1179 410; x_wconf 91' lang='lat' dir='ltr'>ideo</span> <span class='ocrx_word' id='word_1_16' title='bbox 1208 369 1314 409; x_wconf 89' lang='lat' dir='ltr'>non</span> <span class='ocrx_word' id='word_1_17' title='bbox 1343 353 1608 421; x_wconf 81' lang='lat' dir='ltr'>voluntas,</span> <span class='ocrx_word' id='word_1_18' title='bbox 1639 366 1746 406; x_wconf 89' lang='lat' dir='ltr'>non</span> <span class='ocrx_word' id='word_1_19' title='bbox 1778 365 1894 420; x_wconf 89' lang='lat' dir='ltr'>pro—</span> <span class='ocrx_word' id='word_1_20' title='bbox 1915 348 1971 411; x_wconf 85' lang='lat' dir='ltr'>A</span> <span class='ocrx_word' id='word_1_21' title='bbox 2008 346 2148 415; x_wconf 84' lang='grc' dir='ltr'>ἔλεος</span> <span class='ocrx_word' id='word_1_22' title='bbox 2166 347 2555 402; x_wconf 85' lang='lat' dir='ltr'>misericordia</span> <span class='ocrx_word' id='word_1_23' title='bbox 2577 342 3116 417; x_wconf 69' lang='lat' dir='ltr'>interpretaturﬂlei</span> <span class='ocrx_word' id='word_1_24' title='bbox 3136 350 3334 397; x_wconf 88' lang='lat' dir='ltr'>natura</span> <span class='ocrx_word' id='word_1_25' title='bbox 3353 341 3492 398; x_wconf 90' lang='lat' dir='ltr'>lucis</span> <span class='ocrx_word' id='word_1_26' title='bbox 3512 343 3611 398; x_wconf 89' lang='lat' dir='ltr'>mi-</span> 
     </span>
    </p>
   </div>
   <div class='ocr_carea' id='block_1_5' title="bbox 308 440 1913 518">
    <p class='ocr_par' dir='ltr' id='par_1_5' title="bbox 308 440 1913 518">
     <span class='ocr_line' id='line_1_5' title="bbox 308 440 1913 518; baseline -0.004 -17"><span class='ocrx_word' id='word_1_27' title='bbox 308 446 549 518; x_wconf 88' lang='lat' dir='ltr'>positum</span> <span class='ocrx_word' id='word_1_28' title='bbox 578 445 821 517; x_wconf 77' lang='lat' dir='ltr'>culpatur</span> <span class='ocrx_word' id='word_1_29' title='bbox 846 490 860 514; x_wconf 84' lang='lat'>,</span> <span class='ocrx_word' id='word_1_30' title='bbox 908 443 1005 498; x_wconf 88' lang='lat' dir='ltr'>sed</span> <span class='ocrx_word' id='word_1_31' title='bbox 1038 442 1348 515; x_wconf 81' lang='lat' dir='ltr'>ignorantia</span> <span class='ocrx_word' id='word_1_32' title='bbox 1383 460 1396 496; x_wconf 90' lang='lat'>:</span> <span class='ocrx_word' id='word_1_33' title='bbox 1429 449 1481 496; x_wconf 89' lang='lat' dir='ltr'>et</span> <span class='ocrx_word' id='word_1_34' title='bbox 1530 440 1576 493; x_wconf 88' lang='lat' dir='ltr'>si</span> <span class='ocrx_word' id='word_1_35' title='bbox 1623 440 1913 510; x_wconf 81' lang='lat' dir='ltr'>impetrare</span> 
     </span>
    </p>
   </div>
   <div class='ocr_carea' id='block_1_6' title="bbox 311 528 1697 604">
    <p class='ocr_par' dir='ltr' id='par_1_6' title="bbox 311 528 1697 604">
     <span class='ocr_line' id='line_1_6' title="bbox 311 528 1697 604; baseline -0.004 -15"><span class='ocrx_word' id='word_1_36' title='bbox 311 549 420 591; x_wconf 87' lang='lat' dir='ltr'>non</span> <span class='ocrx_word' id='word_1_37' title='bbox 451 534 614 591; x_wconf 85' lang='lat' dir='ltr'>debet</span> <span class='ocrx_word' id='word_1_38' title='bbox 638 533 974 604; x_wconf 84' lang='lat' dir='ltr'>simplicitas,</span> <span class='ocrx_word' id='word_1_39' title='bbox 1012 548 1123 587; x_wconf 90' lang='lat' dir='ltr'>non</span> <span class='ocrx_word' id='word_1_40' title='bbox 1152 539 1393 586; x_wconf 89' lang='lat' dir='ltr'>meretur</span> <span class='ocrx_word' id='word_1_41' title='bbox 1422 528 1697 586; x_wconf 90' lang='lat' dir='ltr'>confundi.</span> 
     </span>
    </p>
   </div>
   <div class='ocr_carea' id='block_1_7' title="bbox 380 616 1916 691">
    <p class='ocr_par' dir='ltr' id='par_1_7' title="bbox 380 616 1916 691">
     <span class='ocr_line' id='line_1_7' title="bbox 380 616 1916 691; baseline -0.005 -13"><span class='ocrx_word' id='word_1_42' title='bbox 380 623 553 678; x_wconf 71' lang='lat' dir='ltr'>Vens.</span> <span class='ocrx_word' id='word_1_43' title='bbox 577 626 665 681; x_wconf 89' lang='grc'>22.</span> <span class='ocrx_word' id='word_1_44' title='bbox 689 652 758 663; x_wconf 91' lang='grc'><strong><em>-</em></strong></span> <span class='ocrx_word' id='word_1_45' title='bbox 778 622 1037 677; x_wconf 78' lang='lat' dir='ltr'>Nescitis.</span> <span class='ocrx_word' id='word_1_46' title='bbox 1068 619 1171 689; x_wconf 89' lang='lat' dir='ltr'>Qui</span> <span class='ocrx_word' id='word_1_47' title='bbox 1204 620 1396 674; x_wconf 85' lang='lat' dir='ltr'>sedem</span> <span class='ocrx_word' id='word_1_48' title='bbox 1419 619 1608 691; x_wconf 72' lang='lat' dir='ltr'>gloriae</span> <span class='ocrx_word' id='word_1_49' title='bbox 1628 616 1807 689; x_wconf 90' lang='lat' dir='ltr'>petitis</span> <span class='ocrx_word' id='word_1_50' title='bbox 1827 616 1916 673; x_wconf 88' lang='lat' dir='ltr'>vel</span> 
     </span>
    </p>
   </div>
   <div class='ocr_carea' id='block_1_8' title="bbox 314 706 1916 785">
    <p class='ocr_par' dir='ltr' id='par_1_8' title="bbox 314 706 1916 785">
     <span class='ocr_line' id='line_1_8' title="bbox 314 706 1916 785; baseline -0.005 -18"><span class='ocrx_word' id='word_1_51' title='bbox 314 710 571 785; x_wconf 86' lang='lat' dir='ltr'>quaeritis,</span> <span class='ocrx_word' id='word_1_52' title='bbox 601 727 761 783; x_wconf 87' lang='lat' dir='ltr'>quam</span> <span class='ocrx_word' id='word_1_53' title='bbox 782 710 1023 765; x_wconf 90' lang='lat' dir='ltr'>nondum</span> <span class='ocrx_word' id='word_1_54' title='bbox 1072 708 1367 773; x_wconf 80' lang='lat' dir='ltr'>meruistis,</span> <span class='ocrx_word' id='word_1_55' title='bbox 1419 707 1654 762; x_wconf 90' lang='lat' dir='ltr'>delectat</span> <span class='ocrx_word' id='word_1_56' title='bbox 1699 706 1916 761; x_wconf 87' lang='lat' dir='ltr'>culmen</span> 
     </span>
    </p>
   </div>
   <div class='ocr_carea' id='block_1_9' title="bbox 311 796 1911 871">
    <p class='ocr_par' dir='ltr' id='par_1_9' title="bbox 311 796 1911 871">
     <span class='ocr_line' id='line_1_9' title="bbox 311 796 1911 871; baseline -0.004 -15"><span class='ocrx_word' id='word_1_57' title='bbox 311 799 537 856; x_wconf 84' lang='lat' dir='ltr'>honoris</span> <span class='ocrx_word' id='word_1_58' title='bbox 586 815 723 871; x_wconf 90' lang='lat' dir='ltr'>quos</span> <span class='ocrx_word' id='word_1_59' title='bbox 762 799 1005 854; x_wconf 89' lang='lat' dir='ltr'>nondum</span> <span class='ocrx_word' id='word_1_60' title='bbox 1036 797 1371 853; x_wconf 88' lang='lat' dir='ltr'>exercuitvia</span> <span class='ocrx_word' id='word_1_61' title='bbox 1390 796 1620 851; x_wconf 87' lang='lat' dir='ltr'>laboris.</span> <span class='ocrx_word' id='word_1_62' title='bbox 1648 797 1911 851; x_wconf 78' lang='lat' dir='ltr'>Potestis.</span> 
     </span>
    </p>
   </div>
   <div class='ocr_carea' id='block_1_10' title="bbox 313 884 1916 959">
    <p class='ocr_par' dir='ltr' id='par_1_10' title="bbox 313 884 1916 959">
     <span class='ocr_line' id='line_1_10' title="bbox 313 884 1916 959; baseline -0.004 -17"><span class='ocrx_word' id='word_1_63' title='bbox 313 887 385 943; x_wconf 89' lang='lat' dir='ltr'>Et</span> <span class='ocrx_word' id='word_1_64' title='bbox 414 889 517 944; x_wconf 91' lang='lat' dir='ltr'>hoc</span> <span class='ocrx_word' id='word_1_65' title='bbox 547 887 753 945; x_wconf 83' lang='lat' dir='ltr'>sciebat</span> <span class='ocrx_word' id='word_1_66' title='bbox 778 932 789 954; x_wconf 95' lang='lat'>,</span> <span class='ocrx_word' id='word_1_67' title='bbox 843 888 988 959; x_wconf 92' lang='lat' dir='ltr'>quod</span> <span class='ocrx_word' id='word_1_68' title='bbox 1036 887 1151 955; x_wconf 86' lang='lat' dir='ltr'>ejus</span> <span class='ocrx_word' id='word_1_69' title='bbox 1176 885 1488 957; x_wconf 86' lang='lat' dir='ltr'>passionem</span> <span class='ocrx_word' id='word_1_70' title='bbox 1516 891 1765 957; x_wconf 87' lang='lat' dir='ltr'>poterant</span> <span class='ocrx_word' id='word_1_71' title='bbox 1794 884 1916 937; x_wconf 91' lang='lat' dir='ltr'>imi-</span> 
     </span>
    </p>
   </div>
   <div class='ocr_carea' id='block_1_11' title="bbox 313 974 1919 1048">
    <p class='ocr_par' dir='ltr' id='par_1_11' title="bbox 313 974 1919 1048">
     <span class='ocr_line' id='line_1_11' title="bbox 313 974 1919 1048; baseline -0.002 -17"><span class='ocrx_word' id='word_1_72' title='bbox 313 977 417 1032; x_wconf 87' lang='lat' dir='ltr'>tari</span> <span class='ocrx_word' id='word_1_73' title='bbox 441 996 455 1045; x_wconf 93' lang='lat'><strong>;</strong></span> <span class='ocrx_word' id='word_1_74' title='bbox 486 977 584 1032; x_wconf 89' lang='lat' dir='ltr'>sed</span> <span class='ocrx_word' id='word_1_75' title='bbox 611 978 716 1032; x_wconf 90' lang='lat' dir='ltr'>hoc</span> <span class='ocrx_word' id='word_1_76' title='bbox 748 976 895 1046; x_wconf 87' lang='lat' dir='ltr'>dicit,</span> <span class='ocrx_word' id='word_1_77' title='bbox 920 984 978 1031; x_wconf 91' lang='lat' dir='ltr'>ut</span> <span class='ocrx_word' id='word_1_78' title='bbox 999 992 1064 1031; x_wconf 93' lang='lat' dir='ltr'>eo</span> <span class='ocrx_word' id='word_1_79' title='bbox 1084 976 1455 1048; x_wconf 83' lang='lat' dir='ltr'>interrogante</span> <span class='ocrx_word' id='word_1_80' title='bbox 1488 982 1540 1030; x_wconf 90' lang='lat' dir='ltr'>et</span> <span class='ocrx_word' id='word_1_81' title='bbox 1567 974 1674 1028; x_wconf 90' lang='lat' dir='ltr'>illis</span> <span class='ocrx_word' id='word_1_82' title='bbox 1696 988 1919 1044; x_wconf 85' lang='lat' dir='ltr'>respon-</span> 
     </span>
    </p>
   </div>
   <div class='ocr_carea' id='block_1_12' title="bbox 314 1064 1915 1135">
    <p class='ocr_par' dir='ltr' id='par_1_12' title="bbox 314 1064 1915 1135">
     <span class='ocr_line' id='line_1_12' title="bbox 314 1064 1915 1135; baseline -0.004 -14"><span class='ocrx_word' id='word_1_83' title='bbox 314 1064 583 1133; x_wconf 89' lang='lat' dir='ltr'>dentibus,</span> <span class='ocrx_word' id='word_1_84' title='bbox 620 1081 810 1121; x_wconf 91' lang='lat' dir='ltr'>omnes</span> <span class='ocrx_word' id='word_1_85' title='bbox 840 1065 1119 1120; x_wconf 87' lang='lat' dir='ltr'>audiamus</span> <span class='ocrx_word' id='word_1_86' title='bbox 1156 1083 1168 1118; x_wconf 94' lang='lat'>:</span> <span class='ocrx_word' id='word_1_87' title='bbox 1202 1065 1328 1135; x_wconf 91' lang='lat' dir='ltr'>quia</span> <span class='ocrx_word' id='word_1_88' title='bbox 1376 1079 1536 1119; x_wconf 88' lang='lat' dir='ltr'>nemo</span> <span class='ocrx_word' id='word_1_89' title='bbox 1585 1069 1762 1134; x_wconf 87' lang='lat' dir='ltr'>potest</span> <span class='ocrx_word' id='word_1_90' title='bbox 1794 1079 1915 1117; x_wconf 91' lang='lat' dir='ltr'>cum</span> 
     </span>
    </p>
   </div>
   <div class='ocr_carea' id='block_1_13' title="bbox 316 1151 1911 1228">
    <p class='ocr_par' dir='ltr' id='par_1_13' title="bbox 316 1151 1911 1228">
     <span class='ocr_line' id='line_1_13' title="bbox 316 1151 1911 1228; baseline -0.003 -17"><span class='ocrx_word' id='word_1_91' title='bbox 316 1154 531 1213; x_wconf 86' lang='lat' dir='ltr'>Christo</span> <span class='ocrx_word' id='word_1_92' title='bbox 579 1171 811 1228; x_wconf 88' lang='lat' dir='ltr'>regnare</span> <span class='ocrx_word' id='word_1_93' title='bbox 837 1197 850 1224; x_wconf 96' lang='lat'>,</span> <span class='ocrx_word' id='word_1_94' title='bbox 902 1154 1007 1208; x_wconf 90' lang='lat' dir='ltr'>nisi</span> <span class='ocrx_word' id='word_1_95' title='bbox 1054 1154 1367 1225; x_wconf 87' lang='lat' dir='ltr'>passionem</span> <span class='ocrx_word' id='word_1_96' title='bbox 1404 1154 1520 1220; x_wconf 88' lang='lat' dir='ltr'>ejus</span> <span class='ocrx_word' id='word_1_97' title='bbox 1552 1152 1620 1207; x_wconf 89' lang='lat' dir='ltr'>sit</span> <span class='ocrx_word' id='word_1_98' title='bbox 1654 1151 1911 1206; x_wconf 86' lang='lat' dir='ltr'>imitatus.</span> 
     </span>
    </p>
   </div>
   <div class='ocr_carea' id='block_1_14' title="bbox 382 1241 1917 1301">
    <p class='ocr_par' dir='ltr' id='par_1_14' title="bbox 382 1241 1917 1301">
     <span class='ocr_line' id='line_1_14' title="bbox 382 1241 1917 1301; baseline -0.004 -1"><span class='ocrx_word' id='word_1_99' title='bbox 382 1243 556 1301; x_wconf 74' lang='lat' dir='ltr'>Vens.</span> <span class='ocrx_word' id='word_1_100' title='bbox 590 1248 678 1301; x_wconf 89' lang='grc'>23.</span> <span class='ocrx_word' id='word_1_101' title='bbox 703 1272 773 1284; x_wconf 86' lang='lat'>--</span> <span class='ocrx_word' id='word_1_102' title='bbox 798 1244 1059 1298; x_wconf 86' lang='lat' dir='ltr'>Calicem.</span> <span class='ocrx_word' id='word_1_103' title='bbox 1086 1243 1154 1297; x_wconf 93' lang='lat' dir='ltr'>Ut</span> <span class='ocrx_word' id='word_1_104' title='bbox 1174 1242 1408 1297; x_wconf 86' lang='lat' dir='ltr'>Jacobus</span> <span class='ocrx_word' id='word_1_105' title='bbox 1437 1242 1506 1295; x_wconf 89' lang='lat' dir='ltr'>ab</span> <span class='ocrx_word' id='word_1_106' title='bbox 1528 1241 1744 1295; x_wconf 86' lang='lat' dir='ltr'>Herode</span> <span class='ocrx_word' id='word_1_107' title='bbox 1766 1248 1917 1294; x_wconf 88' lang='lat' dir='ltr'>trun-</span> 
     </span>
    </p>
   </div>
   <div class='ocr_carea' id='block_1_15' title="bbox 310 1330 1917 1399">
    <p class='ocr_par' dir='ltr' id='par_1_15' title="bbox 310 1330 1917 1399">
     <span class='ocr_line' id='line_1_15' title="bbox 310 1330 1917 1399; baseline -0.004 -9"><span class='ocrx_word' id='word_1_108' title='bbox 310 1339 480 1398; x_wconf 83' lang='lat' dir='ltr'>catus,</span> <span class='ocrx_word' id='word_1_109' title='bbox 514 1340 566 1387; x_wconf 89' lang='lat' dir='ltr'>et</span> <span class='ocrx_word' id='word_1_110' title='bbox 596 1333 833 1387; x_wconf 84' lang='lat' dir='ltr'>Joannes</span> <span class='ocrx_word' id='word_1_111' title='bbox 863 1331 920 1385; x_wconf 92' lang='lat' dir='ltr'>in</span> <span class='ocrx_word' id='word_1_112' title='bbox 949 1331 1209 1386; x_wconf 86' lang='lat' dir='ltr'>ferventis</span> <span class='ocrx_word' id='word_1_113' title='bbox 1237 1330 1343 1385; x_wconf 89' lang='lat' dir='ltr'>olei</span> <span class='ocrx_word' id='word_1_114' title='bbox 1375 1330 1580 1385; x_wconf 90' lang='lat' dir='ltr'>dolium</span> <span class='ocrx_word' id='word_1_115' title='bbox 1607 1330 1827 1399; x_wconf 88' lang='lat' dir='ltr'>missus,</span> <span class='ocrx_word' id='word_1_116' title='bbox 1863 1336 1917 1384; x_wconf 87' lang='lat' dir='ltr'>et</span> 
     </span>
    </p>
   </div>
   <div class='ocr_carea' id='block_1_16' title="bbox 309 1418 1912 1493">
    <p class='ocr_par' dir='ltr' id='par_1_16' title="bbox 309 1418 1912 1493">
     <span class='ocr_line' id='line_1_16' title="bbox 309 1418 1912 1493; baseline -0.003 -15"><span class='ocrx_word' id='word_1_117' title='bbox 309 1421 365 1478; x_wconf 88' lang='lat' dir='ltr'>in</span> <span class='ocrx_word' id='word_1_118' title='bbox 397 1423 649 1478; x_wconf 90' lang='lat' dir='ltr'>Pathmos</span> <span class='ocrx_word' id='word_1_119' title='bbox 679 1421 975 1493; x_wconf 84' lang='lat' dir='ltr'>relegatus,</span> <span class='ocrx_word' id='word_1_120' title='bbox 1009 1420 1188 1474; x_wconf 88' lang='lat' dir='ltr'>animo</span> <span class='ocrx_word' id='word_1_121' title='bbox 1217 1435 1327 1474; x_wconf 92' lang='lat' dir='ltr'>non</span> <span class='ocrx_word' id='word_1_122' title='bbox 1374 1419 1546 1474; x_wconf 87' lang='lat' dir='ltr'>defuit</span> <span class='ocrx_word' id='word_1_123' title='bbox 1576 1418 1912 1491; x_wconf 86' lang='lat' dir='ltr'>martyrium.</span> 
     </span>
    </p>
   </div>
   <div class='ocr_carea' id='block_1_17' title="bbox 316 1508 1914 1580">
    <p class='ocr_par' dir='ltr' id='par_1_17' title="bbox 316 1508 1914 1580">
     <span class='ocr_line' id='line_1_17' title="bbox 316 1508 1914 1580; baseline -0.004 -12"><span class='ocrx_word' id='word_1_124' title='bbox 316 1511 438 1569; x_wconf 88' lang='lat' dir='ltr'>Non</span> <span class='ocrx_word' id='word_1_125' title='bbox 469 1515 555 1565; x_wconf 88' lang='lat' dir='ltr'>est</span> <span class='ocrx_word' id='word_1_126' title='bbox 599 1526 792 1565; x_wconf 88' lang='lat' dir='ltr'>meum</span> <span class='ocrx_word' id='word_1_127' title='bbox 811 1510 965 1564; x_wconf 86' lang='lat' dir='ltr'>dare.</span> <span class='ocrx_word' id='word_1_128' title='bbox 990 1509 1106 1564; x_wconf 86' lang='lat' dir='ltr'>Hoc</span> <span class='ocrx_word' id='word_1_129' title='bbox 1135 1516 1218 1564; x_wconf 91' lang='lat' dir='ltr'>est</span> <span class='ocrx_word' id='word_1_130' title='bbox 1246 1525 1474 1580; x_wconf 85' lang='lat' dir='ltr'>regnum</span> <span class='ocrx_word' id='word_1_131' title='bbox 1521 1508 1781 1564; x_wconf 80' lang='lat' dir='ltr'>caelorum</span> <span class='ocrx_word' id='word_1_132' title='bbox 1805 1523 1914 1563; x_wconf 91' lang='lat' dir='ltr'>non</span> 
     </span>
    </p>
   </div>
   <div class='ocr_carea' id='block_1_18' title="bbox 321 1597 1918 1669">
    <p class='ocr_par' dir='ltr' id='par_1_18' title="bbox 321 1597 1918 1669">
     <span class='ocr_line' id='line_1_18' title="bbox 321 1597 1918 1669; baseline -0.001 -15"><span class='ocrx_word' id='word_1_133' title='bbox 321 1607 405 1654; x_wconf 88' lang='lat' dir='ltr'>est</span> <span class='ocrx_word' id='word_1_134' title='bbox 433 1598 609 1653; x_wconf 89' lang='lat' dir='ltr'>dantis</span> <span class='ocrx_word' id='word_1_135' title='bbox 631 1599 727 1653; x_wconf 92' lang='lat' dir='ltr'>sed</span> <span class='ocrx_word' id='word_1_136' title='bbox 757 1597 1093 1669; x_wconf 86' lang='lat' dir='ltr'>accipientis.</span> <span class='ocrx_word' id='word_1_137' title='bbox 1119 1599 1237 1653; x_wconf 89' lang='lat' dir='ltr'>Non</span> <span class='ocrx_word' id='word_1_138' title='bbox 1269 1598 1423 1653; x_wconf 88' lang='lat' dir='ltr'>enim</span> <span class='ocrx_word' id='word_1_139' title='bbox 1439 1613 1815 1669; x_wconf 88' lang='lat' dir='ltr'>personarum</span> <span class='ocrx_word' id='word_1_140' title='bbox 1830 1614 1918 1652; x_wconf 88' lang='lat' dir='ltr'>ac-</span> 
     </span>
    </p>
   </div>
   <div class='ocr_carea' id='block_1_19' title="bbox 2015 441 3613 513">
    <p class='ocr_par' dir='ltr' id='par_1_19' title="bbox 2015 441 3613 513">
     <span class='ocr_line' id='line_1_19' title="bbox 2015 441 3613 513; baseline -0.003 -12"><span class='ocrx_word' id='word_1_141' title='bbox 2015 446 2187 501; x_wconf 90' lang='lat' dir='ltr'>nistra</span> <span class='ocrx_word' id='word_1_142' title='bbox 2215 452 2315 513; x_wconf 88' lang='lat' dir='ltr'>est,</span> <span class='ocrx_word' id='word_1_143' title='bbox 2352 452 2403 499; x_wconf 87' lang='lat' dir='ltr'>et</span> <span class='ocrx_word' id='word_1_144' title='bbox 2426 444 2674 498; x_wconf 87' lang='lat' dir='ltr'>laborum</span> <span class='ocrx_word' id='word_1_145' title='bbox 2705 451 2756 499; x_wconf 89' lang='lat' dir='ltr'>et</span> <span class='ocrx_word' id='word_1_146' title='bbox 2776 444 3028 500; x_wconf 89' lang='lat' dir='ltr'>dolorum</span> <span class='ocrx_word' id='word_1_147' title='bbox 3051 444 3315 510; x_wconf 86' lang='lat' dir='ltr'>solamen,</span> <span class='ocrx_word' id='word_1_148' title='bbox 3350 449 3403 495; x_wconf 88' lang='lat' dir='ltr'>et</span> <span class='ocrx_word' id='word_1_149' title='bbox 3432 441 3613 497; x_wconf 79' lang='lat' dir='ltr'>excel-</span> 
     </span>
    </p>
   </div>
   <div class='ocr_carea' id='block_1_20' title="bbox 2012 531 3611 604">
    <p class='ocr_par' dir='ltr' id='par_1_20' title="bbox 2012 531 3611 604">
     <span class='ocr_line' id='line_1_20' title="bbox 2012 531 3611 604; baseline -0.002 -15"><span class='ocrx_word' id='word_1_150' title='bbox 2012 535 2073 589; x_wconf 87' lang='lat' dir='ltr'>lit</span> <span class='ocrx_word' id='word_1_151' title='bbox 2119 534 2332 591; x_wconf 66' lang='lat' dir='ltr'>caeteris</span> <span class='ocrx_word' id='word_1_152' title='bbox 2376 533 2697 604; x_wconf 87' lang='lat' dir='ltr'>liquoribus.</span> <span class='ocrx_word' id='word_1_153' title='bbox 2733 534 2899 589; x_wconf 82' lang='lat' dir='ltr'>Misit.</span> <span class='ocrx_word' id='word_1_154' title='bbox 2952 531 3095 600; x_wconf 84' lang='lat' dir='ltr'>Quia</span> <span class='ocrx_word' id='word_1_155' title='bbox 3123 532 3405 587; x_wconf 87' lang='lat' dir='ltr'>lucernam</span> <span class='ocrx_word' id='word_1_156' title='bbox 3446 547 3611 603; x_wconf 88' lang='lat' dir='ltr'>quam</span> 
     </span>
    </p>
   </div>
   <div class='ocr_carea' id='block_1_21' title="bbox 2013 620 3608 694">
    <p class='ocr_par' dir='ltr' id='par_1_21' title="bbox 2013 620 3608 694">
     <span class='ocr_line' id='line_1_21' title="bbox 2013 620 3608 694; baseline -0.003 -15"><span class='ocrx_word' id='word_1_157' title='bbox 2013 624 2245 694; x_wconf 90' lang='lat' dir='ltr'>accepit,</span> <span class='ocrx_word' id='word_1_158' title='bbox 2279 639 2389 678; x_wconf 89' lang='lat' dir='ltr'>non</span> <span class='ocrx_word' id='word_1_159' title='bbox 2417 623 2533 679; x_wconf 84' lang='lat' dir='ltr'>vult</span> <span class='ocrx_word' id='word_1_160' title='bbox 2580 622 2679 681; x_wconf 90' lang='lat' dir='ltr'>sub</span> <span class='ocrx_word' id='word_1_161' title='bbox 2723 622 2905 676; x_wconf 90' lang='lat' dir='ltr'>modio</span> <span class='ocrx_word' id='word_1_162' title='bbox 2936 620 3222 678; x_wconf 87' lang='lat' dir='ltr'>abscondi.</span> <span class='ocrx_word' id='word_1_163' title='bbox 3253 622 3402 676; x_wconf 87' lang='lat' dir='ltr'>Duos</span> <span class='ocrx_word' id='word_1_164' title='bbox 3433 620 3608 676; x_wconf 86' lang='lat' dir='ltr'>disci-</span> 
     </span>
    </p>
   </div>
   <div class='ocr_carea' id='block_1_22' title="bbox 2012 708 3613 786">
    <p class='ocr_par' dir='ltr' id='par_1_22' title="bbox 2012 708 3613 786">
     <span class='ocr_line' id='line_1_22' title="bbox 2012 708 3613 786; baseline -0.002 -20"><span class='ocrx_word' id='word_1_165' title='bbox 2012 715 2197 786; x_wconf 84' lang='lat' dir='ltr'>pulos.</span> <span class='ocrx_word' id='word_1_166' title='bbox 2232 714 2354 767; x_wconf 91' lang='lat' dir='ltr'>Duo</span> <span class='ocrx_word' id='word_1_167' title='bbox 2384 718 2611 782; x_wconf 84' lang='lat' dir='ltr'>prOpter</span> <span class='ocrx_word' id='word_1_168' title='bbox 2642 710 2925 766; x_wconf 89' lang='lat' dir='ltr'>scientiam</span> <span class='ocrx_word' id='word_1_169' title='bbox 2945 709 3189 765; x_wconf 88' lang='lat' dir='ltr'>veritatis</span> <span class='ocrx_word' id='word_1_170' title='bbox 3220 717 3273 765; x_wconf 89' lang='lat' dir='ltr'>et</span> <span class='ocrx_word' id='word_1_171' title='bbox 3293 708 3613 764; x_wconf 87' lang='lat' dir='ltr'>munditiam</span> 
     </span>
    </p>
   </div>
   <div class='ocr_carea' id='block_1_23' title="bbox 2014 797 3613 872">
    <p class='ocr_par' dir='ltr' id='par_1_23' title="bbox 2014 797 3613 872">
     <span class='ocr_line' id='line_1_23' title="bbox 2014 797 3613 872; baseline -0.001 -16"><span class='ocrx_word' id='word_1_172' title='bbox 2014 800 2198 872; x_wconf 88' lang='lat' dir='ltr'>operis</span> <span class='ocrx_word' id='word_1_173' title='bbox 2217 842 2230 869; x_wconf 95' lang='lat'>,</span> <span class='ocrx_word' id='word_1_174' title='bbox 2284 809 2337 855; x_wconf 91' lang='lat' dir='ltr'>et</span> <span class='ocrx_word' id='word_1_175' title='bbox 2376 807 2781 855; x_wconf 86' lang='lat' dir='ltr'>sacramentum</span> <span class='ocrx_word' id='word_1_176' title='bbox 2812 798 3044 871; x_wconf 64' lang='lat' dir='ltr'>geminae</span> <span class='ocrx_word' id='word_1_177' title='bbox 3073 797 3380 853; x_wconf 87' lang='lat' dir='ltr'>dilectionis</span> <span class='ocrx_word' id='word_1_178' title='bbox 3407 797 3613 869; x_wconf 61' lang='lat' dir='ltr'>praedi-</span> 
     </span>
    </p>
   </div>
   <div class='ocr_carea' id='block_1_24' title="bbox 2014 886 3611 958">
    <p class='ocr_par' dir='ltr' id='par_1_24' title="bbox 2014 886 3611 958">
     <span class='ocr_line' id='line_1_24' title="bbox 2014 886 3611 958; baseline -0.004 -13"><span class='ocrx_word' id='word_1_179' title='bbox 2014 890 2209 945; x_wconf 88' lang='lat' dir='ltr'>caturi.</span> <span class='ocrx_word' id='word_1_180' title='bbox 2235 888 2470 957; x_wconf 87' lang='lat' dir='ltr'>Quidam</span> <span class='ocrx_word' id='word_1_181' title='bbox 2491 888 2678 944; x_wconf 90' lang='lat' dir='ltr'>dicunt</span> <span class='ocrx_word' id='word_1_182' title='bbox 2697 889 2798 943; x_wconf 88' lang='lat' dir='ltr'>hos</span> <span class='ocrx_word' id='word_1_183' title='bbox 2815 888 2952 943; x_wconf 90' lang='lat' dir='ltr'>duos</span> <span class='ocrx_word' id='word_1_184' title='bbox 2975 888 3192 942; x_wconf 90' lang='lat' dir='ltr'>Petrum</span> <span class='ocrx_word' id='word_1_185' title='bbox 3214 894 3267 941; x_wconf 89' lang='lat' dir='ltr'>et</span> <span class='ocrx_word' id='word_1_186' title='bbox 3282 886 3611 958; x_wconf 89' lang='lat' dir='ltr'>Philippum,</span> 
     </span>
    </p>
   </div>
   <div class='ocr_carea' id='block_1_25' title="bbox 2016 975 3615 1050">
    <p class='ocr_par' dir='ltr' id='par_1_25' title="bbox 2016 975 3615 1050">
     <span class='ocr_line' id='line_1_25' title="bbox 2016 975 3615 1050; baseline -0.003 -17"><span class='ocrx_word' id='word_1_187' title='bbox 2016 978 2109 1050; x_wconf 88' lang='lat' dir='ltr'>qui</span> <span class='ocrx_word' id='word_1_188' title='bbox 2137 978 2371 1049; x_wconf 89' lang='lat' dir='ltr'>primum</span> <span class='ocrx_word' id='word_1_189' title='bbox 2419 978 2651 1049; x_wconf 88' lang='lat' dir='ltr'>gentiles</span> <span class='ocrx_word' id='word_1_190' title='bbox 2681 976 2751 1033; x_wconf 88' lang='lat' dir='ltr'>ad</span> <span class='ocrx_word' id='word_1_191' title='bbox 2781 976 3055 1031; x_wconf 88' lang='lat' dir='ltr'>Christum</span> <span class='ocrx_word' id='word_1_192' title='bbox 3084 975 3455 1044; x_wconf 86' lang='lat' dir='ltr'>adduxerunt,</span> <span class='ocrx_word' id='word_1_193' title='bbox 3487 975 3615 1029; x_wconf 87' lang='lat' dir='ltr'>Phi-</span> 
     </span>
    </p>
   </div>
   <div class='ocr_carea' id='block_1_26' title="bbox 2014 1064 3615 1138">
    <p class='ocr_par' dir='ltr' id='par_1_26' title="bbox 2014 1064 3615 1138">
     <span class='ocr_line' id='line_1_26' title="bbox 2014 1064 3615 1138; baseline 0 -17"><span class='ocrx_word' id='word_1_194' title='bbox 2014 1067 2195 1138; x_wconf 92' lang='lat' dir='ltr'>lippus</span> <span class='ocrx_word' id='word_1_195' title='bbox 2229 1066 2532 1123; x_wconf 86' lang='lat' dir='ltr'>Samariam</span> <span class='ocrx_word' id='word_1_196' title='bbox 2562 1082 2726 1137; x_wconf 89' lang='lat' dir='ltr'>quam</span> <span class='ocrx_word' id='word_1_197' title='bbox 2753 1066 2978 1121; x_wconf 83' lang='lat' dir='ltr'>asinam</span> <span class='ocrx_word' id='word_1_198' title='bbox 3007 1065 3460 1135; x_wconf 86' lang='lat' dir='ltr'>interpretantur,</span> <span class='ocrx_word' id='word_1_199' title='bbox 3507 1064 3615 1121; x_wconf 87' lang='lat' dir='ltr'>Pe-</span> 
     </span>
    </p>
   </div>
   <div class='ocr_carea' id='block_1_27' title="bbox 2016 1154 3219 1226">
    <p class='ocr_par' dir='ltr' id='par_1_27' title="bbox 2016 1154 3219 1226">
     <span class='ocr_line' id='line_1_27' title="bbox 2016 1154 3219 1226; baseline -0.001 -16"><span class='ocrx_word' id='word_1_200' title='bbox 2016 1164 2132 1211; x_wconf 89' lang='lat' dir='ltr'>trus</span> <span class='ocrx_word' id='word_1_201' title='bbox 2163 1156 2476 1211; x_wconf 91' lang='lat' dir='ltr'>Cornelium</span> <span class='ocrx_word' id='word_1_202' title='bbox 2508 1156 2663 1226; x_wconf 81' lang='lat' dir='ltr'>quasi</span> <span class='ocrx_word' id='word_1_203' title='bbox 2696 1155 2958 1210; x_wconf 63' lang='lat' dir='ltr'>Samaria:</span> <span class='ocrx_word' id='word_1_204' title='bbox 2994 1154 3219 1225; x_wconf 89' lang='lat' dir='ltr'>pullum.</span> 
     </span>
    </p>
   </div>
   <div class='ocr_carea' id='block_1_28' title="bbox 2088 1242 3615 1317">
    <p class='ocr_par' dir='ltr' id='par_1_28' title="bbox 2088 1242 3615 1317">
     <span class='ocr_line' id='line_1_28' title="bbox 2088 1242 3615 1317; baseline -0.002 -17"><span class='ocrx_word' id='word_1_205' title='bbox 2088 1246 2257 1300; x_wconf 76' lang='lat' dir='ltr'>Vnus.</span> <span class='ocrx_word' id='word_1_206' title='bbox 2290 1249 2344 1302; x_wconf 91' lang='grc'>2.</span> <span class='ocrx_word' id='word_1_207' title='bbox 2369 1275 2438 1284; x_wconf 90' lang='grc'><strong><em>-</em></strong></span> <span class='ocrx_word' id='word_1_208' title='bbox 2459 1246 2529 1299; x_wconf 89' lang='lat' dir='ltr'>Et</span> <span class='ocrx_word' id='word_1_209' title='bbox 2574 1246 2824 1317; x_wconf 85' lang='lat' dir='ltr'>pullum.</span> <span class='ocrx_word' id='word_1_210' title='bbox 2876 1243 3058 1300; x_wconf 89' lang='lat' dir='ltr'>Pullus</span> <span class='ocrx_word' id='word_1_211' title='bbox 3092 1251 3173 1298; x_wconf 89' lang='lat' dir='ltr'>est</span> <span class='ocrx_word' id='word_1_212' title='bbox 3204 1242 3435 1314; x_wconf 91' lang='lat' dir='ltr'>populus</span> <span class='ocrx_word' id='word_1_213' title='bbox 3472 1259 3615 1316; x_wconf 89' lang='lat' dir='ltr'>gen-</span> 
     </span>
    </p>
   </div>
   <div class='ocr_carea' id='block_1_29' title="bbox 2017 1332 3617 1389">
    <p class='ocr_par' dir='ltr' id='par_1_29' title="bbox 2017 1332 3617 1389">
     <span class='ocr_line' id='line_1_29' title="bbox 2017 1332 3617 1389; baseline 0.001 -1"><span class='ocrx_word' id='word_1_214' title='bbox 2017 1333 2151 1388; x_wconf 88' lang='lat' dir='ltr'>tium</span> <span class='ocrx_word' id='word_1_215' title='bbox 2194 1333 2283 1389; x_wconf 92' lang='lat' dir='ltr'>cui</span> <span class='ocrx_word' id='word_1_216' title='bbox 2334 1333 2512 1388; x_wconf 90' lang='lat' dir='ltr'>nullus</span> <span class='ocrx_word' id='word_1_217' title='bbox 2558 1332 2843 1389; x_wconf 89' lang='lat' dir='ltr'>doctorum</span> <span class='ocrx_word' id='word_1_218' title='bbox 2875 1333 3090 1389; x_wconf 88' lang='lat' dir='ltr'>frenum</span> <span class='ocrx_word' id='word_1_219' title='bbox 3120 1332 3478 1389; x_wconf 86' lang='lat' dir='ltr'>correctionis</span> <span class='ocrx_word' id='word_1_220' title='bbox 3508 1332 3617 1389; x_wconf 88' lang='lat' dir='ltr'>im-</span> 
     </span>
    </p>
   </div>
   <div class='ocr_carea' id='block_1_30' title="bbox 2015 1421 3619 1494">
    <p class='ocr_par' dir='ltr' id='par_1_30' title="bbox 2015 1421 3619 1494">
     <span class='ocr_line' id='line_1_30' title="bbox 2015 1421 3619 1494; baseline 0.001 -17"><span class='ocrx_word' id='word_1_221' title='bbox 2015 1423 2213 1493; x_wconf 89' lang='lat' dir='ltr'>posuit,</span> <span class='ocrx_word' id='word_1_222' title='bbox 2236 1423 2378 1478; x_wconf 89' lang='lat' dir='ltr'>liber</span> <span class='ocrx_word' id='word_1_223' title='bbox 2406 1431 2459 1477; x_wconf 92' lang='lat' dir='ltr'>et</span> <span class='ocrx_word' id='word_1_224' title='bbox 2480 1422 2738 1489; x_wconf 74' lang='lat' dir='ltr'>lascivus,</span> <span class='ocrx_word' id='word_1_225' title='bbox 2771 1423 2864 1493; x_wconf 91' lang='lat' dir='ltr'>qui</span> <span class='ocrx_word' id='word_1_226' title='bbox 2895 1431 2947 1478; x_wconf 91' lang='lat' dir='ltr'>et</span> <span class='ocrx_word' id='word_1_227' title='bbox 2975 1423 3093 1494; x_wconf 90' lang='lat' dir='ltr'>ipse</span> <span class='ocrx_word' id='word_1_228' title='bbox 3123 1421 3349 1479; x_wconf 88' lang='lat' dir='ltr'>vinculis</span> <span class='ocrx_word' id='word_1_229' title='bbox 3368 1430 3619 1493; x_wconf 87' lang='lat' dir='ltr'>peccato-</span> 
     </span>
    </p>
   </div>
   <div class='ocr_carea' id='block_1_31' title="bbox 2016 1512 3618 1584">
    <p class='ocr_par' dir='ltr' id='par_1_31' title="bbox 2016 1512 3618 1584">
     <span class='ocr_line' id='line_1_31' title="bbox 2016 1512 3618 1584; baseline 0 -18"><span class='ocrx_word' id='word_1_230' title='bbox 2016 1528 2134 1566; x_wconf 90' lang='lat' dir='ltr'>rum</span> <span class='ocrx_word' id='word_1_231' title='bbox 2158 1512 2399 1566; x_wconf 87' lang='lat' dir='ltr'>irretitus</span> <span class='ocrx_word' id='word_1_232' title='bbox 2421 1519 2558 1568; x_wconf 89' lang='lat' dir='ltr'>erat.</span> <span class='ocrx_word' id='word_1_233' title='bbox 2587 1513 2790 1568; x_wconf 83' lang='lat' dir='ltr'>Omnes</span> <span class='ocrx_word' id='word_1_234' title='bbox 2812 1513 2966 1567; x_wconf 85' lang='lat' dir='ltr'>enim</span> <span class='ocrx_word' id='word_1_235' title='bbox 2979 1515 3359 1584; x_wconf 88' lang='lat' dir='ltr'>peccaverunt</span> <span class='ocrx_word' id='word_1_236' title='bbox 3380 1515 3437 1566; x_wconf 87' lang='lat' dir='ltr'>et</span> <span class='ocrx_word' id='word_1_237' title='bbox 3455 1515 3618 1582; x_wconf 85' lang='lat' dir='ltr'>egent</span> 
     </span>
    </p>
   </div>
   <div class='ocr_carea' id='block_1_32' title="bbox 2014 1600 3616 1672">
    <p class='ocr_par' dir='ltr' id='par_1_32' title="bbox 2014 1600 3616 1672">
     <span class='ocr_line' id='line_1_32' title="bbox 2014 1600 3616 1672; baseline -0.001 -16"><span class='ocrx_word' id='word_1_238' title='bbox 2014 1603 2202 1672; x_wconf 88' lang='lat' dir='ltr'>gratia</span> <span class='ocrx_word' id='word_1_239' title='bbox 2230 1602 2331 1657; x_wconf 85' lang='lat' dir='ltr'>Dei</span> <span class='ocrx_word' id='word_1_240' title='bbox 2379 1602 2558 1671; x_wconf 87' lang='lat' dir='ltr'>(Rom.</span> <span class='ocrx_word' id='word_1_241' title='bbox 2591 1604 2696 1672; x_wconf 84' lang='lat' dir='ltr'>III).</span> <span class='ocrx_word' id='word_1_242' title='bbox 2729 1600 2835 1655; x_wconf 86' lang='lat' dir='ltr'>Alii</span> <span class='ocrx_word' id='word_1_243' title='bbox 2863 1602 2931 1655; x_wconf 89' lang='lat' dir='ltr'>de</span> <span class='ocrx_word' id='word_1_244' title='bbox 2962 1601 3079 1656; x_wconf 90' lang='lat' dir='ltr'>solo</span> <span class='ocrx_word' id='word_1_245' title='bbox 3109 1600 3256 1671; x_wconf 92' lang='lat' dir='ltr'>pullo</span> <span class='ocrx_word' id='word_1_246' title='bbox 3289 1618 3302 1654; x_wconf 87' lang='lat'><strong>:</strong></span> <span class='ocrx_word' id='word_1_247' title='bbox 3335 1600 3616 1655; x_wconf 64' lang='lat' dir='ltr'>Matthaeus</span> 
     </span>
    </p>
   </div>
   <div class='ocr_carea' id='block_1_33' title="bbox 316 1686 3623 1770">
    <p class='ocr_par' dir='ltr' id='par_1_33' title="bbox 316 1686 3623 1770">
     <span class='ocr_line' id='line_1_33' title="bbox 316 1686 3623 1770; baseline -0 -26"><span class='ocrx_word' id='word_1_248' title='bbox 316 1689 495 1761; x_wconf 87' lang='lat' dir='ltr'>ceptio</span> <span class='ocrx_word' id='word_1_249' title='bbox 516 1692 600 1743; x_wconf 87' lang='lat' dir='ltr'>est</span> <span class='ocrx_word' id='word_1_250' title='bbox 622 1689 773 1760; x_wconf 85' lang='lat' dir='ltr'>apud</span> <span class='ocrx_word' id='word_1_251' title='bbox 802 1689 980 1743; x_wconf 88' lang='lat' dir='ltr'>Deum</span> <span class='ocrx_word' id='word_1_252' title='bbox 1002 1706 1019 1741; x_wconf 91' lang='lat'><strong><em>:</em></strong></span> <span class='ocrx_word' id='word_1_253' title='bbox 1043 1686 1150 1741; x_wconf 88' lang='lat' dir='ltr'>Sed</span> <span class='ocrx_word' id='word_1_254' title='bbox 1172 1686 1478 1757; x_wconf 87' lang='lat' dir='ltr'>quicunque</span> <span class='ocrx_word' id='word_1_255' title='bbox 1505 1686 1704 1758; x_wconf 88' lang='lat' dir='ltr'>dignus</span> <span class='ocrx_word' id='word_1_256' title='bbox 1726 1694 1810 1740; x_wconf 90' lang='lat' dir='ltr'>est</span> <span class='ocrx_word' id='word_1_257' title='bbox 1829 1703 1916 1740; x_wconf 89' lang='lat' dir='ltr'>ac-</span> <span class='ocrx_word' id='word_1_258' title='bbox 1937 1711 1990 1770; x_wconf 85' lang='lat' dir='ltr'>B</span> <span class='ocrx_word' id='word_1_259' title='bbox 2020 1689 2112 1762; x_wconf 87' lang='lat' dir='ltr'>qui</span> <span class='ocrx_word' id='word_1_260' title='bbox 2140 1689 2385 1745; x_wconf 81' lang='lat' dir='ltr'>Hebraeis</span> <span class='ocrx_word' id='word_1_261' title='bbox 2437 1689 2651 1757; x_wconf 89' lang='lat' dir='ltr'>scribit,</span> <span class='ocrx_word' id='word_1_262' title='bbox 2704 1691 2868 1770; x_wconf 80' lang='lat' dir='ltr'>etde</span> <span class='ocrx_word' id='word_1_263' title='bbox 2899 1689 3053 1743; x_wconf 89' lang='lat' dir='ltr'>asina</span> <span class='ocrx_word' id='word_1_264' title='bbox 3103 1688 3231 1744; x_wconf 89' lang='lat' dir='ltr'>dicit</span> <span class='ocrx_word' id='word_1_265' title='bbox 3278 1689 3480 1743; x_wconf 91' lang='lat' dir='ltr'>docens</span> <span class='ocrx_word' id='word_1_266' title='bbox 3511 1703 3623 1745; x_wconf 90' lang='lat' dir='ltr'>non</span> 
     </span>
    </p>
   </div>
   <div class='ocr_carea' id='block_1_34' title="bbox 315 1774 1919 1849">
    <p class='ocr_par' dir='ltr' id='par_1_34' title="bbox 315 1774 1919 1849">
     <span class='ocr_line' id='line_1_34' title="bbox 315 1774 1919 1849; baseline -0.003 -14"><span class='ocrx_word' id='word_1_267' title='bbox 315 1778 465 1849; x_wconf 88' lang='lat' dir='ltr'>cipit,</span> <span class='ocrx_word' id='word_1_268' title='bbox 497 1777 641 1849; x_wconf 87' lang='lat' dir='ltr'>quod</span> <span class='ocrx_word' id='word_1_269' title='bbox 671 1792 780 1833; x_wconf 89' lang='lat' dir='ltr'>non</span> <span class='ocrx_word' id='word_1_270' title='bbox 828 1784 1075 1846; x_wconf 89' lang='lat' dir='ltr'>paratum</span> <span class='ocrx_word' id='word_1_271' title='bbox 1123 1790 1376 1846; x_wconf 62' lang='lat' dir='ltr'>persona:</span> <span class='ocrx_word' id='word_1_272' title='bbox 1404 1782 1521 1841; x_wconf 87' lang='lat' dir='ltr'>est,</span> <span class='ocrx_word' id='word_1_273' title='bbox 1557 1775 1653 1829; x_wconf 86' lang='lat' dir='ltr'>sed</span> <span class='ocrx_word' id='word_1_274' title='bbox 1685 1774 1827 1830; x_wconf 83' lang='lat' dir='ltr'>vitae.</span> <span class='ocrx_word' id='word_1_275' title='bbox 1863 1776 1919 1830; x_wconf 93' lang='lat' dir='ltr'>Si</span> 
     </span>
    </p>
   </div>
   <div class='ocr_carea' id='block_1_35' title="bbox 326 1861 1924 1938">
    <p class='ocr_par' dir='ltr' id='par_1_35' title="bbox 326 1861 1924 1938">
     <span class='ocr_line' id='line_1_35' title="bbox 326 1861 1924 1938; baseline -0.003 -15"><span class='ocrx_word' id='word_1_276' title='bbox 326 1867 509 1938; x_wconf 87' lang='lat' dir='ltr'>itaque</span> <span class='ocrx_word' id='word_1_277' title='bbox 539 1865 676 1921; x_wconf 90' lang='lat' dir='ltr'>tales</span> <span class='ocrx_word' id='word_1_278' title='bbox 707 1865 836 1921; x_wconf 90' lang='lat' dir='ltr'>estis</span> <span class='ocrx_word' id='word_1_279' title='bbox 866 1865 957 1935; x_wconf 92' lang='lat' dir='ltr'>qui</span> <span class='ocrx_word' id='word_1_280' title='bbox 988 1863 1419 1935; x_wconf 88' lang='lat' dir='ltr'>consequamini,</span> <span class='ocrx_word' id='word_1_281' title='bbox 1450 1863 1597 1934; x_wconf 91' lang='lat' dir='ltr'>quod</span> <span class='ocrx_word' id='word_1_282' title='bbox 1624 1861 1924 1919; x_wconf 85' lang='lat' dir='ltr'>victoribus</span> 
     </span>
    </p>
   </div>
   <div class='ocr_carea' id='block_1_36' title="bbox 325 1952 1924 2027">
    <p class='ocr_par' dir='ltr' id='par_1_36' title="bbox 325 1952 1924 2027">
     <span class='ocr_line' id='line_1_36' title="bbox 325 1952 1924 2027; baseline -0.001 -18"><span class='ocrx_word' id='word_1_283' title='bbox 325 1964 481 2027; x_wconf 87' lang='lat' dir='ltr'>pater</span> <span class='ocrx_word' id='word_1_284' title='bbox 528 1954 751 2026; x_wconf 88' lang='lat' dir='ltr'>paravit,</span> <span class='ocrx_word' id='word_1_285' title='bbox 804 1952 1099 2024; x_wconf 87' lang='lat' dir='ltr'>accipietis.</span> <span class='ocrx_word' id='word_1_286' title='bbox 1152 1952 1252 2008; x_wconf 87' lang='lat' dir='ltr'>Vel</span> <span class='ocrx_word' id='word_1_287' title='bbox 1299 1968 1410 2006; x_wconf 91' lang='lat' dir='ltr'>non</span> <span class='ocrx_word' id='word_1_288' title='bbox 1454 1960 1538 2007; x_wconf 86' lang='lat' dir='ltr'>est</span> <span class='ocrx_word' id='word_1_289' title='bbox 1584 1967 1767 2007; x_wconf 90' lang='lat' dir='ltr'>meum</span> <span class='ocrx_word' id='word_1_290' title='bbox 1796 1952 1924 2008; x_wconf 90' lang='lat' dir='ltr'>dare</span> 
     </span>
    </p>
   </div>
   <div class='ocr_carea' id='block_1_37' title="bbox 323 2040 1925 2116">
    <p class='ocr_par' dir='ltr' id='par_1_37' title="bbox 323 2040 1925 2116">
     <span class='ocr_line' id='line_1_37' title="bbox 323 2040 1925 2116; baseline -0.003 -16"><span class='ocrx_word' id='word_1_291' title='bbox 323 2044 595 2116; x_wconf 87' lang='lat' dir='ltr'>superbis,</span> <span class='ocrx_word' id='word_1_292' title='bbox 629 2042 775 2115; x_wconf 90' lang='lat' dir='ltr'>quod</span> <span class='ocrx_word' id='word_1_293' title='bbox 803 2043 978 2097; x_wconf 87' lang='lat' dir='ltr'>adhuc</span> <span class='ocrx_word' id='word_1_294' title='bbox 1009 2042 1160 2108; x_wconf 89' lang='lat' dir='ltr'>estis,</span> <span class='ocrx_word' id='word_1_295' title='bbox 1185 2041 1283 2096; x_wconf 90' lang='lat' dir='ltr'>sed</span> <span class='ocrx_word' id='word_1_296' title='bbox 1312 2041 1431 2095; x_wconf 89' lang='lat' dir='ltr'>aliis</span> <span class='ocrx_word' id='word_1_297' title='bbox 1453 2040 1648 2113; x_wconf 90' lang='lat' dir='ltr'>quibus</span> <span class='ocrx_word' id='word_1_298' title='bbox 1678 2049 1925 2112; x_wconf 88' lang='lat' dir='ltr'>paratum</span> 
     </span>
    </p>
   </div>
   <div class='ocr_carea' id='block_1_38' title="bbox 325 2130 1922 2205">
    <p class='ocr_par' dir='ltr' id='par_1_38' title="bbox 325 2130 1922 2205">
     <span class='ocr_line' id='line_1_38' title="bbox 325 2130 1922 2205; baseline -0.003 -16"><span class='ocrx_word' id='word_1_299' title='bbox 325 2141 428 2190; x_wconf 88' lang='lat' dir='ltr'>est.</span> <span class='ocrx_word' id='word_1_300' title='bbox 459 2134 612 2205; x_wconf 83' lang='lat' dir='ltr'>Ergo</span> <span class='ocrx_word' id='word_1_301' title='bbox 661 2140 714 2187; x_wconf 87' lang='lat' dir='ltr'>et</span> <span class='ocrx_word' id='word_1_302' title='bbox 756 2146 855 2188; x_wconf 87' lang='lat' dir='ltr'>vos</span> <span class='ocrx_word' id='word_1_303' title='bbox 904 2131 1071 2186; x_wconf 90' lang='lat' dir='ltr'>nolite</span> <span class='ocrx_word' id='word_1_304' title='bbox 1101 2147 1223 2186; x_wconf 88' lang='lat' dir='ltr'>esse</span> <span class='ocrx_word' id='word_1_305' title='bbox 1255 2131 1401 2202; x_wconf 90' lang='lat' dir='ltr'>quod</span> <span class='ocrx_word' id='word_1_306' title='bbox 1431 2130 1583 2200; x_wconf 91' lang='lat' dir='ltr'>estis,</span> <span class='ocrx_word' id='word_1_307' title='bbox 1620 2131 1718 2185; x_wconf 89' lang='lat' dir='ltr'>sed</span> <span class='ocrx_word' id='word_1_308' title='bbox 1749 2138 1922 2186; x_wconf 89' lang='lat' dir='ltr'>estote</span> 
     </span>
    </p>
   </div>
   <div class='ocr_carea' id='block_1_39' title="bbox 322 2218 1924 2292">
    <p class='ocr_par' dir='ltr' id='par_1_39' title="bbox 322 2218 1924 2292">
     <span class='ocr_line' id='line_1_39' title="bbox 322 2218 1924 2292; baseline -0.002 -15"><span class='ocrx_word' id='word_1_309' title='bbox 322 2222 443 2289; x_wconf 89' lang='lat' dir='ltr'>alii,</span> <span class='ocrx_word' id='word_1_310' title='bbox 499 2221 553 2277; x_wconf 89' lang='lat' dir='ltr'>id</span> <span class='ocrx_word' id='word_1_311' title='bbox 577 2228 691 2287; x_wconf 86' lang='lat' dir='ltr'>est,</span> <span class='ocrx_word' id='word_1_312' title='bbox 742 2219 1102 2276; x_wconf 88' lang='lat' dir='ltr'>humiliamini</span> <span class='ocrx_word' id='word_1_313' title='bbox 1135 2220 1226 2292; x_wconf 91' lang='lat' dir='ltr'>qui</span> <span class='ocrx_word' id='word_1_314' title='bbox 1247 2220 1361 2288; x_wconf 90' lang='lat' dir='ltr'>jam</span> <span class='ocrx_word' id='word_1_315' title='bbox 1390 2219 1550 2275; x_wconf 89' lang='lat' dir='ltr'>vultis</span> <span class='ocrx_word' id='word_1_316' title='bbox 1582 2218 1834 2286; x_wconf 84' lang='lat' dir='ltr'>exaltari,</span> <span class='ocrx_word' id='word_1_317' title='bbox 1869 2226 1924 2274; x_wconf 89' lang='lat' dir='ltr'>et</span> 
     </span>
    </p>
   </div>
   <div class='ocr_carea' id='block_1_40' title="bbox 321 2308 885 2381">
    <p class='ocr_par' dir='ltr' id='par_1_40' title="bbox 321 2308 885 2381">
     <span class='ocr_line' id='line_1_40' title="bbox 321 2308 885 2381; baseline -0.005 -14"><span class='ocrx_word' id='word_1_318' title='bbox 321 2318 406 2367; x_wconf 90' lang='lat' dir='ltr'>est</span> <span class='ocrx_word' id='word_1_319' title='bbox 429 2316 680 2381; x_wconf 89' lang='lat' dir='ltr'>paratum</span> <span class='ocrx_word' id='word_1_320' title='bbox 710 2308 885 2365; x_wconf 85' lang='lat' dir='ltr'>vobis.</span> 
     </span>
    </p>
   </div>
   <div class='ocr_carea' id='block_1_41' title="bbox 334 2388 1923 2456">
    <p class='ocr_par' dir='ltr' id='par_1_41' title="bbox 334 2388 1923 2456">
     <span class='ocr_line' id='line_1_41' title="bbox 334 2388 1923 2456; baseline -0.004 0"><span class='ocrx_word' id='word_1_321' title='bbox 334 2388 336 2391; x_wconf 80' lang='grc'><em>’</em></span> <span class='ocrx_word' id='word_1_322' title='bbox 390 2400 543 2456; x_wconf 67' lang='grc' dir='ltr'>νεκε</span> <span class='ocrx_word' id='word_1_323' title='bbox 569 2402 659 2456; x_wconf 64' lang='lat' dir='ltr'>at.</span> <span class='ocrx_word' id='word_1_324' title='bbox 683 2427 753 2440; x_wconf 92' lang='grc'><strong><em>--</em></strong></span> <span class='ocrx_word' id='word_1_325' title='bbox 771 2400 844 2453; x_wconf 85' lang='lat' dir='ltr'>Et</span> <span class='ocrx_word' id='word_1_326' title='bbox 873 2399 1171 2454; x_wconf 75' lang='lat' dir='ltr'>audientes</span> <span class='ocrx_word' id='word_1_327' title='bbox 1200 2397 1410 2454; x_wconf 84' lang='lat' dir='ltr'>decem.</span> <span class='ocrx_word' id='word_1_328' title='bbox 1437 2396 1504 2452; x_wconf 91' lang='lat' dir='ltr'>Ut</span> <span class='ocrx_word' id='word_1_329' title='bbox 1533 2396 1611 2450; x_wconf 91' lang='lat' dir='ltr'>illi</span> <span class='ocrx_word' id='word_1_330' title='bbox 1641 2396 1923 2452; x_wconf 83' lang='lat' dir='ltr'>carnaliter</span> 
     </span>
    </p>
   </div>
   <div class='ocr_carea' id='block_1_42' title="bbox 318 2485 1922 2562">
    <p class='ocr_par' dir='ltr' id='par_1_42' title="bbox 318 2485 1922 2562">
     <span class='ocr_line' id='line_1_42' title="bbox 318 2485 1922 2562; baseline -0.002 -17"><span class='ocrx_word' id='word_1_331' title='bbox 318 2488 624 2562; x_wconf 87' lang='lat' dir='ltr'>petiverunt</span> <span class='ocrx_word' id='word_1_332' title='bbox 668 2504 791 2542; x_wconf 91' lang='lat' dir='ltr'>esse</span> <span class='ocrx_word' id='word_1_333' title='bbox 839 2503 1001 2559; x_wconf 88' lang='lat' dir='ltr'>super</span> <span class='ocrx_word' id='word_1_334' title='bbox 1046 2501 1272 2551; x_wconf 90' lang='lat' dir='ltr'>omnes,</span> <span class='ocrx_word' id='word_1_335' title='bbox 1323 2486 1400 2541; x_wconf 90' lang='lat' dir='ltr'>sic</span> <span class='ocrx_word' id='word_1_336' title='bbox 1441 2493 1494 2541; x_wconf 88' lang='lat' dir='ltr'>et</span> <span class='ocrx_word' id='word_1_337' title='bbox 1524 2485 1612 2541; x_wconf 89' lang='lat' dir='ltr'>isti</span> <span class='ocrx_word' id='word_1_338' title='bbox 1640 2485 1922 2543; x_wconf 86' lang='lat' dir='ltr'>carnaliter</span> 
     </span>
    </p>
   </div>
   <div class='ocr_carea' id='block_1_43' title="bbox 321 2575 1467 2647">
    <p class='ocr_par' dir='ltr' id='par_1_43' title="bbox 321 2575 1467 2647">
     <span class='ocr_line' id='line_1_43' title="bbox 321 2575 1467 2647; baseline -0.005 -12"><span class='ocrx_word' id='word_1_339' title='bbox 321 2577 616 2635; x_wconf 89' lang='lat' dir='ltr'>contristati</span> <span class='ocrx_word' id='word_1_340' title='bbox 664 2585 786 2633; x_wconf 92' lang='lat' dir='ltr'>sunt</span> <span class='ocrx_word' id='word_1_341' title='bbox 816 2592 937 2632; x_wconf 89' lang='lat' dir='ltr'>esse</span> <span class='ocrx_word' id='word_1_342' title='bbox 966 2575 1201 2647; x_wconf 88' lang='lat' dir='ltr'>aliquem</span> <span class='ocrx_word' id='word_1_343' title='bbox 1230 2583 1353 2630; x_wconf 89' lang='lat' dir='ltr'>ante</span> <span class='ocrx_word' id='word_1_344' title='bbox 1381 2591 1467 2631; x_wconf 89' lang='lat' dir='ltr'>se.</span> 
     </span>
    </p>
   </div>
   <div class='ocr_carea' id='block_1_44' title="bbox 391 2663 1924 2730">
    <p class='ocr_par' dir='ltr' id='par_1_44' title="bbox 391 2663 1924 2730">
     <span class='ocr_line' id='line_1_44' title="bbox 391 2663 1924 2730; baseline -0.005 -5"><span class='ocrx_word' id='word_1_345' title='bbox 391 2668 565 2725; x_wconf 70' lang='lat' dir='ltr'>Vens.</span> <span class='ocrx_word' id='word_1_346' title='bbox 599 2669 687 2722; x_wconf 90' lang='lat'>30.</span> <span class='ocrx_word' id='word_1_347' title='bbox 736 2668 808 2722; x_wconf 88' lang='lat' dir='ltr'>Et</span> <span class='ocrx_word' id='word_1_348' title='bbox 835 2682 960 2722; x_wconf 91' lang='lat' dir='ltr'>ecce</span> <span class='ocrx_word' id='word_1_349' title='bbox 1003 2667 1111 2723; x_wconf 86' lang='lat' dir='ltr'>duo</span> <span class='ocrx_word' id='word_1_350' title='bbox 1139 2667 1292 2721; x_wconf 75' lang='lat' dir='ltr'>cccci.</span> <span class='ocrx_word' id='word_1_351' title='bbox 1325 2666 1407 2718; x_wconf 90' lang='lat' dir='ltr'>De</span> <span class='ocrx_word' id='word_1_352' title='bbox 1436 2663 1554 2718; x_wconf 91' lang='lat' dir='ltr'>istis</span> <span class='ocrx_word' id='word_1_353' title='bbox 1582 2679 1747 2730; x_wconf 87' lang='lat' dir='ltr'>unum</span> <span class='ocrx_word' id='word_1_354' title='bbox 1776 2678 1924 2717; x_wconf 91' lang='lat' dir='ltr'>com-</span> 
     </span>
    </p>
   </div>
   <div class='ocr_carea' id='block_1_45' title="bbox 320 2751 1921 2826">
    <p class='ocr_par' dir='ltr' id='par_1_45' title="bbox 320 2751 1921 2826">
     <span class='ocr_line' id='line_1_45' title="bbox 320 2751 1921 2826; baseline -0.004 -13"><span class='ocrx_word' id='word_1_355' title='bbox 320 2763 580 2813; x_wconf 89' lang='lat' dir='ltr'>memorat</span> <span class='ocrx_word' id='word_1_356' title='bbox 608 2755 832 2819; x_wconf 88' lang='lat' dir='ltr'>Marcus,</span> <span class='ocrx_word' id='word_1_357' title='bbox 867 2753 990 2826; x_wconf 90' lang='lat' dir='ltr'>quia</span> <span class='ocrx_word' id='word_1_358' title='bbox 1017 2753 1189 2808; x_wconf 85' lang='lat' dir='ltr'>fuerat</span> <span class='ocrx_word' id='word_1_359' title='bbox 1216 2753 1270 2806; x_wconf 92' lang='lat' dir='ltr'>in</span> <span class='ocrx_word' id='word_1_360' title='bbox 1300 2752 1390 2805; x_wconf 87' lang='lat' dir='ltr'>illa</span> <span class='ocrx_word' id='word_1_361' title='bbox 1417 2752 1628 2807; x_wconf 89' lang='lat' dir='ltr'>civitate</span> <span class='ocrx_word' id='word_1_362' title='bbox 1667 2751 1921 2807; x_wconf 88' lang='lat' dir='ltr'>famosis-</span> 
     </span>
    </p>
   </div>
   <div class='ocr_carea' id='block_1_46' title="bbox 323 2840 1922 2916">
    <p class='ocr_par' dir='ltr' id='par_1_46' title="bbox 323 2840 1922 2916">
     <span class='ocr_line' id='line_1_46' title="bbox 323 2840 1922 2916; baseline -0.004 -14"><span class='ocrx_word' id='word_1_363' title='bbox 323 2847 524 2903; x_wconf 90' lang='lat' dir='ltr'>simus:</span> <span class='ocrx_word' id='word_1_364' title='bbox 545 2843 638 2916; x_wconf 91' lang='lat' dir='ltr'>qui</span> <span class='ocrx_word' id='word_1_365' title='bbox 666 2860 732 2899; x_wconf 84' lang='lat' dir='ltr'>ex</span> <span class='ocrx_word' id='word_1_366' title='bbox 752 2858 948 2914; x_wconf 85' lang='lat' dir='ltr'>magna</span> <span class='ocrx_word' id='word_1_367' title='bbox 977 2841 1227 2897; x_wconf 89' lang='lat' dir='ltr'>felicitate</span> <span class='ocrx_word' id='word_1_368' title='bbox 1258 2841 1459 2909; x_wconf 86' lang='lat' dir='ltr'>ejectus</span> <span class='ocrx_word' id='word_1_369' title='bbox 1481 2840 1777 2896; x_wconf 67' lang='lat' dir='ltr'>notissimae</span> <span class='ocrx_word' id='word_1_370' title='bbox 1812 2848 1922 2896; x_wconf 89' lang='lat' dir='ltr'>erat</span> 
     </span>
    </p>
   </div>
   <div class='ocr_carea' id='block_1_47' title="bbox 324 2930 1921 3003">
    <p class='ocr_par' dir='ltr' id='par_1_47' title="bbox 324 2930 1921 3003">
     <span class='ocr_line' id='line_1_47' title="bbox 324 2930 1921 3003; baseline -0.005 -11"><span class='ocrx_word' id='word_1_371' title='bbox 324 2934 580 2992; x_wconf 80' lang='lat' dir='ltr'>miseriae.</span> <span class='ocrx_word' id='word_1_372' title='bbox 616 2932 803 2988; x_wconf 64' lang='lat' dir='ltr'>Caicus</span> <span class='ocrx_word' id='word_1_373' title='bbox 831 2946 1028 3003; x_wconf 86' lang='lat' dir='ltr'>nempe</span> <span class='ocrx_word' id='word_1_374' title='bbox 1059 2938 1111 2986; x_wconf 92' lang='lat' dir='ltr'>et</span> <span class='ocrx_word' id='word_1_375' title='bbox 1138 2930 1439 3000; x_wconf 89' lang='lat' dir='ltr'>mendicus,</span> <span class='ocrx_word' id='word_1_376' title='bbox 1473 2930 1617 2985; x_wconf 90' lang='lat' dir='ltr'>unde</span> <span class='ocrx_word' id='word_1_377' title='bbox 1648 2937 1699 2985; x_wconf 89' lang='lat' dir='ltr'>et</span> <span class='ocrx_word' id='word_1_378' title='bbox 1723 2946 1921 2985; x_wconf 91' lang='lat' dir='ltr'>nomen</span> 
     </span>
    </p>
   </div>
   <div class='ocr_carea' id='block_1_48' title="bbox 326 3018 1922 3095">
    <p class='ocr_par' dir='ltr' id='par_1_48' title="bbox 326 3018 1922 3095">
     <span class='ocr_line' id='line_1_48' title="bbox 326 3018 1922 3095; baseline -0.004 -14"><span class='ocrx_word' id='word_1_379' title='bbox 326 3026 442 3095; x_wconf 89' lang='lat' dir='ltr'>ejus</span> <span class='ocrx_word' id='word_1_380' title='bbox 486 3028 783 3087; x_wconf 86' lang='lat' dir='ltr'>memorat,</span> <span class='ocrx_word' id='word_1_381' title='bbox 839 3028 891 3076; x_wconf 90' lang='lat' dir='ltr'>et</span> <span class='ocrx_word' id='word_1_382' title='bbox 941 3036 1141 3075; x_wconf 91' lang='lat' dir='ltr'>nomen</span> <span class='ocrx_word' id='word_1_383' title='bbox 1193 3019 1360 3090; x_wconf 87' lang='lat' dir='ltr'>patris</span> <span class='ocrx_word' id='word_1_384' title='bbox 1407 3019 1523 3091; x_wconf 87' lang='lat' dir='ltr'>ejus</span> <span class='ocrx_word' id='word_1_385' title='bbox 1571 3018 1922 3074; x_wconf 66' lang='lat' dir='ltr'>Barthimaaus</span> 
     </span>
    </p>
   </div>
   <div class='ocr_carea' id='block_1_49' title="bbox 322 3107 1930 3182">
    <p class='ocr_par' dir='ltr' id='par_1_49' title="bbox 322 3107 1930 3182">
     <span class='ocr_line' id='line_1_49' title="bbox 322 3107 1930 3182; baseline -0.004 -13"><span class='ocrx_word' id='word_1_386' title='bbox 322 3112 550 3169; x_wconf 86' lang='lat' dir='ltr'>Thimaei</span> <span class='ocrx_word' id='word_1_387' title='bbox 577 3110 737 3177; x_wconf 87' lang='lat' dir='ltr'>filius,</span> <span class='ocrx_word' id='word_1_388' title='bbox 770 3109 916 3182; x_wconf 92' lang='lat' dir='ltr'>quod</span> <span class='ocrx_word' id='word_1_389' title='bbox 946 3108 1001 3162; x_wconf 93' lang='lat' dir='ltr'>in</span> <span class='ocrx_word' id='word_1_390' title='bbox 1029 3108 1149 3163; x_wconf 91' lang='lat' dir='ltr'>aliis</span> <span class='ocrx_word' id='word_1_391' title='bbox 1178 3124 1287 3165; x_wconf 90' lang='lat' dir='ltr'>non</span> <span class='ocrx_word' id='word_1_392' title='bbox 1316 3107 1473 3163; x_wconf 85' lang='lat' dir='ltr'>facile</span> <span class='ocrx_word' id='word_1_393' title='bbox 1506 3107 1772 3174; x_wconf 89' lang='lat' dir='ltr'>occurrit,</span> <span class='ocrx_word' id='word_1_394' title='bbox 1824 3107 1930 3163; x_wconf 92' lang='lat' dir='ltr'>nisi</span> 
     </span>
    </p>
   </div>
   <div class='ocr_carea' id='block_1_50' title="bbox 324 3196 1927 3271">
    <p class='ocr_par' dir='ltr' id='par_1_50' title="bbox 324 3196 1927 3271">
     <span class='ocr_line' id='line_1_50' title="bbox 324 3196 1927 3271; baseline -0.003 -13"><span class='ocrx_word' id='word_1_395' title='bbox 324 3201 382 3258; x_wconf 89' lang='lat' dir='ltr'>in</span> <span class='ocrx_word' id='word_1_396' title='bbox 406 3200 582 3267; x_wconf 85' lang='lat' dir='ltr'>Jairo,</span> <span class='ocrx_word' id='word_1_397' title='bbox 613 3199 703 3271; x_wconf 93' lang='lat' dir='ltr'>qui</span> <span class='ocrx_word' id='word_1_398' title='bbox 733 3206 786 3253; x_wconf 90' lang='lat' dir='ltr'>et</span> <span class='ocrx_word' id='word_1_399' title='bbox 829 3198 884 3251; x_wconf 91' lang='lat' dir='ltr'>in</span> <span class='ocrx_word' id='word_1_400' title='bbox 931 3197 1023 3252; x_wconf 88' lang='lat' dir='ltr'>illo</span> <span class='ocrx_word' id='word_1_401' title='bbox 1070 3197 1190 3253; x_wconf 90' lang='lat' dir='ltr'>loco</span> <span class='ocrx_word' id='word_1_402' title='bbox 1238 3197 1435 3253; x_wconf 92' lang='lat' dir='ltr'>nobilis</span> <span class='ocrx_word' id='word_1_403' title='bbox 1480 3196 1927 3253; x_wconf 63' lang='lat' dir='ltr'>fuitrFamositas</span> 
     </span>
    </p>
   </div>
   <div class='ocr_carea' id='block_1_51' title="bbox 330 3285 1927 3358">
    <p class='ocr_par' dir='ltr' id='par_1_51' title="bbox 330 3285 1927 3358">
     <span class='ocr_line' id='line_1_51' title="bbox 330 3285 1927 3358; baseline -0.004 -11"><span class='ocrx_word' id='word_1_404' title='bbox 330 3299 506 3347; x_wconf 89' lang='lat' dir='ltr'>autem</span> <span class='ocrx_word' id='word_1_405' title='bbox 534 3285 834 3357; x_wconf 90' lang='lat' dir='ltr'>illuminati,</span> <span class='ocrx_word' id='word_1_406' title='bbox 866 3302 1119 3357; x_wconf 89' lang='lat' dir='ltr'>magnam</span> <span class='ocrx_word' id='word_1_407' title='bbox 1164 3287 1361 3341; x_wconf 91' lang='lat' dir='ltr'>famam</span> <span class='ocrx_word' id='word_1_408' title='bbox 1409 3286 1665 3342; x_wconf 91' lang='lat' dir='ltr'>miraculo</span> <span class='ocrx_word' id='word_1_409' title='bbox 1702 3302 1927 3358; x_wconf 90' lang='lat' dir='ltr'>compa-</span> 
     </span>
    </p>
   </div>
   <div class='ocr_carea' id='block_1_52' title="bbox 327 3374 1929 3448">
    <p class='ocr_par' dir='ltr' id='par_1_52' title="bbox 327 3374 1929 3448">
     <span class='ocr_line' id='line_1_52' title="bbox 327 3374 1929 3448; baseline -0.004 -11"><span class='ocrx_word' id='word_1_410' title='bbox 327 3380 482 3437; x_wconf 86' lang='lat' dir='ltr'>ravit.</span> <span class='ocrx_word' id='word_1_411' title='bbox 518 3378 755 3434; x_wconf 86' lang='lat' dir='ltr'>Veniens</span> <span class='ocrx_word' id='word_1_412' title='bbox 799 3375 1013 3432; x_wconf 75' lang='lat' dir='ltr'>Iericho</span> <span class='ocrx_word' id='word_1_413' title='bbox 1042 3392 1208 3431; x_wconf 91' lang='lat' dir='ltr'>unum</span> <span class='ocrx_word' id='word_1_414' title='bbox 1251 3374 1516 3431; x_wconf 88' lang='lat' dir='ltr'>illuminat</span> <span class='ocrx_word' id='word_1_415' title='bbox 1562 3376 1706 3448; x_wconf 90' lang='lat' dir='ltr'>quod</span> <span class='ocrx_word' id='word_1_416' title='bbox 1758 3377 1929 3432; x_wconf 89' lang='lat' dir='ltr'>Lucas</span> 
     </span>
    </p>
   </div>
   <div class='ocr_carea' id='block_1_53' title="bbox 329 3464 1930 3540">
    <p class='ocr_par' dir='ltr' id='par_1_53' title="bbox 329 3464 1930 3540">
     <span class='ocr_line' id='line_1_53' title="bbox 329 3464 1930 3540; baseline -0.002 -16"><span class='ocrx_word' id='word_1_417' title='bbox 329 3469 401 3524; x_wconf 89' lang='lat' dir='ltr'>ait</span> <span class='ocrx_word' id='word_1_418' title='bbox 447 3467 572 3540; x_wconf 85' lang='lat' dir='ltr'>quia</span> <span class='ocrx_word' id='word_1_419' title='bbox 613 3465 770 3521; x_wconf 89' lang='lat' dir='ltr'>morti</span> <span class='ocrx_word' id='word_1_420' title='bbox 813 3466 1182 3537; x_wconf 87' lang='lat' dir='ltr'>propinquans</span> <span class='ocrx_word' id='word_1_421' title='bbox 1224 3466 1405 3521; x_wconf 88' lang='lat' dir='ltr'>lumen</span> <span class='ocrx_word' id='word_1_422' title='bbox 1453 3464 1738 3537; x_wconf 84' lang='lat' dir='ltr'>Evangelii</span> <span class='ocrx_word' id='word_1_423' title='bbox 1784 3481 1930 3536; x_wconf 64' lang='lat' dir='ltr'>prm-</span> 
     </span>
    </p>
   </div>
   <div class='ocr_carea' id='block_1_54' title="bbox 334 3554 1931 3627">
    <p class='ocr_par' dir='ltr' id='par_1_54' title="bbox 334 3554 1931 3627">
     <span class='ocr_line' id='line_1_54' title="bbox 334 3554 1931 3627; baseline -0.002 -14"><span class='ocrx_word' id='word_1_424' title='bbox 334 3556 530 3613; x_wconf 88' lang='lat' dir='ltr'>dicavit</span> <span class='ocrx_word' id='word_1_425' title='bbox 575 3554 776 3611; x_wconf 64' lang='lat' dir='ltr'>Judmis</span> <span class='ocrx_word' id='word_1_426' title='bbox 798 3596 813 3625; x_wconf 96' lang='lat'>,</span> <span class='ocrx_word' id='word_1_427' title='bbox 864 3554 1054 3610; x_wconf 89' lang='lat' dir='ltr'>exiens</span> <span class='ocrx_word' id='word_1_428' title='bbox 1086 3554 1250 3621; x_wconf 89' lang='lat' dir='ltr'>duos,</span> <span class='ocrx_word' id='word_1_429' title='bbox 1283 3554 1406 3627; x_wconf 90' lang='lat' dir='ltr'>quia</span> <span class='ocrx_word' id='word_1_430' title='bbox 1430 3563 1553 3626; x_wconf 91' lang='lat' dir='ltr'>post</span> <span class='ocrx_word' id='word_1_431' title='bbox 1580 3554 1931 3611; x_wconf 90' lang='lat' dir='ltr'>resurrectio-</span> 
     </span>
    </p>
   </div>
   <div class='ocr_carea' id='block_1_55' title="bbox 333 3643 1933 3717">
    <p class='ocr_par' dir='ltr' id='par_1_55' title="bbox 333 3643 1933 3717">
     <span class='ocr_line' id='line_1_55' title="bbox 333 3643 1933 3717; baseline -0.001 -15"><span class='ocrx_word' id='word_1_432' title='bbox 333 3663 459 3703; x_wconf 91' lang='lat' dir='ltr'>nem</span> <span class='ocrx_word' id='word_1_433' title='bbox 512 3645 740 3711; x_wconf 70' lang='lat' dir='ltr'>Judaais,</span> <span class='ocrx_word' id='word_1_434' title='bbox 792 3651 844 3700; x_wconf 88' lang='lat' dir='ltr'>et</span> <span class='ocrx_word' id='word_1_435' title='bbox 874 3643 1145 3716; x_wconf 82' lang='lat' dir='ltr'>gentibus.</span> <span class='ocrx_word' id='word_1_436' title='bbox 1188 3645 1271 3700; x_wconf 91' lang='lat' dir='ltr'>De</span> <span class='ocrx_word' id='word_1_437' title='bbox 1300 3644 1495 3717; x_wconf 88' lang='lat' dir='ltr'>quibus</span> <span class='ocrx_word' id='word_1_438' title='bbox 1523 3644 1731 3701; x_wconf 88' lang='lat' dir='ltr'>Marcus</span> <span class='ocrx_word' id='word_1_439' title='bbox 1765 3660 1933 3701; x_wconf 89' lang='lat' dir='ltr'>unum</span> 
     </span>
    </p>
   </div>
   <div class='ocr_carea' id='block_1_56' title="bbox 336 3731 1270 3812">
    <p class='ocr_par' dir='ltr' id='par_1_56' title="bbox 336 3731 1270 3812">
     <span class='ocr_line' id='line_1_56' title="bbox 336 3731 1270 3812; baseline -0.005 -19"><span class='ocrx_word' id='word_1_440' title='bbox 336 3735 507 3812; x_wconf 87' lang='lat' dir='ltr'>ponit,</span> <span class='ocrx_word' id='word_1_441' title='bbox 538 3735 630 3811; x_wconf 90' lang='lat' dir='ltr'>qui</span> <span class='ocrx_word' id='word_1_442' title='bbox 659 3733 912 3808; x_wconf 81' lang='lat' dir='ltr'>gentibus</span> <span class='ocrx_word' id='word_1_443' title='bbox 942 3731 1147 3790; x_wconf 90' lang='lat' dir='ltr'>scribit.</span> <span class='ocrx_word' id='word_1_444' title='bbox 1266 3732 1270 3737; x_wconf 85' lang='grc'><em>’</em></span> 
     </span>
    </p>
   </div>
   <div class='ocr_carea' id='block_1_57' title="bbox 906 3875 1328 3933">
    <p class='ocr_par' dir='ltr' id='par_1_57' title="bbox 906 3875 1328 3933">
     <span class='ocr_line' id='line_1_57' title="bbox 906 3875 1328 3933; baseline -0.002 -2"><span class='ocrx_word' id='word_1_445' title='bbox 906 3876 1132 3933; x_wconf 81' lang='lat' dir='ltr'><strong>CAPUT</strong></span> <span class='ocrx_word' id='word_1_446' title='bbox 1174 3875 1328 3931; x_wconf 89' lang='lat' dir='ltr'>XXI.</span> 
     </span>
    </p>
   </div>
   <div class='ocr_carea' id='block_1_58' title="bbox 408 3997 1938 4075">
    <p class='ocr_par' dir='ltr' id='par_1_58' title="bbox 408 3997 1938 4075">
     <span class='ocr_line' id='line_1_58' title="bbox 408 3997 1938 4075; baseline -0.005 -15"><span class='ocrx_word' id='word_1_447' title='bbox 408 4005 582 4060; x_wconf 73' lang='lat' dir='ltr'>Vnus.</span> <span class='ocrx_word' id='word_1_448' title='bbox 606 4005 658 4056; x_wconf 82' lang='grc'>1.</span> <span class='ocrx_word' id='word_1_449' title='bbox 682 4029 750 4042; x_wconf 90' lang='grc'><strong><em>-</em></strong></span> <span class='ocrx_word' id='word_1_450' title='bbox 770 4002 988 4058; x_wconf 78' lang='lat' dir='ltr'>Etcum</span> <span class='ocrx_word' id='word_1_451' title='bbox 1007 4001 1579 4075; x_wconf 81' lang='lat' dir='ltr'>appropinquassent.</span> <span class='ocrx_word' id='word_1_452' title='bbox 1605 3997 1704 4053; x_wconf 86' lang='lat' dir='ltr'>Hic</span> <span class='ocrx_word' id='word_1_453' title='bbox 1722 4006 1938 4070; x_wconf 84' lang='lat' dir='ltr'>praeter-</span> 
     </span>
    </p>
   </div>
   <div class='ocr_carea' id='block_1_59' title="bbox 332 4086 1937 4163">
    <p class='ocr_par' dir='ltr' id='par_1_59' title="bbox 332 4086 1937 4163">
     <span class='ocr_line' id='line_1_59' title="bbox 332 4086 1937 4163; baseline -0.005 -15"><span class='ocrx_word' id='word_1_454' title='bbox 332 4092 491 4147; x_wconf 89' lang='lat' dir='ltr'>mittit</span> <span class='ocrx_word' id='word_1_455' title='bbox 522 4091 801 4146; x_wconf 71' lang='lat' dir='ltr'>Matthaeus</span> <span class='ocrx_word' id='word_1_456' title='bbox 833 4104 897 4145; x_wconf 89' lang='lat' dir='ltr'>ea</span> <span class='ocrx_word' id='word_1_457' title='bbox 923 4107 1044 4163; x_wconf 66' lang='lat' dir='ltr'>qua:</span> <span class='ocrx_word' id='word_1_458' title='bbox 1084 4088 1222 4144; x_wconf 84' lang='lat' dir='ltr'>facta</span> <span class='ocrx_word' id='word_1_459' title='bbox 1253 4095 1374 4142; x_wconf 89' lang='lat' dir='ltr'>sunt</span> <span class='ocrx_word' id='word_1_460' title='bbox 1406 4094 1692 4159; x_wconf 89' lang='lat' dir='ltr'>antequam</span> <span class='ocrx_word' id='word_1_461' title='bbox 1720 4086 1937 4141; x_wconf 87' lang='lat' dir='ltr'>intraret</span> 
     </span>
    </p>
   </div>
   <div class='ocr_carea' id='block_1_60' title="bbox 337 4176 1938 4253">
    <p class='ocr_par' dir='ltr' id='par_1_60' title="bbox 337 4176 1938 4253">
     <span class='ocr_line' id='line_1_60' title="bbox 337 4176 1938 4253; baseline -0.003 -17"><span class='ocrx_word' id='word_1_462' title='bbox 337 4180 746 4253; x_wconf 86' lang='lat' dir='ltr'>Jerosolymam,</span> <span class='ocrx_word' id='word_1_463' title='bbox 799 4196 918 4251; x_wconf 70' lang='lat' dir='ltr'>qua:</span> <span class='ocrx_word' id='word_1_464' title='bbox 965 4178 1054 4233; x_wconf 89' lang='lat' dir='ltr'>alii</span> <span class='ocrx_word' id='word_1_465' title='bbox 1098 4176 1356 4249; x_wconf 82' lang='lat' dir='ltr'>prolixius</span> <span class='ocrx_word' id='word_1_466' title='bbox 1402 4181 1645 4231; x_wconf 90' lang='lat' dir='ltr'>tractant.</span> <span class='ocrx_word' id='word_1_467' title='bbox 1699 4177 1769 4230; x_wconf 88' lang='lat' dir='ltr'>Et</span> <span class='ocrx_word' id='word_1_468' title='bbox 1807 4194 1938 4231; x_wconf 85' lang='lat' dir='ltr'>cum</span> 
     </span>
    </p>
   </div>
   <div class='ocr_carea' id='block_1_61' title="bbox 335 4264 1938 4344">
    <p class='ocr_par' dir='ltr' id='par_1_61' title="bbox 335 4264 1938 4344">
     <span class='ocr_line' id='line_1_61' title="bbox 335 4264 1938 4344; baseline -0.006 -16"><span class='ocrx_word' id='word_1_469' title='bbox 335 4271 905 4344; x_wconf 80' lang='lat' dir='ltr'>appropinquassent.</span> <span class='ocrx_word' id='word_1_470' title='bbox 954 4266 1217 4322; x_wconf 90' lang='lat' dir='ltr'>Dominus</span> <span class='ocrx_word' id='word_1_471' title='bbox 1259 4264 1599 4335; x_wconf 88' lang='lat' dir='ltr'>spiritualiter</span> <span class='ocrx_word' id='word_1_472' title='bbox 1640 4264 1938 4320; x_wconf 87' lang='lat' dir='ltr'>Jerusalem</span> 
     </span>
    </p>
   </div>
   <div class='ocr_carea' id='block_1_62' title="bbox 340 4351 1940 4431">
    <p class='ocr_par' dir='ltr' id='par_1_62' title="bbox 340 4351 1940 4431">
     <span class='ocr_line' id='line_1_62' title="bbox 340 4351 1940 4431; baseline -0.003 -17"><span class='ocrx_word' id='word_1_473' title='bbox 340 4357 787 4431; x_wconf 89' lang='lat' dir='ltr'>appropinquavit</span> <span class='ocrx_word' id='word_1_474' title='bbox 816 4355 1030 4428; x_wconf 87' lang='lat' dir='ltr'>quando</span> <span class='ocrx_word' id='word_1_475' title='bbox 1060 4354 1386 4422; x_wconf 87' lang='lat' dir='ltr'>incarnatus,</span> <span class='ocrx_word' id='word_1_476' title='bbox 1420 4351 1719 4408; x_wconf 88' lang='lat' dir='ltr'>Ecclesiam</span> <span class='ocrx_word' id='word_1_477' title='bbox 1750 4353 1804 4408; x_wconf 92' lang='lat' dir='ltr'>in</span> <span class='ocrx_word' id='word_1_478' title='bbox 1837 4370 1940 4425; x_wconf 89' lang='lat' dir='ltr'>qua</span> 
     </span>
    </p>
   </div>
   <div class='ocr_carea' id='block_1_63' title="bbox 2026 1766 3622 1848">
    <p class='ocr_par' dir='ltr' id='par_1_63' title="bbox 2026 1766 3622 1848">
     <span class='ocr_line' id='line_1_63' title="bbox 2026 1766 3622 1848; baseline -0.001 -17"><span class='ocrx_word' id='word_1_479' title='bbox 2026 1778 2310 1848; x_wconf 85' lang='lat' dir='ltr'>desperari</span> <span class='ocrx_word' id='word_1_480' title='bbox 2342 1778 2574 1833; x_wconf 90' lang='lat' dir='ltr'>salutem</span> <span class='ocrx_word' id='word_1_481' title='bbox 2602 1766 2849 1832; x_wconf 61' lang='lat' dir='ltr'>Hebraeis</span> <span class='ocrx_word' id='word_1_482' title='bbox 2881 1778 2925 1830; x_wconf 91' lang='lat' dir='ltr'>si</span> <span class='ocrx_word' id='word_1_483' title='bbox 2957 1777 3268 1848; x_wconf 87' lang='lat' dir='ltr'>poeniteant.</span> <span class='ocrx_word' id='word_1_484' title='bbox 3302 1778 3516 1832; x_wconf 84' lang='lat' dir='ltr'>Marcus</span> <span class='ocrx_word' id='word_1_485' title='bbox 3547 1777 3622 1830; x_wconf 82' lang='lat' dir='ltr'>di-</span> 
     </span>
    </p>
   </div>
   <div class='ocr_carea' id='block_1_64' title="bbox 2026 1866 3624 1937">
    <p class='ocr_par' dir='ltr' id='par_1_64' title="bbox 2026 1866 3624 1937">
     <span class='ocr_line' id='line_1_64' title="bbox 2026 1866 3624 1937; baseline -0.001 -16"><span class='ocrx_word' id='word_1_486' title='bbox 2026 1867 2098 1922; x_wconf 91' lang='lat' dir='ltr'>cit</span> <span class='ocrx_word' id='word_1_487' title='bbox 2141 1867 2349 1937; x_wconf 89' lang='lat' dir='ltr'>pullum</span> <span class='ocrx_word' id='word_1_488' title='bbox 2393 1875 2517 1921; x_wconf 89' lang='lat' dir='ltr'>ante</span> <span class='ocrx_word' id='word_1_489' title='bbox 2559 1867 2781 1936; x_wconf 91' lang='lat' dir='ltr'>januam</span> <span class='ocrx_word' id='word_1_490' title='bbox 2828 1866 2886 1921; x_wconf 93' lang='lat' dir='ltr'>in</span> <span class='ocrx_word' id='word_1_491' title='bbox 2912 1866 3059 1922; x_wconf 89' lang='lat' dir='ltr'>bivio</span> <span class='ocrx_word' id='word_1_492' title='bbox 3106 1866 3405 1922; x_wconf 88' lang='lat' dir='ltr'>inventum.</span> <span class='ocrx_word' id='word_1_493' title='bbox 3448 1866 3624 1922; x_wconf 87' lang='lat' dir='ltr'>Janua</span> 
     </span>
    </p>
   </div>
   <div class='ocr_carea' id='block_1_65' title="bbox 2028 1942 3626 2027">
    <p class='ocr_par' dir='ltr' id='par_1_65' title="bbox 2028 1942 3626 2027">
     <span class='ocr_line' id='line_1_65' title="bbox 2028 1942 3626 2027; baseline -0.001 -18"><span class='ocrx_word' id='word_1_494' title='bbox 2028 1955 2308 2025; x_wconf 88' lang='lat' dir='ltr'>Christus,</span> <span class='ocrx_word' id='word_1_495' title='bbox 2359 1963 2513 2010; x_wconf 88' lang='lat' dir='ltr'>extra</span> <span class='ocrx_word' id='word_1_496' title='bbox 2556 1972 2718 2027; x_wconf 89' lang='lat' dir='ltr'>quam</span> <span class='ocrx_word' id='word_1_497' title='bbox 2747 1955 2977 2026; x_wconf 90' lang='lat' dir='ltr'>populus</span> <span class='ocrx_word' id='word_1_498' title='bbox 3008 1955 3252 2027; x_wconf 89' lang='lat' dir='ltr'>gentium</span> <span class='ocrx_word' id='word_1_499' title='bbox 3282 1942 3457 2009; x_wconf 62' lang='lat' dir='ltr'>stabat</span> <span class='ocrx_word' id='word_1_500' title='bbox 3484 1954 3626 2027; x_wconf 86' lang='lat' dir='ltr'>liga-</span> 
     </span>
    </p>
   </div>
   <div class='ocr_carea' id='block_1_66' title="bbox 2026 2042 3621 2111">
    <p class='ocr_par' dir='ltr' id='par_1_66' title="bbox 2026 2042 3621 2111">
     <span class='ocr_line' id='line_1_66' title="bbox 2026 2042 3621 2111; baseline 0 -12"><span class='ocrx_word' id='word_1_501' title='bbox 2026 2052 2107 2099; x_wconf 90' lang='lat' dir='ltr'>tus</span> <span class='ocrx_word' id='word_1_502' title='bbox 2142 2063 2156 2097; x_wconf 91' lang='lat'>:</span> <span class='ocrx_word' id='word_1_503' title='bbox 2187 2060 2295 2099; x_wconf 91' lang='lat' dir='ltr'>non</span> <span class='ocrx_word' id='word_1_504' title='bbox 2326 2043 2381 2099; x_wconf 90' lang='lat' dir='ltr'>in</span> <span class='ocrx_word' id='word_1_505' title='bbox 2412 2061 2517 2098; x_wconf 89' lang='lat' dir='ltr'>una</span> <span class='ocrx_word' id='word_1_506' title='bbox 2545 2044 2635 2099; x_wconf 92' lang='lat' dir='ltr'>via</span> <span class='ocrx_word' id='word_1_507' title='bbox 2664 2042 2808 2111; x_wconf 84' lang='lat' dir='ltr'>ﬁdei,</span> <span class='ocrx_word' id='word_1_508' title='bbox 2842 2045 2940 2098; x_wconf 87' lang='lat' dir='ltr'>sed</span> <span class='ocrx_word' id='word_1_509' title='bbox 2969 2044 3024 2099; x_wconf 92' lang='lat' dir='ltr'>in</span> <span class='ocrx_word' id='word_1_510' title='bbox 3052 2044 3282 2101; x_wconf 88' lang='lat' dir='ltr'>diversis</span> <span class='ocrx_word' id='word_1_511' title='bbox 3323 2043 3621 2100; x_wconf 87' lang='lat' dir='ltr'>errOribus.</span> 
     </span>
    </p>
   </div>
   <div class='ocr_carea' id='block_1_67' title="bbox 2096 2132 3625 2202">
    <p class='ocr_par' dir='ltr' id='par_1_67' title="bbox 2096 2132 3625 2202">
     <span class='ocr_line' id='line_1_67' title="bbox 2096 2132 3625 2202; baseline -0.001 -13"><span class='ocrx_word' id='word_1_512' title='bbox 2096 2133 2267 2189; x_wconf 71' lang='lat' dir='ltr'>Vens.</span> <span class='ocrx_word' id='word_1_513' title='bbox 2302 2136 2355 2188; x_wconf 85' lang='lat'>5.</span> <span class='ocrx_word' id='word_1_514' title='bbox 2379 2163 2449 2173; x_wconf 89' lang='lat'>—-</span> <span class='ocrx_word' id='word_1_515' title='bbox 2468 2134 2651 2189; x_wconf 82' lang='lat' dir='ltr'>Dicite</span> <span class='ocrx_word' id='word_1_516' title='bbox 2680 2134 2815 2202; x_wconf 72' lang='lat' dir='ltr'>ﬁlia:</span> <span class='ocrx_word' id='word_1_517' title='bbox 2844 2134 2996 2189; x_wconf 89' lang='lat' dir='ltr'>Sion.</span> <span class='ocrx_word' id='word_1_518' title='bbox 3028 2132 3159 2188; x_wconf 90' lang='lat' dir='ltr'>Filia</span> <span class='ocrx_word' id='word_1_519' title='bbox 3191 2132 3342 2199; x_wconf 89' lang='lat' dir='ltr'>Sion,</span> <span class='ocrx_word' id='word_1_520' title='bbox 3374 2140 3457 2187; x_wconf 87' lang='lat' dir='ltr'>est</span> <span class='ocrx_word' id='word_1_521' title='bbox 3474 2133 3625 2197; x_wconf 82' lang='lat' dir='ltr'>Jeru-</span> 
     </span>
    </p>
   </div>
   <div class='ocr_carea' id='block_1_68' title="bbox 2026 2220 3623 2293">
    <p class='ocr_par' dir='ltr' id='par_1_68' title="bbox 2026 2220 3623 2293">
     <span class='ocr_line' id='line_1_68' title="bbox 2026 2220 3623 2293; baseline -0.001 -17"><span class='ocrx_word' id='word_1_522' title='bbox 2026 2221 2199 2277; x_wconf 89' lang='lat' dir='ltr'>salem</span> <span class='ocrx_word' id='word_1_523' title='bbox 2248 2222 2351 2277; x_wconf 89' lang='lat' dir='ltr'>sita</span> <span class='ocrx_word' id='word_1_524' title='bbox 2397 2222 2453 2277; x_wconf 90' lang='lat' dir='ltr'>in</span> <span class='ocrx_word' id='word_1_525' title='bbox 2482 2229 2667 2278; x_wconf 91' lang='lat' dir='ltr'>monte</span> <span class='ocrx_word' id='word_1_526' title='bbox 2699 2222 2849 2277; x_wconf 89' lang='lat' dir='ltr'>Sion.</span> <span class='ocrx_word' id='word_1_527' title='bbox 2886 2221 3129 2293; x_wconf 87' lang='lat' dir='ltr'>Mystice.</span> <span class='ocrx_word' id='word_1_528' title='bbox 3166 2220 3416 2277; x_wconf 88' lang='lat' dir='ltr'>Ecclesia</span> <span class='ocrx_word' id='word_1_529' title='bbox 3448 2221 3623 2291; x_wconf 88' lang='lat' dir='ltr'>perti-</span> 
     </span>
    </p>
   </div>
   <div class='ocr_carea' id='block_1_69' title="bbox 2026 2311 3625 2383">
    <p class='ocr_par' dir='ltr' id='par_1_69' title="bbox 2026 2311 3625 2383">
     <span class='ocr_line' id='line_1_69' title="bbox 2026 2311 3625 2383; baseline 0 -17"><span class='ocrx_word' id='word_1_530' title='bbox 2026 2327 2164 2366; x_wconf 89' lang='lat' dir='ltr'>nens</span> <span class='ocrx_word' id='word_1_531' title='bbox 2212 2311 2282 2367; x_wconf 89' lang='lat' dir='ltr'>ad</span> <span class='ocrx_word' id='word_1_532' title='bbox 2329 2327 2619 2383; x_wconf 88' lang='lat' dir='ltr'>supernam</span> <span class='ocrx_word' id='word_1_533' title='bbox 2668 2311 2969 2366; x_wconf 85' lang='lat' dir='ltr'>Jerusalem</span> <span class='ocrx_word' id='word_1_534' title='bbox 3015 2327 3136 2383; x_wconf 84' lang='lat' dir='ltr'>quae</span> <span class='ocrx_word' id='word_1_535' title='bbox 3182 2318 3264 2365; x_wconf 89' lang='lat' dir='ltr'>est</span> <span class='ocrx_word' id='word_1_536' title='bbox 3304 2317 3477 2364; x_wconf 89' lang='lat' dir='ltr'>mater</span> <span class='ocrx_word' id='word_1_537' title='bbox 3506 2326 3625 2366; x_wconf 87' lang='lat' dir='ltr'>om-</span> 
     </span>
    </p>
   </div>
   <div class='ocr_carea' id='block_1_70' title="bbox 2024 2399 3621 2471">
    <p class='ocr_par' dir='ltr' id='par_1_70' title="bbox 2024 2399 3621 2471">
     <span class='ocr_line' id='line_1_70' title="bbox 2024 2399 3621 2471; baseline 0.001 -16"><span class='ocrx_word' id='word_1_538' title='bbox 2024 2400 2175 2455; x_wconf 89' lang='lat' dir='ltr'>nium</span> <span class='ocrx_word' id='word_1_539' title='bbox 2204 2408 2451 2456; x_wconf 89' lang='lat' dir='ltr'>nostrum</span> <span class='ocrx_word' id='word_1_540' title='bbox 2470 2445 2487 2468; x_wconf 91' lang='lat'>,</span> <span class='ocrx_word' id='word_1_541' title='bbox 2520 2401 2671 2469; x_wconf 90' lang='lat' dir='ltr'>cujus</span> <span class='ocrx_word' id='word_1_542' title='bbox 2700 2416 2809 2455; x_wconf 89' lang='lat' dir='ltr'>non</span> <span class='ocrx_word' id='word_1_543' title='bbox 2840 2399 3066 2454; x_wconf 86' lang='lat' dir='ltr'>minima</span> <span class='ocrx_word' id='word_1_544' title='bbox 3094 2415 3224 2471; x_wconf 89' lang='lat' dir='ltr'>pars</span> <span class='ocrx_word' id='word_1_545' title='bbox 3250 2407 3379 2455; x_wconf 90' lang='lat' dir='ltr'>tunc</span> <span class='ocrx_word' id='word_1_546' title='bbox 3408 2407 3522 2453; x_wconf 91' lang='lat' dir='ltr'>erat</span> <span class='ocrx_word' id='word_1_547' title='bbox 3568 2399 3621 2457; x_wconf 87' lang='lat' dir='ltr'>in</span> 
     </span>
    </p>
   </div>
   <div class='ocr_carea' id='block_1_71' title="bbox 2024 2476 3625 2559">
    <p class='ocr_par' dir='ltr' id='par_1_71' title="bbox 2024 2476 3625 2559">
     <span class='ocr_line' id='line_1_71' title="bbox 2024 2476 3625 2559; baseline 0.001 -16"><span class='ocrx_word' id='word_1_548' title='bbox 2024 2488 2223 2559; x_wconf 89' lang='lat' dir='ltr'>populo</span> <span class='ocrx_word' id='word_1_549' title='bbox 2272 2489 2456 2543; x_wconf 74' lang='lat' dir='ltr'>Israel.</span> <span class='ocrx_word' id='word_1_550' title='bbox 2509 2492 2647 2546; x_wconf 72' lang='lat' dir='ltr'>Rex.</span> <span class='ocrx_word' id='word_1_551' title='bbox 2697 2490 2780 2543; x_wconf 89' lang='lat' dir='ltr'>Ne</span> <span class='ocrx_word' id='word_1_552' title='bbox 2826 2489 3021 2544; x_wconf 88' lang='lat' dir='ltr'>dicatis</span> <span class='ocrx_word' id='word_1_553' title='bbox 3045 2507 3057 2542; x_wconf 90' lang='lat'>:</span> <span class='ocrx_word' id='word_1_554' title='bbox 3082 2490 3202 2545; x_wconf 86' lang='lat' dir='ltr'>Non</span> <span class='ocrx_word' id='word_1_555' title='bbox 3243 2488 3508 2544; x_wconf 78' lang='lat' dir='ltr'>habemus</span> <span class='ocrx_word' id='word_1_556' title='bbox 3532 2476 3625 2544; x_wconf 52' lang='lat' dir='ltr'>re?</span> 
     </span>
    </p>
   </div>
   <div class='ocr_carea' id='block_1_72' title="bbox 2021 2577 3624 2649">
    <p class='ocr_par' dir='ltr' id='par_1_72' title="bbox 2021 2577 3624 2649">
     <span class='ocr_line' id='line_1_72' title="bbox 2021 2577 3624 2649; baseline -0.001 -16"><span class='ocrx_word' id='word_1_557' title='bbox 2021 2594 2164 2649; x_wconf 87' lang='lat' dir='ltr'>gem,</span> <span class='ocrx_word' id='word_1_558' title='bbox 2204 2579 2322 2633; x_wconf 86' lang='lat' dir='ltr'>nisi</span> <span class='ocrx_word' id='word_1_559' title='bbox 2347 2580 2621 2635; x_wconf 67' lang='lat' dir='ltr'>Caesarem</span> <span class='ocrx_word' id='word_1_560' title='bbox 2642 2579 2828 2649; x_wconf 86' lang='lat' dir='ltr'>(Joan.</span> <span class='ocrx_word' id='word_1_561' title='bbox 2851 2578 2997 2648; x_wconf 71' lang='lat' dir='ltr'><strong>xxx).</strong></span> <span class='ocrx_word' id='word_1_562' title='bbox 3030 2578 3159 2635; x_wconf 85' lang='lat' dir='ltr'>Tibi.</span> <span class='ocrx_word' id='word_1_563' title='bbox 3186 2577 3241 2631; x_wconf 93' lang='lat' dir='ltr'>Si</span> <span class='ocrx_word' id='word_1_564' title='bbox 3262 2577 3476 2643; x_wconf 89' lang='lat' dir='ltr'>credis;</span> <span class='ocrx_word' id='word_1_565' title='bbox 3500 2592 3624 2635; x_wconf 87' lang='lat' dir='ltr'>con-</span> 
     </span>
    </p>
   </div>
   <div class='ocr_carea' id='block_1_73' title="bbox 2024 2666 3626 2738">
    <p class='ocr_par' dir='ltr' id='par_1_73' title="bbox 2024 2666 3626 2738">
     <span class='ocr_line' id='line_1_73' title="bbox 2024 2666 3626 2738; baseline 0.001 -19"><span class='ocrx_word' id='word_1_566' title='bbox 2024 2673 2107 2720; x_wconf 88' lang='lat' dir='ltr'>tra</span> <span class='ocrx_word' id='word_1_567' title='bbox 2145 2675 2195 2721; x_wconf 90' lang='lat' dir='ltr'>te</span> <span class='ocrx_word' id='word_1_568' title='bbox 2226 2667 2269 2720; x_wconf 92' lang='lat' dir='ltr'>si</span> <span class='ocrx_word' id='word_1_569' title='bbox 2320 2682 2429 2722; x_wconf 91' lang='lat' dir='ltr'>non</span> <span class='ocrx_word' id='word_1_570' title='bbox 2478 2667 2679 2723; x_wconf 90' lang='lat' dir='ltr'>credis.</span> <span class='ocrx_word' id='word_1_571' title='bbox 2733 2668 2913 2738; x_wconf 83' lang='lat' dir='ltr'>Super</span> <span class='ocrx_word' id='word_1_572' title='bbox 2941 2669 3196 2731; x_wconf 85' lang='lat' dir='ltr'>asinam,</span> <span class='ocrx_word' id='word_1_573' title='bbox 3269 2673 3371 2721; x_wconf 89' lang='lat' dir='ltr'>etc.</span> <span class='ocrx_word' id='word_1_574' title='bbox 3404 2666 3525 2720; x_wconf 90' lang='lat' dir='ltr'>Non</span> <span class='ocrx_word' id='word_1_575' title='bbox 3555 2666 3626 2721; x_wconf 91' lang='lat' dir='ltr'>ad</span> 
     </span>
    </p>
   </div>
   <div class='ocr_carea' id='block_1_74' title="bbox 2024 2754 3626 2827">
    <p class='ocr_par' dir='ltr' id='par_1_74' title="bbox 2024 2754 3626 2827">
     <span class='ocr_line' id='line_1_74' title="bbox 2024 2754 3626 2827; baseline 0.001 -20"><span class='ocrx_word' id='word_1_576' title='bbox 2024 2754 2255 2809; x_wconf 88' lang='lat' dir='ltr'>litteram</span> <span class='ocrx_word' id='word_1_577' title='bbox 2301 2772 2463 2826; x_wconf 89' lang='lat' dir='ltr'>super</span> <span class='ocrx_word' id='word_1_578' title='bbox 2508 2764 2799 2827; x_wconf 89' lang='lat' dir='ltr'>utrumque</span> <span class='ocrx_word' id='word_1_579' title='bbox 2844 2755 3016 2825; x_wconf 89' lang='lat' dir='ltr'>sedit,</span> <span class='ocrx_word' id='word_1_580' title='bbox 3068 2755 3167 2810; x_wconf 90' lang='lat' dir='ltr'>sed</span> <span class='ocrx_word' id='word_1_581' title='bbox 3214 2755 3271 2809; x_wconf 87' lang='lat' dir='ltr'>in</span> <span class='ocrx_word' id='word_1_582' title='bbox 3306 2754 3626 2825; x_wconf 70' lang='lat' dir='ltr'>praecordiis</span> 
     </span>
    </p>
   </div>
   <div class='ocr_carea' id='block_1_75' title="bbox 2021 2844 3628 2917">
    <p class='ocr_par' dir='ltr' id='par_1_75' title="bbox 2021 2844 3628 2917">
     <span class='ocr_line' id='line_1_75' title="bbox 2021 2844 3628 2917; baseline 0.001 -19"><span class='ocrx_word' id='word_1_583' title='bbox 2021 2844 2301 2916; x_wconf 85' lang='lat' dir='ltr'>utriusque</span> <span class='ocrx_word' id='word_1_584' title='bbox 2346 2844 2558 2917; x_wconf 88' lang='lat' dir='ltr'>populi.</span> <span class='ocrx_word' id='word_1_585' title='bbox 2615 2844 2790 2899; x_wconf 89' lang='lat' dir='ltr'>Potuit</span> <span class='ocrx_word' id='word_1_586' title='bbox 2835 2844 3088 2900; x_wconf 88' lang='lat' dir='ltr'>dominus</span> <span class='ocrx_word' id='word_1_587' title='bbox 3138 2860 3300 2916; x_wconf 91' lang='lat' dir='ltr'>super</span> <span class='ocrx_word' id='word_1_588' title='bbox 3338 2851 3628 2916; x_wconf 88' lang='lat' dir='ltr'>utrumque</span> 
     </span>
    </p>
   </div>
   <div class='ocr_carea' id='block_1_76' title="bbox 2020 2932 3625 3005">
    <p class='ocr_par' dir='ltr' id='par_1_76' title="bbox 2020 2932 3625 3005">
     <span class='ocr_line' id='line_1_76' title="bbox 2020 2932 3625 3005; baseline 0.001 -18"><span class='ocrx_word' id='word_1_589' title='bbox 2020 2932 2346 3002; x_wconf 88' lang='lat' dir='ltr'>ascendere,</span> <span class='ocrx_word' id='word_1_590' title='bbox 2398 2934 2740 2990; x_wconf 89' lang='lat' dir='ltr'>descendens</span> <span class='ocrx_word' id='word_1_591' title='bbox 2768 2934 2837 2990; x_wconf 90' lang='lat' dir='ltr'>de</span> <span class='ocrx_word' id='word_1_592' title='bbox 2867 2949 3004 3001; x_wconf 91' lang='lat' dir='ltr'>uno,</span> <span class='ocrx_word' id='word_1_593' title='bbox 3037 2941 3090 2990; x_wconf 91' lang='lat' dir='ltr'>et</span> <span class='ocrx_word' id='word_1_594' title='bbox 3128 2933 3433 2990; x_wconf 89' lang='lat' dir='ltr'>ascendens</span> <span class='ocrx_word' id='word_1_595' title='bbox 3460 2948 3625 3005; x_wconf 89' lang='lat' dir='ltr'>super</span> 
     </span>
    </p>
   </div>
   <div class='ocr_carea' id='block_1_77' title="bbox 2030 3021 2217 3079">
    <p class='ocr_par' dir='ltr' id='par_1_77' title="bbox 2030 3021 2217 3079">
     <span class='ocr_line' id='line_1_77' title="bbox 2030 3021 2217 3079; baseline -0.005 0"><span class='ocrx_word' id='word_1_596' title='bbox 2030 3021 2217 3079; x_wconf 86' lang='lat' dir='ltr'>alium.</span> 
     </span>
    </p>
   </div>
   <div class='ocr_carea' id='block_1_78' title="bbox 1948 3071 3630 3183">
    <p class='ocr_par' dir='ltr' id='par_1_78' title="bbox 1948 3071 3630 3183">
     <span class='ocr_line' id='line_1_78' title="bbox 1948 3071 3630 3183; baseline -0.001 -19"><span class='ocrx_word' id='word_1_597' title='bbox 1948 3071 1999 3135; x_wconf 65' lang='grc' dir='ltr'><strong>Ο</strong></span> <span class='ocrx_word' id='word_1_598' title='bbox 2301 3112 2353 3166; x_wconf 84' lang='grc'>’7.</span> <span class='ocrx_word' id='word_1_599' title='bbox 2369 3114 2520 3168; x_wconf 77' lang='grc' dir='ltr'>-Ει</span> <span class='ocrx_word' id='word_1_600' title='bbox 2539 3114 2927 3169; x_wconf 75' lang='lat' dir='ltr'>adduxerunt.</span> <span class='ocrx_word' id='word_1_601' title='bbox 2949 3112 3040 3169; x_wconf 91' lang='lat' dir='ltr'>Sic</span> <span class='ocrx_word' id='word_1_602' title='bbox 3060 3088 3352 3183; x_wconf 82' lang='lat' dir='ltr'>etapostoli</span> <span class='ocrx_word' id='word_1_603' title='bbox 3370 3109 3630 3166; x_wconf 91' lang='lat' dir='ltr'>mundum</span> 
     </span>
    </p>
   </div>
   <div class='ocr_carea' id='block_1_79' title="bbox 2025 3199 3632 3272">
    <p class='ocr_par' dir='ltr' id='par_1_79' title="bbox 2025 3199 3632 3272">
     <span class='ocr_line' id='line_1_79' title="bbox 2025 3199 3632 3272; baseline -0.002 -16"><span class='ocrx_word' id='word_1_604' title='bbox 2025 3199 2221 3256; x_wconf 90' lang='lat' dir='ltr'>virtute</span> <span class='ocrx_word' id='word_1_605' title='bbox 2250 3201 2451 3257; x_wconf 88' lang='lat' dir='ltr'>Christi</span> <span class='ocrx_word' id='word_1_606' title='bbox 2481 3218 2515 3256; x_wconf 91' lang='lat' dir='ltr'>a</span> <span class='ocrx_word' id='word_1_607' title='bbox 2559 3210 2828 3272; x_wconf 87' lang='lat' dir='ltr'>potestate</span> <span class='ocrx_word' id='word_1_608' title='bbox 2857 3201 3057 3257; x_wconf 90' lang='lat' dir='ltr'>diaboli</span> <span class='ocrx_word' id='word_1_609' title='bbox 3085 3201 3396 3270; x_wconf 86' lang='lat' dir='ltr'>solverunt,</span> <span class='ocrx_word' id='word_1_610' title='bbox 3442 3208 3495 3255; x_wconf 86' lang='lat' dir='ltr'>et</span> <span class='ocrx_word' id='word_1_611' title='bbox 3523 3199 3632 3253; x_wconf 88' lang='lat' dir='ltr'>im-</span> 
     </span>
    </p>
   </div>
   <div class='ocr_carea' id='block_1_80' title="bbox 2024 3289 3638 3362">
    <p class='ocr_par' dir='ltr' id='par_1_80' title="bbox 2024 3289 3638 3362">
     <span class='ocr_line' id='line_1_80' title="bbox 2024 3289 3638 3362; baseline -0.001 -18"><span class='ocrx_word' id='word_1_612' title='bbox 2024 3298 2327 3361; x_wconf 89' lang='lat' dir='ltr'>posuerunt</span> <span class='ocrx_word' id='word_1_613' title='bbox 2355 3290 2678 3347; x_wconf 90' lang='lat' dir='ltr'>vestimenta</span> <span class='ocrx_word' id='word_1_614' title='bbox 2707 3308 2873 3362; x_wconf 91' lang='lat' dir='ltr'>super</span> <span class='ocrx_word' id='word_1_615' title='bbox 2904 3308 3047 3346; x_wconf 90' lang='lat' dir='ltr'>eum.</span> <span class='ocrx_word' id='word_1_616' title='bbox 3082 3291 3189 3346; x_wconf 90' lang='lat' dir='ltr'>Sed</span> <span class='ocrx_word' id='word_1_617' title='bbox 3218 3298 3415 3346; x_wconf 64' lang='lat' dir='ltr'>caetera</span> <span class='ocrx_word' id='word_1_618' title='bbox 3445 3289 3638 3354; x_wconf 65' lang='lat' dir='ltr'>turba,</span> 
     </span>
    </p>
   </div>
   <div class='ocr_carea' id='block_1_81' title="bbox 2029 3379 3634 3453">
    <p class='ocr_par' dir='ltr' id='par_1_81' title="bbox 2029 3379 3634 3453">
     <span class='ocr_line' id='line_1_81' title="bbox 2029 3379 3634 3453; baseline -0.001 -19"><span class='ocrx_word' id='word_1_619' title='bbox 2029 3379 2085 3434; x_wconf 92' lang='lat' dir='ltr'>id</span> <span class='ocrx_word' id='word_1_620' title='bbox 2114 3387 2217 3448; x_wconf 89' lang='lat' dir='ltr'>est,</span> <span class='ocrx_word' id='word_1_621' title='bbox 2248 3379 2422 3435; x_wconf 66' lang='lat' dir='ltr'>Judaei</span> <span class='ocrx_word' id='word_1_622' title='bbox 2459 3380 2806 3446; x_wconf 89' lang='lat' dir='ltr'>vestimenta,</span> <span class='ocrx_word' id='word_1_623' title='bbox 2833 3380 2888 3434; x_wconf 90' lang='lat' dir='ltr'>id</span> <span class='ocrx_word' id='word_1_624' title='bbox 2916 3389 3016 3448; x_wconf 87' lang='lat' dir='ltr'>est,</span> <span class='ocrx_word' id='word_1_625' title='bbox 3046 3380 3185 3453; x_wconf 86' lang='lat' dir='ltr'>legis</span> <span class='ocrx_word' id='word_1_626' title='bbox 3214 3380 3472 3434; x_wconf 87' lang='lat' dir='ltr'>mandata</span> <span class='ocrx_word' id='word_1_627' title='bbox 3492 3386 3634 3433; x_wconf 89' lang='lat' dir='ltr'>ster-</span> 
     </span>
    </p>
   </div>
   <div class='ocr_carea' id='block_1_82' title="bbox 2030 3466 3631 3541">
    <p class='ocr_par' dir='ltr' id='par_1_82' title="bbox 2030 3466 3631 3541">
     <span class='ocr_line' id='line_1_82' title="bbox 2030 3466 3631 3541; baseline -0.001 -18"><span class='ocrx_word' id='word_1_628' title='bbox 2030 3476 2199 3539; x_wconf 89' lang='lat' dir='ltr'>nunt,</span> <span class='ocrx_word' id='word_1_629' title='bbox 2235 3468 2360 3541; x_wconf 91' lang='lat' dir='ltr'>quia</span> <span class='ocrx_word' id='word_1_630' title='bbox 2388 3484 2423 3523; x_wconf 89' lang='lat' dir='ltr'>a</span> <span class='ocrx_word' id='word_1_631' title='bbox 2469 3469 2788 3524; x_wconf 88' lang='lat' dir='ltr'>Christianis</span> <span class='ocrx_word' id='word_1_632' title='bbox 2819 3475 2972 3524; x_wconf 90' lang='lat' dir='ltr'>erant</span> <span class='ocrx_word' id='word_1_633' title='bbox 3004 3468 3397 3534; x_wconf 87' lang='lat' dir='ltr'>conculcanda,</span> <span class='ocrx_word' id='word_1_634' title='bbox 3432 3467 3490 3521; x_wconf 91' lang='lat' dir='ltr'>in</span> <span class='ocrx_word' id='word_1_635' title='bbox 3519 3466 3631 3534; x_wconf 89' lang='lat' dir='ltr'>via,</span> 
     </span>
    </p>
   </div>
   <div class='ocr_carea' id='block_1_83' title="bbox 2030 3556 3634 3631">
    <p class='ocr_par' dir='ltr' id='par_1_83' title="bbox 2030 3556 3634 3631">
     <span class='ocr_line' id='line_1_83' title="bbox 2030 3556 3634 3631; baseline -0.002 -19"><span class='ocrx_word' id='word_1_636' title='bbox 2030 3558 2087 3613; x_wconf 90' lang='lat' dir='ltr'>id</span> <span class='ocrx_word' id='word_1_637' title='bbox 2135 3565 2252 3626; x_wconf 86' lang='lat' dir='ltr'>est,</span> <span class='ocrx_word' id='word_1_638' title='bbox 2302 3558 2357 3613; x_wconf 92' lang='lat' dir='ltr'>in</span> <span class='ocrx_word' id='word_1_639' title='bbox 2406 3557 2640 3626; x_wconf 90' lang='lat' dir='ltr'>Christo,</span> <span class='ocrx_word' id='word_1_640' title='bbox 2677 3575 2846 3631; x_wconf 86' lang='lat' dir='ltr'>super</span> <span class='ocrx_word' id='word_1_641' title='bbox 2876 3575 2985 3615; x_wconf 88' lang='lat' dir='ltr'>eos.</span> <span class='ocrx_word' id='word_1_642' title='bbox 3036 3558 3233 3612; x_wconf 87' lang='lat' dir='ltr'>Vestes</span> <span class='ocrx_word' id='word_1_643' title='bbox 3265 3556 3634 3628; x_wconf 89' lang='lat' dir='ltr'>apostolorum</span> 
     </span>
    </p>
   </div>
   <div class='ocr_carea' id='block_1_84' title="bbox 2032 3644 3636 3718">
    <p class='ocr_par' dir='ltr' id='par_1_84' title="bbox 2032 3644 3636 3718">
     <span class='ocr_line' id='line_1_84' title="bbox 2032 3644 3636 3718; baseline -0.001 -18"><span class='ocrx_word' id='word_1_644' title='bbox 2032 3654 2155 3701; x_wconf 90' lang='lat' dir='ltr'>sunt</span> <span class='ocrx_word' id='word_1_645' title='bbox 2200 3653 2474 3717; x_wconf 57' lang='lat' dir='ltr'>praecepta</span> <span class='ocrx_word' id='word_1_646' title='bbox 2519 3646 2729 3713; x_wconf 87' lang='lat' dir='ltr'>divina,</span> <span class='ocrx_word' id='word_1_647' title='bbox 2778 3654 2832 3701; x_wconf 90' lang='lat' dir='ltr'>et</span> <span class='ocrx_word' id='word_1_648' title='bbox 2896 3645 3068 3718; x_wconf 88' lang='lat' dir='ltr'>gratia</span> <span class='ocrx_word' id='word_1_649' title='bbox 3101 3645 3415 3717; x_wconf 90' lang='lat' dir='ltr'>spiritualis,</span> <span class='ocrx_word' id='word_1_650' title='bbox 3439 3644 3636 3717; x_wconf 87' lang='lat' dir='ltr'>quibus</span> 
     </span>
    </p>
   </div>
   <div class='ocr_carea' id='block_1_85' title="bbox 2034 3734 3637 3809">
    <p class='ocr_par' dir='ltr' id='par_1_85' title="bbox 2034 3734 3637 3809">
     <span class='ocr_line' id='line_1_85' title="bbox 2034 3734 3637 3809; baseline 0 -20"><span class='ocrx_word' id='word_1_651' title='bbox 2034 3736 2310 3806; x_wconf 88' lang='lat' dir='ltr'>turpitudo</span> <span class='ocrx_word' id='word_1_652' title='bbox 2337 3735 2517 3792; x_wconf 91' lang='lat' dir='ltr'>carnis</span> <span class='ocrx_word' id='word_1_653' title='bbox 2559 3744 2761 3793; x_wconf 71' lang='lat' dir='ltr'>nostrae</span> <span class='ocrx_word' id='word_1_654' title='bbox 2789 3735 3008 3809; x_wconf 88' lang='lat' dir='ltr'>tegitur.</span> <span class='ocrx_word' id='word_1_655' title='bbox 3060 3735 3156 3790; x_wconf 88' lang='lat' dir='ltr'>His</span> <span class='ocrx_word' id='word_1_656' title='bbox 3196 3735 3347 3806; x_wconf 91' lang='lat' dir='ltr'>prius</span> <span class='ocrx_word' id='word_1_657' title='bbox 3374 3734 3506 3790; x_wconf 88' lang='lat' dir='ltr'>nudi</span> <span class='ocrx_word' id='word_1_658' title='bbox 3536 3748 3637 3805; x_wconf 89' lang='lat' dir='ltr'>po-</span> 
     </span>
    </p>
   </div>
   <div class='ocr_carea' id='block_1_86' title="bbox 2035 3814 3640 3895">
    <p class='ocr_par' dir='ltr' id='par_1_86' title="bbox 2035 3814 3640 3895">
     <span class='ocr_line' id='line_1_86' title="bbox 2035 3814 3640 3895; baseline 0.001 -18"><span class='ocrx_word' id='word_1_659' title='bbox 2035 3823 2166 3895; x_wconf 91' lang='lat' dir='ltr'>puli,</span> <span class='ocrx_word' id='word_1_660' title='bbox 2200 3823 2298 3878; x_wconf 89' lang='lat' dir='ltr'>sed</span> <span class='ocrx_word' id='word_1_661' title='bbox 2317 3825 2482 3880; x_wconf 93' lang='lat' dir='ltr'>modo</span> <span class='ocrx_word' id='word_1_662' title='bbox 2508 3840 2609 3895; x_wconf 89' lang='lat' dir='ltr'>per</span> <span class='ocrx_word' id='word_1_663' title='bbox 2635 3825 2911 3895; x_wconf 89' lang='lat' dir='ltr'>apostolos</span> <span class='ocrx_word' id='word_1_664' title='bbox 2942 3824 3120 3879; x_wconf 90' lang='lat' dir='ltr'>ornati</span> <span class='ocrx_word' id='word_1_665' title='bbox 3140 3814 3411 3879; x_wconf 86' lang='lat' dir='ltr'>Christum</span> <span class='ocrx_word' id='word_1_666' title='bbox 3432 3822 3640 3879; x_wconf 83' lang='lat' dir='ltr'>habent</span> 
     </span>
    </p>
   </div>
   <div class='ocr_carea' id='block_1_87' title="bbox 2037 3910 3637 3983">
    <p class='ocr_par' dir='ltr' id='par_1_87' title="bbox 2037 3910 3637 3983">
     <span class='ocr_line' id='line_1_87' title="bbox 2037 3910 3637 3983; baseline -0.001 -17"><span class='ocrx_word' id='word_1_667' title='bbox 2037 3926 2327 3967; x_wconf 87' lang='lat' dir='ltr'>sessorem.</span> <span class='ocrx_word' id='word_1_668' title='bbox 2381 3912 2556 3967; x_wconf 87' lang='lat' dir='ltr'>Minor</span> <span class='ocrx_word' id='word_1_669' title='bbox 2601 3913 2760 3967; x_wconf 89' lang='lat' dir='ltr'>turba</span> <span class='ocrx_word' id='word_1_670' title='bbox 2789 3928 2897 3968; x_wconf 92' lang='lat' dir='ltr'>non</span> <span class='ocrx_word' id='word_1_671' title='bbox 2926 3912 3078 3983; x_wconf 91' lang='lat' dir='ltr'>ponit</span> <span class='ocrx_word' id='word_1_672' title='bbox 3105 3920 3288 3968; x_wconf 88' lang='lat' dir='ltr'>vestes</span> <span class='ocrx_word' id='word_1_673' title='bbox 3331 3927 3493 3983; x_wconf 89' lang='lat' dir='ltr'>super</span> <span class='ocrx_word' id='word_1_674' title='bbox 3522 3910 3637 3965; x_wconf 85' lang='lat' dir='ltr'>asi—</span> 
     </span>
    </p>
   </div>
   <div class='ocr_carea' id='block_1_88' title="bbox 2037 4000 3637 4073">
    <p class='ocr_par' dir='ltr' id='par_1_88' title="bbox 2037 4000 3637 4073">
     <span class='ocr_line' id='line_1_88' title="bbox 2037 4000 3637 4073; baseline 0 -20"><span class='ocrx_word' id='word_1_675' title='bbox 2037 4016 2181 4069; x_wconf 89' lang='lat' dir='ltr'>nam,</span> <span class='ocrx_word' id='word_1_676' title='bbox 2215 4000 2313 4057; x_wconf 92' lang='lat' dir='ltr'>sed</span> <span class='ocrx_word' id='word_1_677' title='bbox 2343 4000 2398 4055; x_wconf 85' lang='lat' dir='ltr'>in</span> <span class='ocrx_word' id='word_1_678' title='bbox 2428 4001 2516 4056; x_wconf 89' lang='lat' dir='ltr'>via</span> <span class='ocrx_word' id='word_1_679' title='bbox 2543 4016 2645 4056; x_wconf 90' lang='lat' dir='ltr'>nec</span> <span class='ocrx_word' id='word_1_680' title='bbox 2676 4001 2766 4056; x_wconf 92' lang='lat' dir='ltr'>ubi</span> <span class='ocrx_word' id='word_1_681' title='bbox 2795 4000 3032 4056; x_wconf 81' lang='lat' dir='ltr'>offendat</span> <span class='ocrx_word' id='word_1_682' title='bbox 3056 4020 3069 4054; x_wconf 89' lang='lat'><em>:</em></span> <span class='ocrx_word' id='word_1_683' title='bbox 3096 4001 3220 4073; x_wconf 90' lang='lat' dir='ltr'>quia</span> <span class='ocrx_word' id='word_1_684' title='bbox 3267 4000 3439 4056; x_wconf 86' lang='lat' dir='ltr'>sancti</span> <span class='ocrx_word' id='word_1_685' title='bbox 3486 4015 3637 4055; x_wconf 89' lang='lat' dir='ltr'>mar-</span> 
     </span>
    </p>
   </div>
   <div class='ocr_carea' id='block_1_89' title="bbox 2039 4088 3641 4161">
    <p class='ocr_par' dir='ltr' id='par_1_89' title="bbox 2039 4088 3641 4161">
     <span class='ocr_line' id='line_1_89' title="bbox 2039 4088 3641 4161; baseline 0.001 -19"><span class='ocrx_word' id='word_1_686' title='bbox 2039 4097 2182 4160; x_wconf 84' lang='lat' dir='ltr'>tyres</span> <span class='ocrx_word' id='word_1_687' title='bbox 2231 4104 2447 4145; x_wconf 88' lang='lat' dir='ltr'>carnem</span> <span class='ocrx_word' id='word_1_688' title='bbox 2513 4099 2802 4157; x_wconf 89' lang='lat' dir='ltr'>exuentes,</span> <span class='ocrx_word' id='word_1_689' title='bbox 2863 4088 3280 4161; x_wconf 86' lang='lat' dir='ltr'>simplicioribus</span> <span class='ocrx_word' id='word_1_690' title='bbox 3340 4088 3484 4144; x_wconf 86' lang='lat' dir='ltr'>viam</span> <span class='ocrx_word' id='word_1_691' title='bbox 3541 4103 3641 4159; x_wconf 85' lang='lat' dir='ltr'>per</span> 
     </span>
    </p>
   </div>
   <div class='ocr_carea' id='block_1_90' title="bbox 2039 4177 3010 4250">
    <p class='ocr_par' dir='ltr' id='par_1_90' title="bbox 2039 4177 3010 4250">
     <span class='ocr_line' id='line_1_90' title="bbox 2039 4177 3010 4250; baseline 0 -17"><span class='ocrx_word' id='word_1_692' title='bbox 2039 4177 2346 4247; x_wconf 87' lang='lat' dir='ltr'>exemplum</span> <span class='ocrx_word' id='word_1_693' title='bbox 2378 4193 2477 4233; x_wconf 90' lang='lat' dir='ltr'>suo</span> <span class='ocrx_word' id='word_1_694' title='bbox 2506 4178 2768 4250; x_wconf 85' lang='lat' dir='ltr'>sanguine</span> <span class='ocrx_word' id='word_1_695' title='bbox 2800 4186 3010 4249; x_wconf 86' lang='lat' dir='ltr'>parant.</span> 
     </span>
    </p>
   </div>
   <div class='ocr_carea' id='block_1_91' title="bbox 2111 4266 3641 4333">
    <p class='ocr_par' dir='ltr' id='par_1_91' title="bbox 2111 4266 3641 4333">
     <span class='ocr_line' id='line_1_91' title="bbox 2111 4266 3641 4333; baseline -0.001 -11"><span class='ocrx_word' id='word_1_696' title='bbox 2111 4268 2282 4322; x_wconf 75' lang='lat' dir='ltr'>Vnus.</span> <span class='ocrx_word' id='word_1_697' title='bbox 2318 4270 2369 4322; x_wconf 93' lang='lat'>8.</span> <span class='ocrx_word' id='word_1_698' title='bbox 2401 4296 2471 4307; x_wconf 93' lang='lat'><strong>—</strong></span> <span class='ocrx_word' id='word_1_699' title='bbox 2500 4269 2699 4323; x_wconf 86' lang='lat' dir='ltr'>Ramos</span> <span class='ocrx_word' id='word_1_700' title='bbox 2731 4268 2797 4323; x_wconf 89' lang='lat' dir='ltr'>dc</span> <span class='ocrx_word' id='word_1_701' title='bbox 2831 4268 3137 4333; x_wconf 84' lang='lat' dir='ltr'>arboribus,</span> <span class='ocrx_word' id='word_1_702' title='bbox 3184 4275 3289 4323; x_wconf 91' lang='lat' dir='ltr'>etc.</span> <span class='ocrx_word' id='word_1_703' title='bbox 3324 4266 3522 4321; x_wconf 86' lang='lat' dir='ltr'>Ramos</span> <span class='ocrx_word' id='word_1_704' title='bbox 3552 4266 3641 4322; x_wconf 90' lang='lat' dir='ltr'>vel</span> 
     </span>
    </p>
   </div>
   <div class='ocr_carea' id='block_1_92' title="bbox 2041 4354 3644 4427">
    <p class='ocr_par' dir='ltr' id='par_1_92' title="bbox 2041 4354 3644 4427">
     <span class='ocr_line' id='line_1_92' title="bbox 2041 4354 3644 4427; baseline 0.001 -18"><span class='ocrx_word' id='word_1_705' title='bbox 2041 4354 2262 4410; x_wconf 88' lang='lat' dir='ltr'>frondes</span> <span class='ocrx_word' id='word_1_706' title='bbox 2292 4355 2534 4423; x_wconf 82' lang='lat' dir='ltr'>caedunt,</span> <span class='ocrx_word' id='word_1_707' title='bbox 2587 4357 2712 4427; x_wconf 90' lang='lat' dir='ltr'>quia</span> <span class='ocrx_word' id='word_1_708' title='bbox 2760 4357 2931 4413; x_wconf 87' lang='lat' dir='ltr'>verba</span> <span class='ocrx_word' id='word_1_709' title='bbox 2958 4365 3011 4412; x_wconf 91' lang='lat' dir='ltr'>et</span> <span class='ocrx_word' id='word_1_710' title='bbox 3058 4354 3354 4412; x_wconf 88' lang='lat' dir='ltr'>sententias</span> <span class='ocrx_word' id='word_1_711' title='bbox 3381 4355 3450 4411; x_wconf 89' lang='lat' dir='ltr'>de</span> <span class='ocrx_word' id='word_1_712' title='bbox 3488 4354 3644 4411; x_wconf 89' lang='lat' dir='ltr'>libris</span> 
     </span>
    </p>
   </div>
   <div class='ocr_carea' id='block_1_93' title="bbox 331 4435 3078 4517">
    <p class='ocr_par' dir='ltr' id='par_1_93' title="bbox 331 4435 3078 4517">
     <span class='ocr_line' id='line_1_93' title="bbox 331 4435 3078 4517; baseline -0.002 -12"><span class='ocrx_word' id='word_1_713' title='bbox 331 4456 412 4505; x_wconf 83' lang='lat' dir='ltr'>est</span> <span class='ocrx_word' id='word_1_714' title='bbox 439 4447 575 4505; x_wconf 89' lang='lat' dir='ltr'>visio</span> <span class='ocrx_word' id='word_1_715' title='bbox 606 4446 757 4517; x_wconf 88' lang='lat' dir='ltr'>pacis</span> <span class='ocrx_word' id='word_1_716' title='bbox 786 4443 1044 4513; x_wconf 88' lang='lat' dir='ltr'>visitavit,</span> <span class='ocrx_word' id='word_1_717' title='bbox 1078 4458 1237 4514; x_wconf 89' lang='lat' dir='ltr'>quam</span> <span class='ocrx_word' id='word_1_718' title='bbox 1269 4458 1367 4513; x_wconf 90' lang='lat' dir='ltr'>per</span> <span class='ocrx_word' id='word_1_719' title='bbox 1410 4441 1810 4498; x_wconf 87' lang='lat' dir='ltr'>confessionem</span> <span class='ocrx_word' id='word_1_720' title='bbox 1842 4435 2013 4498; x_wconf 90' lang='lat' dir='ltr'>sibiD</span> <span class='ocrx_word' id='word_1_721' title='bbox 2047 4443 2264 4498; x_wconf 88' lang='lat' dir='ltr'>Patrum</span> <span class='ocrx_word' id='word_1_722' title='bbox 2297 4452 2661 4515; x_wconf 88' lang='lat' dir='ltr'>excerperunt</span> <span class='ocrx_word' id='word_1_723' title='bbox 2688 4445 2774 4501; x_wconf 87' lang='lat' dir='ltr'>vel</span> <span class='ocrx_word' id='word_1_724' title='bbox 2808 4445 3078 4516; x_wconf 85' lang='lat' dir='ltr'>exempla.</span> 
     </span>
    </p>
   </div>
   <div class='ocr_carea' id='block_1_94' title="bbox 331 4531 1918 4604">
    <p class='ocr_par' dir='ltr' id='par_1_94' title="bbox 331 4531 1918 4604">
     <span class='ocr_line' id='line_1_94' title="bbox 331 4531 1918 4604; baseline -0.004 -12"><span class='ocrx_word' id='word_1_725' title='bbox 331 4535 715 4592; x_wconf 86' lang='lat' dir='ltr'>reconciliavit.</span> <span class='ocrx_word' id='word_1_726' title='bbox 750 4532 1062 4604; x_wconf 88' lang='lat' dir='ltr'>Bethphage</span> <span class='ocrx_word' id='word_1_727' title='bbox 1093 4531 1237 4586; x_wconf 89' lang='lat' dir='ltr'>enim</span> <span class='ocrx_word' id='word_1_728' title='bbox 1268 4531 1460 4586; x_wconf 91' lang='lat' dir='ltr'>domus</span> <span class='ocrx_word' id='word_1_729' title='bbox 1490 4531 1673 4586; x_wconf 66' lang='lat' dir='ltr'>buccae</span> <span class='ocrx_word' id='word_1_730' title='bbox 1702 4531 1918 4587; x_wconf 89' lang='lat' dir='ltr'>dicitur.</span> 
     </span>
    </p>
   </div>
   <div class='ocr_carea' id='block_1_95' title="bbox 332 4620 1928 4697">
    <p class='ocr_par' dir='ltr' id='par_1_95' title="bbox 332 4620 1928 4697">
     <span class='ocr_line' id='line_1_95' title="bbox 332 4620 1928 4697; baseline -0.003 -16"><span class='ocrx_word' id='word_1_731' title='bbox 332 4625 669 4697; x_wconf 81' lang='lat' dir='ltr'>Bethphage.</span> <span class='ocrx_word' id='word_1_732' title='bbox 710 4621 1023 4692; x_wconf 86' lang='lat' dir='ltr'>Bethphage</span> <span class='ocrx_word' id='word_1_733' title='bbox 1067 4628 1177 4676; x_wconf 89' lang='lat' dir='ltr'>erat</span> <span class='ocrx_word' id='word_1_734' title='bbox 1224 4620 1429 4677; x_wconf 89' lang='lat' dir='ltr'>viculus</span> <span class='ocrx_word' id='word_1_735' title='bbox 1489 4621 1825 4675; x_wconf 88' lang='lat' dir='ltr'>sacerdotum</span> <span class='ocrx_word' id='word_1_736' title='bbox 1873 4621 1928 4676; x_wconf 91' lang='lat' dir='ltr'>in</span> 
     </span>
    </p>
   </div>
   <div class='ocr_carea' id='block_1_96' title="bbox 335 4710 1927 4780">
    <p class='ocr_par' dir='ltr' id='par_1_96' title="bbox 335 4710 1927 4780">
     <span class='ocr_line' id='line_1_96' title="bbox 335 4710 1927 4780; baseline -0.003 -11"><span class='ocrx_word' id='word_1_737' title='bbox 335 4721 517 4769; x_wconf 88' lang='lat' dir='ltr'>monte</span> <span class='ocrx_word' id='word_1_738' title='bbox 549 4711 778 4777; x_wconf 91' lang='lat' dir='ltr'>Oliveti,</span> <span class='ocrx_word' id='word_1_739' title='bbox 836 4711 891 4765; x_wconf 92' lang='lat' dir='ltr'>in</span> <span class='ocrx_word' id='word_1_740' title='bbox 947 4710 1096 4780; x_wconf 90' lang='lat' dir='ltr'>cujus</span> <span class='ocrx_word' id='word_1_741' title='bbox 1150 4718 1331 4766; x_wconf 89' lang='lat' dir='ltr'>monte</span> <span class='ocrx_word' id='word_1_742' title='bbox 1386 4710 1549 4765; x_wconf 89' lang='lat' dir='ltr'>latere</span> <span class='ocrx_word' id='word_1_743' title='bbox 1606 4718 1685 4765; x_wconf 90' lang='lat' dir='ltr'>est</span> <span class='ocrx_word' id='word_1_744' title='bbox 1741 4710 1927 4766; x_wconf 85' lang='lat' dir='ltr'>civitas</span> 
     </span>
    </p>
   </div>
   <div class='ocr_carea' id='block_1_97' title="bbox 330 4798 1926 4871">
    <p class='ocr_par' dir='ltr' id='par_1_97' title="bbox 330 4798 1926 4871">
     <span class='ocr_line' id='line_1_97' title="bbox 330 4798 1926 4871; baseline -0.003 -12"><span class='ocrx_word' id='word_1_745' title='bbox 330 4802 611 4859; x_wconf 88' lang='lat' dir='ltr'>Bethania.</span> <span class='ocrx_word' id='word_1_746' title='bbox 649 4798 1002 4871; x_wconf 88' lang='lat' dir='ltr'>Bethphage,</span> <span class='ocrx_word' id='word_1_747' title='bbox 1054 4801 1248 4855; x_wconf 90' lang='lat' dir='ltr'>domus</span> <span class='ocrx_word' id='word_1_748' title='bbox 1276 4800 1479 4856; x_wconf 67' lang='lat' dir='ltr'>buccae.</span> <span class='ocrx_word' id='word_1_749' title='bbox 1514 4799 1787 4869; x_wconf 89' lang='lat' dir='ltr'>Bethania,</span> <span class='ocrx_word' id='word_1_750' title='bbox 1823 4799 1926 4854; x_wconf 91' lang='lat' dir='ltr'>do-</span> 
     </span>
    </p>
   </div>
   <div class='ocr_carea' id='block_1_98' title="bbox 329 4889 1927 4961">
    <p class='ocr_par' dir='ltr' id='par_1_98' title="bbox 329 4889 1927 4961">
     <span class='ocr_line' id='line_1_98' title="bbox 329 4889 1927 4961; baseline -0.002 -14"><span class='ocrx_word' id='word_1_751' title='bbox 329 4908 451 4947; x_wconf 91' lang='lat' dir='ltr'>mus</span> <span class='ocrx_word' id='word_1_752' title='bbox 500 4890 841 4947; x_wconf 86' lang='lat' dir='ltr'>obedientiae.</span> <span class='ocrx_word' id='word_1_753' title='bbox 890 4889 999 4943; x_wconf 90' lang='lat' dir='ltr'>Has</span> <span class='ocrx_word' id='word_1_754' title='bbox 1044 4889 1306 4944; x_wconf 90' lang='lat' dir='ltr'>Dominus</span> <span class='ocrx_word' id='word_1_755' title='bbox 1331 4904 1597 4961; x_wconf 85' lang='lat' dir='ltr'>pergens,</span> <span class='ocrx_word' id='word_1_756' title='bbox 1630 4889 1927 4944; x_wconf 86' lang='lat' dir='ltr'>Jerusalem</span> 
     </span>
    </p>
   </div>
   <div class='ocr_carea' id='block_1_99' title="bbox 330 4977 1926 5053">
    <p class='ocr_par' dir='ltr' id='par_1_99' title="bbox 330 4977 1926 5053">
     <span class='ocr_line' id='line_1_99' title="bbox 330 4977 1926 5053; baseline -0.002 -17"><span class='ocrx_word' id='word_1_757' title='bbox 330 4998 426 5037; x_wconf 87' lang='lat' dir='ltr'>sua</span> <span class='ocrx_word' id='word_1_758' title='bbox 456 4980 746 5053; x_wconf 69' lang='lat' dir='ltr'>praesentia</span> <span class='ocrx_word' id='word_1_759' title='bbox 778 4977 1045 5044; x_wconf 88' lang='lat' dir='ltr'>sublimat,</span> <span class='ocrx_word' id='word_1_760' title='bbox 1078 4979 1201 5051; x_wconf 87' lang='lat' dir='ltr'>quia</span> <span class='ocrx_word' id='word_1_761' title='bbox 1229 4978 1427 5034; x_wconf 90' lang='lat' dir='ltr'>multos</span> <span class='ocrx_word' id='word_1_762' title='bbox 1453 4985 1575 5033; x_wconf 85' lang='lat' dir='ltr'>ante</span> <span class='ocrx_word' id='word_1_763' title='bbox 1616 4978 1926 5049; x_wconf 88' lang='lat' dir='ltr'>passionem</span> 
     </span>
    </p>
   </div>
   <div class='ocr_carea' id='block_1_100' title="bbox 326 5066 1928 5140">
    <p class='ocr_par' dir='ltr' id='par_1_100' title="bbox 326 5066 1928 5140">
     <span class='ocr_line' id='line_1_100' title="bbox 326 5066 1928 5140; baseline -0.001 -15"><span class='ocrx_word' id='word_1_764' title='bbox 326 5070 574 5125; x_wconf 91' lang='lat' dir='ltr'>docendo</span> <span class='ocrx_word' id='word_1_765' title='bbox 606 5066 763 5124; x_wconf 91' lang='lat' dir='ltr'>donis</span> <span class='ocrx_word' id='word_1_766' title='bbox 784 5068 887 5140; x_wconf 63' lang='lat' dir='ltr'>pia:</span> <span class='ocrx_word' id='word_1_767' title='bbox 917 5067 1276 5123; x_wconf 90' lang='lat' dir='ltr'>confessionis</span> <span class='ocrx_word' id='word_1_768' title='bbox 1307 5075 1359 5123; x_wconf 91' lang='lat' dir='ltr'>et</span> <span class='ocrx_word' id='word_1_769' title='bbox 1390 5066 1714 5123; x_wconf 85' lang='lat' dir='ltr'>obedientiae</span> <span class='ocrx_word' id='word_1_770' title='bbox 1742 5067 1928 5139; x_wconf 87' lang='lat' dir='ltr'>imple-</span> 
     </span>
    </p>
   </div>
   <div class='ocr_carea' id='block_1_101' title="bbox 324 5154 1924 5215">
    <p class='ocr_par' dir='ltr' id='par_1_101' title="bbox 324 5154 1924 5215">
     <span class='ocr_line' id='line_1_101' title="bbox 324 5154 1924 5215; baseline -0.004 0"><span class='ocrx_word' id='word_1_771' title='bbox 324 5160 418 5215; x_wconf 86' lang='lat' dir='ltr'>vit.</span> <span class='ocrx_word' id='word_1_772' title='bbox 472 5157 600 5215; x_wconf 65' lang='lat' dir='ltr'>Sitaa</span> <span class='ocrx_word' id='word_1_773' title='bbox 646 5165 825 5214; x_wconf 91' lang='lat' dir='ltr'>autem</span> <span class='ocrx_word' id='word_1_774' title='bbox 873 5165 996 5212; x_wconf 92' lang='lat' dir='ltr'>sunt</span> <span class='ocrx_word' id='word_1_775' title='bbox 1020 5156 1125 5211; x_wconf 62' lang='lat' dir='ltr'>illa</span> <span class='ocrx_word' id='word_1_776' title='bbox 1154 5156 1396 5212; x_wconf 88' lang='lat' dir='ltr'>civitates</span> <span class='ocrx_word' id='word_1_777' title='bbox 1440 5156 1495 5209; x_wconf 92' lang='lat' dir='ltr'>in</span> <span class='ocrx_word' id='word_1_778' title='bbox 1523 5164 1704 5211; x_wconf 90' lang='lat' dir='ltr'>monte</span> <span class='ocrx_word' id='word_1_779' title='bbox 1737 5154 1924 5211; x_wconf 87' lang='lat' dir='ltr'>Oliva-</span> 
     </span>
    </p>
   </div>
   <div class='ocr_carea' id='block_1_102' title="bbox 324 5245 1921 5317">
    <p class='ocr_par' dir='ltr' id='par_1_102' title="bbox 324 5245 1921 5317">
     <span class='ocr_line' id='line_1_102' title="bbox 324 5245 1921 5317; baseline -0.003 -14"><span class='ocrx_word' id='word_1_780' title='bbox 324 5264 442 5303; x_wconf 87' lang='lat' dir='ltr'>rnm</span> <span class='ocrx_word' id='word_1_781' title='bbox 462 5291 475 5314; x_wconf 94' lang='lat'>,</span> <span class='ocrx_word' id='word_1_782' title='bbox 509 5246 566 5302; x_wconf 91' lang='lat' dir='ltr'>id</span> <span class='ocrx_word' id='word_1_783' title='bbox 595 5254 705 5313; x_wconf 84' lang='lat' dir='ltr'>est,</span> <span class='ocrx_word' id='word_1_784' title='bbox 739 5246 793 5300; x_wconf 91' lang='lat' dir='ltr'>in</span> <span class='ocrx_word' id='word_1_785' title='bbox 810 5246 1021 5302; x_wconf 88' lang='lat' dir='ltr'>Christo</span> <span class='ocrx_word' id='word_1_786' title='bbox 1049 5245 1310 5311; x_wconf 90' lang='lat' dir='ltr'>Domino,</span> <span class='ocrx_word' id='word_1_787' title='bbox 1360 5262 1390 5299; x_wconf 90' lang='lat' dir='ltr'>a</span> <span class='ocrx_word' id='word_1_788' title='bbox 1419 5260 1525 5317; x_wconf 92' lang='lat' dir='ltr'>quo</span> <span class='ocrx_word' id='word_1_789' title='bbox 1553 5245 1733 5301; x_wconf 90' lang='lat' dir='ltr'>unctio</span> <span class='ocrx_word' id='word_1_790' title='bbox 1761 5254 1813 5300; x_wconf 89' lang='lat' dir='ltr'>et</span> <span class='ocrx_word' id='word_1_791' title='bbox 1832 5245 1921 5300; x_wconf 90' lang='lat' dir='ltr'>lux</span> 
     </span>
    </p>
   </div>
   <div class='ocr_carea' id='block_1_103' title="bbox 328 5335 1925 5408">
    <p class='ocr_par' dir='ltr' id='par_1_103' title="bbox 328 5335 1925 5408">
     <span class='ocr_line' id='line_1_103' title="bbox 328 5335 1925 5408; baseline -0.003 -15"><span class='ocrx_word' id='word_1_792' title='bbox 328 5336 579 5393; x_wconf 82' lang='lat' dir='ltr'>omnibus</span> <span class='ocrx_word' id='word_1_793' title='bbox 607 5335 756 5392; x_wconf 89' lang='lat' dir='ltr'>venit</span> <span class='ocrx_word' id='word_1_794' title='bbox 780 5352 795 5403; x_wconf 86' lang='lat'><strong>;</strong></span> <span class='ocrx_word' id='word_1_795' title='bbox 824 5335 969 5391; x_wconf 88' lang='lat' dir='ltr'>unde</span> <span class='ocrx_word' id='word_1_796' title='bbox 1002 5352 1015 5390; x_wconf 75' lang='grc' dir='ltr'>ε</span> <span class='ocrx_word' id='word_1_797' title='bbox 1044 5336 1164 5391; x_wconf 87' lang='grc' dir='ltr'>Νοη</span> <span class='ocrx_word' id='word_1_798' title='bbox 1192 5338 1379 5408; x_wconf 82' lang='lat' dir='ltr'>potest</span> <span class='ocrx_word' id='word_1_799' title='bbox 1430 5335 1632 5390; x_wconf 83' lang='lat' dir='ltr'>civitas</span> <span class='ocrx_word' id='word_1_800' title='bbox 1660 5335 1925 5392; x_wconf 84' lang='lat' dir='ltr'>abscondi</span> 
     </span>
    </p>
   </div>
   <div class='ocr_carea' id='block_1_104' title="bbox 334 5424 1922 5502">
    <p class='ocr_par' dir='ltr' id='par_1_104' title="bbox 334 5424 1922 5502">
     <span class='ocr_line' id='line_1_104' title="bbox 334 5424 1922 5502; baseline -0.003 -18"><span class='ocrx_word' id='word_1_801' title='bbox 334 5443 506 5502; x_wconf 85' lang='lat' dir='ltr'>super</span> <span class='ocrx_word' id='word_1_802' title='bbox 533 5430 785 5483; x_wconf 85' lang='lat' dir='ltr'>montem</span> <span class='ocrx_word' id='word_1_803' title='bbox 811 5426 1019 5498; x_wconf 81' lang='lat' dir='ltr'>posita.</span> <span class='ocrx_word' id='word_1_804' title='bbox 1041 5454 1110 5465; x_wconf 93' lang='lat'><em>—</em></span> <span class='ocrx_word' id='word_1_805' title='bbox 1133 5424 1214 5480; x_wconf 84' lang='lat' dir='ltr'>Ad</span> <span class='ocrx_word' id='word_1_806' title='bbox 1237 5427 1489 5480; x_wconf 88' lang='lat' dir='ltr'>montem</span> <span class='ocrx_word' id='word_1_807' title='bbox 1519 5424 1758 5479; x_wconf 83' lang='lat' dir='ltr'>Oliveti:</span> <span class='ocrx_word' id='word_1_808' title='bbox 1784 5428 1922 5479; x_wconf 89' lang='lat' dir='ltr'>tunc</span> 
     </span>
    </p>
   </div>
   <div class='ocr_carea' id='block_1_105' title="bbox 324 5513 1918 5587">
    <p class='ocr_par' dir='ltr' id='par_1_105' title="bbox 324 5513 1918 5587">
     <span class='ocr_line' id='line_1_105' title="bbox 324 5513 1918 5587; baseline -0.004 -12"><span class='ocrx_word' id='word_1_809' title='bbox 324 5519 504 5584; x_wconf 81' lang='lat' dir='ltr'>Iesus,</span> <span class='ocrx_word' id='word_1_810' title='bbox 544 5523 647 5576; x_wconf 89' lang='lat' dir='ltr'>etc.</span> <span class='ocrx_word' id='word_1_811' title='bbox 688 5515 772 5576; x_wconf 84' lang='lat' dir='ltr'>Ad</span> <span class='ocrx_word' id='word_1_812' title='bbox 801 5513 1186 5576; x_wconf 82' lang='lat' dir='ltr'>sublimitatem</span> <span class='ocrx_word' id='word_1_813' title='bbox 1206 5513 1918 5587; x_wconf 69' lang='lat' dir='ltr'>misericordizerespiciens,</span> 
     </span>
    </p>
   </div>
   <div class='ocr_carea' id='block_1_106' title="bbox 2100 4531 3644 4605">
    <p class='ocr_par' dir='ltr' id='par_1_106' title="bbox 2100 4531 3644 4605">
     <span class='ocr_line' id='line_1_106' title="bbox 2100 4531 3644 4605; baseline -0.001 -18"><span class='ocrx_word' id='word_1_814' title='bbox 2100 4534 2267 4589; x_wconf 72' lang='lat' dir='ltr'>Vens.</span> <span class='ocrx_word' id='word_1_815' title='bbox 2301 4538 2333 4588; x_wconf 90' lang='lat'><strong>9</strong></span> <span class='ocrx_word' id='word_1_816' title='bbox 2362 4563 2433 4575; x_wconf 93' lang='lat'><strong>—</strong></span> <span class='ocrx_word' id='word_1_817' title='bbox 2464 4534 2710 4590; x_wconf 89' lang='lat' dir='ltr'>Osanna.</span> <span class='ocrx_word' id='word_1_818' title='bbox 2738 4534 2950 4605; x_wconf 72' lang='grc' dir='ltr'>(Ηιειι.)</span> <span class='ocrx_word' id='word_1_819' title='bbox 2974 4532 3100 4603; x_wconf 91' lang='lat' dir='ltr'>Osi,</span> <span class='ocrx_word' id='word_1_820' title='bbox 3136 4532 3190 4587; x_wconf 90' lang='lat' dir='ltr'>id</span> <span class='ocrx_word' id='word_1_821' title='bbox 3211 4539 3313 4602; x_wconf 86' lang='lat' dir='ltr'>est,</span> <span class='ocrx_word' id='word_1_822' title='bbox 3337 4532 3505 4599; x_wconf 88' lang='lat' dir='ltr'>salva,</span> <span class='ocrx_word' id='word_1_823' title='bbox 3528 4531 3644 4587; x_wconf 87' lang='lat' dir='ltr'>sal-</span> 
     </span>
    </p>
   </div>
   <div class='ocr_carea' id='block_1_107' title="bbox 2026 4620 3644 4694">
    <p class='ocr_par' dir='ltr' id='par_1_107' title="bbox 2026 4620 3644 4694">
     <span class='ocr_line' id='line_1_107' title="bbox 2026 4620 3644 4694; baseline -0.002 -17"><span class='ocrx_word' id='word_1_824' title='bbox 2026 4620 2205 4678; x_wconf 76' lang='lat' dir='ltr'>vilica.</span> <span class='ocrx_word' id='word_1_825' title='bbox 2239 4625 2397 4678; x_wconf 81' lang='lat' dir='ltr'>Anna</span> <span class='ocrx_word' id='word_1_826' title='bbox 2425 4622 2732 4691; x_wconf 88' lang='lat' dir='ltr'>interjectio</span> <span class='ocrx_word' id='word_1_827' title='bbox 2761 4622 3125 4693; x_wconf 88' lang='lat' dir='ltr'>deprecantis,</span> <span class='ocrx_word' id='word_1_828' title='bbox 3165 4620 3323 4694; x_wconf 88' lang='lat' dir='ltr'>quasi</span> <span class='ocrx_word' id='word_1_829' title='bbox 3367 4620 3514 4675; x_wconf 83' lang='lat' dir='ltr'>salva</span> <span class='ocrx_word' id='word_1_830' title='bbox 3543 4621 3644 4675; x_wconf 86' lang='lat' dir='ltr'>ob-</span> 
     </span>
    </p>
   </div>
   <div class='ocr_carea' id='block_1_108' title="bbox 2029 4707 3645 4783">
    <p class='ocr_par' dir='ltr' id='par_1_108' title="bbox 2029 4707 3645 4783">
     <span class='ocr_line' id='line_1_108' title="bbox 2029 4707 3645 4783; baseline 0 -19"><span class='ocrx_word' id='word_1_831' title='bbox 2029 4726 2201 4767; x_wconf 90' lang='lat' dir='ltr'>secro.</span> <span class='ocrx_word' id='word_1_832' title='bbox 2253 4711 2473 4767; x_wconf 90' lang='lat' dir='ltr'>Osanna</span> <span class='ocrx_word' id='word_1_833' title='bbox 2521 4719 2690 4767; x_wconf 87' lang='lat' dir='ltr'>totum</span> <span class='ocrx_word' id='word_1_834' title='bbox 2739 4712 3071 4767; x_wconf 88' lang='lat' dir='ltr'>Hebraicum</span> <span class='ocrx_word' id='word_1_835' title='bbox 3120 4719 3222 4775; x_wconf 89' lang='lat' dir='ltr'>est,</span> <span class='ocrx_word' id='word_1_836' title='bbox 3273 4717 3325 4765; x_wconf 90' lang='lat' dir='ltr'>et</span> <span class='ocrx_word' id='word_1_837' title='bbox 3374 4707 3645 4783; x_wconf 86' lang='lat' dir='ltr'>signiﬁcat</span> 
     </span>
    </p>
   </div>
   <div class='ocr_carea' id='block_1_109' title="bbox 2027 4797 3642 4870">
    <p class='ocr_par' dir='ltr' id='par_1_109' title="bbox 2027 4797 3642 4870">
     <span class='ocr_line' id='line_1_109' title="bbox 2027 4797 3642 4870; baseline -0.001 -16"><span class='ocrx_word' id='word_1_838' title='bbox 2027 4800 2175 4870; x_wconf 86' lang='lat' dir='ltr'>quod</span> <span class='ocrx_word' id='word_1_839' title='bbox 2206 4799 2469 4855; x_wconf 86' lang='lat' dir='ltr'>adventus</span> <span class='ocrx_word' id='word_1_840' title='bbox 2518 4799 2713 4855; x_wconf 86' lang='lat' dir='ltr'>Christi</span> <span class='ocrx_word' id='word_1_841' title='bbox 2760 4799 2905 4854; x_wconf 89' lang='lat' dir='ltr'>salus</span> <span class='ocrx_word' id='word_1_842' title='bbox 2938 4798 3129 4853; x_wconf 88' lang='lat' dir='ltr'>mundi</span> <span class='ocrx_word' id='word_1_843' title='bbox 3158 4798 3261 4853; x_wconf 89' lang='lat' dir='ltr'>sit:</span> <span class='ocrx_word' id='word_1_844' title='bbox 3283 4798 3429 4853; x_wconf 92' lang='lat' dir='ltr'>unde</span> <span class='ocrx_word' id='word_1_845' title='bbox 3452 4797 3642 4869; x_wconf 89' lang='lat' dir='ltr'>sequi-</span> 
     </span>
    </p>
   </div>
   <div class='ocr_carea' id='block_1_110' title="bbox 2027 4887 3639 4953">
    <p class='ocr_par' dir='ltr' id='par_1_110' title="bbox 2027 4887 3639 4953">
     <span class='ocr_line' id='line_1_110' title="bbox 2027 4887 3639 4953; baseline -0.003 -7"><span class='ocrx_word' id='word_1_846' title='bbox 2027 4900 2117 4946; x_wconf 91' lang='lat' dir='ltr'>tur</span> <span class='ocrx_word' id='word_1_847' title='bbox 2151 4905 2164 4941; x_wconf 89' lang='lat'><strong>:</strong></span> <span class='ocrx_word' id='word_1_848' title='bbox 2198 4888 2558 4943; x_wconf 86' lang='lat' dir='ltr'>Benedictus.</span> <span class='ocrx_word' id='word_1_849' title='bbox 2597 4888 2844 4953; x_wconf 85' lang='lat' dir='ltr'>Osanna,</span> <span class='ocrx_word' id='word_1_850' title='bbox 2870 4887 2925 4941; x_wconf 90' lang='lat' dir='ltr'>id</span> <span class='ocrx_word' id='word_1_851' title='bbox 2955 4894 3055 4953; x_wconf 88' lang='lat' dir='ltr'>est,</span> <span class='ocrx_word' id='word_1_852' title='bbox 3083 4887 3253 4943; x_wconf 89' lang='lat' dir='ltr'>salva.</span> <span class='ocrx_word' id='word_1_853' title='bbox 3279 4888 3345 4943; x_wconf 89' lang='lat' dir='ltr'>In</span> <span class='ocrx_word' id='word_1_854' title='bbox 3375 4887 3639 4943; x_wconf 73' lang='lat' dir='ltr'>excelsis.</span> 
     </span>
    </p>
   </div>
   <div class='ocr_carea' id='block_1_111' title="bbox 2027 4975 3643 5044">
    <p class='ocr_par' dir='ltr' id='par_1_111' title="bbox 2027 4975 3643 5044">
     <span class='ocr_line' id='line_1_111' title="bbox 2027 4975 3643 5044; baseline -0.001 -13"><span class='ocrx_word' id='word_1_855' title='bbox 2027 4975 2165 5044; x_wconf 90' lang='lat' dir='ltr'>Quia</span> <span class='ocrx_word' id='word_1_856' title='bbox 2194 4976 2459 5030; x_wconf 89' lang='lat' dir='ltr'>adventus</span> <span class='ocrx_word' id='word_1_857' title='bbox 2490 4975 2695 5030; x_wconf 88' lang='lat' dir='ltr'>Christi</span> <span class='ocrx_word' id='word_1_858' title='bbox 2722 4991 2834 5030; x_wconf 88' lang='lat' dir='ltr'>non</span> <span class='ocrx_word' id='word_1_859' title='bbox 2868 4983 3078 5030; x_wconf 90' lang='lat' dir='ltr'>tantum</span> <span class='ocrx_word' id='word_1_860' title='bbox 3110 4976 3393 5031; x_wconf 91' lang='lat' dir='ltr'>hominum</span> <span class='ocrx_word' id='word_1_861' title='bbox 3425 4975 3521 5030; x_wconf 91' lang='lat' dir='ltr'>sed</span> <span class='ocrx_word' id='word_1_862' title='bbox 3561 4982 3643 5030; x_wconf 88' lang='lat' dir='ltr'>to-</span> 
     </span>
    </p>
   </div>
   <div class='ocr_carea' id='block_1_112' title="bbox 2026 5063 3639 5137">
    <p class='ocr_par' dir='ltr' id='par_1_112' title="bbox 2026 5063 3639 5137">
     <span class='ocr_line' id='line_1_112' title="bbox 2026 5063 3639 5137; baseline -0.001 -17"><span class='ocrx_word' id='word_1_863' title='bbox 2026 5065 2131 5136; x_wconf 55' lang='lat' dir='ltr'>tius</span> <span class='ocrx_word' id='word_1_864' title='bbox 2158 5065 2345 5120; x_wconf 91' lang='lat' dir='ltr'>mundi</span> <span class='ocrx_word' id='word_1_865' title='bbox 2376 5064 2521 5119; x_wconf 87' lang='lat' dir='ltr'>salus</span> <span class='ocrx_word' id='word_1_866' title='bbox 2571 5072 2679 5129; x_wconf 86' lang='lat' dir='ltr'>est,</span> <span class='ocrx_word' id='word_1_867' title='bbox 2718 5072 2933 5120; x_wconf 86' lang='lat' dir='ltr'>terrena</span> <span class='ocrx_word' id='word_1_868' title='bbox 2984 5065 3286 5137; x_wconf 88' lang='lat' dir='ltr'>conjunges</span> <span class='ocrx_word' id='word_1_869' title='bbox 3323 5063 3639 5120; x_wconf 66' lang='lat' dir='ltr'>coelestibus</span> 
     </span>
    </p>
   </div>
   <div class='ocr_carea' id='block_1_113' title="bbox 2025 5154 3620 5225">
    <p class='ocr_par' dir='ltr' id='par_1_113' title="bbox 2025 5154 3620 5225">
     <span class='ocr_line' id='line_1_113' title="bbox 2025 5154 3620 5225; baseline -0.001 -16"><span class='ocrx_word' id='word_1_870' title='bbox 2025 5159 2091 5210; x_wconf 85' lang='lat' dir='ltr'>ut</span> <span class='ocrx_word' id='word_1_871' title='bbox 2116 5155 2181 5209; x_wconf 86' lang='lat' dir='ltr'>in</span> <span class='ocrx_word' id='word_1_872' title='bbox 2210 5156 2439 5209; x_wconf 84' lang='lat' dir='ltr'>nomine</span> <span class='ocrx_word' id='word_1_873' title='bbox 2461 5156 2593 5209; x_wconf 88' lang='lat' dir='ltr'>Jesu</span> <span class='ocrx_word' id='word_1_874' title='bbox 2614 5167 2779 5210; x_wconf 86' lang='lat' dir='ltr'>omne</span> <span class='ocrx_word' id='word_1_875' title='bbox 2826 5169 2975 5225; x_wconf 84' lang='lat' dir='ltr'>genu</span> <span class='ocrx_word' id='word_1_876' title='bbox 2994 5155 3263 5222; x_wconf 85' lang='lat' dir='ltr'>ﬂectatur</span> <span class='ocrx_word' id='word_1_877' title='bbox 3284 5154 3620 5221; x_wconf 72' lang='lat' dir='ltr'>caelestium,</span> 
     </span>
    </p>
   </div>
   <div class='ocr_carea' id='block_1_114' title="bbox 2026 5241 3627 5312">
    <p class='ocr_par' dir='ltr' id='par_1_114' title="bbox 2026 5241 3627 5312">
     <span class='ocr_line' id='line_1_114' title="bbox 2026 5241 3627 5312; baseline -0.002 -13"><span class='ocrx_word' id='word_1_878' title='bbox 2026 5245 2387 5299; x_wconf 87' lang='lat' dir='ltr'>terrestrium</span> <span class='ocrx_word' id='word_1_879' title='bbox 2417 5247 2474 5297; x_wconf 89' lang='lat' dir='ltr'>et</span> <span class='ocrx_word' id='word_1_880' title='bbox 2510 5242 2872 5312; x_wconf 82' lang='lat' dir='ltr'>infernorum</span> <span class='ocrx_word' id='word_1_881' title='bbox 2902 5243 3092 5312; x_wconf 86' lang='lat' dir='ltr'>(Phil.</span> <span class='ocrx_word' id='word_1_882' title='bbox 3127 5241 3229 5311; x_wconf 84' lang='grc' dir='ltr'>ιι).</span> <span class='ocrx_word' id='word_1_883' title='bbox 3266 5244 3331 5297; x_wconf 89' lang='lat' dir='ltr'>In</span> <span class='ocrx_word' id='word_1_884' title='bbox 3361 5243 3627 5298; x_wconf 59' lang='lat' dir='ltr'>carcelsis.</span> 
     </span>
    </p>
   </div>
   <div class='ocr_carea' id='block_1_115' title="bbox 2025 5329 3623 5405">
    <p class='ocr_par' dir='ltr' id='par_1_115' title="bbox 2025 5329 3623 5405">
     <span class='ocr_line' id='line_1_115' title="bbox 2025 5329 3623 5405; baseline -0.001 -18"><span class='ocrx_word' id='word_1_885' title='bbox 2025 5331 2165 5400; x_wconf 89' lang='lat' dir='ltr'>Quia</span> <span class='ocrx_word' id='word_1_886' title='bbox 2198 5340 2249 5387; x_wconf 88' lang='lat' dir='ltr'>et</span> <span class='ocrx_word' id='word_1_887' title='bbox 2274 5331 2593 5405; x_wconf 86' lang='lat' dir='ltr'>angelorum</span> <span class='ocrx_word' id='word_1_888' title='bbox 2642 5332 2791 5386; x_wconf 90' lang='lat' dir='ltr'>salus</span> <span class='ocrx_word' id='word_1_889' title='bbox 2836 5347 3069 5402; x_wconf 88' lang='lat' dir='ltr'>quorum</span> <span class='ocrx_word' id='word_1_890' title='bbox 3099 5346 3387 5387; x_wconf 87' lang='lat' dir='ltr'>numerum</span> <span class='ocrx_word' id='word_1_891' title='bbox 3415 5329 3623 5401; x_wconf 88' lang='lat' dir='ltr'>implet.</span> 
     </span>
    </p>
   </div>
   <div class='ocr_carea' id='block_1_116' title="bbox 2094 5419 3627 5493">
    <p class='ocr_par' dir='ltr' id='par_1_116' title="bbox 2094 5419 3627 5493">
     <span class='ocr_line' id='line_1_116' title="bbox 2094 5419 3627 5493; baseline -0.003 -16"><span class='ocrx_word' id='word_1_892' title='bbox 2094 5422 2262 5477; x_wconf 71' lang='lat' dir='ltr'>Vens.</span> <span class='ocrx_word' id='word_1_893' title='bbox 2287 5424 2371 5477; x_wconf 81' lang='grc'>10.</span> <span class='ocrx_word' id='word_1_894' title='bbox 2396 5451 2464 5463; x_wconf 93' lang='grc'><strong>-</strong></span> <span class='ocrx_word' id='word_1_895' title='bbox 2488 5422 2626 5479; x_wconf 83' lang='lat' dir='ltr'>Cum</span> <span class='ocrx_word' id='word_1_896' title='bbox 2652 5422 2948 5477; x_wconf 84' lang='lat' dir='ltr'>intrasset.</span> <span class='ocrx_word' id='word_1_897' title='bbox 2982 5420 3317 5493; x_wconf 89' lang='lat' dir='ltr'>Frequenter</span> <span class='ocrx_word' id='word_1_898' title='bbox 3343 5419 3627 5493; x_wconf 89' lang='lat' dir='ltr'>ingressus</span> 
     </span>
    </p>
   </div>
   <div class='ocr_carea' id='block_1_117' title="bbox 2023 5508 3638 5577">
    <p class='ocr_par' dir='ltr' id='par_1_117' title="bbox 2023 5508 3638 5577">
     <span class='ocr_line' id='line_1_117' title="bbox 2023 5508 3638 5577; baseline -0.001 -10"><span class='ocrx_word' id='word_1_899' title='bbox 2023 5518 2105 5568; x_wconf 86' lang='lat' dir='ltr'>est</span> <span class='ocrx_word' id='word_1_900' title='bbox 2151 5511 2423 5571; x_wconf 86' lang='lat' dir='ltr'>civitatem</span> <span class='ocrx_word' id='word_1_901' title='bbox 2448 5509 2765 5577; x_wconf 84' lang='lat' dir='ltr'>Jerusalem,</span> <span class='ocrx_word' id='word_1_902' title='bbox 2802 5510 2899 5569; x_wconf 90' lang='lat' dir='ltr'>sed</span> <span class='ocrx_word' id='word_1_903' title='bbox 2927 5524 3038 5569; x_wconf 86' lang='lat' dir='ltr'>non</span> <span class='ocrx_word' id='word_1_904' title='bbox 3067 5526 3191 5569; x_wconf 89' lang='lat' dir='ltr'>cum</span> <span class='ocrx_word' id='word_1_905' title='bbox 3220 5510 3304 5569; x_wconf 88' lang='lat' dir='ltr'>his</span> <span class='ocrx_word' id='word_1_906' title='bbox 3347 5508 3599 5569; x_wconf 88' lang='lat' dir='ltr'>laudibus</span> <span class='ocrx_word' id='word_1_907' title='bbox 3626 5526 3638 5565; x_wconf 91' lang='lat'><strong>:</strong></span> 
     </span>
    </p>
   </div>
  </div>
