4000 6182
202 282 300 338 153

1170 276 1441 341 GLOSSA
1478 278 1892 341 ORDINARIA.
1926 306 1995 324 —
2032 280 2295 338 EVANG.
2328 280 2585 339 ΜΑἸἼἮ.

3410 288 3511 345 154

217 437 326 479 non
357 437 461 476 rex
499 428 751 486 vocatur,
785 421 933 492 quod
981 436 1200 493 semper
1228 422 1446 495 fugem,
1469 464 1483 491 ,
1519 422 1624 478 nisi
1655 428 1817 479 modo
1847 405 1903 466 A
1923 404 2240 476 possidenti,
2278 405 2324 460 si
2350 414 2591 461 creatura
2614 421 2709 461 sua
2747 406 2818 462 ad
2844 406 3120 463 arbritium
3142 423 3300 464 suum
3326 407 3508 478 utitur,

206 527 330 568 cum
361 509 616 566 ascendit
664 526 952 580 passurus.
996 509 1156 578 Quod
1218 511 1343 567 ideo
1388 510 1590 567 factum
1622 520 1725 579 est,
1761 520 1819 567 ut

210 599 450 671 amplius
505 598 727 654 illorum
774 599 1068 655 adversum
1118 616 1178 655 se
1228 600 1491 659 excitaret
1532 600 1811 668 invidiam,

210 689 337 765 quia
352 689 474 757 jam
507 696 723 759 tempus
752 688 1025 759 passionis
1055 689 1315 747 instabat.

275 778 455 832 Vnns.
493 781 579 833 12.
615 807 684 818 —
712 779 785 832 Et
819 778 1097 850 ejiciebat.
1121 778 1314 849 (Αυα.)
1336 777 1589 846 Ejecerat
1611 786 1663 834 et
1689 787 1815 835 ante

210 865 315 923 alia
345 866 489 934 vice,
525 865 673 937 quod
700 866 942 921 Joannes
971 866 1123 921 solus
1160 866 1292 923 dicit
1325 885 1339 921 :
1373 867 1471 922 sed
1500 868 1569 921 de
1603 868 1708 924 hac
1739 867 1818 922 ul-

208 956 342 1010 tima
371 954 641 1023 ejectione
671 953 860 1010 dicunt
882 962 935 1009 et
954 954 1062 1010 alii.
1087 956 1304 1011 Mensas
1326 958 1812 1014 numulariorum.

208 1043 351 1113 Quia
380 1044 452 1098 de
482 1042 740 1099 omnibus
788 1043 1038 1113 partibus
1068 1045 1140 1099 ad
1195 1045 1460 1115 templum
1496 1044 1810 1114 veniebant,

208 1132 523 1189 vendebant
554 1132 875 1187 sacerdotes
903 1148 1013 1188 non
1042 1133 1371 1189 habentibus
1402 1134 1587 1189 omnia
1607 1135 1816 1190 anima—

208 1222 296 1287 lia,
332 1221 508 1276 etiam
539 1221 825 1277 columbas
855 1236 993 1293 quas
1025 1237 1297 1293 pauperes
1330 1221 1579 1289 offerent,
1606 1232 1663 1278 ut
1684 1240 1813 1279 ven-

208 1311 319 1366 dita
348 1318 552 1381 postea
582 1310 893 1380 reciperent
922 1310 1245 1365 oblationes.
1299 1311 1409 1366 Sed
1440 1312 1567 1384 quia
1600 1312 1691 1366 alii
1722 1313 1813 1367 ni-

207 1399 277 1454 hil
305 1399 593 1453 hahebant
624 1399 769 1453 unde
816 1407 1080 1469 emerent,
1114 1408 1416 1470 posuerunt
1448 1401 1808 1471 numularios,

209 1488 293 1560 qui
322 1496 522 1541 mutuo
555 1487 754 1542 darent
786 1506 800 1542 :
835 1496 889 1543 et
919 1488 1047 1560 quia
1079 1488 1163 1543 lex
1184 1496 1332 1544 vetat
1353 1506 1598 1556 usuram,
1622 1506 1724 1560 pro
1746 1506 1813 1546 ea

208 1577 387 1634 varias
442 1576 684 1647 species,
717 1576 774 1631 id
822 1585 922 1643 est,
956 1593 1134 1648 poma,
1169 1594 1301 1633 uvas
1350 1585 1401 1633 et
1433 1580 1809 1648 hujuscemodi

210 1664 596 1736 accipiebant;
628 1666 732 1720 hos
764 1665 927 1733 ejicit.
964 1666 1053 1721 Sic
1082 1674 1136 1720 et
1182 1667 1410 1736 mystice
1462 1668 1704 1739 quotidie
1741 1668 1809 1725 de

1919 502 1969 550 et
1997 495 2068 549 ad
2098 495 2379 550 utilitatem
2409 496 2656 551 aliorum.

1988 584 2159 639 Vens.
2184 588 2272 642 20.
2307 615 2376 624 ——
2415 587 2486 640 Et
2527 586 2799 642 videntes.
2842 587 3107 640 Passurus
3154 585 3420 642 Dominus
3449 594 3503 643 et

1918 672 2226 727 scandalum
2269 672 2443 728 crucis
2485 682 2791 744 portaturus
2840 675 3225 746 discipulorum
3298 675 3508 730 animos

1917 761 2099 816 debuit
2132 762 2273 833 signi
2304 762 2681 833 anticipatione
2713 763 2947 837 signare,
2980 764 3124 819 unde
3156 772 3209 819 et
3235 764 3511 818 miraban—

1915 857 2016 918 tur,
2050 851 2193 922 quod
2224 849 2357 906 ficus
2385 850 2521 905 aruit
2552 869 2565 905 :
2598 852 2766 922 potuit
2796 853 2987 907 eadem
3041 852 3234 908 virtute
3261 852 3510 909 inimicos

1916 938 2119 994 siccare
2150 939 2255 993 nisi
2282 956 2380 1010 per
2408 939 2717 1011 patientiam
2746 956 2931 997 eorum
2958 950 3331 1014 exspectasset
3356 942 3504 998 salu-

1916 1035 2175 1166 temVlans.
2226 1115 2316 1167 21.
2366 1141 2435 1152 -—
2483 1113 2691 1167 Fidem.
2715 1113 3011 1169 Perfectam
3039 1112 3198 1168 ﬁdem
3218 1115 3397 1180 habet,
3423 1102 3515 1186 qui

1912 1216 2012 1271 per
2032 1200 2379 1255 dilectionem
2418 1210 2666 1271 operatur
2696 1220 2709 1255 :
2744 1202 2829 1257 hic
2874 1209 3052 1274 potest
3081 1212 3297 1258 montes
3328 1211 3503 1257 trans-

1913 1288 2079 1344 ferre.
2116 1289 2220 1344 Alii
2249 1290 2316 1345 de
2344 1298 2566 1361 peccato
2624 1291 2838 1346 veniam
2886 1291 3131 1347 obtinent
3160 1292 3206 1346 si
3252 1291 3357 1363 ipsi
3387 1291 3506 1347 aliis

1920 1378 2211 1433 dimittunt.

1982 1468 2153 1522 Vens.
2184 1471 2273 1525 22.
2298 1499 2368 1509 —
2416 1469 2742 1541 Accipietis.
2780 1470 2847 1523 Et
2872 1468 2919 1523 si
2967 1467 3241 1524 differatur
3266 1468 3334 1522 ad
3362 1474 3504 1523 tem-

1909 1572 2011 1626 pus
2038 1565 2416 1629 opportunum,
2452 1565 2505 1613 et
2534 1557 2579 1611 si
2611 1573 2721 1613 non
2750 1557 2836 1612 his
2880 1557 3074 1629 quibus
3103 1558 3300 1630 petitur
3327 1563 3506 1614 tamen

1911 1644 2001 1716 qui
2030 1644 2195 1717 digne
2225 1654 2432 1717 petunt.

211 1732 459 1811 Ecclesia
493 1754 659 1823 ejicit.
693 1755 763 1810 Et
794 1732 957 1810 habet
973 1755 1134 1809 unius
1154 1732 1398 1811 criminis
1419 1732 1546 1811 reos
1566 1758 1808 1813 venden-
1828 1767 1881 1828 Β
1920 1821 1938 1828 _
1984 1733 2154 1789 VERS°
2180 1736 2268 1791 24°
2292 1732 2376 1828 ’ἦ
2395 1736 2769 1828 [eterra/“bo,
2792 1743 2895 1789 θίθ·
2930 1736 3145 1791 Pomm"
3164 1744 3351 1828 313?"?
3371 1751 3501 1828 009’

210 1852 283 1899 tes
304 1852 359 1899 et
381 1850 635 1899 ementes
659 1843 1031 1899 ecclesiastica
1052 1843 1249 1900 ofﬁcia.
1273 1848 1345 1901 Et
1366 1847 1666 1902 cathedras
1685 1864 1811 1903 ven-

212 1933 488 1989 dentium.
526 1931 662 2000 Quae
693 1932 1083 2003 magistrorum
1113 1940 1260 2002 sunt,
1294 1934 1347 1988 id
1379 1944 1482 2001 est,
1538 1937 1806 1992 sacerdo-

213 2024 335 2077 tium
367 2037 569 2077 eorum
601 2021 833 2077 destruit
860 2022 952 2093 qui
981 2023 1049 2077 de
1082 2022 1429 2094 impositione
1460 2040 1675 2091 manus,
1709 2042 1809 2096 per

214 2126 371 2182 quam
427 2111 670 2182 Spiritus
722 2118 945 2167 sanctus
1001 2112 1179 2178 datur,
1239 2112 1471 2183 pretium
1512 2114 1803 2185 accipiunt.

208 2200 335 2256 Hinc
364 2208 471 2267 est,
508 2200 657 2273 quod
687 2199 915 2255 haeresis
945 2199 1179 2255 Simonis
1208 2201 1520 2258 damnatur.
1552 2204 1637 2257 Ad
1661 2203 1805 2259 litte-

212 2305 316 2343 ram
346 2297 539 2344 antem
564 2289 863 2344 absurdum
910 2296 992 2344 est
1040 2289 1225 2346 dicere
1290 2290 1569 2347 institores
1600 2292 1805 2348 colum-

215 2378 398 2433 barum
430 2377 490 2432 iu
520 2377 798 2433 cathedris
829 2378 1043 2434 sedere.

274 2468 445 2522 Vens.
487 2470 576 2521 13.
608 2496 680 2506 —
706 2468 1040 2524 Latronum.
1082 2468 1242 2524 Latro
1282 2476 1365 2524 est
1395 2469 1486 2541 qui
1516 2469 1672 2525 lucra
1692 2485 1806 2527 sec-

210 2564 356 2623 tatur,
393 2556 493 2627 qui
532 2564 587 2611 et
616 2571 726 2612 non
772 2557 966 2611 dantes
1026 2558 1385 2629 corporaliter
1432 2560 1799 2631 persequitur,

210 2654 252 2700 et
274 2646 474 2701 dantes
501 2654 668 2702 necat
699 2644 1073 2716 spiritualiter,
1108 2654 1161 2702 et
1191 2648 1321 2701 dum
1352 2647 1637 2704 laesionem
1666 2664 1802 2721 pro-

211 2735 327 2791 ximi
357 2734 596 2807 cogitat,
632 2734 789 2805 quasi
829 2734 967 2790 latro
998 2736 1152 2789 sedet
1181 2735 1235 2789 in
1268 2737 1548 2807 spelunca.

272 2824 445 2879 Vnns.
488 2826 576 2879 14.
610 2854 680 2864 -
708 2825 779 2879 Et
811 2830 1193 2881 accesserunt.
1228 2826 1475 2896 Mystice.
1512 2826 1801 2898 Simplices

218 2922 535 2984 peccatores
564 2913 636 2967 ad
666 2929 727 2968 se
756 2929 857 2983 per
884 2914 1258 2984 pmnitentiam
1280 2916 1623 2983 accedentes,
1649 2917 1801 2987 prius

220 3018 389 3058 cacos
420 3003 482 3057 in
509 3002 826 3075 cognitione
857 3010 909 3057 et
928 3003 1153 3058 claudos
1182 3004 1238 3057 in
1264 3005 1583 3075 operatione
1608 3005 1803 3061 illumi-

212 3093 401 3160 nando,
445 3091 583 3146 etin
618 3091 785 3147 vitam
834 3091 1171 3147 rectitudinis
1220 3093 1509 3166 dirigendo
1555 3095 1797 3166 quotidie

211 3190 372 3235 sanat.

273 3270 446 3327 Vnus.
486 3272 573 3324 15.
607 3299 678 3310 —
705 3271 987 3326 Mirabilia
1015 3288 1153 3344 quae,
1180 3279 1284 3329 etc.
1310 3273 1379 3328 Ut
1397 3271 1617 3344 ﬂagello
1637 3272 1798 3327 unius

208 3368 251 3414 et
274 3360 395 3415 vilis
427 3367 507 3415 tot
538 3358 684 3429 ejici,
721 3375 956 3415 mensas
979 3360 1241 3431 subverti,
1276 3378 1385 3433 quo
1414 3362 1546 3416 nihil
1573 3361 1798 3416 mirabi-

209 3447 299 3503 lius
318 3449 451 3522 egit.
486 3450 721 3520 Igneum
752 3456 805 3503 et
834 3449 1110 3504 sidereum
1139 3450 1346 3522 aliquid
1377 3451 1553 3506 radiat
1582 3467 1649 3507 ex
1679 3452 1796 3521 ejus

213 3538 390 3606 oculis,
424 3538 574 3594 lucet
601 3538 660 3592 in
689 3537 828 3594 facie
859 3539 1117 3607 majestas
1147 3539 1381 3596 deitatis.

272 3627 436 3682 Vnns.
475 3630 562 3681 16.
586 3657 657 3667 —
687 3629 851 3683 Dixit
879 3630 980 3683 eis.
1003 3629 1126 3683 Non
1157 3636 1305 3699 patet
1332 3629 1636 3698 calumniae,
1661 3645 1790 3700 non,

212 3715 291 3785 ait,
323 3716 465 3772 bene
484 3715 695 3772 faciunt
715 3717 802 3771 vel
824 3717 985 3784 male,
1011 3718 1097 3773 vel
1121 3718 1265 3773 aetati
1286 3719 1514 3789 parcite,
1544 3718 1641 3774 sed
1663 3727 1793 3774 tem-

208 3814 387 3874 perat,
423 3813 477 3860 et
511 3822 573 3860 se
622 3813 838 3865 tacente
884 3807 1055 3861 verba
1101 3823 1401 3878 puerorum
1479 3807 1789 3864 testimonio

210 3892 491 3965 Scriptura?
522 3893 833 3950 conﬁrmat.
869 3895 1191 3967 Infantiam
1231 3901 1287 3952 et
1322 3898 1426 3953 lac.
1461 3897 1653 3952 Testes
1682 3897 1791 3951 mi-

205 3984 505 4038 raculorum
536 3984 741 4038 Christi
770 3983 1006 4039 infantes
1035 3986 1311 4056 dicuntur,
1346 4002 1456 4041 non
1484 3994 1662 4054 aetate,
1690 3987 1790 4042 sed

205 4071 555 4143 simplicitate.
591 4073 880 4129 Lactentes
912 4074 1068 4145 quasi
1099 4075 1259 4140 lacte,
1319 4075 1376 4128 id
1408 4083 1507 4143 est,
1542 4075 1788 4131 miracu-

206 4158 365 4215 lorum
397 4162 665 4219 suavitate
716 4162 988 4233 delectati,
1025 4180 1145 4236 quae
1203 4163 1458 4220 dicuntur
1489 4164 1593 4233 lac,
1630 4164 1788 4236 panis

207 4266 324 4306 vero
352 4251 608 4307 doctrina
638 4251 901 4323 perfecta.

271 4340 435 4395 Vens.
474 4342 561 4395 1⁵7.
597 4370 667 4381 -
697 4342 846 4397 Abiit
874 4344 1048 4412 foras.
1101 4341 1243 4410 Quia
1279 4358 1507 4413 pauper,
1541 4342 1785 4413 nullique

208 4427 465 4499 adulatus,
500 4429 711 4484 nullum
761 4430 815 4484 in
862 4438 1011 4485 tanta
1057 4432 1192 4487 urbe
1240 4431 1444 4487 invenit
1492 4432 1780 4503 hospitem,

207 4517 289 4571 sed
318 4518 464 4589 apud
486 4519 755 4572 Lazarum
786 4528 1041 4590 receptus
1070 4530 1170 4575 est.

266 4606 431 4661 Vens.
470 4612 559 4661 19.
592 4638 662 4647 —
693 4609 813 4664 Fici
844 4610 1116 4665 arborem.
1143 4609 1293 4665 Sicut
1330 4610 1501 4665 multa
1546 4610 1679 4664 dixit
1725 4610 1779 4664 in

202 4695 465 4761 parabolis
524 4696 599 4751 ita
658 4705 710 4752 et
769 4697 912 4752 fecit.
965 4698 1075 4752 Cur
1104 4698 1249 4753 enim
1279 4699 1334 4753 in
1365 4698 1469 4754 ﬁcu
1517 4698 1774 4769 fructum,

198 4793 473 4852 quaereret,
510 4786 668 4854 cujus
698 4774 913 4856 tempus
944 4788 1185 4842 nondum
1218 4804 1341 4843 esse
1363 4788 1592 4859 quilibet
1612 4789 1779 4845 sciret

197 4879 241 4924 et
266 4872 335 4927 ob
364 4873 420 4928 id
449 4883 669 4931 aeterna
700 4875 971 4930 sterilitati
1018 4876 1323 4943 damnaret,
1360 4878 1464 4932 nisi
1496 4878 1622 4949 quia
1651 4878 1775 4950 ple-

198 4958 309 5015 bem
337 4978 501 5033 quam
529 4964 766 5019 docebat
796 4964 969 5020 verbo
999 4966 1193 5021 terruit
1220 4966 1308 5022 hic
1337 4966 1481 5023 facto
1505 4986 1520 5035 ;
1552 4984 1622 5023 ne
1653 4968 1777 5039 quis

193 5049 389 5106 habens
417 5050 566 5120 folia,
602 5053 657 5107 id
690 5062 773 5107 est
802 5055 971 5109 verba
1012 5054 1237 5123 justitize
1270 5056 1390 5111 sine
1422 5056 1601 5113 fructu
1642 5073 1773 5129 ope-

196 5152 318 5204 rum,
352 5150 631 5196 mereatur
661 5142 857 5197 excidi.
878 5144 1053 5200 Folia.
1088 5144 1429 5200 Traditioues
1469 5146 1773 5203 Pharisaeo-

196 5241 296 5281 rum
352 5228 470 5284 sine
526 5228 708 5286 fructu
759 5231 1020 5299 veritatis,
1058 5234 1202 5288 unde
1251 5234 1372 5288 aliis
1429 5236 1772 5307 evangelista

195 5317 421 5372 nondum
449 5326 567 5374 erat
599 5328 813 5390 tempus
843 5320 1159 5377 salvationis
1180 5323 1371 5393 Israel,
1415 5340 1481 5379 eo
1503 5326 1648 5396 quod
1672 5342 1770 5397 po-

195 5404 337 5472 pulus
366 5408 609 5478 gentium
638 5409 880 5464 nondum
931 5411 1307 5481 subintrasset,
1344 5414 1430 5467 vel
1461 5415 1588 5486 quia
1627 5431 1769 5485 prae-

195 5494 322 5548 teriit
348 5504 562 5568 tempus
594 5496 741 5567 ﬁdei,
795 5514 921 5556 cum
951 5508 1167 5571 spretus
1197 5503 1266 5557 ad
1295 5511 1487 5573 gentes
1527 5504 1758 5559 transiit.

196 5581 473 5658 Nunquam
501 5603 577 5645 ex
610 5591 663 5646 te
692 5591 939 5660 fructus.
963 5590 1087 5648 Non
1105 5589 1233 5649 facit
1251 5591 1506 5663 injuriam
1527 5601 1761 5651 creator.

1818 3140 1868 3203 C

1912 1821 2082 1877 futare
2107 1839 2202 1879 eos
2237 1842 2249 1879 :
2283 1825 2381 1879 sed
2429 1824 2553 1879 ideo
2602 1825 2927 1898 interrogat,
2959 1832 3015 1879 ut
3045 1841 3142 1881 suo
3173 1825 3260 1881 vel
3286 1825 3501 1881 silentio

1909 1912 1995 1967 vel
2024 1913 2290 1968 sententia
2316 1914 2658 1981 damnentur,
2691 1924 2743 1970 et
2769 1916 2823 1969 in
2851 1931 2959 1986 qua
2985 1922 3249 1986 potestate
3282 1915 3384 1970 hoc
3412 1914 3498 1968 fa-

1909 2001 1981 2056 cit
2026 2012 2359 2074 cognoscant
2401 2022 2499 2075 pcr
2526 2021 2584 2060 se
2610 2049 2623 2072 ,
2659 2005 2955 2060 secundum
2986 2004 3116 2059 illud
3151 2023 3163 2059 :
3197 2007 3344 2061 Deus
3374 2020 3505 2061 con-

1910 2094 2055 2146 teret
2083 2092 2280 2147 dentes
2311 2110 2506 2150 eorum
2527 2097 2591 2149 in
2622 2111 2715 2151 ore
2759 2098 3034 2167 ipsorum.

1979 2180 2149 2236 Vnns.
2181 2184 2271 2238 2’7.
2291 2213 2361 2223 -
2387 2185 2495 2240 Nec
2526 2201 2620 2256 ego
2651 2184 2771 2241 dico
2802 2186 2968 2241 vobis.
2991 2183 3214 2240 Duabus
3233 2183 3302 2239 de
3326 2184 3503 2239 causis

1906 2269 2198 2326 occultatur
2225 2272 2439 2338 veritas,
2475 2273 2564 2329 vel
2593 2274 2717 2344 quia
2747 2290 2855 2328 non
2887 2281 3009 2328 sunt
3039 2289 3272 2345 capaces
3294 2274 3498 2329 audito-
3522 2317 3531 2330 .

1906 2375 2016 2425 res,
2051 2360 2193 2415 unde
2225 2378 2238 2414 :
2271 2363 2449 2417 Habeo
2478 2364 2665 2418 multa
2696 2364 2842 2417 vobis
2872 2364 3074 2429 dicere,
3100 2363 3196 2418 sed
3215 2381 3331 2421 non
3348 2367 3499 2436 pote-

1906 2450 2010 2503 stis
2028 2453 2257 2521 portare
2278 2450 2439 2507 modo
2461 2471 2479 2519 ;
2510 2451 2596 2506 vel
2618 2451 2743 2522 quia
2766 2459 2886 2505 sunt
2908 2460 3329 2523 contemptores,
3354 2453 3498 2508 unde

1906 2539 2087 2593 Nolite
2117 2543 2383 2595 sanctum
2413 2541 2546 2595 dare
2595 2543 2847 2597 canibus.

1973 2624 2145 2677 Vnns.
2176 2626 2266 2679 28.
2299 2656 2367 2664 —
2413 2627 2581 2681 Homo
2627 2627 2856 2698 quidam
2906 2628 3137 2683 habebat
3166 2626 3303 2683 duos
3322 2626 3492 2695 ﬁlios,

1904 2716 1961 2767 et
1981 2714 2269 2779 accedens,
2305 2722 2407 2769 etc.
2442 2714 2603 2770 Facta
2635 2716 3004 2771 sacerdotibus
3063 2724 3218 2772 cauta
3270 2729 3494 2786 respon-

1904 2801 2075 2867 sione,
2092 2802 2457 2858 statiminfert
2474 2805 2808 2875 parabolam,
2833 2822 2951 2883 quae
2966 2813 3018 2861 et
3046 2805 3170 2861 illos
3199 2802 3492 2875 impietatis

1902 2900 2112 2963 arguat,
2163 2900 2216 2948 et
2251 2893 2319 2947 ad
2366 2901 2557 2964 gentes
2605 2911 2834 2965 regnum
2893 2894 2993 2949 Dei
3045 2892 3483 2949 transferendum

1902 2980 2109 3036 doceat.

1974 3090 2146 3145 Vens.
2190 3093 2277 3144 31.
2320 3093 2601 3147 -Dicunt
2632 3096 2701 3149 ei.
2739 3093 2796 3146 In
2857 3092 3181 3165 quibusdam
3208 3092 3491 3150 codicibus

1902 3178 2147 3245 habetur,
2179 3197 2277 3251 pro
2330 3179 2555 3251 primus,
2587 3182 2934 3238 novissimus.
2987 3182 3300 3255 Intelligunt
3347 3183 3493 3240 enim

1900 3267 2214 3336 veritatem,
2268 3271 2367 3325 sed
2414 3271 2827 3343 tergiversando
2887 3272 3078 3328 nolunt
3123 3272 3305 3329 dicere
3344 3273 3490 3346 quod

1904 3357 2161 3426 sentiunt,
2195 3367 2250 3413 ut
2279 3360 2347 3415 de
2376 3360 2648 3432 baptismo
2677 3362 2916 3431 Joannis.

1974 3477 2148 3533 Vnus.
2202 3482 2289 3535 32.
2332 3508 2401 3519 —
2448 3481 2692 3535 Joannes
2712 3482 2776 3535 in
2814 3482 2905 3536 via
2930 3482 3198 3553 justitiae.
3228 3482 3493 3537 Joannem

1896 3566 2068 3622 Judaei
2114 3576 2549 3635 contemnentes,
2583 3585 2685 3626 nec
2713 3571 2857 3625 viam
2880 3570 3101 3640 justitiae
3132 3572 3488 3642 comprehen-

1896 3655 2106 3724 derunt,
2136 3672 2239 3713 nec
2272 3658 2340 3713 de
2369 3658 2621 3728 operibus
2649 3659 2809 3714 malis
2837 3659 3210 3730 paenitentiam
3234 3668 3485 3733 egerunt.

1904 3747 1999 3803 Vos
2045 3751 2238 3801 autem
2295 3746 2524 3818 (GREG.)
2573 3747 2708 3815 Quia
2737 3757 2922 3819 aperte
2969 3749 3230 3804 nolebant
3258 3765 3483 3822 respon-

1895 3834 2027 3890 dere
2057 3834 2352 3905 sapientiae,
2386 3834 2441 3889 in
2474 3836 2748 3906 parabolis
2787 3837 3089 3909 capiuntur.

1965 3925 2132 3979 Vnns.
2193 3927 2281 3979 33.
2313 3954 2383 3964 —-
2418 3926 2664 3981 Vineam.
2717 3926 2795 3981 De
2833 3943 2941 3998 q‘ta
2989 3925 3160 3982 Isaias
3194 3926 3340 4000 (cap.
3375 3928 3476 3997 Iv).

1898 4014 2066 4070 Vinea
2081 4015 2308 4071 Domini
2334 4014 2483 4079 saba,
2502 4021 2605 4070 etc.
2632 4016 2790 4071 Fodit
2811 4018 2873 4071 in
2904 4033 2970 4073 ea
2985 4018 3256 4073 torcular.
3273 4017 3335 4071 In
3365 4015 3481 4072 fos-

1889 4101 2039 4157 sione
2071 4102 2229 4157 timor
2272 4108 2506 4170 notatur,
2537 4103 2659 4176 quia
2706 4114 2980 4178 praecepta
3006 4105 3095 4161 illa
3124 4106 3329 4179 legalia
3365 4122 3477 4163 non

1888 4206 2074 4247 amore
2105 4192 2201 4246 sed
2230 4192 2423 4248 timore
2453 4193 2766 4250 servabant.

1962 4307 2132 4362 Vens.
2158 4309 2246 4363 34.
2271 4338 2339 4349 ——
2367 4311 2601 4382 Tempus
2632 4313 2932 4381 fructuum
2952 4312 3473 4385 appropinquasset,

1884 4403 1988 4451 etc.
2020 4397 2163 4452 Bene
2196 4405 2409 4469 tempus
2440 4398 2729 4467 fructuum,
2762 4416 2872 4456 non
2919 4400 3124 4457 fructus
3157 4419 3170 4456 :
3201 4400 3329 4473 quia
3358 4400 3476 4456 nul-

1802 4506 1855 4567 D
1886 4483 1969 4539 lus
2000 4483 2097 4540 fuit
2125 4485 2179 4540 in
2208 4486 2300 4542 illo
2329 4489 2635 4545 contumaci
2665 4490 2883 4560 populo.

1956 4593 2127 4647 Vnus.
2160 4594 2249 4649 27.
2283 4624 2352 4635 —
2386 4595 2714 4664 Novissime,
2752 4602 2856 4650 etc.
2892 4594 3028 4650 Vide
3046 4596 3215 4666 patris
3246 4595 3477 4654 familias

1880 4679 2194 4750 patientiam
2215 4682 2305 4755 qui
2327 4690 2605 4753 exspectat
2625 4683 2693 4737 ad
2742 4683 3138 4753 pmnitentiam.
3189 4686 3469 4743 Vereban-

1883 4774 2020 4826 tur..
2064 4770 2234 4839 Quasi
2288 4771 2482 4828 faciam
2548 4772 2697 4844 quod
2744 4788 2929 4827 meum
2988 4781 3089 4841 est,
3122 4773 3226 4847 ipsi
3254 4775 3477 4832 videant

1879 4859 2025 4930 quod
2058 4876 2212 4915 suum
2243 4868 2343 4915 est.

1948 4976 2119 5031 Vens.
2154 4980 2241 5030 38.
2276 5005 2346 5016 —
2372 4977 2471 5031 Hic
2516 4981 2601 5031 est
2646 4978 2843 5033 hazres.
2879 4978 3031 5033 Patet
3056 4978 3333 5050 principes
3364 4994 3459 5035 sa-

1877 5066 2160 5121 cerdotum
2191 5081 2299 5120 non
2355 5082 2455 5136 per
2512 5065 2899 5138 ignorantiam,
2934 5068 3031 5122 sed
3078 5085 3178 5139 per
3204 5068 3467 5127 invidiam

1875 5154 2141 5210 occidisse
2161 5156 2367 5222 Jesum,
2404 5172 2527 5211 cum
2561 5156 2766 5211 scirent
2794 5174 2919 5212 eum
2949 5174 3092 5223 esse,
3115 5158 3203 5215 cui
3223 5158 3462 5216 dicitur:

1872 5246 2124 5309 Postulo,
2150 5261 2184 5298 a
2203 5260 2292 5299 me
2321 5249 2379 5300 et
2394 5245 2529 5300 dabo
2562 5246 2663 5301 tibi
2680 5250 2876 5317 gentes
2889 5247 3280 5304 hereditatem
3302 5253 3464 5308 tuam

1871 5332 2046 5401 (Psal.
2080 5332 2181 5403 Il);
2215 5333 2357 5388 unde
2388 5341 2440 5388 et
2469 5334 2817 5390 consulentes
2866 5336 2968 5390 sibi
2996 5336 3235 5393 aiebant:
3278 5340 3339 5395 Si
3376 5341 3456 5396 di-

1871 5424 2158 5477 mittimus
2190 5438 2318 5477 eum
2340 5425 2420 5479 sic
2454 5425 2637 5495 (Joan.
2677 5426 2760 5497 η),
2796 5433 2901 5482 etc.
2933 5427 3263 5485 Habebimus
3283 5429 3464 5485 haere-

1869 5510 2128 5566 ditatem.
2160 5510 2462 5567 Haereditas
2493 5512 2694 5589 Christi
2724 5530 2889 5586 quam
2928 5531 3228 5590 resurgens
3255 5532 3453 5587 posse-

1866 5599 1962 5669 dit,
1985 5600 2231 5658 Ecclesia
2251 5610 2352 5669 est,
2378 5618 2543 5676 quam
2556 5603 2921 5663 moliebantur
2938 5605 3236 5679 praeripere
3255 5602 3460 5663 Judaei:
