4028 6178
504 326 606 381 155

935 321 1340 381 WALAFRIDI
1391 320 1636 378 STRABI
1664 319 1866 377 FULD.
1898 315 2072 375 MON.
2106 313 2260 373 OPP.
2292 311 2471 372 PARS
2500 314 2542 371 Ι.
2575 344 2645 357 -
2673 311 3143 370 THEOLOGICA.

3688 317 3796 372 156

502 449 633 505 dum
670 448 776 505 ﬁde
824 448 943 519 ejus
993 446 1259 503 exstincta
1281 446 1546 516 justitiam
1577 462 1698 519 quae
1727 461 1795 502 ex
1822 445 1947 517 lege
1986 442 2163 513 est,A
2189 440 2443 513 supponit
2470 457 2581 497 non
2609 456 2799 497 omnes
2830 439 2922 512 qui
2951 445 3076 495 sunt
3102 438 3161 493 in
3206 436 3479 509 Ecclesia,
3524 453 3649 496 esse
3697 438 3790 495 di-

500 538 756 613 gentibus
793 539 1131 610 persuadere
1161 537 1521 593 conabantur.

572 628 745 685 Vens.
770 631 858 683 39.
881 657 952 670 -—
971 629 1269 699 Ejecerent
1289 630 1460 681 extra
1471 627 1717 681 vincam.
1741 623 1959 679 Marcus
1982 638 2096 677 mu-

500 723 579 772 tat
609 717 754 773 hunc
785 715 1055 781 ordinem,
1091 715 1281 770 dicens
1315 732 1328 769 :
1365 714 1705 770 Occidcrunt
1726 718 1781 768 et
1803 715 2093 784 ejecerunt

502 809 673 863 extra
702 808 926 862 vineam
958 808 1112 876 (Luc.
1147 804 1270 875 xv),
1298 803 1453 874 quasi
1485 801 1591 857 vile
1624 801 1879 857 cadaver.
1905 801 1963 855 In
1986 815 2093 873 quo

499 902 652 951 notat
679 894 1055 966 pertinaciam,
1090 892 1218 965 quia
1256 891 1440 948 occiso
1485 890 1718 946 Domino
1749 897 1801 945 et
1849 888 2093 945 resusci-

502 990 634 1050 tato,
668 998 703 1038 a
756 983 870 1038 suis
918 982 1116 1039 ﬁnibus
1166 997 1290 1037 eum
1341 980 1709 1044 excluserunt,
1754 986 1807 1033 et
1837 977 2093 1051 gentibus

503 1072 787 1127 miserunt.

573 1160 743 1216 Vens.
779 1163 866 1218 42.
894 1190 963 1200 -
1016 1159 1400 1227 AZdi/icantes.
1434 1156 1539 1226 Qui
1586 1157 1654 1211 de
1685 1155 1903 1211 subdita
1931 1154 2092 1227 plebe

500 1249 656 1321 quasi
686 1251 802 1305 Deo
833 1249 1056 1304 domum
1088 1255 1300 1303 struere
1331 1246 1677 1301 videbantur.

571 1340 642 1393 Et
670 1341 766 1411 qui
794 1338 1078 1401 ceciderit,
1106 1345 1208 1391 etc.
1236 1334 1340 1404 Qui
1362 1335 1554 1400 credit,
1581 1343 1634 1389 et
1656 1342 1839 1389 tamen
1859 1340 2089 1404 peccat:

500 1426 645 1484 cadit
666 1441 833 1496 super
869 1425 1022 1479 illum
1055 1424 1193 1495 lapis
1226 1433 1278 1479 et
1300 1440 1409 1479 non
1432 1423 1731 1480 conteritur
1764 1441 1777 1477 :
1812 1423 1910 1477 sed
1933 1438 2093 1478 cons-

496 1514 773 1585 tringitur,
809 1513 937 1585 quia
967 1530 1067 1584 per
1096 1512 1413 1584 patientiam
1464 1512 1534 1567 ad
1568 1511 1801 1567 salutem
1832 1526 2090 1567 reserva-

496 1609 602 1671 tur,
637 1603 734 1657 sed
765 1603 851 1658 cui
878 1601 1018 1672 lapis
1057 1602 1231 1667 irruit,
1284 1602 1340 1656 id
1371 1609 1472 1667 est,
1509 1601 1603 1673 qui
1652 1608 1837 1671 negat,
1872 1599 2091 1670 penitus

499 1691 816 1758 conteritur,
849 1699 907 1747 ut
936 1707 1039 1747 nec
1088 1699 1227 1745 testa
1274 1698 1597 1758 remaneat;
1631 1690 1717 1744 vel
1750 1688 1895 1745 cadit
1926 1704 2093 1759 super

497 1796 622 1837 eum
644 1781 736 1852 qui
782 1780 946 1835 modo
989 1779 1285 1837 contemnit
1315 1786 1367 1834 et
1396 1778 1607 1848 injuriis
1640 1776 1823 1845 afﬁcit,
1856 1778 2091 1834 necdum
2113 1803 2166 1863 Β

495 1870 712 1941 penitus
742 1869 968 1935 interiit,
1005 1870 1103 1924 sed
1134 1875 1427 1940 quassatur
1447 1875 1504 1922 ut
1535 1883 1645 1923 non
1675 1866 1916 1922 ambulet
1965 1882 2092 1922 rec-

500 1965 607 2013 tus.
643 1958 798 2014 Cadit
828 1974 994 2029 super
1021 1956 1174 2011 illum
1223 1956 1381 2027 lapis,
1415 1955 1629 2028 quando
1674 1955 1898 2011 veniens
1928 1954 1983 2008 in
2008 1954 2094 2024 ju-

499 2044 642 2103 dicio
694 2047 971 2119 opprimit,
1007 2062 1130 2103 cum
1162 2045 1293 2101 dicit
1327 2063 1340 2099 :
1374 2046 1455 2101 Ite
1478 2047 1547 2101 in
1572 2046 1761 2117 ignem
1790 2049 2089 2100 wtcrnum.

1055 2220 1280 2278 CAPUT
1309 2221 1497 2277 XXII.

568 2402 740 2457 Vens.
781 2404 834 2459 2.
871 2431 940 2442 -—
968 2401 1167 2457 Simile
1213 2404 1455 2472 factum.
1511 2399 1715 2454 Iterum
1763 2400 1945 2473 arguit
1993 2415 2094 2472 per

495 2489 789 2562 parabolas
823 2507 837 2544 :
869 2505 980 2544 non
1000 2497 1144 2545 tacet
1174 2489 1303 2561 quia
1349 2488 1657 2560 exasperati
1690 2497 1834 2556 sunt,
1870 2488 1967 2544 sed
1997 2504 2092 2559 pe-

487 2579 669 2649 jorem
698 2578 838 2634 ira'n
868 2578 969 2634 Dei
997 2594 1098 2649 per
1127 2578 1291 2634 aliam
1339 2577 1663 2649 parabolam
1692 2577 1822 2633 dicit
1854 2577 1936 2633 eis
1967 2592 2090 2632 esse

494 2676 801 2724 venturam.
834 2668 1097 2741 Nuptias.
1139 2666 1467 2738 Nuptiarum
1496 2665 1767 2720 thalamus
1814 2673 1897 2720 est
1926 2665 2094 2737 virgi-

494 2756 582 2813 nis
632 2765 842 2812 uterus.
877 2757 958 2811 De
985 2755 1226 2812 invitatis
1272 2756 1343 2810 ad
1364 2754 1582 2826 nuptias
1623 2755 1774 2809 solus
1804 2754 2094 2810 Matthaeus

492 2853 709 2901 narrat.
746 2844 904 2901 Aliud
950 2836 1127 2899 simile
1157 2861 1222 2900 ex
1250 2853 1406 2915 parte
1437 2844 1613 2900 Lucas
1658 2843 1789 2898 dicit
1817 2844 1884 2898 de
1913 2857 2090 2908 ccena,

496 2933 554 2988 id
582 2941 687 3001 est,
722 2941 927 2989 aeterno
957 2932 1226 3001 convivio,
1260 2934 1329 2987 de
1363 2948 1471 3004 quo
1510 2947 1672 2987 nemo
1702 2931 1986 3003 ingressus
2006 2948 2093 2987 re-

494 3022 736 3095 pellitur,
771 3022 912 3079 sicut
940 3023 1008 3078 de
1038 3021 1296 3093 praesenti
1324 3020 1594 3077 Ecclesia.

567 3137 739 3229 Vens.
978 3138 1176 3229 ⁸Τξξςινί.
1211 3135 1525 3229 Quiaprius
1555 3135 1862 3229 prophetae,
1881 3142 1938 3191 et
1969 3141 2093 3229 post
2114 3165 2163 3229 Ο

494 3224 728 3298 apostoli
759 3224 831 3281 ab
860 3223 1174 3280 inﬁdelibus
1226 3225 1378 3297 passi
1410 3232 1534 3280 sunt
1568 3242 1581 3279 :
1615 3223 1708 3296 qui
1738 3223 1896 3280 vobis
1926 3223 2091 3279 modo

499 3322 625 3371 sunt
652 3313 710 3370 in
738 3313 1049 3386 exemplum
1079 3314 1210 3386 quid
1242 3313 1310 3369 sit
1337 3312 1494 3370 vobis
1514 3312 1870 3370 credendum.
1898 3312 2091 3369 Venite

497 3402 628 3472 ﬁde,
661 3403 875 3461 caeteris
905 3403 1312 3460 concordando.
1361 3402 1528 3459 Tauri
1559 3410 1683 3458 sunt
1712 3410 1900 3473 patres
1930 3402 2091 3457 Vete-

497 3491 575 3548 ris
638 3492 971 3549 Testamenti
993 3534 1007 3563 ,
1060 3492 1259 3564 quibus
1300 3491 1505 3546 indulta
1571 3498 1654 3546 est
1709 3490 1930 3547 licentia
1982 3489 2091 3544 ini—

494 3580 668 3638 micos
715 3581 871 3653 quasi
916 3597 1087 3638 cornu
1133 3580 1384 3637 feriendi.
1425 3579 1609 3635 Altilia
1664 3580 1731 3634 ab
1768 3578 2004 3648 alendo,
2036 3577 2092 3634 id

493 3677 578 3726 est
653 3669 875 3743 pinguia
958 3669 1173 3726 interna
1228 3669 1491 3726 charitate
1557 3683 1842 3740 praecones
1950 3668 2092 3724 Novx

492 3759 844 3826 Testamenti,
895 3758 1369 3831 contemplationis
1396 3774 1579 3830 penna
1627 3773 1866 3829 superna
1895 3764 2091 3828 peten-

493 3856 596 3904 tes.
630 3847 847 3916 Occisa,
879 3848 968 3904 vel
997 3848 1071 3904 ab
1125 3864 1189 3906 eo
1219 3848 1366 3920 quod
1424 3846 1658 3914 fuerant,
1692 3846 1779 3904 vel
1806 3862 1905 3917 per
1936 3860 2091 3902 mor-

495 3944 608 3993 tem
635 3936 819 3993 carnis
843 3936 958 4006 jam
988 3937 1044 3992 in
1074 3937 1264 4009 requie
1284 3936 1467 4007 positi.

564 4025 737 4081 Vens.
773 4027 825 4079 5.
859 4055 929 4067 —-
956 4026 1117 4082 Alius
1176 4027 1241 4081 in
1290 4026 1507 4080 villam.
1564 4024 1623 4078 In
1664 4021 1849 4077 villam
1896 4021 1977 4077 ire
2009 4028 2092 4077 est

494 4120 718 4169 terreno
763 4112 941 4169 labori
984 4113 1343 4170 immoderate
1416 4111 1752 4168 incumbere.
1806 4109 2092 4182 Negotian

494 4217 647 4271 vero,
677 4202 912 4258 terrenis
961 4202 1132 4259 lucris
1177 4201 1410 4257 inhiare.

565 4318 736 4376 Vens.
768 4320 822 4375 7.
856 4349 925 4361 —
954 4320 1074 4375 Rea:
1122 4320 1337 4373 autem.
1373 4315 1552 4387 Supra
1581 4316 1746 4370 homo
1795 4314 1926 4370 dum
1952 4314 2090 4371 invi-

495 4407 645 4463 tabat
673 4415 728 4464 et
755 4422 925 4479 opera
955 4404 1259 4462 clementiae
1279 4403 1500 4477 agebat,
1525 4420 1671 4460 nunc
1692 4404 1747 4459 in
1769 4403 1971 4460 ultione
1994 4419 2092 4459 rex

494 4505 723 4554 tantum.
772 4486 843 4554 Et
872 4497 1080 4560 missis,
1126 4501 1230 4549 etc.
1256 4493 1439 4548 Missis
1484 4492 1846 4559 exercitibus,
1881 4493 1937 4548 id
1985 4501 2162 4585 est,D

496 4584 710 4657 angelis
738 4601 839 4656 per
869 4598 1007 4656 quos
1047 4581 1313 4651 judicium
1363 4581 1660 4648 exercebit,
1696 4590 2090 4654 persequentes

495 4672 676 4745 perdit
707 4690 721 4727 :
755 4680 806 4728 et
837 4671 1130 4739 civitatem,
1164 4671 1218 4727 id
1250 4679 1351 4738 est,
1400 4686 1625 4727 carnem
1656 4670 1711 4725 in
1744 4686 1852 4742 qua
1882 4670 2094 4727 habita-

493 4767 689 4818 verunt
717 4776 842 4817 cum
871 4761 1055 4816 anima
1086 4760 1143 4816 in
1172 4762 1425 4834 gehenna
1455 4760 1742 4816 cremabit.

568 4849 740 4906 Vens.
776 4854 829 4905 8.
862 4880 931 4891 —
960 4851 1186 4923 Nuptiae
1232 4851 1455 4923 quidem
1497 4853 1735 4921 paratas.
1788 4847 1964 4904 Omne
1997 4862 2091 4904 sa-

491 4946 834 4996 cramentum
862 4938 1253 4996 incarnationis
1282 4946 1568 5010 peractum
1598 4947 1699 5008 est,
1740 4937 2000 4994 nativitas
2040 4946 2094 4993 et

498 5043 705 5099 passm.

569 5126 653 5182 Ad
696 5127 909 5193 exitus,
959 5134 1064 5182 etc.
1105 5126 1363 5183 Actiones
1392 5133 1518 5181 sunt
1539 5125 1678 5182 vim:
1716 5125 1912 5192 exitus,
1945 5124 2096 5181 defe-

497 5221 619 5270 ctus
646 5214 920 5271 actionum
953 5233 967 5271 :
1002 5214 1130 5287 quia
1167 5214 1488 5287 plerumque
1518 5214 1679 5271 facile
1702 5221 2094 5271 convertuntur

499 5318 639 5376 quos
665 5303 721 5359 in
750 5303 987 5361 terrenis
1017 5305 1231 5361 actibus
1259 5319 1529 5376 prospera
1561 5303 1713 5359 nulla
1741 5305 2089 5361 comitantur.

568 5426 741 5484 Vens.
795 5430 881 5483 11.
934 5456 1003 5470 -—
1056 5429 1121 5485 Ut
1150 5426 1365 5483 videret
1414 5426 1848 5489 discumbentes.
1889 5428 1950 5485 Id
1988 5436 2089 5495 est,

501 5514 677 5599 videri
705 5514 865 5572 faciat
888 5515 1309 5585 iudicandorum
1338 5515 1555 5584 merita,
1582 5525 1635 5572 et
1650 5517 1948 5575 discernat.
1972 5518 2092 5574 Non

497 5608 767 5665 vestitum
788 5610 938 5664 veste
969 5607 1240 5680 nuptiali.
1265 5604 1568 5663 Confutatis
1592 5614 1769 5665 autem
1803 5605 2094 5663 Pharisiaes

2194 542 2333 600 gnos
2362 542 2557 601 regno,
2589 542 2658 581 ne
2687 531 2937 597 torpeant
2971 523 3074 579 sui.

2291 615 2460 671 Vens.
2498 620 2581 673 12.
2615 647 2683 655 -
2729 614 2921 670 Amice
2948 611 3212 686 quomodo
3247 611 3355 669 huc
3385 614 3626 669 intrasti
3666 630 3788 670 non

2196 706 2401 761 habens
2424 708 2633 760 vestem
2652 703 2973 776 nuptialem
2999 706 3021 757 ?
3041 700 3284 769 Amicus,
3325 700 3452 773 quia
3474 700 3543 757 ad
3566 702 3793 774 nuptias

2195 791 2471 849 invitatus.
2508 792 2799 863 Quomodo,
2832 788 3181 860 impudentiae
3214 790 3415 863 arguit.

2264 877 2433 933 Vens.
2462 881 2545 932 13.
2570 908 2640 918 -
2669 876 2881 949 Ligatis
2910 874 3170 929 manibus
3202 878 3258 930 et
3285 875 3535 947 pedibus.
3570 875 3785 948 Ligan-

2194 974 2283 1020 tur
2312 982 2473 1037 pmna
2504 967 2593 1038 qui
2638 966 2726 1021 hic
2753 981 2786 1021 a
2832 965 2977 1020 malo
3025 965 3321 1021 noluerunt
3371 962 3554 1035 ligari,
3589 964 3649 1018 id
3682 971 3787 1029 est,

2193 1055 2457 1110 cohiberi.
2490 1056 2683 1110 Manus
2711 1070 2831 1127 quae
2859 1071 2968 1111 non
2997 1065 3233 1112 extensae
3265 1053 3335 1109 ad
3355 1053 3786 1124 eleemosynam.

2191 1144 2368 1199 Pedes
2397 1143 2538 1198 tardi
2568 1144 2639 1198 ad
2684 1144 2907 1200 bonum.
2952 1145 3029 1199 Ibi
3079 1143 3296 1217 singula
3327 1141 3578 1197 membra
3609 1142 3790 1212 poenis

2194 1232 2568 1302 subjicientur,
2602 1248 2723 1304 quae
2752 1233 2840 1289 hic
2874 1233 3107 1306 singulis
3136 1232 3280 1288 vitiis
3314 1230 3646 1286 servierunt.
3674 1232 3793 1287 Ex-

2197 1324 2448 1387 teriores,
2486 1330 2589 1377 etc.
2643 1320 2783 1390 Quia
2828 1321 2917 1378 hic
2963 1322 3252 1377 interiores
3297 1319 3496 1375 habent
3524 1319 3791 1374 tenebras

2193 1410 2396 1467 cordis.

2264 1500 2435 1554 Vens.
2474 1501 2558 1554 14.
2592 1529 2661 1540 -
2691 1500 2852 1555 Multi
2874 1506 3067 1556 autem
3086 1505 3223 1556 sunt
3244 1500 3445 1564 vocati,
3468 1499 3640 1571 pauci
3660 1513 3792 1554 vero

2193 1589 2378 1644 electi.
2411 1588 2650 1658 Repulso
2679 1603 2808 1655 uno,
2833 1589 2890 1643 in
2918 1605 3026 1661 quo
3075 1605 3236 1643 omne
3267 1603 3468 1658 corpus
3499 1587 3783 1644 malorum

2193 1677 2531 1748 exprimitur,
2563 1678 2838 1748 generalis
2878 1678 3145 1734 sententia
3193 1676 3442 1732 infertur.
3479 1676 3643 1731 Multi
3675 1693 3787 1731 au-

2197 1770 2310 1822 tem
2340 1771 2478 1821 sunt
2506 1769 2707 1822 vocati.
2742 1765 2912 1835 Quasi
2940 1766 3086 1823 dicat
3120 1783 3133 1821 :
3165 1766 3235 1820 Et
3266 1765 3312 1820 si
3342 1766 3411 1820 de
3432 1780 3539 1820 uno
3560 1764 3692 1830 dixi,
3719 1764 3790 1818 de

2195 1855 2379 1910 multis
2411 1862 2494 1909 est
2521 1854 2955 1926 intelligendum.

2266 1943 2435 1998 Vens.
2479 1946 2562 1999 16.
2588 1975 2657 1984 -
2681 1944 2819 1999 Cum
2838 1945 3170 2001 Herodianis
3190 1944 3460 2001 dicentes.
3503 1942 3789 2014 Tanquam

2193 2032 2396 2106 gnotis,
2428 2040 2486 2087 ut
2515 2032 2729 2089 facilius
2758 2033 3093 2104 deciperent,
3127 2034 3256 2105 quia
3285 2032 3547 2087 timebant
3566 2031 3783 2085 turbas.

2195 2122 2354 2191 Quod
2381 2138 2483 2192 per
2513 2138 2572 2177 se
2614 2137 2724 2177 non
2767 2122 2987 2188 audent,
3045 2121 3295 2193 praesidis
3324 2121 3578 2175 manibus
3608 2127 3790 2174 atten-

2193 2218 2327 2266 tant.
2395 2212 2533 2267 Cum
2581 2210 2929 2267 Herodianis.
2983 2211 3044 2266 Id
3090 2219 3191 2281 est,
3240 2209 3502 2265 militibus
3532 2208 3788 2264 Herodis.

2194 2299 2307 2355 Sub
2338 2299 2555 2356 Caesare
2602 2300 2851 2372 Augusto
2900 2299 3118 2371 quando
3159 2298 3456 2369 descriptio
3503 2297 3651 2353 facta
3679 2304 3785 2352 est.

2190 2389 2381 2444 Judaea
2411 2387 2556 2444 facta
2586 2397 2669 2443 est
2718 2389 3024 2444 tributaria.
3059 2388 3156 2443 His
3205 2387 3421 2442 tributis
3451 2386 3782 2458 praepositus

2194 2484 2275 2532 est
2304 2477 2551 2533 Herodes
2579 2477 2878 2548 Antipatris
2924 2476 3068 2532 ﬁlius
3112 2476 3423 2550 alienigena
3452 2482 3505 2530 et
3534 2475 3787 2546 prosely-

2195 2574 2303 2632 tus,
2335 2582 2431 2621 rex
2459 2566 2661 2621 Iudaeis
2690 2567 2760 2621 ab
2791 2568 3039 2639 Augusto
3097 2565 3441 2622 constitutus.
3476 2565 3610 2619 Erat
3640 2577 3781 2635 ergo

2194 2654 2390 2710 seditio
2419 2654 2476 2709 in
2504 2655 2727 2726 populo,
2761 2654 2883 2709 aliis
2922 2653 3230 2710 dicentibus
3279 2653 3482 2708 debere
3527 2651 3649 2707 dari
3678 2651 3787 2706 tri-

2193 2743 2324 2798 buta
2351 2759 2453 2814 pro
2485 2744 2776 2799 securitate
2808 2751 2861 2799 et
2890 2743 3091 2815 quiete,
3126 2758 3250 2799 cum
3279 2740 3509 2798 Romani
3538 2755 3640 2812 pro
3669 2755 3791 2795 om-

2193 2832 2354 2887 nibus
2393 2832 2644 2888 militent.
2677 2832 2966 2888 Pharisaeis
2997 2839 3188 2888 contra
3217 2830 3531 2896 nitentibus,
3557 2844 3666 2884 non
3686 2829 3785 2884 de-

2194 2920 2327 2976 bere
2356 2921 2620 2993 p0pulum
2649 2921 2750 2977 Dei
2780 2921 2873 2994 qui
2901 2921 3144 2978 decimas
3165 2919 3345 2987 solvit;
3369 2927 3421 2975 et
3441 2926 3637 2976 caetera
3658 2934 3783 2990 quae

2194 3009 2281 3065 lex
2312 3010 2461 3076 dicit,
2494 3010 2747 3066 humanis
2776 3010 2993 3083 legibus
3030 3009 3335 3080 subjacere.
3368 3007 3580 3064 Mittunt
3612 3006 3784 3079 igitur

2194 3098 2457 3155 Pharisaei
2488 3099 2534 3154 si
2562 3108 2787 3170 possent
2816 3098 3091 3169 decipere.

2261 3189 2383 3245 Non
2411 3192 2497 3244 est
2528 3190 2629 3244 tibi
2657 3205 2814 3253 cura,
2850 3196 2954 3244 etc.
2987 3186 3123 3243 Illuc
3160 3193 3477 3259 provocant,
3512 3192 3573 3240 ut
3598 3185 3777 3242 Deum

2192 3277 2371 3349 magis
2400 3277 2587 3332 timeat
2618 3291 2783 3350 quam
2821 3277 3096 3333 Caesarem
3129 3294 3144 3330 :
3177 3283 3232 3332 et
3258 3275 3383 3331 ideo
3412 3288 3524 3330 non
3570 3273 3781 3330 debere

2193 3365 2331 3422 solvi
2359 3366 2563 3421 tributa
2591 3366 2757 3433 dicat,
2788 3373 2848 3421 ut
2876 3364 3172 3422 Herodiani
3203 3364 3361 3437 quasi
3391 3368 3673 3421 auctorem
3694 3378 3785 3419 se-

2193 3454 2413 3511 ditionis
2450 3463 2693 3511 teneant.

2265 3556 2437 3612 Vens.
2462 3559 2548 3612 18.
2573 3586 2642 3597 -
2670 3557 3001 3629 Hypocritte.
3039 3554 3182 3624 Quia
3212 3555 3362 3612 aliud
3391 3560 3535 3622 sunt,
3569 3560 3623 3609 et
3642 3552 3789 3610 aliud

2196 3644 2474 3700 simulant.

2264 3735 2437 3790 Vens.
2471 3738 2559 3793 21.
2593 3764 2663 3776 —
2695 3734 2922 3791 Reddite
2953 3751 3098 3806 ergo.
3133 3732 3233 3790 Vel
3263 3732 3403 3790 sicut
3430 3731 3618 3789 Caesar
3664 3731 3785 3789 exi-

2193 3822 2271 3896 git
2300 3823 2719 3895 impressionem
2752 3840 2865 3878 suae
2896 3822 3171 3897 imaginis,
3203 3822 3284 3880 sic
3303 3830 3356 3879 et
3371 3824 3519 3879 Deus
3540 3820 3783 3878 animam

2193 3910 2396 3967 lumine
2429 3912 2511 3968 sui
2541 3912 2722 3968 vultus
2753 3911 3047 3982 signatam.

2265 4026 2437 4082 Vens.
2469 4030 2559 4084 23.
2594 4056 2662 4070 -
2681 4027 2992 4095 δαάᾱαοαεί,
3043 4035 3149 4085 etc.
3182 4028 3315 4084 Duae
3344 4035 3499 4083 erant
3542 4028 3787 4083 haereses

2193 4115 2252 4170 in
2276 4115 2503 4171 Iudaeis.
2538 4116 2943 4172 Pharisaeorum
2973 4118 3066 4190 qui
3102 4116 3469 4189 praeferebant
3519 4116 3787 4185 justitiam

2191 4203 2543 4259 traditionum
2576 4214 2628 4260 et
2677 4206 3124 4262 Observationum
3170 4226 3184 4262 :
3234 4215 3287 4262 et
3334 4206 3785 4271 Sadducaeorum,

2192 4293 2285 4365 qui
2316 4300 2368 4347 et
2397 4293 2503 4365 ipsi
2532 4294 2882 4351 vindicabant
2914 4295 3038 4363 sibi,
3073 4295 3220 4367 quod
3246 4294 3490 4351 nondum
3518 4303 3696 4364 erant,
3732 4294 3786 4350 id

2192 4390 2294 4449 est,
2339 4381 2491 4452 justi.
2544 4383 2832 4440 Sadducaei
2861 4399 3097 4456 namque
3129 4385 3278 4455 justi
3334 4383 3783 4454 interpretantur,

2192 4471 2286 4543 qui
2313 4472 2774 4528 resurrectionem
2826 4487 3117 4544 corporum
3146 4487 3257 4528 non
3303 4473 3553 4540 credunt,
3585 4481 3641 4528 et
3671 4472 3788 4528 ani-

2193 4575 2314 4615 mas
2342 4560 2565 4616 interire
2594 4569 2785 4632 putant
2813 4577 2937 4617 cum
2985 4576 3233 4632 corpore,
3284 4561 3675 4634 turpitudinem
3706 4561 3786 4617 fa-

2190 4650 2333 4706 bula:
2353 4648 2584 4724 ﬁngunt,
2618 4667 2742 4722 qua:
2802 4650 3147 4705 deliramenti
3193 4665 3289 4706 eos
3328 4658 3527 4725 arguat
3573 4650 3667 4723 qui
3696 4666 3786 4705 re-

2196 4739 2592 4796 surrectionem
2622 4747 2892 4795 asserunt.
2918 4740 3101 4795 Potest
3120 4748 3302 4795 autem
3323 4738 3447 4796 ﬁeri
3466 4748 3524 4795 ut
3543 4739 3600 4796 in
3620 4746 3786 4813 gente

2195 4844 2387 4884 eorum
2414 4828 2521 4886 hoc
2549 4828 2844 4901 aliquando
2875 4828 3156 4885 acciderit.

2267 4945 2435 5001 Vens.
2468 4948 2556 5003 29.
2591 4975 2659 4984 -
2688 4946 2928 5001 Erratis.
2962 4945 3092 5001 Ideo
3131 4945 3259 5019 quia
3287 4944 3509 5001 nescitis
3538 4943 3790 5017 Scriptu-

2194 5049 2307 5100 ras,
2339 5032 2483 5089 unde
2513 5033 2776 5105 sequitur,
2809 5041 2866 5089 ut
2895 5034 3141 5092 nesciant
3169 5034 3426 5091 virtutem
3446 5034 3564 5091 Dei.

2266 5123 2435 5177 Vens.
2461 5126 2548 5178 30.
2581 5152 2650 5163 —
2678 5123 2743 5179 In
2765 5126 3196 5181 resurrectione.
3220 5125 3530 5197 Resurgent
3550 5122 3779 5195 quidem

2194 5225 2446 5282 corpora,
2480 5227 2601 5285 quae
2630 5220 2854 5284 possent
2895 5213 3104 5269 nubere
3133 5221 3186 5268 et
3215 5212 3380 5269 nubi:
3414 5212 3563 5286 quod
3593 5212 3663 5267 de
3692 5212 3786 5268 his

2193 5299 2410 5366 dicitur,
2445 5301 2538 5373 qui
2565 5301 2767 5357 habent
2792 5302 3043 5359 membra
3069 5301 3331 5375 genitalia
3362 5319 3375 5356 :
3409 5301 3508 5359 sed
3538 5300 3651 5357 alia
3680 5316 3787 5356 ra-

2192 5389 2339 5445 tione
2368 5405 2478 5445 non
2505 5391 2729 5446 nubent.

2264 5505 2435 5562 Vens.
2468 5508 2555 5563 31.
2588 5536 2657 5547 -
2686 5508 2804 5565 Non
2838 5508 3069 5581 legistis.
3104 5507 3164 5563 In
3194 5506 3381 5579 Moyse
3405 5520 3568 5580 quem
3587 5504 3796 5578 recipi-

2192 5603 2282 5672 tis,
2317 5604 2559 5681 alioquin
2585 5613 2770 5679 posset
2800 5605 3071 5678 apertiora
3111 5604 3180 5663 de
3210 5602 3614 5663 resurrectione
3631 5603 3790 5661 testi-
