4028 6178
302 302 405 358 15⁸7

1232 297 1503 356 GLOSSA
1542 295 1951 355 ORDINARIA.
1991 322 2059 337 -
2095 293 2362 352 EVANG.
2403 296 2661 354 ΜΑΤΤΗ.

300 443 487 499 monia
532 442 923 515 prophetarum
950 441 1082 498 dare
1116 460 1130 498 ε
1164 442 1263 499 sed
1292 443 1586 517 prophetas
1616 440 1903 498 Sadducmi
1923 422 1978 483 Α
2006 428 2185 517 potest
2214 422 2356 477 enim
2386 423 2601 479 Christo
2632 423 2872 517 coelestia
2899 422 3216 496 praedicanti
3243 422 3486 493 credere,
3510 424 3601 496 qui

299 548 414 589 non
442 531 733 603 recipiunt.

370 621 545 675 Vsus.
570 624 658 677 32.
690 650 761 661 -
792 622 938 677 Deus
960 621 1264 687 Abraham,
1310 628 1414 676 etc.
1449 618 1555 689 Qui
1569 620 1681 689 jam
1700 620 1900 675 mortui

2003 510 2237 584 gloriam
2268 519 2543 568 terrenam
2573 514 2737 585 cupit.

2071 599 2241 655 Vsus.
2276 603 2327 656 8.
2361 632 2431 642 —
2484 603 2579 660 Vos
2626 607 2841 659 autem.
2895 602 3108 674 Duplici
3154 602 3365 658 ratione
3412 601 3481 656 ab
3508 602 3595 656 his

299 718 478 781 erant,
513 709 731 782 quando
761 709 880 766 haec
912 709 1162 779 dicebat,
1215 726 1351 783 ergo
1380 688 1485 781 per.
1532 711 1637 766 hoc
1699 709 1905 764 animas
2001 688 2282 783 attendere
2305 691 2479 783 jubet,
2511 708 2581 747 ne
2605 708 2821 783 eorum
2869 691 3208 747 simulatione
3248 690 3591 757 seducamur,

296 798 495 873 probat
524 814 853 870 permanere
882 805 1006 869 post
1034 807 1267 854 mortem
1301 816 1314 854 :
1346 815 1456 854 non
1504 799 1647 867 enim
1694 798 1901 854 dicere-

295 896 386 943 tur
433 887 584 942 Deus
628 903 741 942 non
790 887 1182 943 exsistentium.
1234 889 1303 942 Et
1346 887 1426 943 sic
1455 888 1818 944 introducitur
1847 896 1901 942 et

291 991 594 1048 corporum
626 977 979 1046 resurrectio,
1015 994 1135 1049 quae
1167 992 1291 1033 cum
1326 977 1609 1031 animabus
1645 976 1790 1031 bona
1812 976 1898 1031 vel

294 1065 443 1122 mala
461 1072 759 1139 gesserunt
783 1084 796 1120 :
819 1068 967 1122 Deus
988 1067 1297 1135 Abraham,
1320 1069 1470 1121 Deus
1493 1068 1648 1124 Isaae
1675 1070 1729 1122 et
1749 1068 1897 1121 Deus

295 1156 483 1211 Iacob.
535 1155 645 1210 Per
688 1155 793 1210 hoc
840 1154 1035 1227 probat
1082 1154 1441 1210 aeternitatem
1490 1154 1810 1224 animarum,
1845 1164 1898 1210 et

295 1242 482 1298 statim
503 1242 670 1298 infert
686 1261 698 1298 :
712 1245 833 1299 Non
855 1248 940 1299 est
958 1245 1106 1299 Deus
1126 1248 1421 1300 mortuoru
1431 1262 1503 1311 m,
1531 1251 1634 1299 etc.
1654 1286 1669 1315 ,
1694 1251 1750 1297 ut
1773 1259 1896 1321 cum

294 1333 616 1403 probaverit
643 1333 852 1388 animas
880 1348 1207 1404 permanere
1236 1341 1359 1404 post
1388 1341 1641 1400 mortem,
1695 1349 1896 1389 conse-

294 1431 532 1495 quenter
563 1422 1004 1478 introduceretur
1034 1422 1197 1477 etiam
1219 1438 1513 1494 corporum
1535 1424 1891 1491 resurrectio,

292 1528 417 1585 quae
445 1526 576 1567 cum
606 1510 891 1566 animabus
940 1512 1081 1567 bona
1129 1512 1217 1567 vel
1268 1512 1408 1567 mala
1438 1521 1749 1585 gesserunt.

358 1602 540 1657 Vsus.
576 1602 665 1656 34.
689 1631 759 1642 -
778 1601 1108 1657 Silentium.
1140 1602 1282 1657 Nota
1312 1618 1525 1657 venena
1554 1602 1768 1657 invidias
1798 1619 1895 1657 su-

292 1690 481 1762 perari
492 1705 681 1761 posse,
698 1690 794 1744 sed
811 1689 1032 1746 difﬁcile
1044 1690 1458 1762 conquiescere.
1479 1692 1893 1748 Conven-erunt.

2000 780 2085 834 vel
2115 794 2183 833 ne
2216 781 2552 836 aemulatione
2601 781 3021 836 inﬂammemur.

2071 873 2242 929 Vnus.
2297 878 2349 928 9.
2381 902 2451 911 -
2485 873 2636 928 Unus
2684 875 2787 927 est.
2824 870 2930 937 Qui
2977 869 3243 925 illuminat
3292 869 3589 935 hominem,

2000 964 2146 1034 quod
2175 978 2287 1018 non
2315 961 2452 1015 alius
2482 960 2666 1029 homo,
2700 960 2795 1013 sed
2825 967 3029 1013 tantum
3062 966 3306 1024 exercet,
3341 958 3590 1014 docendo

1996 1067 2107 1106 non
2136 1051 2465 1106 intellectum
2496 1056 2739 1119 prsestat.
2790 1051 2963 1104 Pater
2990 1052 3190 1103 vester.
3224 1049 3371 1102 Deus
3402 1046 3597 1102 dicitur

1998 1140 2158 1195 Pater
2188 1149 2239 1195 et
2268 1138 2527 1211 Magister
2557 1144 2770 1201 natura,
2820 1138 2982 1192 homo
3020 1136 3377 1209 indulgentia.
3414 1136 3588 1201 Pater,

1998 1237 2055 1283 ut
2084 1230 2260 1284 honor
2290 1227 2431 1283 artati
2462 1225 2759 1291 deferatur,
2793 1241 2901 1280 non
2932 1234 2988 1279 ut
3019 1233 3208 1279 auctor
3236 1225 3359 1280 vitae
3388 1224 3593 1278 habea-

1997 1325 2103 1391 tur.
2155 1316 2415 1390 Magister
2439 1360 2451 1381 ,
2506 1330 2572 1371 ex
2604 1314 2878 1370 consortio
2907 1314 3022 1368 veri
3050 1312 3301 1386 magistri
3333 1320 3592 1384 tanquam

1997 1408 2115 1475 ejus
2144 1407 2365 1461 nuntius
2400 1424 2412 1460 :
2448 1412 2501 1459 et
2527 1419 2629 1475 pro
2660 1402 2967 1458 reverentia
2997 1403 3113 1472 ejus
3142 1417 3175 1457 a
3203 1417 3311 1473 quo
3338 1400 3590 1468 mittitur,

1995 1495 2317 1552 honoratur.

2067 1585 2239 1640 Vens.
2276 1589 2363 1639 13.
2398 1613 2467 1624 -
2500 1582 2795 1639 Clauditis.
2845 1581 2946 1637 Vel
2993 1580 3140 1635 malo
3185 1578 3468 1650 exemplo,
3502 1578 3590 1634 vel

1994 1674 2254 1745 mysteria
2302 1672 2708 1743 Scripturarum
2754 1670 3014 1739 tollendo,
3067 1667 3317 1739 exemplo
3365 1667 3509 1723 enim
3539 1674 3594 1723 et

292 1756 359 1834 Iit
378 1756 735 1834 multitudine
757 1778 1037 1835 vincerent
1058 1756 1222 1851 quem
1242 1796 1352 1835 non
1381 1788 1636 1851 poterant
1655 1781 1885 1838 ratione.
1910 1788 1964 1849 Β
2000 1762 2252 1818 ἀοθίτίηίὶ
2282 1777 2472 1851 eorum
2493 1760 2585 1832 (Ιυί
2614 1759 3031 1832 ωδὲζίειΐίεηηίν
3055 1757 3143 1813 alii
3175 1758 3395 1831 qnidem
3442 1756 3593 1814 Chri‘

293 1868 351 1923 In
397 1867 665 1923 tentando
712 1868 1042 1929 conveniunt
1089 1869 1182 1942 qui
1228 1869 1283 1924 in
1327 1870 1576 1925 doctrina
1636 1871 1892 1928 contrarii

292 1964 436 2013 sunt.
473 1956 595 2012 Jam
623 1956 888 2013 confutati
920 1965 1073 2013 erant
1102 1957 1157 2012 in
1186 1958 1491 2014 ostentione
1520 1959 1751 2029 denarii,
1777 1961 1892 2031 jam

291 2046 550 2103 viderant
583 2045 743 2102 etiam
774 2046 1106 2103 Sadducaaos
1136 2047 1518 2104 obmutescere
1539 2092 1551 2116 ,
1586 2048 1683 2104 sed
1712 2057 1893 2106 tamen

290 2135 684 2191 malevolentia
713 2144 766 2191 et
794 2135 936 2193 livor
963 2136 1131 2192 nutrit
1159 2136 1568 2208 impudentiam.

360 2224 539 2279 Vnus.
576 2228 664 2280 35.
687 2254 757 2266 --
781 2227 887 2282 Ten
897 2228 1026 2282 tans
1046 2241 1196 2282 eum.
1228 2228 1444 2288 Marcus
1465 2226 1555 2297 ait,
1579 2227 1724 2299 quod
1746 2226 1795 2282 ei
1816 2243 1895 2282 sa-

293 2313 513 2385 pienter
541 2313 900 2386 respondenti
929 2314 1195 2369 Dominus
1224 2315 1422 2371 dixerit
1454 2334 1468 2371 :
1499 2318 1621 2372 Non
1654 2317 1811 2388 longe
1833 2332 1891 2372 es

291 2419 324 2458 α
352 2419 529 2474 regno
559 2404 680 2458 Dei.
713 2403 891 2458 Potuit
920 2402 1063 2458 enim
1092 2402 1241 2471 ﬁeri,
1274 2413 1333 2459 ut
1362 2405 1454 2476 qui
1484 2412 1695 2461 tentans
1723 2404 1890 2472 venit,

291 2507 566 2563 responso
613 2491 900 2549 Dominico
948 2508 1248 2549 conversus
1278 2494 1366 2549 sit.
1401 2494 1500 2550 Vel
1529 2494 1755 2550 tentatio
1783 2510 1894 2551 non

292 2588 373 2635 est
401 2580 549 2636 mala
582 2580 739 2653 quasi
768 2581 998 2637 volentis
1021 2581 1305 2654 decipere,
1349 2582 1448 2638 sed
1469 2598 1630 2639 causa
1660 2582 1893 2639 volentis

290 2670 526 2742 amplius
557 2669 801 2742 experiri
830 2671 1095 2744 ignotum.

356 2760 535 2815 Vsus.
557 2761 646 2814 3'1.
663 2761 952 2832 —D-iliges
963 2762 1270 2816 Dominum
1290 2763 1471 2817 Deum
1484 2767 1672 2818 tuum.
1689 2762 1893 2819 Fictam

293 2847 694 2904 conscientiam
716 2847 1107 2922 interrogantis
1130 2849 1395 2907 Dominus
1417 2851 1595 2923 primo
1626 2867 1893 2923 responso

292 2937 551 3009 percutit.
586 2939 736 2993 Deus
770 2941 906 2994 tuus
937 2953 1090 2995 unus
1122 2943 1227 2996 est.
1260 2941 1380 2997 Non
1411 2956 1666 2997 assumes
1686 2958 1893 2997 nomen

291 3028 389 3082 Dei
411 3028 504 3082 tui
525 3027 589 3083 in
608 3043 839 3082 vanum.
869 3027 1103 3084 Observa
1126 3027 1275 3085 diem
1293 3030 1527 3086 sabbati.
1550 3030 1679 3086 Haec
1698 3030 1802 3086 tria
1823 3030 1893 3086 ad

1994 1858 2137 1906 stum
2166 1866 2275 1906 non
2302 1850 2586 1921 recipiunt.

2061 1936 2232 1991 Vens.
2266 1939 2351 1990 15.
2388 1964 2458 1976 ——
2493 1936 2839 1991 Circumitis.
2888 1933 2949 1987 In
2994 1939 3108 1988 toto
3128 1933 3263 1988 orbe
3291 1931 3593 2005 Evangelia

1997 2024 2282 2081 detrahitis
2315 2042 2329 2078 :
2363 2032 2413 2080 et
2444 2024 2489 2079 si
2535 2023 2657 2095 quis
2704 2023 2861 2078 vobis
2891 2023 3152 2093 adhaeret,
3205 2021 3384 2092 duplae
3414 2036 3590 2092 poenae

1992 2111 2137 2168 ﬁlius
2166 2122 2249 2169 est
2283 2132 2296 2168 :
2330 2113 2453 2186 quia
2484 2128 2661 2185 neque
2692 2111 3071 2167 remissionem
3112 2118 3465 2182 peccatorum
3497 2125 3592 2165 ac-

1994 2202 2143 2273 cipit,
2195 2209 2250 2259 et
2296 2202 2352 2257 in
2395 2218 2585 2258 eorum
2635 2201 2893 2258 sociatem
2941 2199 3128 2256 incidit
3174 2200 3269 2272 qui
3316 2198 3591 2254 Christum

1994 2299 2118 2347 sunt
2147 2291 2441 2363 persecuti.
2504 2289 2764 2362 Quisquis
2796 2290 2914 2360 ejus
2972 2289 3141 2344 Filius
3169 2288 3370 2345 dicitur
3428 2287 3583 2357 cujus

1995 2391 2162 2446 opera
2190 2375 2321 2449 agit.
2356 2378 2731 2448 Proselytum.
2766 2374 3032 2445 Proselyti
3065 2381 3191 2429 sunt
3220 2375 3289 2429 de
3330 2372 3589 2446 gentibus

1991 2464 2051 2519 in
2080 2465 2431 2537 Synagogam
2479 2464 2703 2535 recepti,
2755 2479 2988 2535 quorum
3038 2462 3236 2518 raritas
3279 2477 3381 2534 per
3421 2476 3589 2517 unum

1998 2551 2336 2626 significatur
2366 2552 2494 2625 quia
2522 2552 2617 2608 vix
2647 2552 2842 2624 aliquis
2870 2560 2994 2623 post
3042 2551 3336 2607 Christum.

2069 2668 2238 2723 Vens.
2273 2672 2361 2724 16.
2392 2697 2461 2709 -
2492 2668 2838 2741 Quicunque.
2874 2666 3129 2722 Pharisaei
3161 2665 3255 2739 qui
3283 2665 3469 2721 omnia
3497 2664 3583 2721 fe-

1995 2765 2187 2814 cerunt
2213 2764 2441 2829 propter
2458 2757 2671 2813 lucrum
2688 2756 2941 2813 dicebant
2969 2771 3093 2811 esse
3123 2755 3283 2811 etiam
3311 2753 3588 2811 sanctiora

1995 2846 2179 2901 oblata
2209 2862 2375 2919 quam
2396 2846 2656 2917 templum
2677 2846 2763 2902 vel
2790 2846 2962 2901 altare
2987 2863 2999 2899 :
3023 2853 3081 2900 ut
3099 2843 3350 2902 homines
3366 2858 3590 2916 promp-

1994 2934 2165 2990 tiores
2194 2921 2380 2992 essent
2408 2935 2480 2990 ad
2509 2933 2791 2991 oﬂ‘erenda
2851 2937 3024 3001 dona,
3073 2949 3234 3006 quam
3273 2933 3343 2988 ad
3397 2947 3590 3004 preces

1996 3022 2310 3080 fundendas
2339 3024 2396 3078 in
2422 3025 2628 3095 templo
2659 3024 2747 3080 vel
2770 3024 3010 3093 justitias
3041 3021 3343 3079 faciendas.
3386 3021 3447 3076 In
3478 3036 3587 3093 quo

290 3114 642 3171 dilectionem
678 3115 781 3170 Dei
808 3115 1085 3187 pertinent
1123 3135 1136 3172 :
1176 3118 1330 3187 cujus
1363 3120 1573 3192 cogites
1604 3119 1887 3190 unitatem,
1912 3150 1963 3214 C
1992 3128 2105 3214 ‘non
2148 3113 2251 3214 Dei
2297 3112 2551 3213 timorem
2571 3156 2585 3179 ,
2637 3112 2736 3214 sed
2766 3128 2922 3212 suam
2952 3112 3306 3214 cupiditatem
3333 3110 3586 3214 attende-

288 3204 600 3273 veritatem,
623 3204 974 3262 voluntatem.
998 3208 1086 3262 Ea:
1109 3210 1222 3263 toto
1244 3208 1427 3265 corde.
1452 3209 1744 3282 Integritas
1764 3206 1892 3265 fidei
1915 3198 1962 3214 υ
1992 3201 2142 3257 bant.
2174 3201 2304 3258 Ideo
2329 3202 2516 3276 arguit
2546 3217 2643 3259 eos
2691 3202 2956 3258 Dominus
3005 3200 3247 3257 stultitia:
3277 3208 3331 3258 et
3360 3198 3587 3256 fraudu-

287 3293 631 3365 exprimitur.
664 3293 727 3349 In
760 3301 871 3350 tota
900 3294 1096 3363 anima,
1130 3296 1375 3368 perfecta
1406 3297 1737 3368 obedientia,
1770 3298 1890 3354 exi-

292 3382 456 3456 gitur.
491 3382 555 3438 In
580 3390 691 3438 tota
719 3392 902 3439 mente
921 3427 936 3454 ,
984 3385 1394 3456 perseverantia
1422 3386 1745 3443 ostenditur.

357 3470 532 3526 Vsus.
568 3472 658 3529 42.
693 3501 763 3512 -
791 3472 869 3528 De
902 3473 1140 3530 Christo.
1166 3473 1292 3529 Sive
1321 3475 1488 3546 venit,
1514 3475 1629 3532 sive
1650 3475 1891 3533 futurum

290 3559 534 3629 creditis,
568 3576 736 3633 quem
764 3576 965 3632 purum
995 3562 1273 3619 hominem
1301 3564 1566 3620 asseritis.
1658 3600 1667 3607 -

356 3649 533 3704 Vens.
567 3650 657 3706 44.
680 3680 751 3692 -
771 3652 954 3708 Dixit.
986 3652 1135 3707 Istud
1165 3653 1349 3709 dicere
1382 3661 1465 3710 est
1491 3654 1759 3727 {aqualem
1787 3655 1890 3714 sibi

292 3735 460 3793 filium
492 3754 785 3812 generare.
817 3742 1076 3798 Domino.
1098 3742 1224 3797 Non
1243 3744 1545 3799 secundum
1568 3744 1714 3816 quod
1733 3743 1802 3800 de
1824 3760 1891 3801 eo

289 3835 466 3898 natus,
510 3828 612 3884 sed
643 3830 792 3901 quod
820 3830 890 3885 de
918 3838 1075 3902 patre
1107 3847 1329 3904 semper
1376 3832 1493 3888 fuit.

360 3915 531 3973 Vsus.
566 3919 656 3974 45.
709 3947 779 3960 -
828 3920 1124 3987 Quomodo.
1176 3921 1553 3996 Repugnantia
1601 3929 1725 3979 sunt
1771 3923 1891 3981 haac

293 4006 595 4063 secundnm
626 4014 870 4064 vestrum
902 4009 1255 4067 intellectum.

362 4095 533 4151 Vsus.
569 4098 660 4153 46.
683 4126 753 4138 --
772 4099 845 4153 Et
871 4114 1035 4155 nemo
1058 4103 1302 4172 poterat,
1358 4108 1462 4157 etc.
1496 4101 1637 4156 Nota
1680 4117 1888 4158 venena

294 4181 510 4241 invidia:
538 4185 789 4257 superari
816 4201 1002 4258 posse,
1036 4187 1133 4243 sed
1162 4187 1384 4245 difﬁcile
1416 4190 1829 4262 conquiescere.

936 4303 1162 4361 CAPUT
1191 4303 1392 4360 XXIII.

359 4425 531 4483 Vens.
566 4431 621 4481 1.
644 4455 715 4469 --
740 4429 891 4485 Tunc
924 4429 1144 4486 locutus
1174 4434 1279 4486 est.
1313 4430 1425 4486 Illis
1454 4430 1743 4487 confutatis
1787 4432 1880 4506 qui

1990 3289 2187 3346 lentiae.

2062 3405 2234 3462 Vnus.
2265 3410 2353 3464 22.
2402 3436 2470 3448 -
2518 3408 2583 3462 In
2631 3409 2787 3464 calo.
2837 3407 2943 3463 Per
2990 3414 3295 3464 creaturam
3318 3423 3332 3462 :
3354 3404 3449 3463 ubi
3475 3419 3589 3462 non

1989 3495 2189 3566 putatis
2235 3495 2537 3566 perjurium
2584 3512 2728 3563 esse,
2772 3496 2912 3566 jurat
2957 3496 3015 3552 in
3060 3495 3233 3564 coelo,
3265 3495 3323 3551 id
3351 3503 3453 3563 est,
3484 3511 3587 3567 per

1991 3583 2287 3653 subjectam
2318 3592 2620 3640 creaturam
2644 3585 2806 3654 jurat,
2840 3594 2893 3641 et
2920 3601 3022 3657 per
3050 3585 3390 3642 divinitatem
3435 3599 3584 3657 prm-

1989 3671 2255 3727 sidentem
2284 3680 2569 3729 creaturae.

2059 3787 2230 3842 Vens.
2264 3791 2352 3845 23.
2405 3817 2475 3829 —
2530 3789 2614 3845 νω
2640 3789 2807 3846 vobis.
2841 3788 2910 3843 Et
2938 3788 3027 3844 hic
3056 3787 3240 3861 arguit
3269 3803 3366 3844 eos
3394 3789 3581 3844 avari-

1988 3875 2076 3931 tiae
2109 3893 2123 3931 :
2156 3875 2277 3949 quia
2325 3875 2460 3931 nihil
2497 3877 2915 3947 praetermittunt
2960 3877 3029 3932 de
3065 3877 3153 3932 his
3180 3892 3301 3949 quae
3329 3875 3401 3933 ad
3427 3891 3583 3934 com-

1985 3964 2208 4020 modum
2238 3981 2393 4020 suum
2426 3973 2568 4021 sunt.
2605 3966 2711 4033 Qui
2738 3966 3054 4023 decimatis.
3087 3964 3229 4035 Quia
3255 3967 3403 4021 Deus
3440 3982 3584 4038 prte-

1986 4061 2208 4125 ceperat
2234 4054 2476 4110 omnium
2503 4071 2691 4111 rerum
2720 4054 2962 4112 decimas
2990 4053 3177 4112 oﬁ'erri
3205 4063 3432 4128 pr0pter
3473 4054 3581 4111 ali-

1984 4143 2223 4199 moniam
2253 4144 2617 4201 sacerdotum.
2650 4144 2793 4201 Nota
2830 4145 2976 4217 quod
3023 4161 3124 4216 per
3173 4144 3581 4217 eleemosynam

1986 4231 2166 4303 aliqua
2210 4231 2507 4303 impunitas
2550 4250 2662 4290 non
2691 4234 2890 4291 emitur
2918 4234 2973 4289 in
3021 4233 3302 4308 iniquitate
3347 4249 3580 4291 manen-

1984 4320 2147 4376 tibus.

2055 4422 2180 4479 Ηιεσ
2237 4426 2507 4497 oportuit.
2565 4425 2647 4481 Ne
2705 4425 3086 4497 eleemosynas
3135 4425 3369 4482 fructum
3415 4433 3580 4482 terra

292 4513 469 4570 dolosi
498 4522 646 4583 sunt,
679 4516 895 4572 instruit
914 4532 1012 4573 eos
1032 4517 1125 4590 qui
1155 4518 1339 4575 idonei
1367 4527 1510 4586 sunt,
1534 4520 1885 4577 nihilominus
1905 4516 1958 4578 D
1990 4510 2334 4569 Vidererelur
2362 4530 2626 4587 respuere
2651 4559 2664 4582 ,
2699 4514 2818 4571 hinc
2856 4514 3081 4573 addidit.

290 4602 516 4660 hortans
565 4620 664 4660 eos
712 4604 906 4675 subjici
951 4606 1059 4661 illis
1114 4616 1339 4679 propter
1374 4608 1773 4686 sacerdotium
1832 4618 1885 4665 et

286 4692 522 4747 nominis
570 4693 892 4767 dignitatem
916 4712 930 4750 :
952 4710 1064 4751 non
1093 4712 1280 4768 opera,
1307 4698 1404 4753 sed
1426 4697 1732 4754 doctrinam
1754 4713 1884 4755 con-

292 4780 618 4837 siderantes.

360 4869 530 4927 Vane.
563 4872 619 4927 4.
651 4900 722 4913 -
752 4874 937 4930 Onera
981 4877 1192 4947 gravia.
1243 4874 1409 4948 Legis
1454 4876 1708 4932 mandata
1750 4894 1882 4949 per-

288 4958 436 5013 misti
466 4960 580 5015 suis
608 4961 1021 5031 traditionibus,
1055 4964 1358 5020 secundum
1388 4980 1453 5020 ea
1482 4965 1777 5022 suadentes
1804 4967 1884 5024 vi-

290 5063 423 5103 vere
456 5066 469 5102 :
503 5057 558 5105 et
585 5065 698 5105 non
728 5051 917 5107 venire
945 5052 1013 5107 ad
1033 5052 1250 5109 facilem
1282 5061 1334 5109 et
1351 5053 1734 5111 delectabilem
1754 5071 1883 5130 gra-

289 5136 422 5191 tiam
449 5138 690 5206 Cbristi;
743 5140 890 5195 unde
920 5157 1084 5213 supra
1118 5159 1131 5197 :
1173 5144 1363 5200 Venite
1393 5144 1465 5200 ad
1490 5160 1579 5200 me
1610 5146 1706 5218 qui
1737 5145 1882 5203 labo-

290 5226 437 5280 ratis
468 5232 522 5282 et
554 5230 785 5284 onerati
832 5232 987 5285 estis.

358 5326 527 5383 Vens.
564 5332 618 5384 ὅ.
661 5358 730 5370 -
755 5330 956 5386 Omnia
988 5347 1099 5389 ore.
1134 5334 1279 5389 Dixit
1307 5334 1447 5389 tales
1475 5335 1729 5392 doctores
1777 5352 1880 5392 au-

286 5413 514 5472 diendos
543 5433 691 5485 esse,
726 5433 838 5474 non
866 5419 1157 5477 imitandos
1183 5440 1195 5477 :
1219 5438 1363 5479 nunc
1394 5424 1628 5480 ostendit
1658 5439 1872 5481 causam

288 5514 509 5577 propter
536 5522 706 5580 quam
736 5523 847 5564 non
894 5518 1124 5580 possunt
1169 5512 1398 5569 credere
1447 5514 1681 5581 Christo,
1714 5515 1769 5570 id
1800 5525 1882 5571 est

290 5594 415 5665 quia
439 5596 626 5653 omnia
655 5596 866 5655 faciunt
891 5607 950 5655 ut
977 5598 1267 5658 videantur
1296 5602 1365 5658 ab
1393 5602 1723 5660 hominibus.
1758 5603 1881 5661 Non

2058 4620 2228 4683 Vens.
2260 4629 2349 4686 24.
2400 4658 2468 4670 —
2517 4631 2695 4686 Duces
2723 4631 2875 4686 cazei.
2912 4628 3182 4701 Opinione
3210 4628 3494 4704 religionis
3523 4629 3578 4686 in

1981 4715 2218 4771 minimis
2246 4733 2366 4789 quae
2394 4717 2608 4774 lucrum
2637 4719 2839 4773 habent
2867 4718 3210 4792 diligentiam
3251 4719 3536 4777 ostenditis
3561 4737 3576 4776 :

1984 4805 2081 4859 sed
2101 4820 2304 4878 magna
2331 4814 2609 4878 praecepta
2637 4808 2707 4863 de
2730 4807 2956 4877 judicio,
2980 4806 3088 4864 ﬁde
3117 4816 3172 4865 et
3198 4808 3580 4867 misericordia

1983 4893 2260 4949 devoratis
2282 4902 2338 4950 et
2372 4894 2673 4968 negligitis.
2708 4898 3068 4954 Excolantes.
3101 4897 3345 4970 Mystice.
3379 4897 3581 4955 Culicis

1980 4983 2200 5038 nomine
2230 4982 2521 5039 seditiosus
2540 4984 2811 5041 homicida
2840 4987 3118 5043 Barabbas
3147 4987 3429 5062 signatur:
3454 4986 3582 5061 quia

1981 5070 2084 5127 hoc
2129 5071 2327 5126 animal
2374 5074 2668 5145 strependo
2698 5075 2960 5148 inquietat
2990 5084 3044 5132 et
3074 5076 3345 5150 sanguine
3387 5076 3576 5135 delec-

1980 5167 2143 5215 tatur.
2195 5160 2401 5217 Cameli
2448 5163 2669 5219 nomine
2713 5173 2939 5237 pr0pter
2985 5165 3344 5222 humilitatem
3374 5167 3443 5223 ad
3481 5184 3578 5224 su-

1977 5249 2193 5305 beunda
2204 5265 2394 5318 onera,
2409 5251 2675 5308 Dominus
2687 5254 3024 5328 intelligitur.
3045 5255 3241 5312 Colunt
3256 5272 3394 5331 ergo
3404 5257 3577 5313 Judaei

1979 5338 2228 5406 culicem,
2262 5339 2320 5395 in
2365 5349 2464 5409 est,
2499 5343 2723 5398 minima
2751 5343 3064 5414 observant,
3113 5344 3241 5417 quia
3270 5346 3575 5402 Barabbam

1982 5427 2073 5500 qui
2101 5445 2211 5484 non
2242 5430 2480 5487 solverat
2509 5431 2813 5500 sabbatum,
2847 5433 3185 5501 dimiserunt,
3220 5442 3275 5491 et
3305 5434 3575 5492 camelum

1979 5517 2230 5592 glutiunt,
2253 5518 2309 5573 id
2339 5528 2438 5590 est,
2488 5522 2705 5591 majora
2725 5530 3124 5580 contemnunt:
3149 5524 3278 5597 quia
3296 5522 3572 5579 Christum

1982 5606 2334 5679 spiritualiter
2364 5608 2652 5667 sabbatum
2681 5611 3044 5670 insinuantem
3070 5629 3173 5685 per
3210 5610 3473 5681 judicium
3520 5617 3575 5667 et

3492 301 3595 356 {58
3696 328 3699 333 -
