4000 6182
420 265 520 322 159

947 262 1352 321 WALAFRIDI
1389 259 1632 318 STRABI
1670 255 1871 314 FULD.
1911 248 2083 308 MON.
2129 249 2279 311 OPP.
2322 255 2498 313 PARS
2536 255 2579 310 Ι.
2612 283 2681 295 -—
2718 253 3190 314 THEOLOGICA.

3619 262 3720 314 160

423 389 853 447 misericordiam
882 396 937 447 et
964 389 1127 446 ﬁdem
1147 390 1167 460 (
1189 406 1309 463 qua;
1338 388 1416 444 illi
1444 384 1835 452 contemnunt)
1867 381 2015 436 occi-
2036 375 2093 436 A
2192 380 2362 437 Vens.
2396 384 2484 436 36.
2516 410 2585 422 —
2615 383 2792 453 Super
2814 384 3259 453 generationem.
3308 381 3443 450 Quae
3481 399 3512 436 a
3540 380 3723 453 primo

425 479 641 535 derunt.

493 569 665 625 Vens.
696 573 784 626 25.
835 599 905 610 —-
963 570 1043 625 Vw
1092 569 1257 625 vobis.
1300 566 1545 622 Diversis
1579 560 2017 619 similitudinibus

424 657 783 713 simulationis
812 665 864 713 et
915 657 1181 713 mendacii
1211 656 1389 728 arguit
1417 653 1718 725 pbarisaeos
1749 651 1841 723 qui
1869 648 2016 704 aliud

384 745 731 800 .hominibus
759 746 1068 811 ostendunt,
1103 745 1247 799 aliud
1278 743 1427 798 domi
1457 750 1643 815 agunt.
1699 741 1803 808 Qui
1849 755 2016 793 mun-

421 835 593 891 datis.
633 834 854 889 Frustra
875 834 1216 889 sanctitatem
1236 832 1475 887 exterius
1495 829 1853 902 praetenditis,
1881 828 2018 882 sicut

422 922 469 978 si
498 922 619 997 quis
649 923 875 978 calicem
905 922 1129 977 mundet
1158 921 1417 985 exterius,
1452 920 1596 975 intus
1627 927 1807 975 autem
1848 917 2015 971 relin-

421 1019 550 1082 quat
579 1012 772 1067 sordes
820 1029 834 1065 :
866 1028 989 1066 cum
1019 1012 1136 1081 ejus
1182 1028 1313 1067 usus
1345 1011 1411 1063 sit
1440 1009 1682 1063 interior.
1716 1009 1889 1063 Lucas
1918 1006 2046 1061 ita.‘

421 1100 622 1166 Stulte,
660 1102 755 1172 qui
782 1102 923 1172 fecit
951 1101 1093 1172 quod
1119 1101 1329 1171 deforis
1360 1103 1444 1155 est
1474 1101 1651 1154 etiam
1678 1098 1735 1152 id
1755 1097 1897 1169 quod
1927 1098 2018 1151 in-

391 1255 393 1258 ,
420 1193 513 1243 tus
533 1192 637 1254 est,
660 1191 801 1260 fecit
821 1190 978 1257 (Luc.
1005 1188 1090 1259 ιι)
1112 1232 1123 1255 ,
1149 1189 1206 1244 id
1225 1197 1327 1253 est,
1352 1188 1443 1259 qui
1460 1195 1748 1259 utramque
1769 1193 2017 1240 naturam

415 1276 652 1332 hominis
684 1276 830 1343 fecit,
863 1285 1152 1349 utramque
1182 1277 1433 1331 mundari
1464 1276 1649 1331 voluit.
1682 1276 1857 1331 Nemo
1906 1274 2016 1347 igi-

416 1373 506 1420 tur
531 1373 681 1437 putet
702 1365 1114 1421 fornicationem
1143 1374 1195 1421 et
1216 1365 1521 1435 hujusmodi
1552 1364 1860 1436 corporalia
1888 1364 2017 1420 vitia

418 1454 759 1509 solummodo
788 1455 979 1526 gravia
1007 1471 1158 1524 esse,
1214 1463 1267 1509 et
1297 1454 1668 1520 avaritiam,et
1683 1452 2016 1525 superbiam,

417 1549 470 1598 et
498 1543 657 1609 iram,
692 1550 744 1597 et
773 1550 974 1598 caetera
1004 1543 1309 1613 spiritualia
1338 1543 1483 1599 levia
1513 1559 1656 1598 esse.

488 1631 661 1685 Vens.
694 1635 783 1689 26.
808 1661 876 1672 —-—
901 1634 1123 1688 Culicis.
1159 1634 1262 1686 Per
1292 1631 1716 1698 similitudinem,
1740 1646 1849 1686 non
1871 1630 2017 1703 quod

410 1719 469 1773 in
496 1719 665 1776 calice
697 1728 749 1775 et
778 1721 1075 1792 parOpside
1114 1722 1185 1775 sit
1216 1737 1406 1776 eorum
1438 1721 1772 1792 superstitio.

2118 470 2390 540 parricida
2421 486 2591 542 usque
2621 470 2689 523 ad
2719 469 2963 524 ultimum
2992 471 3312 541 perditionis
3356 470 3529 526 ﬁlium
3561 487 3723 527 com-

2117 567 2338 630 putatur
2370 578 2383 613 :
2418 559 2602 632 quasi,
2638 558 2841 614 similes
2873 569 3030 614 erunt
3064 561 3118 614 in
3145 576 3308 631 poena
3338 560 3480 616 sicut
3511 568 3640 615 sunt
3668 568 3723 615 et

2117 647 2173 702 in
2206 648 2383 719 culpa.

2190 746 2359 801 Vens.
2394 748 2482 802 37.
2515 777 2584 788 —-
2613 749 2949 803 Jerusalem.
2983 747 3151 816 Quasi
3182 746 3327 802 dicat
3378 764 3392 800 :
3437 746 3539 802 Rei
3587 748 3721 802 estis

2119 835 2436 907 sanguinis,
2489 844 2541 891 et
2590 837 2814 903 merito,
2868 836 2993 908 quia
3040 836 3317 890 multoties
3361 835 3486 889 misi
3517 836 3586 890 ad
3620 850 3718 891 vos

2118 925 2541 996 congregandos
2564 971 2579 995 ,
2630 932 2681 980 et
2729 925 3000 980 noluistis.
3055 926 3300 992 Quoties.
3334 925 3412 978 Ac
3442 924 3487 978 si
3520 924 3720 980 dicat:

2117 1013 2237 1085 Ego
2268 1013 2429 1081 volui,
2454 1021 2505 1068 et
2524 1020 2576 1067 tu
2602 1014 2822 1068 noluisti
2846 1058 2858 1081 ,
2880 1022 2931 1069 et
2962 1021 3202 1085 quoquot
3232 1012 3569 1085 congregavi
3597 1029 3725 1068 mea

2118 1102 2390 1158 voluntate
2419 1118 2636 1173 semper
2667 1101 2869 1158 efﬁcaci
2898 1110 2951 1157 te
2981 1102 3200 1157 nolente
3229 1100 3352 1171 feci,
3406 1101 3532 1173 quia
3565 1117 3719 1155 sem-

2118 1207 2218 1262 per
2263 1190 2481 1262 ingrata
2531 1190 2696 1245 fuisti.
2754 1193 2998 1247 Gallina.
3050 1192 3164 1245 Hoc
3212 1189 3409 1243 animal
3457 1204 3721 1262 magnum

2118 1278 2367 1334 affectum
2416 1279 2576 1333 habet
2622 1279 2679 1332 in
2726 1277 2893 1344 ﬁlios,
2946 1279 3021 1333 ita
3068 1287 3125 1333 ut
3174 1294 3362 1333 eorum
3409 1276 3723 1332 inﬁrmitate

2118 1366 2305 1422 affecta
2336 1365 2664 1432 infirmatur,
2698 1376 2751 1421 et
2782 1383 2877 1423 eos
2908 1368 3010 1421 alis
3039 1375 3340 1438 protegens
3372 1374 3561 1421 contra
3590 1365 3721 1419 mil-

2118 1473 2245 1512 vum
2267 1464 2491 1529 pugnet.
2518 1456 2606 1511 Sic
2626 1456 2729 1511 Dei
2749 1456 3008 1527 sapientia
3037 1472 3137 1526 per
3156 1471 3381 1511 carnem
3410 1452 3704 1521 inﬁrmata,

2117 1546 2354 1617 protegit
2386 1561 2485 1600 nos
2516 1553 2569 1599 et
2599 1544 2838 1600 defendit
2868 1562 2900 1599 a
2928 1545 3164 1600 diabolo.

2189 1635 2359 1689 Vens.
2394 1638 2482 1688 38.
2514 1664 2584 1673 —
2614 1635 3004 1707 Relinquetur.
3039 1634 3241 1689 Civitas
3259 1632 3470 1699 auxilio
3498 1631 3602 1687 Dei
3620 1649 3722 1687 nu-

2040 1735 2094 1797 Β
2121 1718 2242 1773 data
2273 1735 2385 1773 suae
2415 1719 2603 1773 ditioni
2624 1719 2978 1789 relinquetur,
3004 1734 3124 1790 qua:
3155 1718 3295 1772 bene
3326 1716 3589 1772 derelicta
3618 1724 3723 1782 est,

492 1808 663 1864 Vens.
696 1813 784 1867 29.
810 1841 880 1850 --
905 1812 1009 1879 Qui
1039 1811 1349 1879 aediﬁcetis.
1386 1810 1647 1866 Extruitis
1693 1809 2015 1865 memoriam
2114 1824 2234 1863 cum
2265 1823 2298 1862 a
2327 1808 2441 1862 Deo
2470 1808 2880 1879 derelinquitur.

416 1897 723 1955 occisorum
751 1908 974 1969 propter
995 1898 1240 1954 favorem
1259 1898 1431 1973 vulgi,
1454 1908 1513 1953 ut
1534 1900 1665 1969 justi
1695 1898 2011 1967 videamini,

417 1986 646 2060 arguitis
676 1987 840 2063 etiam
871 1987 1110 2045 facinora
1138 1997 1353 2060 patrum
1401 1996 1726 2044 vestrorum.

488 2076 661 2133 Vens.
696 2080 783 2132 3i.
817 2108 885 2117 —
918 2079 1129 2150 Itaque.
1166 2077 1305 2145 Quia
1335 2078 1547 2133 scelera
1574 2086 1789 2148 patrum
1828 2078 2015 2133 detes-

414 2164 601 2221 tamini
628 2180 729 2237 pro
760 2166 942 2238 specie
972 2166 1192 2238 quidem
1215 2166 1515 2223 sanctitatis
1541 2185 1555 2234 ;
1586 2168 1713 2222 dum
1742 2166 2016 2221 Christum

416 2256 801 2328 persequendo
830 2264 883 2311 et
911 2256 1190 2327 apostolos
1237 2257 1429 2311 eadem
1475 2255 1682 2322 facitis,
1719 2256 1863 2311 facto
1890 2271 2018 2326 pro-

416 2343 559 2399 batis
589 2360 688 2401 vos
717 2361 840 2400 esse
870 2343 1012 2400 filios
1031 2360 1141 2400 non
1161 2345 1338 2399 solum
1367 2361 1553 2415 carne,
1587 2346 1685 2400 sed
1716 2344 2018 2400 imitatione

412 2430 597 2505 iniqua
629 2451 644 2488 :
678 2441 731 2489 et
760 2442 909 2505 patet
938 2449 1034 2489 eos
1065 2434 1300 2489 scientes
1329 2451 1580 2505 peccare.
1614 2434 1675 2489 Id
1705 2443 1787 2488 est
1820 2442 2014 2491 contra

412 2536 511 2576 vos
540 2521 824 2594 loquimini
853 2523 984 2578 dum
1012 2531 1197 2595 patres
1226 2523 1497 2579 damnatis
1532 2542 1546 2578 :
1581 2523 1830 2579 similiter
1873 2523 2019 2578 enim

416 2608 616 2666 facitis.

483 2699 655 2755 Vens.
689 2704 776 2757 32.
828 2731 897 2740 —
945 2702 1013 2756 Et
1044 2718 1154 2757 vos.
1190 2702 1425 2756 Probato
1457 2701 1603 2772 quod
1634 2700 1730 2756 ﬁlii
1760 2708 1884 2756 sunt
1914 2702 2018 2756 ho-

410 2787 756 2855 micidarum,
790 2788 943 2859 ponit
973 2790 1027 2843 id
1057 2790 1125 2844 ad
1150 2791 1296 2861 quod
1326 2790 1583 2845 tendebat
1638 2808 1650 2843 :
1696 2793 1765 2845 Et
1794 2807 1882 2846 vos
1914 2793 2019 2845 im-

405 2878 560 2948 plete
581 2919 594 2942 ,
630 2877 773 2948 quod
801 2877 909 2931 illis
940 2877 1111 2933 defuit
1142 2878 1362 2949 implete
1386 2922 1399 2945 ,
1432 2878 1511 2932 illi
1541 2880 1846 2949 prophetas
1872 2922 1885 2945 ,
1920 2895 2018 2934 vos

410 2965 701 3021 Dominum
720 2968 1114 3039 prophetarum
1133 2967 1385 3024 occidite.
1411 2968 1534 3023 Non
1547 2968 1721 3037 jubet,
1754 2968 1852 3024 sed
1873 2968 2020 3041 quod

414 3052 612 3111 facturi
644 3064 769 3110 sunt
798 3056 1054 3111 ostendit.

482 3143 651 3201 Vens.
686 3147 773 3200 33.
797 3175 868 3185 —
894 3146 1167 3214 Quomodo
1194 3148 1445 3218 fugietis.
1486 3145 1701 3219 (HIER.)
1733 3145 2001 3217 Sepulcra

413 3240 728 3287 sanctorum
776 3232 1096 3289 aediﬁcando
1118 3278 1131 3301 ,
1184 3250 1255 3289 an
1299 3235 1481 3305 potius
1510 3235 1677 3291 corda
1724 3251 1759 3290 a
1803 3236 2011 3291 malitia

412 3321 747 3378 mandando.
781 3323 1113 3379 Liberabunt
1139 3338 1239 3381 vos
1271 3324 1465 3391 sancti,
1498 3340 1730 3395 quorum
1753 3325 2009 3396 sepulcra

413 3411 669 3466 ornatis?
709 3413 834 3467 Non
874 3420 1042 3468 certe.
1077 3412 1262 3469 Sancti
1290 3430 1402 3468 non
1429 3422 1555 3469 sunt
1583 3413 1744 3469 amici
1772 3414 2009 3470 inimicis

412 3499 512 3556 Dei
536 3518 549 3555 :
574 3499 778 3557 frustra
809 3509 1029 3558 sanctos
1048 3503 1338 3570 honorant,
1363 3503 1457 3575 qui
1485 3502 1829 3559 sanctitatem
1852 3519 2026 3576 sper-

416 3597 568 3648 nunt.

482 3679 651 3735 Vens.
705 3682 792 3737 34.
826 3710 896 3722 -
928 3682 1242 3754 Sapientes.
1280 3681 1387 3752 Qui
1417 3682 1596 3738 sciunt
1631 3698 1796 3754 quem
1827 3681 2019 3753 profe-

419 3776 544 3826 rant
571 3786 903 3830 sermonem.
939 3772 1179 3828 Seribas.
1212 3772 1273 3826 In
1301 3773 1427 3845 lege
1456 3771 1682 3843 peritos.

491 3886 663 3942 Vens.
699 3889 787 3943 35.
812 3916 882 3928 -—
908 3889 971 3945 Ut
992 3889 1186 3943 veniat
1204 3903 1376 3959 super
1402 3904 1515 3944 vos.
1549 3888 1672 3942 Non
1691 3888 1793 3941 hos
1814 3894 2024 3942 tantum

412 3983 712 4047 prtesentes
741 3975 891 4041 dicit,
928 3976 1025 4030 sed
1055 3992 1275 4030 omnem
1303 3976 1719 4047 generationem
1749 3977 2022 4031 malorum

412 4064 815 4134 prmcedentem
845 4071 896 4117 et
928 4062 1168 4118 futuram
1221 4081 1234 4116 ε
1287 4064 1415 4133 quia
1463 4079 1656 4119 omnes
1689 4080 1798 4118 una
1828 4064 2021 4121 civitas

418 4160 559 4217 sunt,
592 4167 760 4205 unum
790 4166 993 4221 corpus
1023 4151 1248 4217 diaboli,
1281 4152 1415 4206 Abel
1444 4154 1606 4219 iusti.
1638 4153 1854 4207 Justitia
1882 4153 2023 4208 Abel

419 4240 719 4312 approbata
747 4248 831 4296 est
860 4256 963 4310 per
989 4256 1280 4294 munerum
1310 4240 1706 4311 acceptioncm.
1744 4243 1915 4314 Usque
1944 4244 2016 4299 ad

423 4332 780 4402 sanguinem.
823 4329 934 4383 Cur
963 4345 1137 4399 usque
1167 4329 1367 4396 adhuc,
1399 4345 1525 4385 cum
1547 4331 1701 4385 multi
1732 4339 1857 4401 post
1875 4332 2020 4387 hunc

418 4418 587 4475 occisi
633 4426 758 4473 ante
800 4418 1038 4473 natalem
1086 4417 1325 4487 Christi,
1377 4426 1432 4473 et
1477 4418 1692 4474 Christo
1737 4428 1864 4475 nato
1893 4436 2021 4476 mox

2132 1944 2141 1949 ι
2183 1915 2351 1970 Vens.
2387 1919 2474 1971 39.
2508 1916 2927 1971 —-Benedictus
2955 1916 3051 1987 qui
3082 1915 3256 1969 venit.
3282 1913 3397 1968 Hoc
3427 1912 3603 1966 turbae
3633 1912 3724 1967 di-

2117 2012 2310 2057 xerunt
2340 2004 2571 2059 Domino
2602 2003 2839 2060 venienti
2867 2003 3191 2057 Jerusalem.
3226 2001 3386 2070 Quod
3427 2009 3605 2055 autem
3638 2000 3725 2054 his

2118 2093 2404 2147 transactis
2433 2093 2520 2148 hic
2551 2093 2814 2149 Dominus
2844 2092 2991 2159 dicit,
3026 2092 3173 2163 cogit
3219 2090 3448 2162 mystice
3488 2088 3725 2160 intelligi

2118 2182 2187 2237 de
2216 2182 2451 2237 adventu
2481 2182 2756 2237 charitatis
2787 2198 2919 2249 suae,
2953 2180 3045 2235 ubi
3076 2179 3475 2237 conﬁtebuntur
3527 2178 3725 2233 Filium

2119 2287 2280 2346 quem
2310 2270 2718 2328 cruciﬁxerunt.

2728 2413 2953 2468 CAPUT
2982 2411 3183 2467 XXIV.

2191 2555 2361 2611 Vens.
2393 2558 2447 2613 2.
2480 2585 2549 2595 —
2580 2555 2700 2611 Non
2727 2555 3085 2624 relinquetur
3116 2553 3205 2609 hic
3257 2554 3401 2625 lapis
3434 2570 3605 2626 super
3639 2559 3730 2611 la-

2118 2645 2327 2717 pidem.
2350 2644 2594 2715 Mystiee.
2616 2643 2924 2697 Recedente
2954 2640 3188 2697 Domino
3208 2628 3275 2696 de
3303 2643 3507 2712 templo
3539 2645 3729 2702 omnia

2121 2733 2261 2805 legis
2306 2731 2535 2787 aedificia
2575 2741 2626 2787 et
2646 2730 2967 2801 compositio
3022 2731 3401 2785 mandatorum
3445 2731 3546 2787 ista
3587 2734 3729 2788 des-

2123 2829 2298 2877 tructa
2326 2830 2426 2889 est,
2459 2830 2517 2876 ut
2539 2821 2671 2875 nihil
2698 2821 2874 2891 possit
2892 2836 2923 2873 a
2944 2820 3147 2874 Judazis
3176 2820 3415 2890 impleri.
3449 2820 3729 2878 Divinitus

2122 2919 2301 2965 autem
2329 2910 2608 2981 provisum
2638 2918 2748 2977 est,
2801 2910 3167 2980 utjcrescente
3225 2909 3513 2980 Evangelii
3546 2912 3729 2983 gratia

2122 3000 2386 3070 templum
2415 2998 2550 3053 illud
2600 3015 2722 3054 cum
2774 2998 2886 3052 suis
2918 2997 3257 3053 caeremoniis
3288 2998 3606 3066 tolleretur,
3658 3016 3731 3056 ne

2131 3088 2251 3160 quis
2278 3087 2524 3144 infirmus
2554 3087 2611 3142 in
2655 3085 2764 3142 ﬁde
2807 3087 2914 3141 illis
2959 3087 3223 3141 stantibus
3250 3087 3511 3142 Judaismi
3559 3103 3730 3144 occa-

2140 3178 2349 3232 sionem
2397 3178 2645 3232 haberet.
2690 3176 2841 3231 Idem
2889 3175 2981 3247 qui
3028 3176 3387 3231 comminatus
3416 3184 3501 3230 est
3528 3178 3726 3247 verbo,

2127 3267 2364 3323 ostendit
2392 3266 2571 3339 signo,
2603 3266 2732 3320 dum
2762 3264 3043 3337 egreditur
3072 3266 3140 3320 ab
3167 3264 3276 3319 illis
3305 3263 3446 3321 facta
3492 3266 3731 3322 commi-

2129 3357 2370 3412 naﬁone.

2198 3446 2369 3500 Vens.
2404 3448 2455 3499 3.
2476 3473 2547 3485 —-—
2574 3443 2810 3500 Sedenle
2840 3447 3052 3499 autem.
3086 3441 3190 3498 Ubi
3218 3444 3434 3499 Marcus
3462 3443 3555 3510 ait,
3588 3461 3730 3501 con-

2129 3540 2220 3591 tra
2269 3536 2564 3606 templum.
2599 3533 2761 3588 Sedet
2792 3541 2983 3589 contra
3015 3532 3273 3602 templum
3303 3548 3425 3588 cum
3457 3532 3526 3587 de
3570 3533 3730 3589 ruina

2130 3625 2246 3695 ejus
2276 3633 2329 3680 et
2376 3623 2587 3679 excidio
2618 3622 2796 3695 gentis
2843 3621 3080 3693 disputat
3124 3629 3183 3676 ut
3230 3630 3283 3676 et
3311 3621 3562 3693 corporis
3592 3622 3731 3677 situs

2123 3713 2307 3771 verbis
2337 3712 2452 3769 suis
2483 3719 2767 3784 congruat.
2800 3711 3043 3781 Mystice.
3118 3710 3281 3765 Sedet
3310 3710 3365 3764 in
3394 3718 3581 3767 monte
3612 3710 3732 3766 Oli-

2124 3803 2251 3868 veti,
2283 3802 2339 3857 id
2367 3809 2448 3857 est
2476 3802 2534 3856 in
2562 3800 2814 3857 Ecclesia
2840 3800 3053 3872 quietus
3082 3815 3308 3854 manens
3357 3800 3725 3871 superborum

2123 3893 2424 3947 detestatur
2451 3890 2838 3962 arrogantiam.
2878 3891 2979 3945 Dic
3018 3888 3196 3945 nobis.
3220 3887 3357 3957 Quia
3384 3888 3516 3943 dixit
3543 3889 3732 3944 omnia
3814 3934 3821 3940 .

2126 3980 2478 4045 destruenda,
2515 3987 2734 4050 tempus
2772 3987 2825 4033 et
2855 3978 3015 4051 signa
3042 3978 3429 4033 destructionis
3459 3986 3729 4049 quaerunt.

2121 4070 2249 4126 Tria
2277 4076 2526 4139 quaerunt
2559 4085 2573 4121 :
2607 4084 2714 4138 quo
2760 4076 3004 4137 tempore
3049 4066 3383 4121 destruenda
3424 4066 3733 4121 Jerusalem

2123 4158 2238 4213 sit?
2268 4173 2375 4230 quo
2403 4165 2666 4213 venturus
2694 4156 2940 4211 Christus
2961 4156 2989 4210 ‘l
3019 4171 3126 4227 quo
3158 4155 3556 4211 consummatio
3604 4172 3718 4211 εω-

2122 4247 2229 4304 culi
2258 4254 2490 4302 ventura
2521 4246 2590 4300 sit
2608 4246 2637 4301 ?

2192 4336 2363 4390 Vens.
2402 4337 2449 4390 4.
2486 4365 2554 4376 —-
2612 4334 2815 4390 Videte.
2869 4333 3002 4388 Cum
3031 4334 3149 4390 haec
3178 4332 3341 4400 ﬁent,
3375 4349 3444 4389 ne
3473 4343 3733 4404 putemus

2126 4425 2331 4480 instare
2361 4424 2507 4479 diem
2534 4423 2771 4489 Domini,
2806 4423 2959 4491 cujus
2989 4423 3205 4495 signum
3234 4422 3526 4493 perspicue
3556 4422 3722 4493 poni—

416 4508 573 4578 pueri
603 4508 673 4561 ab
703 4508 807 4563 hac
835 4508 1191 4581 generatione
1222 4514 1346 4562 sunt
1376 4507 1692 4579 perempti?
1741 4509 1847 4563 Sed
1888 4510 2015 4581 quia
2043 4500 2102 4563 D
2143 4523 2232 4568 tur
2259 4514 2315 4568 in
2346 4513 2720 4585 sequentibus.
2753 4511 3046 4567 Praemnnit
3075 4528 3143 4566 ne
3173 4511 3461 4566 turbentur
3506 4511 3596 4566 vel
3626 4511 3732 4565 de-

432 4597 570 4653 Abel
600 4604 787 4667 pastor
817 4597 1000 4653 ovium
1029 4597 1128 4653 fuit
1157 4604 1492 4669 necatusque
1523 4596 1578 4651 in
1604 4612 1741 4669 agro
1776 4615 1788 4651 :
1821 4599 2024 4654 Zacha-

422 4685 536 4741 rias
566 4686 827 4742 sacerdos
860 4695 1086 4742 necatus
1119 4695 1200 4743 est
1230 4686 1287 4741 in
1315 4686 1453 4742 atrio
1485 4686 1709 4757 templi:
1742 4686 2025 4758 utriusque

420 4775 625 4848 gradus
654 4782 927 4846 martyres
957 4783 1009 4830 et
1039 4776 1208 4832 laicos
1241 4783 1294 4832 et
1315 4776 1498 4832 ofﬁcio
1528 4775 1719 4831 altaris
1749 4776 2024 4847 mancipa-

418 4873 523 4931 tos,
556 4864 658 4918 sub
689 4879 881 4920 eorum
911 4863 1083 4919 voluit
1104 4864 1358 4921 intimare
1390 4865 1694 4922 vocabulis.
1730 4865 2025 4921 Zacharias

422 4954 513 5026 qui
543 4953 758 5011 occisus
789 4962 871 5009 est
901 4968 935 5009 a
962 4969 1096 5025 rege
1126 4955 1255 5009 Joas
1286 4955 1428 5009 inter
1450 4955 1713 5026 templum
1744 4963 1797 5010 et
1827 4955 2019 5021 altare,

364 5060 374 5072 ε
418 5052 477 5098 ut
522 5042 752 5098 historia
797 5043 1013 5116 Regum
1044 5051 1253 5110 narrat,
1311 5042 1455 5101 ﬁlius
1486 5044 1586 5099 fuit
1621 5044 1851 5113 Joiadae,
1886 5052 1940 5100 et
1968 5045 2024 5100 in

420 5131 723 5204 Evangelio
752 5148 861 5204 quo
888 5140 1115 5187 utuntur
1142 5133 1392 5188 Nazareni
1414 5177 1427 5199 ,
1462 5150 1563 5205 pro
1595 5133 1708 5189 ﬁlio
1739 5134 2024 5191 Barachiae

422 5219 622 5293 legitur
653 5218 796 5275 ﬁlius
822 5220 1050 5277 Joiadae.
1086 5221 1196 5277 Sed
1246 5229 1305 5276 ut
1344 5222 1554 5289 justitia
1583 5224 1788 5280 Joiadae
1834 5240 2024 5280 sacer-

423 5308 566 5365 dotis
612 5309 974 5380 praedicetur,
1025 5311 1143 5382 ipse
1192 5311 1486 5366 Barachias
1518 5320 1764 5381 vocatur,
1814 5313 1870 5368 id
1917 5321 2019 5381 est,

424 5397 744 5455 benedictus
809 5398 1046 5456 Domini.
1098 5400 1207 5455 Iste
1257 5399 1551 5456 Zacharias
1608 5401 1678 5457 de
1733 5401 2024 5459 duodecim

424 5487 707 5560 prophetis
726 5503 868 5544 unus
897 5497 1033 5557 erat,
1054 5489 1193 5547 sicut
1214 5498 1373 5561 pater
1401 5489 1623 5546 Joannis
1643 5490 1712 5545 de
1741 5492 2024 5565 prophetis

429 5593 569 5633 unus
601 5585 737 5636 erat.

2127 4600 2311 4659 ﬁciant
2329 4619 2430 4674 per
2476 4602 2883 4671 deeeptionem,
2938 4608 2993 4654 ut
3011 4617 3111 4671 per
3153 4600 3429 4655 Simonem
3479 4600 3723 4672 Magum,

2126 4692 2212 4747 vel
2242 4707 2343 4763 per
2373 4690 2775 4746 tribulationem
2809 4698 2862 4745 et
2888 4688 3346 4760 persecutionem,
3380 4697 3436 4743 ut
3464 4705 3565 4759 per
3611 4689 3731 4743 Ne-

2126 4781 2503 4837 ronemJNota
2534 4780 2646 4835 hac
2669 4779 2938 4833 venientia
2967 4785 3092 4833 ante
3122 4778 3393 4833 excidium
3421 4777 3733 4832 Jerusalem

2127 4869 2323 4925 similia
2353 4877 2477 4923 sunt
2505 4877 2559 4923 et
2587 4869 2781 4924 eadem
2799 4868 2914 4923 fere
2944 4882 3070 4922 cum
3090 4867 3175 4922 his
3196 4883 3319 4938 quae
3347 4865 3477 4922 ﬁent
3505 4866 3562 4921 in
3592 4881 3727 4921 con-

2126 4958 2489 5015 summatione
2518 4957 2722 5024 saeculi,
2758 4965 2811 5012 et
2858 4956 3099 5029 loquitur
3127 4957 3200 5011 ita
3226 4956 3295 5010 de
3324 4971 3433 5010 uno
3464 4954 3625 5027 quasi
3657 4955 3730 5010 de

2126 5048 2254 5103 alio.

2196 5137 2366 5193 Vens.
2401 5139 2452 5190 5.
2485 5165 2554 5176 -—
2586 5137 2770 5192 Multi.
2811 5135 3133 5190 Imminente
3163 5133 3471 5189 Jerusalem
3498 5132 3718 5189 excidio

2124 5224 2279 5280 multi
2310 5223 2527 5279 fuerunt
2547 5225 2822 5296 principes
2844 5224 2935 5296 qui
2958 5240 3018 5280 se
3040 5224 3286 5279 dicerent
3305 5239 3429 5278 esse
3450 5222 3726 5288 Christos,

2125 5322 2178 5370 et
2222 5322 2434 5385 tempus
2480 5313 2750 5369 libertatis
2784 5329 2956 5386 prope
3006 5328 3151 5368 esse.
3199 5310 3350 5365 Multi
3397 5311 3454 5366 in
3482 5309 3745 5367 Ecclesia

2123 5403 2461 5476 temporibus
2489 5403 2890 5474 apostolorum,
2924 5404 3017 5475 qui
3046 5410 3247 5474 praeter
3275 5400 3380 5455 alia
3410 5399 3548 5456 falsa
3577 5399 3743 5456 dice-

2140 5500 2261 5552 rent
2288 5494 2494 5550 instare
2522 5493 2668 5549 diem
2696 5492 2936 5550 Domini.

2220 5583 2391 5641 Vens.
2418 5587 2468 5640 6.
2488 5614 2557 5627 --
2571 5584 2610 5637 Α
2620 5583 2857 5641 adituri.
2882 5581 3082 5640 Haecin
3101 5579 3291 5639 Iudaea
3305 5578 3609 5654 apassione
3630 5578 3745 5636 Do-
