4000 6182
260 293 350 343 161

1053 286 1324 344 GLOSSA
1364 243 1773 345 ouantium.
1816 316 1883 332 -
1920 285 2186 344 EVANG.
2230 287 2485 343 MATTII.

3465 288 3567 344 162

260 412 394 466 mini
433 412 845 466 abundaverunt
880 430 893 465 :
928 411 1121 483 quibus
1150 429 1215 466 ne
1244 413 1407 466 territi
1443 414 1671 483 apostoli
1714 414 1872 467 Jeru-
1892 414 1951 476 Α
1978 412 2101 468 vina
2139 412 2329 467 electio
2366 411 2671 477 frustretur,
2714 411 2811 467 sed
2850 410 2942 483 qui
2974 409 3177 480 judicio
3215 411 3450 467 humano
3488 411 3574 468 vi-

260 502 431 555 salem
473 509 526 555 et
580 500 820 555 Judaeam
870 501 1121 555 deserant
1166 501 1541 567 admonentur,
1594 502 1715 573 quia
1764 518 1871 559 non

260 590 441 643 statim
474 588 618 656 finis,
649 590 747 645 sed
773 598 897 660 post
930 591 1280 661 quadraginta
1310 591 1444 646 duos
1471 608 1662 645 annos.

334 678 514 733 Vsus.
548 682 600 733 8.
631 709 701 719 —
732 681 858 735 Haec
898 684 1109 735 autem.
1156 680 1283 734 Haec
1322 689 1495 734 autem
1540 680 1718 735 omnia
1751 688 1874 735 sunt

263 766 436 833 initia,
478 782 588 822 non
627 767 1018 823 consummatio
1051 768 1203 838 quasi
1244 768 1509 839 prmeonia
1540 769 1869 835 Antichristi,

265 856 355 912 vel
386 855 584 911 excidii
613 856 780 910 urbis.
816 856 944 911 Haec
972 857 1163 927 partim
1194 858 1262 910 ad
1292 857 1630 913 eversionem
1661 858 1875 913 Iudaeo-

153 1007 162 1015 ο
263 961 420 1009 rum,
483 944 675 1016 partim
720 945 789 999 ad
838 945 982 1000 diem
1031 945 1217 1014 judicii
1272 946 1575 1016 pertinent,
1630 946 1753 1017 quia
1805 947 1873 1018 ita

270 1033 500 1104 apostoli
528 1033 991 1105 interrogaverunt
1021 1034 1089 1088 de
1117 1042 1359 1105 utroque.

340 1122 514 1176 Vsus.
549 1125 603 1176 9.
628 1152 698 1161 —
724 1124 874 1178 Tunc
909 1123 1153 1177 tradent.
1189 1122 1307 1191 Quo
1328 1123 1518 1179 merito
1540 1123 1654 1179 haec
1674 1122 1875 1178 Judaeis

270 1210 523 1267 eveniant
554 1210 754 1275 subdit,
789 1210 879 1282 qui
920 1220 1039 1281 post
1088 1211 1411 1266 occisionem
1460 1212 1673 1279 Christi,
1704 1212 1878 1268 nomi-

268 1300 352 1353 nis
382 1308 435 1354 et
464 1298 593 1354 fidei
625 1300 738 1368 ejus
768 1316 1047 1371 praecones
1076 1300 1343 1371 persecuti
1376 1308 1515 1356 sunt.

340 1388 516 1442 Vens.
550 1391 638 1442 11.
671 1418 740 1428 -
770 1391 841 1443 Et
877 1390 1050 1444 multi
1082 1389 1595 1461 pseudoprophetce.
1642 1388 1875 1458 Quidam

268 1478 369 1533 hoc
417 1477 491 1531 ad
541 1477 881 1532 eversionem
928 1478 1237 1533 Judaeorum
1289 1478 1546 1533 referunt.
1598 1478 1704 1533 Sed
1752 1487 1878 1534 tunc

265 1565 407 1621 inter
444 1581 566 1632 eos,
609 1566 733 1637 quia
790 1565 968 1620 nullus
1024 1575 1134 1620 erat
1187 1565 1383 1634 fidelis,
1422 1567 1489 1621 ad
1530 1584 1691 1639 quem
1729 1567 1880 1622 fieret

266 1654 602 1719 exhortatio;
634 1654 830 1709 melius
860 1655 963 1709 hoc
999 1654 1256 1725 accipitur
1303 1655 1371 1710 de
1416 1655 1702 1720 haereticis,
1736 1671 1875 1728 quo-

268 1759 385 1798 rum
416 1742 632 1813 primus
664 1742 850 1798 Simon
880 1744 1070 1813 Magus
1100 1742 1214 1797 fuit.
1246 1744 1535 1799 Extremus
1564 1746 1734 1813 major
1763 1760 1951 1833 om-B

268 1832 449 1899 nibus,
502 1832 865 1886 Antichristus
912 1840 1012 1887 est.
1057 1832 1359 1904 Diligenter
1406 1832 1723 1887 intuendum
1771 1841 1871 1899 est,

269 1921 411 1993 quod
463 1920 752 1991 signorum
790 1921 856 1974 ad
896 1920 1165 1975 excidium
1218 1921 1400 1986 urbis,
1443 1922 1587 1992 quod
1627 1922 1695 1975 ad
1734 1922 1879 1977 diem

272 2009 490 2064 Domini
521 2009 803 2064 referatur.
838 2009 1135 2080 Respondit
1165 2008 1310 2064 enim
1348 2010 1630 2075 Dominus,
1663 2027 1785 2082 quae
1812 2028 1880 2066 ex

271 2097 358 2153 illo
386 2106 639 2168 tempore
682 2105 831 2152 erant
876 2105 1121 2152 secutura
1165 2097 1279 2154 sive
1306 2098 1375 2153 de
1403 2099 1614 2154 excidio
1656 2099 1878 2155 Jerusa-

270 2186 373 2242 lem
400 2186 523 2242 sive
554 2187 625 2242 de
654 2187 890 2243 adventu
920 2203 1038 2242 suo.

339 2300 517 2356 Vnus.
554 2302 642 2354 14.
674 2330 745 2341 -
771 2302 843 2356 Et
865 2301 1289 2373 praedicabitur.
1333 2300 1471 2370 Quia
1510 2310 1732 2358 noverat
1762 2302 1878 2358 Do-

274 2388 450 2445 minus
491 2389 656 2444 corda
695 2389 1082 2459 discipulorum
1121 2390 1189 2445 de
1228 2390 1439 2445 excidio
1484 2398 1536 2445 et
1579 2391 1881 2462 perditione

275 2494 382 2533 suae
419 2478 606 2548 gentis
644 2478 1027 2543 contristanda,
1063 2479 1178 2533 haec
1218 2479 1407 2533 solatio
1444 2478 1642 2534 relevat
1682 2488 1739 2534 ut
1776 2479 1882 2534 sci-

275 2576 387 2621 rent
416 2566 593 2621 multo
622 2567 808 2637 plures
838 2566 1014 2621 socios
1052 2567 1235 2636 gaudii
1274 2567 1457 2621 aeterni
1497 2568 1564 2621 de
1604 2576 1714 2623 toto
1752 2568 1881 2623 orbe

277 2655 638 2727 colligendos.
681 2655 871 2709 Adhuc
922 2662 1095 2709 tenete
1143 2656 1244 2709 hoc
1294 2656 1538 2725 signum,
1582 2657 1725 2727 quod
1773 2672 1881 2712 non

272 2743 431 2798 instet
460 2743 582 2798 dies
612 2743 831 2797 Domini
862 2743 947 2797 vel
976 2743 1240 2798 desolatio
1265 2744 1563 2799 Jerusalem
1597 2753 1883 2816 antequam

276 2831 505 2903 apostoli
538 2838 653 2886 toto
684 2831 813 2886 orbe
840 2831 1069 2901 dispersi
1093 2831 1216 2895 sint,
1250 2840 1445 2903 praeter
1474 2833 1610 2887 duas
1642 2833 1874 2888 Jacobos

276 2920 364 2992 qui
401 2920 657 2991 primitus
696 2920 750 2973 in
788 2919 974 2974 Iudaea
1010 2919 1273 2974 interfecti
1314 2928 1453 2975 sunt.
1497 2921 1759 2992 Dispersi,
1802 2921 1885 2975 in-

279 3025 459 3080 quam,
496 3016 555 3063 ut
587 3008 633 3062 si
664 3008 907 3063 dolerent
934 3008 1000 3062 de
1029 3008 1330 3079 perditione
1363 3026 1474 3064 suae
1504 3010 1700 3081 gentis,
1736 3010 1883 3065 sola-

282 3097 409 3151 tium
441 3098 679 3151 habeant
716 3097 898 3167 plures
929 3097 1106 3153 socios
1133 3097 1200 3151 dc
1232 3097 1377 3152 omni
1416 3106 1578 3168 gente
1605 3098 1879 3154 collectos.

340 3187 514 3241 Vsus.
548 3189 639 3239 15.
664 3216 733 3225 -
762 3187 1266 3251 Abominationem,
1302 3195 1403 3241 etc.
1443 3188 1537 3241 Vel
1569 3187 1615 3241 si
1639 3188 1707 3241 de
1736 3187 1872 3242 exci-

271 3273 356 3330 dio
392 3275 566 3339 urbis,
611 3274 959 3340 abominatio,
1002 3275 1057 3329 id
1096 3284 1177 3329 est
1215 3275 1438 3330 idolum.
1482 3275 1681 3330 Pilatus
1740 3276 1885 3331 enim

275 3363 451 3435 posuit
478 3363 780 3434 imaginem
801 3363 1029 3419 Caesaris
1062 3364 1117 3418 in
1146 3364 1345 3435 templo
1374 3365 1635 3420 desolato.
1661 3365 1758 3420 Vel
1781 3365 1883 3421 hoc

277 3452 467 3507 dicitur
496 3453 568 3507 de
601 3460 774 3506 statua
804 3452 1024 3506 Adriani
1073 3453 1327 3524 equestri,
1375 3470 1496 3524 quae
1525 3453 1579 3507 in
1604 3453 1722 3524 ipso
1751 3469 1881 3508 san-

279 3549 483 3597 ctorum
513 3540 638 3596 loco
670 3540 837 3611 longo
859 3548 1097 3611 tempore
1128 3541 1289 3595 stetit.

342 3656 513 3711 Vens.
550 3658 640 3710 i6.
671 3686 742 3696 —
775 3657 926 3711 Tunc
956 3657 1053 3728 qui
1082 3658 1141 3710 in
1173 3656 1387 3713 Iudaea.
1414 3656 1542 3711 Haec
1561 3656 1629 3710 ad
1649 3655 1881 3711 litteram

279 3746 408 3801 facta
447 3754 596 3811 sunt,
630 3761 777 3810 cum,
811 3744 1274 3816 apprOpinquante
1304 3745 1622 3800 exterminio
1660 3745 1881 3801 Iudaeo-

277 3851 421 3899 mm,
464 3834 689 3889 oraculo
727 3832 916 3889 moniti
954 3848 1143 3888 omnes
1196 3833 1483 3887 Christiani
1535 3832 1789 3904 fugerunt
1826 3833 1880 3888 in

278 3939 506 3997 regnum
535 3922 798 3996 Agrippa:
830 3922 921 3993 qui
948 3922 1168 3993 parebat
1199 3922 1475 3977 Romanis.

344 4040 516 4094 Vnus.
548 4041 639 4095 ΞΩ.
674 4067 743 4077 -
772 4038 843 4091 Et
861 4037 995 4091 nisi.
1030 4034 1165 4103 Quae
1195 4052 1326 4108 ergo
1367 4053 1493 4108 spes
1531 4036 1733 4101 electis,
1777 4037 1879 4091 nisi

277 4129 437 4199 gratia
478 4126 603 4187 Dei,
639 4142 761 4197 quae
789 4125 878 4178 dat
917 4124 1225 4194 patientiam
1262 4125 1385 4195 piis,
1420 4133 1475 4179 ut
1506 4125 1661 4180 citius
1700 4126 1882 4180 demat

277 4216 569 4286 potentiam
608 4213 830 4284 impiis?
868 4212 1078 4280 Quanto
1117 4213 1261 4268 enim
1300 4213 1398 4267 erit
1446 4214 1561 4268 haec
1613 4214 1879 4269 tribulatio

279 4305 506 4376 gravior,
546 4311 696 4357 tanto
725 4301 821 4357 erit
863 4301 1119 4357 brevitate
1162 4301 1507 4357 moderatior.
1542 4302 1639 4357 Vel
1668 4302 1879 4357 dierum

280 4394 517 4458 nomine,
562 4391 681 4462 ipsa
717 4390 857 4444 mala
897 4389 1281 4460 signiﬁcantur.
1325 4392 1572 4446 Breviati
1608 4393 1874 4461 fuissent.

1977 501 2171 556 dentur
2200 501 2381 556 electi.

2044 590 2213 645 Vnus.
2244 593 2333 647 26.
2355 620 2423 630 -—
2445 592 2582 648 Ecce
2614 592 2674 645 in
2704 590 2939 646 deserto.
2971 589 3121 644 Multi
3160 589 3320 644 etiam
3350 588 3577 644 credunt

1971 695 2079 735 non
2111 679 2293 735 venire
2333 680 2387 734 in
2426 679 2722 750 publicum,
2766 679 2863 734 sed
2902 679 2955 733 in
2995 679 3229 734 deserto.
3262 678 3411 732 Multi
3449 694 3572 733 cre-

1974 768 2106 822 dunt
2135 768 2404 822 Christum
2434 768 2653 823 dedisse
2684 768 2971 823 secretiora
3000 774 3268 838 praecepta
3289 765 3414 821 fidei
3434 765 3573 837 aliis,

1973 872 2082 911 non
2112 856 2383 921 omnibus,
2413 857 2557 912 unde
2596 856 2806 925 dicitur,
2850 858 2911 910 in
2945 856 3355 927 penetralibus.
3388 856 3575 911 Nolite

1974 946 2218 1009 credere,
2244 945 2387 1016 quod
2410 944 2652 1000 Christus
2680 944 2734 998 in
2765 944 2980 999 deserto
3000 944 3087 999 vel
3106 944 3159 997 in
3183 943 3571 1015 penetralibus,

1975 1033 2072 1088 sed
2104 1032 2248 1104 quod
2279 1032 2414 1087 fides
2445 1033 2560 1102 ejus
2589 1033 2656 1087 ab
2688 1032 2906 1088 Oriente
2936 1032 2991 1085 in
3020 1031 3369 1088 Occidentem
3398 1031 3452 1085 in
3478 1047 3574 1087 ca-

1976 1121 2189 1176 tholicis
2228 1121 2400 1194 fulget
2437 1121 2579 1176 clara
2615 1130 2669 1177 et
2697 1121 2999 1177 manifesta.
3040 1121 3122 1176 Ne
3160 1137 3293 1193 ergo
3330 1120 3580 1176 credatur

1977 1210 2353 1266 schismaticis.
2393 1210 2627 1266 Nomine
2680 1209 2916 1266 Orientis
2955 1218 3008 1266 et
3045 1209 3356 1266 Occidentis
3406 1217 3578 1265 totum

1975 1300 2161 1355 orbem
2189 1300 2459 1372 designat.

2048 1390 2217 1443 Vnus.
2251 1392 2339 1442 31.
2359 1419 2429 1429 -
2448 1389 2489 1443 Α
2524 1390 2762 1445 summis
2792 1389 3078 1444 caelorum.
3108 1387 3190 1443 Nc
3219 1384 3338 1459 quis
3371 1393 3580 1459 putaret

1978 1494 2007 1532 a
2038 1485 2264 1549 quatuor
2292 1478 2469 1549 plagis
2498 1486 2672 1543 terrae,
2702 1486 2755 1533 et
2786 1494 2894 1534 non
2925 1494 2956 1531 a
2984 1476 3192 1532 cunctis
3213 1475 3410 1531 finibus
3439 1476 3577 1545 ejus,

1980 1566 2140 1620 simul
2206 1574 2259 1622 et
2312 1566 2724 1622 mediterraneis
2799 1565 3112 1637 regionibus
3186 1564 3386 1620 electos
3461 1579 3584 1619 esse

1978 1655 2414 1725 congregandos,
2449 1655 2695 1710 subditur
2724 1672 2737 1709 :
2771 1656 2811 1709 Α
2843 1671 3060 1712 summo
3102 1657 3268 1709 terra:
3303 1670 3476 1727 usque
3505 1652 3580 1708 ad

1980 1761 2268 1800 summum
2296 1745 2441 1809 eazli,
2475 1744 2527 1797 id
2560 1751 2660 1809 est,
2692 1744 2759 1797 ab
2791 1742 3044 1798 extremis
3075 1749 3231 1797 terras
3260 1740 3458 1796 finibus
3487 1757 3585 1813 per

1981 1832 2265 1907 directum_
2301 1848 2473 1903 usque
2529 1832 2595 1886 ad
2652 1831 2867 1887 ultimos
2922 1830 3179 1886 terminos
3238 1831 3353 1899 ejus
3417 1848 3432 1884 :
3491 1827 3585 1883 ubi

1980 1921 2144 1992 longe
2182 1920 2567 1992 aspicientibus
2623 1920 2853 1976 circulus
2890 1919 3014 1976 coeli
3053 1927 3210 1975 terrae
3246 1918 3458 1975 videtur
3493 1917 3583 1971 in-

1983 2010 2179 2065 sidere.

2052 2097 2223 2153 Vsas.
2258 2100 2345 2154 32.
2370 2126 2439 2137 —
2459 2098 2536 2153 Ab
2568 2098 2780 2154 arbore.
2813 2096 3057 2169 Mystice.
3089 2098 3136 2152 Λ
3165 2094 3367 2168 populo
3396 2094 3582 2166 Israel,

1981 2186 2037 2240 in
2067 2202 2175 2258 quo
2207 2186 2420 2242 caecitas
2464 2203 2529 2241 ex
2569 2195 2720 2257 parte
2750 2186 2976 2259 contigit
3008 2204 3021 2240 :
3056 2193 3108 2241 et
3136 2184 3233 2239 fuit
3262 2182 3396 2241 ficus
3425 2185 3585 2239 dam-

1981 2283 2123 2329 nata.
2158 2275 2265 2329 Sed
2293 2292 2416 2330 cum
2448 2274 2516 2329 de
2543 2274 2695 2329 arido
2721 2274 2874 2348 ligno
2904 2291 3083 2329 ramus
3111 2273 3238 2329 fidei
3269 2281 3323 2329 et
3350 2272 3578 2330 Charita-

1982 2363 2049 2417 tis
2080 2363 2132 2417 in
2165 2380 2231 2419 eo
2260 2363 2499 2431 viruerit,
2524 2372 2577 2418 et
2596 2363 2739 2427 folia,
2775 2363 2829 2417 id
2859 2370 2959 2429 est,
2994 2363 3157 2419 verba
3187 2360 3584 2434 praedicationis

1982 2460 2165 2507 exorta
2196 2451 2412 2519 fuerint,
2444 2468 2619 2522 prope
2650 2459 2731 2506 est
2758 2460 2938 2521 aestas,
2968 2468 3090 2523 qua:
3137 2458 3497 2521 exspectatur,
3527 2449 3583 2505 id

1982 2549 2082 2609 est,
2118 2548 2319 2595 aeterna
2350 2539 2608 2594 serenitas
2635 2548 2688 2594 et
2714 2539 3113 2594 renascentium
3142 2538 3455 2593 desiderata
3476 2553 3581 2594 n0-

1982 2629 2137 2684 vitas.
2172 2629 2308 2683 Cum
2336 2628 2481 2683 enim
2512 2628 2729 2683 tandem
2756 2628 2929 2683 ablata
2956 2626 3182 2698 perfidia
3213 2627 3378 2682 Israel
3408 2625 3585 2682 omnis

1983 2717 2166 2773 salvus
2198 2717 2308 2785 ﬁet,
2340 2732 2509 2789 prope
2538 2733 2662 2774 esse
2693 2717 2839 2773 diem
2871 2716 3059 2787 judicii
3087 2732 3196 2773 non
3228 2714 3585 2771 dubitandum

1983 2815 2083 2861 est.

2059 2895 2223 2949 Vsus.
2256 2897 2344 2949 35.
2377 2924 2447 2935 —
2481 2895 2693 2952 Caelum
2721 2898 2777 2951 et
2808 2898 2978 2951 terra.
3025 2894 3445 2963 Innovabuntur,
3481 2893 3581 2951 de-

1982 2982 2155 3054 posita
2193 2982 2364 3054 priori
2400 2983 2604 3053 forma,
2645 2991 2995 3055 permanente
3033 2992 3210 3039 autem
3249 2983 3580 3053 substantia,

1984 3072 2131 3126 unde
2169 3071 2364 3127 dicitur
2396 3089 2408 3125 :
2448 3074 2613 3127 Terra
2652 3074 2714 3127 in
2751 3077 3032 3128 aeternum
3071 3074 3260 3129 stabit.

1928 3133 1978 3196 C
2055 3160 2224 3214 Vsus.
2258 3163 2346 3214 36.
2370 3162 2533 3215 —De
2564 3161 2674 3216 die.
2706 3162 2788 3216 Ne
2820 3160 2959 3216 forte
2988 3160 3184 3215 auditis
3214 3158 3406 3233 signis,
3440 3176 3589 3233 qua-

1986 3256 2163 3303 rerent
2209 3248 2370 3303 etiam
2414 3248 2557 3303 illius
2609 3249 2716 3305 diei
2762 3257 2969 3304 certum
3014 3249 3322 3317 terminum,
3355 3250 3427 3304 ait
3461 3268 3474 3305 :
3507 3251 3588 3307 De

1985 3335 2073 3392 die
2100 3337 2414 3403 novissima,
2446 3345 2569 3408 post
2616 3346 2745 3409 quot
2775 3354 2948 3394 annos
2979 3339 3065 3394 vel
3093 3338 3211 3394 dies
3242 3345 3465 3395 ventura
3494 3339 3580 3408 sit,

1983 3425 2147 3481 nolite
2182 3442 2304 3481 esse
2350 3426 2582 3496 solliciti,
2617 3426 2750 3481 nulli
2795 3427 3078 3481 diﬂinitum
3107 3435 3207 3498 est,
3241 3428 3386 3499 quod
3418 3428 3503 3484 vel
3531 3427 3588 3483 in

1983 3513 2072 3569 die
2101 3514 2185 3569 vel
2216 3513 2270 3568 in
2299 3522 2454 3570 nocte
2477 3514 2737 3583 judicium
2766 3515 3002 3571 futurum
3031 3516 3116 3583 sit,
3152 3516 3251 3571 sed
3279 3532 3380 3587 pro
3408 3516 3588 3572 mani-

1982 3601 2265 3658 festatione
2320 3603 2515 3658 dicitur
2569 3604 2707 3673 dies,
2749 3605 2835 3660 vel
2890 3622 2988 3676 pro
3043 3604 3401 3661 occultatione
3456 3621 3585 3662 nox.

1982 3691 2151 3748 Nemo
2181 3694 2305 3759 scit,
2341 3700 2444 3747 etc.
2478 3693 2539 3746 In
2566 3692 2890 3763 quibusdam
2923 3693 3202 3749 codicibus
3234 3694 3463 3763 additur,
3496 3711 3589 3753 ue-

1983 3796 2087 3852 que
2126 3782 2326 3836 Filius.
2371 3778 2477 3847 Qui
2515 3780 2734 3851 quidem
2772 3781 2951 3836 omnia
2982 3782 3082 3836 scit
3114 3797 3237 3837 cum
3276 3783 3451 3851 Patre,
3484 3783 3584 3841 sed

1982 3883 2091 3922 non
2120 3867 2245 3923 facit
2274 3868 2521 3923 homines
2561 3869 2715 3936 scire,
2765 3869 2900 3925 sicut
2945 3870 3241 3940 Apostolus
3267 3870 3339 3925 ait
3374 3889 3387 3925 :
3420 3872 3485 3927 In
3524 3889 3585 3930 eo

1983 3972 2100 4013 esse
2115 3958 2462 4013 absconditos
2504 3959 2789 4015 thesauros
2820 3960 3115 4031 sapientia:
3144 3964 3202 4015 et
3226 3961 3481 4016 scientia:
3510 3960 3593 4033 (II

1987 4047 2100 4102 Col.
2135 4048 2217 4115 Il).
2246 4046 2369 4100 Non
2409 4046 2532 4101 facit
2562 4046 2718 4117 scire,
2751 4047 2874 4119 quia
2905 4047 3163 4103 inutiliter
3200 4048 3443 4104 sciretur.
3479 4048 3588 4105 Sed

1983 4150 2202 4205 semper
2231 4134 2399 4189 simus
2430 4135 2623 4191 incerti
2651 4136 2719 4191 de
2750 4136 2987 4193 adventu
3012 4137 3230 4208 judicis,
3264 4145 3320 4192 ut
3350 4136 3428 4194 sic
3459 4154 3585 4211 quo-

1982 4222 2111 4278 tidie
2142 4223 2387 4278 vivamus
2419 4225 2574 4295 quasi
2604 4225 2657 4278 in
2688 4226 2795 4279 alia
2827 4226 2915 4281 die
2937 4226 3219 4295 judicandi
3250 4226 3437 4282 simus.
3470 4228 3588 4283 Ne-

1982 4328 2086 4382 que
2144 4312 2302 4367 electi
2358 4312 2538 4385 angeli
2594 4330 2925 4386 quemquam
2980 4315 3119 4371 scire
3176 4314 3432 4370 fecerunt.
3485 4315 3587 4373 Vel

1982 4400 2114 4454 nulli
2139 4409 2448 4455 sanctorum
2477 4403 2801 4475 angelorum
2833 4403 3103 4459 concessit
3146 4402 3292 4457 Deus
3338 4403 3584 4459 notitiam

276 4481 396 4537 Non
426 4496 705 4548 mensura,
736 4479 835 4533 sed
860 4494 1103 4545 numero,
1130 4495 1199 4534 ne
1230 4494 1381 4534 mora
1412 4486 1712 4551 temporum
1741 4480 1875 4536 fides
1905 4491 1957 4553 D
1988 4488 2096 4543 diei
2134 4490 2322 4559 hujus,
2366 4508 2541 4563 neque
2580 4491 2691 4547 filio
2729 4492 3001 4563 adoptivo,
3041 4491 3097 4545 id
3136 4498 3237 4561 est,
3278 4508 3454 4564 neque
3490 4492 3586 4548 ulli

284 4570 621 4626 concutiatur
649 4567 1003 4623 credentium.
1034 4568 1208 4622 Erunt
1236 4567 1380 4623 enim
1410 4568 1525 4623 haec
1556 4568 1696 4622 mala
1725 4568 1896 4625 tribus
1988 4585 2296 4634 sanctorum
2322 4579 2618 4635 hominum,

279 4660 451 4727 annis,
486 4666 539 4714 et
571 4656 797 4711 dimidio
828 4664 1049 4711 tantum.
1092 4658 1233 4713 Ecce
1272 4658 1364 4712 hic
1408 4657 1681 4712 Christus.
1716 4657 1887 4713 Habet

284 4762 625 4819 unaquaeque
666 4744 908 4812 haeresis,
952 4745 1038 4801 vel
1076 4753 1249 4801 certas
1287 4745 1475 4821 mundi
1512 4754 1712 4817 partes,
1745 4746 1890 4802 unde

281 4835 519 4890 dicitur:
564 4838 705 4891 Ecce
746 4834 837 4889 hic
875 4838 931 4889 et
968 4850 1092 4890 ecce
1130 4835 1274 4889 illic.
1308 4834 1409 4889 Vel
1446 4834 1499 4888 in
1539 4834 1762 4890 occultis
1800 4843 1890 4890 aut

283 4925 341 4978 in
370 4923 617 4980 obscuris
649 4922 1037 4978 conventiculis
1077 4922 1439 4977 curiositatem
1486 4923 1765 4978 hominum
1795 4924 1890 4978 de-

278 5012 423 5083 cipit,
466 5013 615 5068 unde
653 5011 848 5065 dicitur
882 5029 894 5063 :
928 5013 1064 5066 Ecce
1097 5013 1160 5066 in
1190 5012 1482 5077 cubilibus,
1527 5028 1650 5067 ecce
1688 5014 1751 5067 in
1791 5013 1885 5067 de-

277 5106 443 5157 serto.
486 5101 640 5155 Multi
677 5106 831 5155 erunt
886 5099 975 5170 qui
1024 5115 1131 5154 non
1179 5101 1399 5155 credent
1450 5100 1718 5155 Christum
1757 5117 1879 5156 esse

278 5205 626 5245 communem
659 5189 885 5243 salutem
906 5188 1166 5257 omnium,
1202 5190 1299 5245 sed
1327 5190 1701 5262 quorumdam,
1736 5190 1881 5245 unde

279 5278 474 5335 dicitur
508 5297 521 5333 :
558 5278 650 5335 hic
690 5282 793 5333 aut
832 5278 972 5333 illic.

342 5398 515 5453 Vens.
550 5398 642 5454 24.
664 5426 737 5439 -—-
755 5397 816 5452 Si
842 5396 971 5467 ﬁeri
992 5401 1195 5469 posset.
1222 5396 1283 5452 Id
1304 5406 1403 5469 est,
1433 5397 1479 5453 si
1506 5397 1685 5470 aliquo
1714 5395 1879 5452 modo

273 5484 385 5543 fieri
412 5495 623 5559 posset,
655 5495 713 5541 ut
740 5486 839 5542 Dei
870 5483 1154 5557 praeﬁnitio
1187 5495 1496 5555 mutaretur,
1535 5496 1586 5543 et
1618 5487 1742 5542 ideo
1767 5500 1877 5543 non

274 5574 339 5634 de
364 5576 513 5637 veris
542 5575 776 5649 intelligi
801 5581 978 5648 potest
1008 5573 1213 5635 electis.
1246 5577 1447 5636 Electi.
1477 5577 1602 5635 Non
1629 5575 1775 5647 quod
1803 5574 1881 5632 di‘

2056 4667 2226 4722 Vens.
2259 4669 2346 4721 37.
2378 4697 2447 4708 —
2478 4670 2637 4723 Sicut
2672 4671 2885 4723 autem.
2928 4666 3171 4723 Subitam
3208 4668 3470 4727 adventus
3501 4669 3584 4727 sui

1984 4754 2128 4810 diem
2158 4755 2403 4827 plurimis
2431 4755 2659 4810 affirmat
2687 4755 2950 4827 exemplis
2981 4774 2995 4810 :
3026 4773 3151 4811 nam
3175 4766 3225 4814 et
3254 4758 3452 4833 fulguri
3480 4760 3586 4817 cito

1984 4844 2164 4899 omnia
2215 4844 2564 4900 transvolanli
2616 4845 2949 4916 comparavit
2987 4855 3039 4903 et
3076 4848 3269 4904 diebus
3315 4848 3455 4917 Noe,
3496 4850 3583 4906 vel

1982 4931 2117 4988 Loth
2149 4933 2448 4989 secundum
2478 4933 2640 4987 alium
2670 4934 3057 5007 evangelistam
3085 4938 3400 5010 aequiparat.

2054 5022 2224 5075 Vnus.
2242 5025 2328 5076 38.
2346 5051 2415 5063 —-
2432 5023 2792 5079 Comedentes
2810 5028 2865 5078 et
2880 5025 3144 5094 bibentes,
3160 5030 3451 5094 nubentes,
3474 5036 3577 5087 etc.

1981 5109 2102 5164 Non
2134 5109 2383 5164 alimenta
2413 5119 2466 5165 et
2497 5112 2715 5183 nuptiae,
2751 5113 2846 5167 scd
2887 5113 3274 5172 immoderatus
3311 5117 3580 5175 licitorum

1980 5212 2112 5253 usus
2151 5198 2410 5270 arguitur.
2452 5201 2580 5255 Post
2616 5201 2777 5269 bella,
2818 5201 3009 5270 fames,
3051 5212 3406 5275 terraemotus,
3448 5216 3577 5278 etc.,

1981 5295 2109 5344 tunc
2158 5288 2339 5343 brevis
2388 5297 2642 5361 sequetur
2692 5307 2828 5361 pax,
2872 5299 2929 5346 ut
2968 5290 3143 5348 fidelis
3194 5296 3470 5367 probetur,
3510 5313 3579 5351 an

1980 5376 2267 5432 transactis
2305 5378 2461 5433 malis
2501 5386 2681 5449 speret
2711 5379 2953 5448 judicem
2983 5390 3284 5450 venturum,
3319 5386 3462 5441 unde
3489 5384 3577 5439 di-

1980 5466 2117 5521 citur
2149 5484 2162 5520 :
2199 5468 2339 5523 Cum
2376 5470 2531 5524 enim
2568 5468 2830 5525 dixerint
2857 5488 2980 5543 pax
3018 5476 3073 5527 et
3109 5476 3402 5541 securitas,
3439 5477 3574 5530 tunc

1977 5556 2311 5627 repentinus
2331 5557 2414 5616 eis
2432 5560 2790 5631 superveniet
2806 5561 3079 5621 interitus
3098 5563 3151 5634 (Ι
3169 5562 3355 5620 Thess.
3383 5560 3463 5633 v).
