4000 6182
416 252 515 304 163

926 244 1330 301 WALAFRIDI
1368 245 1610 301 STRABI
1648 244 1847 301 FULD.
1890 242 2063 300 MON.
2104 242 2257 299 OPP.
2300 243 2475 299 PARS
2513 244 2554 297 I.
2597 273 2666 284 -
2702 241 3173 300 THEOLOGICA.

3612 243 3714 297 166

489 372 659 427 Vnus.
693 371 781 426 40.
812 400 881 411 -
916 371 1086 438 Tunc,
1119 377 1224 425 etc.
1257 370 1447 439 Lucas,
1500 371 1562 424 in
1600 370 1706 425 illa
1743 373 1923 434 nocte,
1959 368 2014 422 id
2041 368 2203 431 Avel
2234 366 2569 424 infirmorum
2597 366 2961 424 conscientias
2998 382 3167 438 pravo
3195 366 3361 423 verbo
3398 366 3487 423 vel
3529 381 3718 422 exem-

418 469 530 530 est,
570 459 626 514 in
664 459 754 513 illa
792 458 1138 513 tribulatione
1178 474 1285 529 qua
1334 458 1651 529 probantur,
1695 457 1748 511 in
1787 474 1893 528 qua
1928 456 2018 512 alii

419 555 761 621 permanent,
794 547 887 603 alii
915 548 1131 604 cadunt.
1164 549 1282 604 Duo
1310 551 1498 603 erunt.
1531 548 1666 601 Duae
1695 545 2019 602 differentia:

416 637 799 710 praedictorum
838 643 964 691 sunt
1000 635 1056 689 in
1092 634 1358 702 Ecclesia,
1401 633 1554 706 quasi
1591 633 1647 689 in
1684 651 1819 707 agro
1856 635 2015 690 labo-

419 726 669 796 rantium,
704 742 891 781 eorum
924 725 1015 797 qui
1042 724 1252 780 sincere
1295 724 1571 778 Christum
1599 724 1935 792 annuntiant,
1965 732 2017 780 et

417 831 609 872 eorum
640 814 732 886 qui
761 814 984 871 verbum
1015 812 1115 868 Dei
1155 812 1476 868 adulterant.

486 904 657 959 Vnus.
693 904 779 957 41.
804 933 875 944 -
895 905 1029 958 Duce
1057 903 1351 958 metentes.
1394 903 1530 957 Duae
1566 899 1889 958 differentia:
1920 918 2014 957 se-

415 992 690 1065 quentium
721 991 906 1047 orbem
948 1006 1126 1045 rerum
1170 989 1470 1059 mobilium,
1506 989 1599 1063 qui
1629 989 1888 1045 feminino
1918 1007 2015 1064 ge-

414 1097 543 1137 nere
580 1079 949 1153 designantur,
1001 1078 1124 1151 quia
1169 1079 1435 1148 majorum
1484 1078 1712 1135 consilio
1755 1087 2017 1153 reguntur

412 1168 629 1225 feminae
655 1185 687 1223 a
716 1168 868 1225 viris.
910 1170 1027 1224 Duo
1066 1170 1129 1223 in
1171 1169 1330 1224 lecto.
1374 1166 1481 1234 Qui
1519 1167 1687 1223 otium
1726 1168 1933 1245 eligunt
1962 1176 2015 1224 et

411 1257 669 1329 quietem,
701 1273 824 1329 quae
852 1255 1234 1329 significantur
1282 1256 1501 1311 nomine
1528 1256 1669 1323 lecti,
1703 1272 1806 1312 nec
1834 1273 2012 1312 saacu-

410 1345 649 1415 laribus,
689 1361 794 1402 nec
831 1344 1219 1401 ecclesiasticis
1256 1345 1493 1418 negotiis
1543 1345 1805 1416 occupati.
1862 1348 2013 1403 Unus

412 1438 757 1491 assumetur.
790 1431 895 1501 Qui
923 1442 1149 1505 pr0pter
1194 1434 1370 1489 Deum
1414 1433 1694 1489 continere
1726 1434 1922 1503 studet,
1956 1442 2014 1489 ut

413 1523 532 1578 sine
559 1521 920 1578 sollicitudine
963 1520 1155 1579 vivens
1203 1521 1406 1596 cogitet
1448 1539 1568 1595 quae
1599 1522 1698 1578 Dei
1728 1531 1871 1577 sunt.
1908 1521 2013 1591 Qui

412 1618 590 1667 autem
616 1611 848 1666 humana
874 1610 1032 1666 laude
1061 1610 1149 1666 vel
1172 1611 1348 1683 aliqua
1377 1611 1628 1667 vitiorum
1666 1611 2012 1683 corruptione

2117 456 2209 527 plo
2239 456 2448 513 vitiare.
2485 456 2640 512 Unde
2668 456 2841 512 Lucas
2870 455 2946 511 ait
2974 471 3155 512 servos
3174 455 3263 512 vel
3288 455 3536 512 ancillas
3556 455 3716 526 (Luc.

2116 546 2240 615 xu),
2286 561 2516 617 quorum
2554 553 2755 617 quanta
2795 543 3064 601 infirmior
3091 552 3175 601 est
3223 552 3356 601 aetas
3399 543 3489 601 vel
3533 559 3715 613 sexus,

2116 642 2265 689 tanto
2291 633 2505 689 facilior
2532 642 2614 689 est
2644 634 2821 689 ruina.

2186 724 2353 778 Vens.
2380 724 2467 777 51.
2491 753 2560 763 -
2581 724 2719 779 Cum
2741 724 3063 796 hypocritis,
3090 730 3195 777 etc.
3219 721 3354 777 Cum
3374 721 3480 776 illis
3509 720 3721 778 scilicet

2115 811 2208 884 qui
2229 820 2378 868 erant
2404 812 2460 866 in
2486 828 2622 885 agro
2652 821 2705 867 et
2737 811 2827 884 qui
2846 811 3140 880 molebant,
3168 818 3221 866 et
3239 810 3594 866 nihilominus
3623 809 3718 866 de-

2114 900 2288 957 relicti
2319 909 2458 955 sunt.
2485 899 2589 969 Qui
2611 900 2863 956 dicuntur
2892 900 3210 972 hypocrita,
3237 907 3291 956 et
3310 899 3367 955 in
3394 914 3554 973 agro,
3590 906 3645 954 et
3664 898 3719 954 in

2112 989 2275 1058 mola,
2310 989 2364 1043 id
2394 997 2494 1059 est,
2528 988 2619 1061 qui
2645 989 2789 1045 bona
2818 988 3143 1045 videbantur
3173 987 3375 1058 facere,
3409 988 3510 1045 sed
3540 986 3718 1044 exitus

2113 1077 2345 1137 diversae
2370 1077 2660 1133 voluntatis
2681 1078 2946 1149 apparuit.
2970 1079 3156 1134 Fetus.
3182 1077 3285 1133 Per
3305 1075 3717 1132 similitudinem

2113 1166 2483 1224 membrorum
2512 1166 2829 1241 magnitudo
2856 1166 3159 1222 ostenditur
3187 1173 3605 1245 tormentorum.

2681 1278 2907 1334 CAPUT
2960 1277 3137 1333 XXV.

2184 1375 2352 1430 Vens.
2390 1378 2440 1429 1.
2473 1406 2542 1417 —
2567 1378 2768 1432 Decem
2788 1375 3118 1447 virginibus.
3154 1373 3409 1445 Virgines
3436 1381 3564 1428 sunt
3589 1387 3713 1429 om-

2111 1478 2209 1518 nes
2238 1463 2329 1535 qui
2361 1480 2421 1519 se
2447 1480 2481 1518 a
2508 1464 2635 1519 luxu
2665 1464 2854 1519 saeculi
2883 1463 3181 1520 continent.
3213 1464 3286 1519 Et
3305 1479 3542 1535 sponsa.
3578 1460 3719 1518 Om-

2112 1567 2211 1608 nes
2258 1552 2418 1608 simul
2464 1561 2588 1607 sunt
2634 1567 2839 1625 sponsa
2876 1569 2996 1624 quae
3042 1552 3208 1608 modo
3250 1551 3584 1622 desponsata
3632 1556 3717 1607 est

2111 1640 2270 1713 virgo
2301 1656 2335 1695 a
2361 1642 2710 1713 corruptione
2740 1640 2943 1698 saeculi.
2972 1640 3171 1709 Nubet,
3197 1655 3322 1697 cum
3348 1638 3599 1696 mortalis
3619 1639 3717 1694 im-

352 1714 362 1724 .
409 1698 760 1803 monasticam
805 1698 965 1803 vitam
1014 1698 1258 1798 elegerit,
1308 1699 1691 1803 relinguetura
1720 1701 1856 1803 Deo;
1887 1701 2083 1803 anB
2113 1698 2331 1785 ωοζωιί
2360 1698 2734 1803 conjuggemr.

409 1796 535 1844 sunt
558 1787 661 1842 alia
692 1804 893 1861 genera
919 1788 1217 1857 hominum,
1253 1805 1415 1860 quam
1453 1789 1571 1845 haec
1601 1788 1698 1843 tria
1727 1789 1784 1844 in
1812 1789 2011 1846 Eccle-

409 1877 507 1932 sia.
549 1877 707 1934 Unde
742 1876 997 1933 Ezechiel
1033 1885 1143 1933 tres
1181 1877 1326 1933 viros
1363 1877 1619 1934 liberatos
1657 1877 1822 1947 vidit,
1863 1878 2009 1948 Noe,

407 1965 600 2022 Daniel
629 1973 683 2021 et
707 1966 828 2034 Job,
861 1965 918 2021 id
946 1974 1029 2022 est
1057 1974 1297 2022 rectores
1326 1975 1383 2021 ut
1412 1967 1551 2035 Noe,
1585 1965 1929 2023 continentes
1957 1974 2014 2022 ut

407 2053 629 2124 Daniel,
670 2055 988 2128 conjugatos
1027 2062 1085 2109 ut
1120 2055 1242 2111 Job.
1285 2055 1353 2109 Et
1390 2056 1689 2111 secundum
1740 2055 1859 2111 haec
1910 2056 2013 2109 tria

408 2159 621 2218 genera
648 2142 949 2212 hominum,
981 2150 1090 2199 tres
1118 2144 1372 2215 supponit
1409 2144 1714 2215 parabolas.
1750 2144 1808 2198 In
1839 2144 2015 2216 prima

408 2232 522 2305 agit
553 2231 622 2287 de
648 2232 1014 2288 laborantibus
1042 2231 1098 2287 in
1128 2248 1283 2305 agro,
1318 2233 1463 2304 quod
1493 2240 1575 2288 est
1605 2232 1696 2287 ubi
1721 2231 1851 2288 dicit
1881 2250 1895 2286 :
1936 2234 2015 2290 Vi-

405 2321 579 2393 gilate
613 2336 757 2393 ergo.
793 2322 853 2375 In
880 2320 1119 2377 secunda
1137 2320 1251 2393 agit
1271 2321 1341 2377 de
1361 2320 1740 2377 exsistentibus
1768 2321 1824 2376 in
1848 2321 2007 2391 lecto,

407 2408 553 2481 quod
581 2417 665 2466 est
693 2408 786 2464 ubi
813 2408 943 2465 dicit
974 2427 987 2463 :
1020 2409 1220 2467 Simile
1240 2413 1327 2466 est
1347 2426 1588 2482 regnum
1620 2411 1887 2468 caelorum
1910 2411 2011 2467 de-

405 2513 528 2555 cem
545 2498 875 2570 virginibus.
909 2498 971 2553 In
994 2498 1160 2554 tertia
1179 2499 1293 2573 agit
1324 2499 1392 2555 de
1418 2498 1746 2554 molentibus
1767 2499 1823 2555 in
1842 2500 2005 2570 mola,

407 2586 552 2659 quod
582 2593 662 2641 est
693 2586 785 2642 ubi
812 2586 941 2643 dicit
973 2605 986 2641 :
1018 2588 1179 2645 Sicut
1211 2590 1368 2645 enim
1396 2589 1556 2646 homo
1580 2605 1814 2663 peregre
1839 2589 2009 2662 proﬁ-

408 2676 643 2743 ciscens,
678 2683 784 2733 etc.

476 2762 650 2821 Vans.
685 2765 861 2821 42.—
883 2765 1117 2837 Vigilate
1153 2782 1298 2838 ergo.
1331 2766 1544 2837 (Hum)
1572 2768 1695 2822 Non
1725 2765 1861 2821 dixit
1885 2766 2009 2838 quia

403 2852 713 2922 nescimus,
768 2853 868 2909 sed
918 2853 1043 2925 quia
1089 2854 1345 2924 nescitis,
1388 2863 1444 2909 ut
1482 2855 1728 2910 ostendat
1766 2871 1826 2910 se
1864 2854 2009 2911 diem

402 2940 594 3011 judicii
621 2956 730 2997 non
758 2941 1031 3015 ignorare.

472 3029 641 3087 Vnus.
681 3031 766 3086 43.
789 3059 859 3071 -
879 3031 940 3087 Si
967 3032 1156 3097 sciret,
1190 3038 1293 3088 etc.
1314 3030 1603 3088 Nesciente
1624 3031 2007 3103 patrefamilias

406 3117 492 3173 fur
518 3119 738 3174 domum
775 3118 1027 3190 perfodit,
1061 3095 1187 3192 quia
1216 3120 1343 3174 dum
1374 3136 1407 3175 a
1435 3119 1519 3174 sui
1548 3095 1794 3176 custodia
1843 3120 2005 3192 spiri-
2025 3095 2076 3160 C-

404 3214 491 3263 tus
519 3207 732 3277 dormit,
768 3206 1067 3279 improvisa
1111 3224 1260 3263 mors
1300 3209 1479 3264 carnis
1522 3209 1884 3266 habitaculum
1928 3210 2007 3264 ir-

405 3295 621 3368 rumpit,
656 3303 709 3351 et
734 3296 803 3351 ad
832 3296 1153 3368 supplicium
1196 3298 1373 3352 trahit.
1419 3298 1548 3353 Furi
1576 3306 1752 3354 autem
1782 3299 2006 3354 resiste-

409 3392 490 3440 ret
512 3384 558 3439 si
578 3383 841 3458 vigilaret,
868 3386 995 3457 quia
1023 3386 1313 3442 adventum
1337 3387 1536 3456 judicis
1555 3389 1765 3445 occulte
1787 3388 2009 3445 venien-

402 3481 511 3529 tem
537 3488 852 3545 praecavens
883 3483 1160 3530 occureret
1189 3475 1522 3546 pcnnitendo.

475 3562 647 3619 Vans.
684 3563 769 3617 45.
800 3593 869 3604 --
901 3564 1035 3631 Quis
1057 3569 1228 3637 putas
1254 3570 1341 3622 est
1366 3566 1553 3635 ﬁdelis
1575 3583 1782 3623 servus.
1815 3566 2007 3623 Tribus

403 3651 861 3721 similitudinibus,
895 3651 1143 3726 fulguris,
1176 3653 1330 3720 furis,
1364 3663 1415 3710 et
1446 3655 1838 3712 submersionis
1866 3657 2005 3712 Pen-

400 3740 617 3812 tapolis,
666 3749 923 3797 terrorem
966 3742 1155 3812 judicii
1201 3743 1491 3799 introduxit
1536 3745 1892 3801 communiter
1934 3746 2005 3801 ad

400 3844 610 3896 omnes,
641 3838 697 3885 ut
728 3830 1017 3904 vigilarent
1045 3839 1098 3886 et
1129 3833 1301 3903 parati
1334 3843 1535 3889 essent.
1568 3836 1725 3890 Nunc
1756 3834 2006 3905 speciali-

399 3925 481 3974 ter
509 3918 579 3974 ad
608 3919 859 3991 praelatos
891 3919 1124 3992 loquitur
1154 3921 1243 3991 qui
1272 3922 1523 3990 humiles,
1545 3924 1859 3994 prudentes,
1894 3939 2006 3979 non

403 4015 720 4079 appetentes
758 4009 959 4063 bonum
1010 4017 1231 4080 propter
1285 4009 1492 4064 lucrum
1553 4012 1862 4080 temporale,
1906 4012 2005 4067 sed

398 4096 565 4150 verbo
603 4104 656 4149 et
692 4097 941 4166 exemplo
991 4104 1044 4150 et
1090 4112 1255 4166 opere
1311 4097 1510 4151 debent
1566 4113 1795 4167 pascere
1848 4115 1998 4155 oves.

404 4182 537 4249 Quis
552 4186 741 4254 putas,
767 4183 919 4253 quasi
938 4184 1116 4238 dicat:
1142 4184 1484 4239 Admonendi
1506 4185 1655 4239 estis.
1680 4188 1819 4241 Nam
1842 4203 2003 4258 quam

400 4284 557 4325 rarus
586 4277 669 4326 est
697 4270 930 4326 Domino
974 4280 1194 4343 propter
1238 4272 1525 4327 Dominum
1578 4275 1838 4341 serviens,
1872 4292 2003 4331 oves

401 4358 599 4415 Christi
637 4376 745 4413 non
779 4360 848 4414 ad
878 4359 1103 4424 lucrum,
1137 4361 1233 4415 sed
1273 4377 1456 4417 amore
1506 4362 1701 4417 Christi
1746 4380 1996 4434 pascens.

403 4448 675 4504 Prudens.
708 4447 769 4502 In
800 4447 978 4504 futuro
1010 4448 1111 4503 sibi
1137 4449 1455 4519 providens.
1489 4451 1659 4519 Quem
1680 4454 1998 4509 constituit.
2018 4456 2071 4520 D

405 4534 580 4604 Quam
609 4551 759 4591 rarus
795 4538 886 4609 qui
916 4538 984 4592 sit
1012 4546 1233 4593 vocatus
1257 4555 1286 4591 a
1315 4539 1429 4593 Deo
1458 4547 1711 4611 tanquam
1741 4543 1921 4596 Aaron
1951 4550 2004 4597 et

401 4638 511 4680 non
541 4624 721 4697 magis
752 4616 811 4681 se
841 4626 1149 4700 ingesserit,
1184 4635 1238 4683 et
1268 4627 1360 4699 qui
1388 4643 1498 4683 non
1518 4628 1695 4702 magis
1724 4644 1785 4684 se
1813 4638 2003 4700 pascat

405 4727 567 4785 quam
595 4729 746 4769 oves.

474 4801 642 4857 Vnus.
678 4802 764 4857 46.
800 4831 869 4844 —-
898 4804 1103 4860 Beat-us
1141 4804 1260 4860 ille.
1304 4804 1521 4861 Eterna
1548 4812 1728 4861 autem
1766 4806 2000 4862 beatitu-

403 4886 532 4947 dine
561 4889 950 4963 glorificandus
982 4900 1065 4947 est
1089 4892 1181 4963 qui
1219 4893 1451 4949 Domino
1480 4895 1730 4951 veniente
1763 4896 1833 4951 ad
1858 4895 2001 4963 judi-

403 4978 546 5036 cium
583 4988 833 5052 repertus
880 4979 1037 5036 fuerit
1083 4979 1311 5036 fideliter
1357 4998 1630 5039 annonam
1658 4984 1808 5040 verbi
1837 4983 2002 5039 mini-

402 5076 585 5124 strans
623 5076 677 5125 et
715 5068 771 5124 in
810 5085 943 5125 cura
980 5068 1170 5142 gregis
1209 5068 1463 5142 vigilans.
1505 5073 1679 5128 Rarus
1735 5072 2003 5128 invenitur

402 5155 579 5213 ﬁdelis
609 5157 696 5213 vel
725 5157 985 5229 prudens,
1012 5157 1110 5213 sed
1132 5156 1223 5228 qui
1245 5158 1367 5213 talis
1386 5159 1657 5215 invenitur
1676 5161 1866 5217 beatus
1895 5168 1997 5217 est.

475 5264 646 5320 Vens.
679 5264 765 5319 47.
798 5292 867 5305 -
893 5265 1087 5336 Super.
1121 5262 1183 5319 Id
1212 5271 1313 5331 est,
1346 5280 1507 5335 super
1547 5268 1730 5322 omnia
1762 5266 2002 5323 caelestis

404 5352 564 5426 regni
593 5352 813 5426 gaudia,
844 5359 1091 5420 caeteros,
1124 5351 1180 5406 id
1211 5359 1310 5420 est,
1334 5351 1509 5408 bonos
1538 5354 1813 5411 auditores
1841 5355 2005 5412 faciet

405 5441 770 5511 discumbere,
806 5448 861 5498 et
890 5440 1161 5497 transiens
1187 5439 1514 5496 ministrabit
1543 5442 1641 5498 eis.

476 5530 645 5590 Vnus.
678 5530 765 5588 49.
794 5559 864 5575 -
891 5532 1194 5590 Percutere
1227 5545 1535 5613 conservos.
1566 5530 1753 5601 Iniurii
1783 5530 2004 5591 afﬁcere

2185 1818 2355 1874 Vnus.
2392 1822 2446 1876 2.
2490 1849 2559 1859 -
2600 1820 2872 1892 Quinque.
2922 1817 3061 1887 Quia
3108 1819 3346 1892 quinque
3387 1818 3589 1890 partita
3635 1826 3720 1874 est

2114 1906 2444 1963 continentia
2484 1907 2541 1962 in
2588 1907 2895 1963 carnalibus
2944 1906 3235 1977 illecebris,
3268 1906 3525 1963 videlicet
3564 1915 3625 1962 ut
3662 1908 3717 1962 in

2114 1995 2351 2067 quinque
2381 1996 2634 2052 sensibus
2664 1996 2977 2052 contineant
3007 2012 3068 2051 se
3095 2012 3130 2051 a
3151 1995 3534 2066 voluptatibus.

2185 2084 2354 2140 Vnus.
2388 2087 2441 2139 5.
2472 2115 2541 2125 -
2569 2086 2780 2142 Moram
2812 2089 3006 2141 autem
3040 2087 3291 2157 faciente
3320 2100 3540 2157 sponso.
3575 2082 3719 2152 Quia

2112 2188 2223 2228 non
2252 2180 2334 2228 est
2361 2189 2556 2245 parum
2586 2174 2848 2245 temporis
2886 2173 3028 2229 inter
3071 2174 3306 2245 priorem
3335 2181 3389 2229 et
3415 2172 3717 2229 secundum

2112 2262 2403 2318 adventum
2430 2262 2650 2317 Christi.
2682 2264 3147 2319 Dormitaverunt
3170 2278 3370 2319 omnes
3389 2265 3449 2319 et
3464 2260 3717 2320 dormie-

2110 2355 2268 2407 runt.
2305 2349 2445 2420 Quia
2474 2359 2668 2423 postea
2696 2350 3011 2407 suscitandi.

2184 2440 2355 2495 Vnus.
2388 2443 2440 2495 6.
2470 2470 2539 2481 —
2566 2439 2742 2497 Media
2764 2444 2958 2497 autem
2976 2443 3140 2497 nocte
3160 2440 3375 2497 clamor
3393 2441 3586 2510 factus
3606 2444 3712 2496 est.

2110 2527 2172 2584 Id
2199 2535 2300 2597 est,
2332 2528 2480 2583 nullo
2509 2529 2713 2585 sciente
2735 2528 2822 2585 vel
2846 2535 3117 2600 sperante.
3153 2527 3308 2585 Unde
3335 2528 3466 2584 Dies
3483 2529 3719 2585 Domini

2111 2618 2264 2674 sicut
2280 2620 2380 2689 fur
2402 2619 2463 2672 in
2484 2623 2645 2673 nocte
2663 2619 2851 2674 veniet
2873 2619 2925 2687 (Ι
2944 2619 3126 2674 Thess.
3162 2616 3267 2688 ιιι).

2180 2705 2350 2760 Vnus.
2385 2709 2437 2760 8.
2469 2735 2537 2745 —
2568 2708 2709 2762 Date
2727 2707 2884 2762 nobis
2904 2706 2972 2761 de
2990 2706 3126 2772 oleo,
3162 2712 3266 2761 etc.
3295 2704 3542 2774 Quorum
3570 2703 3720 2761 facta

2108 2792 2288 2849 aliena
2324 2793 2632 2861 fulciuntur,
2679 2794 2835 2849 laude
2876 2794 3072 2851 eadem
3121 2793 3395 2849 subtracta
3433 2792 3713 2863 deficiunt,

2109 2890 2162 2938 et
2190 2882 2261 2939 de
2286 2882 2674 2939 consuetudine
2705 2883 2760 2937 id
2787 2899 3005 2955 semper
3048 2882 3341 2954 inquirunt,
3386 2882 3531 2937 unde
3571 2897 3716 2954 gau-

2108 2972 2241 3027 dere
2269 2972 2479 3026 animus
2522 2971 2678 3028 solet.
2730 2973 2915 3042 Itaque
2958 2971 3238 3027 hominum
3267 2971 3358 3043 qui
3389 2971 3561 3027 corda
3603 2986 3717 3026 non

2106 3058 2308 3130 vident,
2351 3059 2718 3116 testimonium
2760 3060 2945 3116 volunt
2970 3061 3174 3116 habere
3204 3058 3349 3131 apud
3391 3060 3587 3129 Deum,
3622 3058 3716 3131 qui

2107 3149 2289 3204 cordis
2322 3148 2599 3220 inspector
2632 3157 2733 3205 est.

2174 3240 2660 3311 Exstinguuntur.
2696 3238 2755 3293 Id
2786 3246 2886 3307 est,
2923 3237 3158 3294 adventu
3195 3236 3396 3306 judicis
3425 3234 3571 3293 intus
3599 3236 3709 3293 ob-

2107 3335 2409 3393 scurantur,
2445 3336 2496 3383 et
2523 3344 2557 3382 a
2586 3328 2703 3383 Deo
2736 3343 2847 3383 non
2878 3326 3077 3383 habent
3105 3325 3441 3397 mercedem,
3476 3325 3605 3399 quia
3634 3341 3715 3382 re-

2106 3424 2368 3487 ceperunt
2391 3416 2629 3471 laudem.

2177 3505 2347 3561 Vens.
2384 3508 2435 3559 9.
2467 3534 2536 3545 —
2565 3506 2643 3561 Ne
2681 3507 2846 3576 forte.
2880 3503 3021 3574 Quia
3060 3503 3290 3577 quisque
3324 3518 3424 3575 pro
3453 3519 3513 3559 se
3542 3502 3716 3559 ratio-

2106 3610 2233 3651 nem
2262 3594 2470 3662 reddet,
2504 3609 2607 3649 nec
2637 3593 2815 3649 alieno
2838 3592 3145 3649 testimonio
3160 3593 3379 3663 juvatur
3410 3592 3533 3664 quis
3562 3590 3715 3663 apud

2106 3684 2299 3753 Deum,
2334 3682 2421 3738 cui
2452 3690 2666 3738 secreta
2709 3689 2911 3753 patent,
2947 3689 3000 3737 et
3029 3681 3117 3737 vix
3146 3680 3250 3734 sibi
3279 3680 3511 3752 quisque
3562 3679 3715 3736 sufﬁ-

2108 3773 2179 3829 cit
2207 3779 2263 3827 ut
2292 3772 2343 3827 ei
2374 3772 2654 3843 perhibeat
2696 3770 3063 3826 testimonium
3108 3768 3444 3825 conscientia
3482 3784 3597 3823 sua.
3634 3769 3718 3826 Ne

2107 3865 2253 3933 forte
2296 3861 2664 3932 unusquisque
2708 3876 2804 3930 pro
2833 3859 2945 3914 suis
2976 3857 3230 3930 operibus
3255 3857 3568 3913 mercedem
3598 3874 3715 3913 sus-

2109 3949 2289 4019 cipiet,
2333 3965 2437 4004 nec
2482 3957 2707 4019 possunt
2738 3948 2793 4002 in
2824 3948 2913 4003 die
2954 3946 3142 4017 judicii
3183 3946 3411 4001 aliorum
3457 3945 3711 4015 virtutes,

2110 4037 2341 4093 aliorum
2386 4036 2515 4092 vitia
2563 4037 2864 4093 sublevare.
2900 4037 2984 4092 Ad
3029 4036 3349 4093 vendentes.
3396 4035 3716 4091 Vendentes

2111 4134 2233 4181 sunt
2262 4125 2587 4193 adulatores,
2640 4126 2764 4198 quia
2811 4125 2943 4181 dant
2980 4125 3197 4182 laudem
3227 4132 3281 4180 et
3308 4124 3584 4196 accipiunt
3612 4124 3716 4181 ali-

2110 4229 2272 4286 quam
2304 4215 2634 4270 mercedem.

2180 4303 2350 4359 Vans.
2386 4305 2471 4357 10.
2502 4333 2571 4343 -
2598 4305 2746 4359 Dum
2765 4307 2976 4359 autem.
3002 4303 3391 4359 Inclinantibus
3422 4319 3483 4360 se
3513 4303 3624 4359 illis
3657 4303 3718 4359 in

2110 4406 2175 4446 ea
2204 4408 2324 4461 quae
2353 4390 2485 4446 foris
2529 4398 2670 4457 sunt,
2722 4399 2776 4447 et
2824 4392 2983 4447 solita
3030 4392 3230 4466 gaudia
3276 4392 3713 4465 requirentibus,

2102 4495 2227 4535 cum
2274 4479 2487 4535 interna
2533 4496 2643 4535 non
2683 4488 2970 4549 noverunt,
3022 4481 3170 4537 venit
3217 4481 3309 4537 ille
3356 4481 3451 4553 qui
3473 4481 3712 4551 judicat.

2104 4569 2309 4625 Clausa
2334 4573 2435 4625 est.
2467 4569 2594 4624 Post
2618 4568 2881 4636 judicium
2906 4584 3111 4642 magna
3150 4576 3235 4626 est
3271 4570 3386 4639 ejus
3415 4570 3712 4640 severitas,

2100 4657 2254 4725 cujus
2286 4665 2369 4712 est
2399 4665 2525 4713 ante
2555 4656 2845 4712 ineﬂ‘abilis
2875 4658 3277 4715 misericordia.

2172 4745 2343 4800 Vens.
2382 4749 2466 4800 11.
2489 4776 2559 4787 -
2576 4747 2885 4803 Novissime
2906 4764 3050 4803 vero.
3082 4748 3188 4803 Per
3213 4763 3406 4805 veram
3429 4748 3716 4820 pmniten-

2100 4833 2250 4900 tiam,
2281 4849 2381 4903 per
2411 4833 2776 4891 infructuosus
2825 4835 3100 4907 lacrymas
3146 4836 3369 4907 pulsant
3413 4835 3551 4892 foris
3584 4837 3717 4893 reli-

2101 4929 2222 4979 ctie.
2252 4923 2376 4975 Non
2405 4922 2603 4978 dicitur
2645 4924 2790 4995 quod
2836 4932 3086 4979 emerunt
3131 4925 3313 4981 oleum
3348 4942 3362 4979 :
3396 4924 3528 4996 quia
3554 4925 3714 4982 nullo

2095 5009 2210 5078 jam
2239 5018 2559 5065 remanente
2587 5010 2787 5082 gaudio
2816 5011 2885 5067 de
2913 5011 3105 5068 alienis
3135 5012 3404 5081 laudibus,
3437 5013 3496 5068 in
3524 5028 3716 5086 angu-

2102 5096 2218 5151 stiis
2251 5098 2480 5151 redeunt
2507 5098 2578 5152 ad
2605 5099 3044 5169 implorationem
3076 5100 3198 5157 Dei.

2173 5184 2341 5240 Vnus.
2396 5188 2482 5239 13,
2516 5215 2585 5228 -
2618 5188 2869 5258 Vigilate.
2916 5188 3184 5245 Videlicet
3228 5197 3289 5245 ut
3335 5190 3718 5248 testimonium

2101 5272 2259 5328 bonae
2285 5271 2633 5330 conscientia:
2661 5274 2820 5330 nobis
2862 5291 3252 5347 praeparemus,
3282 5294 3354 5334 ne
3383 5293 3510 5335 cum
3541 5278 3714 5337 fatuis

2102 5359 2405 5432 virginibus
2432 5361 2568 5417 foris
2611 5378 3012 5420 remaneamus.
3060 5366 3304 5423 Nescitis
3348 5366 3501 5424 diem
3526 5383 3719 5441 neque

2104 5448 2317 5506 horam.
2351 5450 2475 5505 Non
2512 5451 2689 5507 solum
2735 5451 2882 5509 diem
2919 5452 3132 5522 judicii,
3179 5453 3279 5511 sed
3323 5454 3473 5512 diem
3515 5456 3719 5514 mortis

2102 5534 2383 5611 cujusque,
2416 5537 2504 5598 vel
2530 5538 2724 5599 horam
2750 5538 2809 5597 in
2849 5556 2960 5615 qua
3000 5542 3094 5615 qui
3135 5550 3365 5617 paratus
3409 5544 3720 5618 invenitur,
