  <div class='ocr_page' id='page_1' title='image "/cluster/home/n/w/nwhite01/storage/ocr_20150623/114/hvd.32044052819893/088.png"; bbox 0 0 4028 6178; ppageno 0'>
   <div class='ocr_carea' id='block_1_1' title="bbox 195 201 298 255">
    <p class='ocr_par' dir='ltr' id='par_1_1' title="bbox 195 201 298 255">
     <span class='ocr_line' id='line_1_1' title="bbox 195 201 298 255; baseline -0.019 0"><span class='ocrx_word' id='word_1_1' title='bbox 195 201 298 255; x_wconf 77' lang='grc'>165</span> 
     </span>
    </p>
   </div>
   <div class='ocr_carea' id='block_1_2' title="bbox 1120 196 2534 257">
    <p class='ocr_par' dir='ltr' id='par_1_2' title="bbox 1120 196 2534 257">
     <span class='ocr_line' id='line_1_2' title="bbox 1120 196 2534 257; baseline -0.001 -2"><span class='ocrx_word' id='word_1_2' title='bbox 1120 199 1393 257; x_wconf 81' lang='lat' dir='ltr'>GLOSSA</span> <span class='ocrx_word' id='word_1_3' title='bbox 1432 197 1839 257; x_wconf 80' lang='lat' dir='ltr'>ORDINARIA.</span> <span class='ocrx_word' id='word_1_4' title='bbox 1874 227 1943 240; x_wconf 88' lang='lat'><strong>—</strong></span> <span class='ocrx_word' id='word_1_5' title='bbox 1971 196 2236 255; x_wconf 84' lang='lat' dir='ltr'>EVANG.</span> <span class='ocrx_word' id='word_1_6' title='bbox 2277 198 2534 255; x_wconf 81' lang='lat' dir='ltr'>MATTH.</span> 
     </span>
    </p>
   </div>
   <div class='ocr_carea' id='block_1_3' title="bbox 3397 202 3501 257">
    <p class='ocr_par' dir='ltr' id='par_1_3' title="bbox 3397 202 3501 257">
     <span class='ocr_line' id='line_1_3' title="bbox 3397 202 3501 257; baseline 0.019 -2"><span class='ocrx_word' id='word_1_7' title='bbox 3397 202 3501 257; x_wconf 74' lang='lat'>{66</span> 
     </span>
    </p>
   </div>
   <div class='ocr_carea' id='block_1_4' title="bbox 202 322 3509 396">
    <p class='ocr_par' dir='ltr' id='par_1_4' title="bbox 202 322 3509 396">
     <span class='ocr_line' id='line_1_4' title="bbox 202 322 3509 396; baseline 0.001 -16"><span class='ocrx_word' id='word_1_8' title='bbox 202 334 255 380; x_wconf 88' lang='lat' dir='ltr'>et</span> <span class='ocrx_word' id='word_1_9' title='bbox 286 333 417 381; x_wconf 89' lang='lat' dir='ltr'>tunc</span> <span class='ocrx_word' id='word_1_10' title='bbox 446 331 665 395; x_wconf 86' lang='lat' dir='ltr'>paratus</span> <span class='ocrx_word' id='word_1_11' title='bbox 696 323 1016 380; x_wconf 82' lang='lat' dir='ltr'>invenietur.</span> <span class='ocrx_word' id='word_1_12' title='bbox 1047 324 1116 378; x_wconf 89' lang='lat' dir='ltr'>Et</span> <span class='ocrx_word' id='word_1_13' title='bbox 1146 325 1269 396; x_wconf 84' lang='lat' dir='ltr'>quia</span> <span class='ocrx_word' id='word_1_14' title='bbox 1300 333 1513 396; x_wconf 89' lang='lat' dir='ltr'>paratos</span> <span class='ocrx_word' id='word_1_15' title='bbox 1556 341 1657 381; x_wconf 90' lang='lat' dir='ltr'>nos</span> <span class='ocrx_word' id='word_1_16' title='bbox 1706 325 1794 382; x_wconf 88' lang='lat' dir='ltr'>in-</span> <span class='ocrx_word' id='word_1_17' title='bbox 1815 322 1872 385; x_wconf 84' lang='lat' dir='ltr'><strong>A</strong></span> <span class='ocrx_word' id='word_1_18' title='bbox 1902 323 2064 379; x_wconf 89' lang='lat' dir='ltr'>habet</span> <span class='ocrx_word' id='word_1_19' title='bbox 2094 324 2264 380; x_wconf 88' lang='lat' dir='ltr'>etiam</span> <span class='ocrx_word' id='word_1_20' title='bbox 2293 324 2516 380; x_wconf 80' lang='lat' dir='ltr'>virtutes</span> <span class='ocrx_word' id='word_1_21' title='bbox 2556 338 2693 395; x_wconf 89' lang='lat' dir='ltr'>quas</span> <span class='ocrx_word' id='word_1_22' title='bbox 2735 323 3048 379; x_wconf 77' lang='lat' dir='ltr'>naturaliter</span> <span class='ocrx_word' id='word_1_23' title='bbox 3095 324 3276 394; x_wconf 84' lang='lat' dir='ltr'>habet,</span> <span class='ocrx_word' id='word_1_24' title='bbox 3331 326 3509 396; x_wconf 84' lang='lat' dir='ltr'>perdit</span> 
     </span>
    </p>
   </div>
   <div class='ocr_carea' id='block_1_5' title="bbox 203 411 1814 491">
    <p class='ocr_par' dir='ltr' id='par_1_5' title="bbox 203 411 1814 491">
     <span class='ocr_line' id='line_1_5' title="bbox 203 411 1814 491; baseline 0.004 -23"><span class='ocrx_word' id='word_1_25' title='bbox 203 413 394 469; x_wconf 86' lang='lat' dir='ltr'>venire</span> <span class='ocrx_word' id='word_1_26' title='bbox 424 412 718 479; x_wconf 85' lang='lat' dir='ltr'>desiderat,</span> <span class='ocrx_word' id='word_1_27' title='bbox 752 411 969 482; x_wconf 85' lang='lat' dir='ltr'>subjicit</span> <span class='ocrx_word' id='word_1_28' title='bbox 998 411 1156 467; x_wconf 89' lang='lat' dir='ltr'>aliam</span> <span class='ocrx_word' id='word_1_29' title='bbox 1198 414 1267 468; x_wconf 89' lang='lat' dir='ltr'>de</span> <span class='ocrx_word' id='word_1_30' title='bbox 1317 415 1504 469; x_wconf 89' lang='lat' dir='ltr'>eadem</span> <span class='ocrx_word' id='word_1_31' title='bbox 1550 433 1605 471; x_wconf 88' lang='lat' dir='ltr'>re</span> <span class='ocrx_word' id='word_1_32' title='bbox 1653 434 1814 491; x_wconf 87' lang='lat' dir='ltr'>para-</span> 
     </span>
    </p>
   </div>
   <div class='ocr_carea' id='block_1_6' title="bbox 204 500 877 556">
    <p class='ocr_par' dir='ltr' id='par_1_6' title="bbox 204 500 877 556">
     <span class='ocr_line' id='line_1_6' title="bbox 204 500 877 556; baseline 0.001 -2"><span class='ocrx_word' id='word_1_33' title='bbox 204 500 411 556; x_wconf 89' lang='lat' dir='ltr'>bolam.</span> <span class='ocrx_word' id='word_1_34' title='bbox 870 520 877 521; x_wconf 48' lang='grc' dir='ltr'>ί</span> 
     </span>
    </p>
   </div>
   <div class='ocr_carea' id='block_1_7' title="bbox 281 590 1816 663">
    <p class='ocr_par' dir='ltr' id='par_1_7' title="bbox 281 590 1816 663">
     <span class='ocr_line' id='line_1_7' title="bbox 281 590 1816 663; baseline 0.007 -19"><span class='ocrx_word' id='word_1_35' title='bbox 281 590 458 645; x_wconf 83' lang='lat' dir='ltr'>Vens.</span> <span class='ocrx_word' id='word_1_36' title='bbox 506 593 593 645; x_wconf 70' lang='grc'>14.</span> <span class='ocrx_word' id='word_1_37' title='bbox 629 619 698 631; x_wconf 90' lang='grc'><strong><em>-</em></strong></span> <span class='ocrx_word' id='word_1_38' title='bbox 731 592 970 663; x_wconf 79' lang='lat' dir='ltr'>Peregre</span> <span class='ocrx_word' id='word_1_39' title='bbox 1011 592 1374 663; x_wconf 81' lang='lat' dir='ltr'>proﬁciscens</span> <span class='ocrx_word' id='word_1_40' title='bbox 1401 597 1617 650; x_wconf 85' lang='lat' dir='ltr'>vocavit</span> <span class='ocrx_word' id='word_1_41' title='bbox 1636 612 1816 653; x_wconf 86' lang='lat' dir='ltr'>servos</span> 
     </span>
    </p>
   </div>
   <div class='ocr_carea' id='block_1_8' title="bbox 205 679 1815 751">
    <p class='ocr_par' dir='ltr' id='par_1_8' title="bbox 205 679 1815 751">
     <span class='ocr_line' id='line_1_8' title="bbox 205 679 1815 751; baseline 0.003 -18"><span class='ocrx_word' id='word_1_42' title='bbox 205 696 357 743; x_wconf 81' lang='lat' dir='ltr'>suos,</span> <span class='ocrx_word' id='word_1_43' title='bbox 394 687 499 735; x_wconf 87' lang='lat' dir='ltr'>etc.</span> <span class='ocrx_word' id='word_1_44' title='bbox 531 679 703 734; x_wconf 90' lang='lat' dir='ltr'>Locus</span> <span class='ocrx_word' id='word_1_45' title='bbox 734 679 911 733; x_wconf 89' lang='lat' dir='ltr'>carnis</span> <span class='ocrx_word' id='word_1_46' title='bbox 942 686 1079 734; x_wconf 90' lang='lat' dir='ltr'>terra</span> <span class='ocrx_word' id='word_1_47' title='bbox 1122 689 1223 746; x_wconf 87' lang='lat' dir='ltr'>est,</span> <span class='ocrx_word' id='word_1_48' title='bbox 1277 696 1407 751; x_wconf 83' lang='lat' dir='ltr'>ergo</span> <span class='ocrx_word' id='word_1_49' title='bbox 1451 682 1645 738; x_wconf 86' lang='lat' dir='ltr'>Christi</span> <span class='ocrx_word' id='word_1_50' title='bbox 1693 701 1815 741; x_wconf 91' lang='lat' dir='ltr'>car-</span> 
     </span>
    </p>
   </div>
   <div class='ocr_carea' id='block_1_9' title="bbox 210 766 1817 840">
    <p class='ocr_par' dir='ltr' id='par_1_9' title="bbox 210 766 1817 840">
     <span class='ocr_line' id='line_1_9' title="bbox 210 766 1817 840; baseline 0.006 -21"><span class='ocrx_word' id='word_1_51' title='bbox 210 780 340 823; x_wconf 86' lang='lat' dir='ltr'>nem</span> <span class='ocrx_word' id='word_1_52' title='bbox 368 775 610 823; x_wconf 86' lang='lat' dir='ltr'>nostram</span> <span class='ocrx_word' id='word_1_53' title='bbox 640 766 708 822; x_wconf 91' lang='lat' dir='ltr'>ad</span> <span class='ocrx_word' id='word_1_54' title='bbox 735 766 1027 839; x_wconf 82' lang='lat' dir='ltr'>peregrina</span> <span class='ocrx_word' id='word_1_55' title='bbox 1055 767 1224 835; x_wconf 89' lang='lat' dir='ltr'>duxit,</span> <span class='ocrx_word' id='word_1_56' title='bbox 1256 771 1471 840; x_wconf 86' lang='lat' dir='ltr'>quando</span> <span class='ocrx_word' id='word_1_57' title='bbox 1501 772 1695 827; x_wconf 85' lang='lat' dir='ltr'>coelum</span> <span class='ocrx_word' id='word_1_58' title='bbox 1737 790 1817 829; x_wconf 88' lang='lat' dir='ltr'>as-</span> 
     </span>
    </p>
   </div>
   <div class='ocr_carea' id='block_1_10' title="bbox 208 855 416 912">
    <p class='ocr_par' dir='ltr' id='par_1_10' title="bbox 208 855 416 912">
     <span class='ocr_line' id='line_1_10' title="bbox 208 855 416 912; baseline -0.01 0"><span class='ocrx_word' id='word_1_59' title='bbox 208 855 416 912; x_wconf 84' lang='lat' dir='ltr'>cendit.</span> 
     </span>
    </p>
   </div>
   <div class='ocr_carea' id='block_1_11' title="bbox 282 944 1817 1018">
    <p class='ocr_par' dir='ltr' id='par_1_11' title="bbox 282 944 1817 1018">
     <span class='ocr_line' id='line_1_11' title="bbox 282 944 1817 1018; baseline 0.005 -18"><span class='ocrx_word' id='word_1_60' title='bbox 282 944 463 1000; x_wconf 84' lang='lat' dir='ltr'>Vens.</span> <span class='ocrx_word' id='word_1_61' title='bbox 496 948 585 1002; x_wconf 88' lang='grc'><strong>15.</strong></span> <span class='ocrx_word' id='word_1_62' title='bbox 610 975 680 986; x_wconf 88' lang='grc'><strong><em>-</em></strong></span> <span class='ocrx_word' id='word_1_63' title='bbox 699 946 771 1001; x_wconf 85' lang='lat' dir='ltr'>Et</span> <span class='ocrx_word' id='word_1_64' title='bbox 793 948 1082 1018; x_wconf 85' lang='lat' dir='ltr'>profectus</span> <span class='ocrx_word' id='word_1_65' title='bbox 1112 950 1197 1002; x_wconf 87' lang='lat' dir='ltr'>est</span> <span class='ocrx_word' id='word_1_66' title='bbox 1227 950 1445 1004; x_wconf 86' lang='lat' dir='ltr'>statim.</span> <span class='ocrx_word' id='word_1_67' title='bbox 1480 949 1605 1004; x_wconf 90' lang='lat' dir='ltr'>Non</span> <span class='ocrx_word' id='word_1_68' title='bbox 1636 949 1817 1006; x_wconf 89' lang='lat' dir='ltr'>locum</span> 
     </span>
    </p>
   </div>
   <div class='ocr_carea' id='block_1_12' title="bbox 209 1033 1816 1110">
    <p class='ocr_par' dir='ltr' id='par_1_12' title="bbox 209 1033 1816 1110">
     <span class='ocr_line' id='line_1_12' title="bbox 209 1033 1816 1110; baseline 0.004 -22"><span class='ocrx_word' id='word_1_69' title='bbox 209 1040 455 1101; x_wconf 89' lang='lat' dir='ltr'>mutans,</span> <span class='ocrx_word' id='word_1_70' title='bbox 488 1034 587 1089; x_wconf 89' lang='lat' dir='ltr'>sed</span> <span class='ocrx_word' id='word_1_71' title='bbox 617 1033 846 1091; x_wconf 82' lang='lat' dir='ltr'>liberam</span> <span class='ocrx_word' id='word_1_72' title='bbox 889 1035 970 1090; x_wconf 90' lang='lat' dir='ltr'>eis</span> <span class='ocrx_word' id='word_1_73' title='bbox 1014 1042 1341 1106; x_wconf 89' lang='lat' dir='ltr'>potestatem</span> <span class='ocrx_word' id='word_1_74' title='bbox 1380 1038 1643 1109; x_wconf 89' lang='lat' dir='ltr'>operandi</span> <span class='ocrx_word' id='word_1_75' title='bbox 1686 1056 1816 1110; x_wconf 88' lang='lat' dir='ltr'>per-</span> 
     </span>
    </p>
   </div>
   <div class='ocr_carea' id='block_1_13' title="bbox 210 1122 461 1178">
    <p class='ocr_par' dir='ltr' id='par_1_13' title="bbox 210 1122 461 1178">
     <span class='ocr_line' id='line_1_13' title="bbox 210 1122 461 1178; baseline 0.004 -1"><span class='ocrx_word' id='word_1_76' title='bbox 210 1122 461 1178; x_wconf 87' lang='lat' dir='ltr'>mittens.</span> 
     </span>
    </p>
   </div>
   <div class='ocr_carea' id='block_1_14' title="bbox 275 1211 1812 1285">
    <p class='ocr_par' dir='ltr' id='par_1_14' title="bbox 275 1211 1812 1285">
     <span class='ocr_line' id='line_1_14' title="bbox 275 1211 1812 1285; baseline 0.004 -19"><span class='ocrx_word' id='word_1_77' title='bbox 275 1211 457 1268; x_wconf 85' lang='lat' dir='ltr'>Vens.</span> <span class='ocrx_word' id='word_1_78' title='bbox 489 1215 578 1267; x_wconf 83' lang='grc'><strong>16.</strong></span> <span class='ocrx_word' id='word_1_79' title='bbox 603 1243 673 1253; x_wconf 93' lang='grc'><strong>-</strong></span> <span class='ocrx_word' id='word_1_80' title='bbox 697 1213 971 1285; x_wconf 88' lang='lat' dir='ltr'>Operatus</span> <span class='ocrx_word' id='word_1_81' title='bbox 997 1218 1081 1270; x_wconf 88' lang='lat' dir='ltr'>est</span> <span class='ocrx_word' id='word_1_82' title='bbox 1111 1215 1173 1269; x_wconf 90' lang='lat' dir='ltr'>in</span> <span class='ocrx_word' id='word_1_83' title='bbox 1204 1217 1304 1270; x_wconf 87' lang='lat' dir='ltr'>eis.</span> <span class='ocrx_word' id='word_1_84' title='bbox 1339 1216 1384 1270; x_wconf 82' lang='grc' dir='ltr'>Α</span> <span class='ocrx_word' id='word_1_85' title='bbox 1415 1214 1720 1272; x_wconf 89' lang='lat' dir='ltr'>visibilibus</span> <span class='ocrx_word' id='word_1_86' title='bbox 1752 1233 1812 1272; x_wconf 91' lang='lat' dir='ltr'>se</span> 
     </span>
    </p>
   </div>
   <div class='ocr_carea' id='block_1_15' title="bbox 207 1300 1813 1375">
    <p class='ocr_par' dir='ltr' id='par_1_15' title="bbox 207 1300 1813 1375">
     <span class='ocr_line' id='line_1_15' title="bbox 207 1300 1813 1375; baseline 0.002 -18"><span class='ocrx_word' id='word_1_87' title='bbox 207 1300 590 1369; x_wconf 86' lang='lat' dir='ltr'>custodiendo,</span> <span class='ocrx_word' id='word_1_88' title='bbox 619 1301 759 1357; x_wconf 86' lang='lat' dir='ltr'>alios</span> <span class='ocrx_word' id='word_1_89' title='bbox 782 1318 883 1373; x_wconf 91' lang='lat' dir='ltr'>pro</span> <span class='ocrx_word' id='word_1_90' title='bbox 912 1318 1075 1373; x_wconf 89' lang='lat' dir='ltr'>posse</span> <span class='ocrx_word' id='word_1_91' title='bbox 1104 1303 1458 1375; x_wconf 84' lang='lat' dir='ltr'>exhortando,</span> <span class='ocrx_word' id='word_1_92' title='bbox 1509 1313 1569 1360; x_wconf 92' lang='lat' dir='ltr'>ut</span> <span class='ocrx_word' id='word_1_93' title='bbox 1618 1306 1687 1362; x_wconf 90' lang='lat' dir='ltr'>de</span> <span class='ocrx_word' id='word_1_94' title='bbox 1732 1306 1813 1361; x_wconf 91' lang='lat' dir='ltr'>vi-</span> 
     </span>
    </p>
   </div>
   <div class='ocr_carea' id='block_1_16' title="bbox 206 1389 1807 1466">
    <p class='ocr_par' dir='ltr' id='par_1_16' title="bbox 206 1389 1807 1466">
     <span class='ocr_line' id='line_1_16' title="bbox 206 1389 1807 1466; baseline 0.004 -22"><span class='ocrx_word' id='word_1_95' title='bbox 206 1389 461 1444; x_wconf 89' lang='lat' dir='ltr'>sibilibus</span> <span class='ocrx_word' id='word_1_96' title='bbox 486 1389 560 1444; x_wconf 85' lang='lat' dir='ltr'>ad</span> <span class='ocrx_word' id='word_1_97' title='bbox 585 1389 882 1445; x_wconf 82' lang='lat' dir='ltr'>invisibilia</span> <span class='ocrx_word' id='word_1_98' title='bbox 909 1398 1208 1447; x_wconf 84' lang='lat' dir='ltr'>transeant.</span> <span class='ocrx_word' id='word_1_99' title='bbox 1251 1392 1350 1448; x_wconf 85' lang='lat' dir='ltr'>Vel</span> <span class='ocrx_word' id='word_1_100' title='bbox 1375 1393 1591 1466; x_wconf 88' lang='lat' dir='ltr'>utrique</span> <span class='ocrx_word' id='word_1_101' title='bbox 1650 1394 1807 1450; x_wconf 84' lang='lat' dir='ltr'>sexui</span> 
     </span>
    </p>
   </div>
   <div class='ocr_carea' id='block_1_17' title="bbox 208 1477 1814 1557">
    <p class='ocr_par' dir='ltr' id='par_1_17' title="bbox 208 1477 1814 1557">
     <span class='ocr_line' id='line_1_17' title="bbox 208 1477 1814 1557; baseline 0.004 -25"><span class='ocrx_word' id='word_1_102' title='bbox 208 1477 581 1549; x_wconf 72' lang='lat' dir='ltr'>praedicando,</span> <span class='ocrx_word' id='word_1_103' title='bbox 612 1486 667 1534; x_wconf 89' lang='lat' dir='ltr'>et</span> <span class='ocrx_word' id='word_1_104' title='bbox 698 1479 767 1534; x_wconf 92' lang='lat' dir='ltr'>de</span> <span class='ocrx_word' id='word_1_105' title='bbox 816 1479 973 1535; x_wconf 90' lang='lat' dir='ltr'>bonis</span> <span class='ocrx_word' id='word_1_106' title='bbox 1020 1480 1266 1537; x_wconf 91' lang='lat' dir='ltr'>moribus</span> <span class='ocrx_word' id='word_1_107' title='bbox 1313 1480 1659 1539; x_wconf 79' lang='lat' dir='ltr'>informando</span> <span class='ocrx_word' id='word_1_108' title='bbox 1708 1500 1814 1557; x_wconf 87' lang='lat' dir='ltr'>ge-</span> 
     </span>
    </p>
   </div>
   <div class='ocr_carea' id='block_1_18' title="bbox 211 1565 953 1639">
    <p class='ocr_par' dir='ltr' id='par_1_18' title="bbox 211 1565 953 1639">
     <span class='ocr_line' id='line_1_18' title="bbox 211 1565 953 1639; baseline 0.004 -18"><span class='ocrx_word' id='word_1_109' title='bbox 211 1565 437 1622; x_wconf 85' lang='lat' dir='ltr'>minavit</span> <span class='ocrx_word' id='word_1_110' title='bbox 469 1574 701 1639; x_wconf 89' lang='lat' dir='ltr'>accepta</span> <span class='ocrx_word' id='word_1_111' title='bbox 729 1568 953 1624; x_wconf 84' lang='lat' dir='ltr'>talenta.</span> 
     </span>
    </p>
   </div>
   <div class='ocr_carea' id='block_1_19' title="bbox 1918 411 3509 485">
    <p class='ocr_par' dir='ltr' id='par_1_19' title="bbox 1918 411 3509 485">
     <span class='ocr_line' id='line_1_19' title="bbox 1918 411 3509 485; baseline 0.003 -18"><span class='ocrx_word' id='word_1_112' title='bbox 1918 412 2036 469; x_wconf 91' lang='lat' dir='ltr'>sine</span> <span class='ocrx_word' id='word_1_113' title='bbox 2067 430 2175 485; x_wconf 86' lang='lat' dir='ltr'>qua</span> <span class='ocrx_word' id='word_1_114' title='bbox 2200 428 2310 469; x_wconf 91' lang='lat' dir='ltr'>non</span> <span class='ocrx_word' id='word_1_115' title='bbox 2336 421 2457 468; x_wconf 88' lang='lat' dir='ltr'>sunt</span> <span class='ocrx_word' id='word_1_116' title='bbox 2502 412 2743 468; x_wconf 82' lang='lat' dir='ltr'>virtutes.</span> <span class='ocrx_word' id='word_1_117' title='bbox 2786 411 2887 468; x_wconf 96' lang='lat' dir='ltr'>Vel</span> <span class='ocrx_word' id='word_1_118' title='bbox 2928 412 3019 485; x_wconf 90' lang='lat' dir='ltr'>qui</span> <span class='ocrx_word' id='word_1_119' title='bbox 3065 412 3229 468; x_wconf 89' lang='lat' dir='ltr'>habet</span> <span class='ocrx_word' id='word_1_120' title='bbox 3268 428 3509 471; x_wconf 90' lang='lat' dir='ltr'>amorem</span> 
     </span>
    </p>
   </div>
   <div class='ocr_carea' id='block_1_20' title="bbox 1916 501 3513 574">
    <p class='ocr_par' dir='ltr' id='par_1_20' title="bbox 1916 501 3513 574">
     <span class='ocr_line' id='line_1_20' title="bbox 1916 501 3513 574; baseline 0 -16"><span class='ocrx_word' id='word_1_121' title='bbox 1916 501 2087 569; x_wconf 88' lang='lat' dir='ltr'>verbi,</span> <span class='ocrx_word' id='word_1_122' title='bbox 2118 503 2274 558; x_wconf 89' lang='lat' dir='ltr'>datur</span> <span class='ocrx_word' id='word_1_123' title='bbox 2302 501 2353 558; x_wconf 91' lang='lat' dir='ltr'>ei</span> <span class='ocrx_word' id='word_1_124' title='bbox 2382 517 2579 557; x_wconf 88' lang='lat' dir='ltr'>sensus</span> <span class='ocrx_word' id='word_1_125' title='bbox 2606 501 2967 574; x_wconf 81' lang='lat' dir='ltr'>intelligendi.</span> <span class='ocrx_word' id='word_1_126' title='bbox 2998 501 3103 571; x_wconf 90' lang='lat' dir='ltr'>Qui</span> <span class='ocrx_word' id='word_1_127' title='bbox 3129 516 3258 558; x_wconf 90' lang='lat' dir='ltr'>vero</span> <span class='ocrx_word' id='word_1_128' title='bbox 3283 518 3393 558; x_wconf 92' lang='lat' dir='ltr'>non</span> <span class='ocrx_word' id='word_1_129' title='bbox 3413 503 3513 559; x_wconf 89' lang='lat' dir='ltr'>ha-</span> 
     </span>
    </p>
   </div>
   <div class='ocr_carea' id='block_1_21' title="bbox 1916 589 3512 664">
    <p class='ocr_par' dir='ltr' id='par_1_21' title="bbox 1916 589 3512 664">
     <span class='ocr_line' id='line_1_21' title="bbox 1916 589 3512 664; baseline 0.002 -19"><span class='ocrx_word' id='word_1_130' title='bbox 1916 591 2024 659; x_wconf 88' lang='lat' dir='ltr'>bet,</span> <span class='ocrx_word' id='word_1_131' title='bbox 2058 591 2217 647; x_wconf 89' lang='lat' dir='ltr'>etiam</span> <span class='ocrx_word' id='word_1_132' title='bbox 2247 590 2293 645; x_wconf 90' lang='lat' dir='ltr'>si</span> <span class='ocrx_word' id='word_1_133' title='bbox 2321 590 2551 646; x_wconf 89' lang='lat' dir='ltr'>naturali</span> <span class='ocrx_word' id='word_1_134' title='bbox 2573 590 2748 646; x_wconf 90' lang='lat' dir='ltr'>studio</span> <span class='ocrx_word' id='word_1_135' title='bbox 2797 589 2975 656; x_wconf 84' lang='lat' dir='ltr'>callet,</span> <span class='ocrx_word' id='word_1_136' title='bbox 3025 589 3223 648; x_wconf 91' lang='lat' dir='ltr'>deﬁcit.</span> <span class='ocrx_word' id='word_1_137' title='bbox 3274 591 3376 648; x_wconf 89' lang='lat' dir='ltr'>Vel</span> <span class='ocrx_word' id='word_1_138' title='bbox 3418 592 3512 664; x_wconf 90' lang='lat' dir='ltr'>qui</span> 
     </span>
    </p>
   </div>
   <div class='ocr_carea' id='block_1_22' title="bbox 1916 678 3510 752">
    <p class='ocr_par' dir='ltr' id='par_1_22' title="bbox 1916 678 3510 752">
     <span class='ocr_line' id='line_1_22' title="bbox 1916 678 3510 752; baseline 0.003 -19"><span class='ocrx_word' id='word_1_139' title='bbox 1916 694 2027 735; x_wconf 89' lang='lat' dir='ltr'>non</span> <span class='ocrx_word' id='word_1_140' title='bbox 2073 680 2233 734; x_wconf 88' lang='lat' dir='ltr'>habet</span> <span class='ocrx_word' id='word_1_141' title='bbox 2281 678 2612 745; x_wconf 89' lang='lat' dir='ltr'>charitatem,</span> <span class='ocrx_word' id='word_1_142' title='bbox 2659 678 2851 733; x_wconf 88' lang='lat' dir='ltr'>amittit</span> <span class='ocrx_word' id='word_1_143' title='bbox 2902 694 3066 735; x_wconf 92' lang='lat' dir='ltr'>omne</span> <span class='ocrx_word' id='word_1_144' title='bbox 3113 679 3313 736; x_wconf 92' lang='lat' dir='ltr'>bonum</span> <span class='ocrx_word' id='word_1_145' title='bbox 3365 681 3510 752; x_wconf 92' lang='lat' dir='ltr'>quod</span> 
     </span>
    </p>
   </div>
   <div class='ocr_carea' id='block_1_23' title="bbox 1917 767 3511 840">
    <p class='ocr_par' dir='ltr' id='par_1_23' title="bbox 1917 767 3511 840">
     <span class='ocr_line' id='line_1_23' title="bbox 1917 767 3511 840; baseline 0.002 -18"><span class='ocrx_word' id='word_1_146' title='bbox 1917 768 2098 823; x_wconf 87' lang='lat' dir='ltr'>habet.</span> <span class='ocrx_word' id='word_1_147' title='bbox 2130 768 2274 824; x_wconf 89' lang='lat' dir='ltr'>Nota</span> <span class='ocrx_word' id='word_1_148' title='bbox 2303 767 2449 839; x_wconf 91' lang='lat' dir='ltr'>quod</span> <span class='ocrx_word' id='word_1_149' title='bbox 2477 767 2580 824; x_wconf 90' lang='lat' dir='ltr'>boc</span> <span class='ocrx_word' id='word_1_150' title='bbox 2610 768 2755 839; x_wconf 88' lang='lat' dir='ltr'>quod</span> <span class='ocrx_word' id='word_1_151' title='bbox 2804 767 2996 840; x_wconf 90' lang='lat' dir='ltr'>cuique</span> <span class='ocrx_word' id='word_1_152' title='bbox 3039 768 3198 824; x_wconf 90' lang='lat' dir='ltr'>datur</span> <span class='ocrx_word' id='word_1_153' title='bbox 3244 768 3303 824; x_wconf 91' lang='lat' dir='ltr'>in</span> <span class='ocrx_word' id='word_1_154' title='bbox 3345 769 3511 825; x_wconf 86' lang='lat' dir='ltr'>rebus</span> 
     </span>
    </p>
   </div>
   <div class='ocr_carea' id='block_1_24' title="bbox 1914 856 3512 930">
    <p class='ocr_par' dir='ltr' id='par_1_24' title="bbox 1914 856 3512 930">
     <span class='ocr_line' id='line_1_24' title="bbox 1914 856 3512 930; baseline 0.003 -20"><span class='ocrx_word' id='word_1_155' title='bbox 1914 856 2205 912; x_wconf 86' lang='lat' dir='ltr'>mundanis</span> <span class='ocrx_word' id='word_1_156' title='bbox 2224 856 2312 911; x_wconf 89' lang='lat' dir='ltr'>vel</span> <span class='ocrx_word' id='word_1_157' title='bbox 2337 856 2723 927; x_wconf 87' lang='lat' dir='ltr'>spiritualibus,</span> <span class='ocrx_word' id='word_1_158' title='bbox 2757 872 2855 927; x_wconf 91' lang='lat' dir='ltr'>pro</span> <span class='ocrx_word' id='word_1_159' title='bbox 2882 856 3084 914; x_wconf 87' lang='lat' dir='ltr'>talento</span> <span class='ocrx_word' id='word_1_160' title='bbox 3111 857 3403 930; x_wconf 86' lang='lat' dir='ltr'>imputatur</span> <span class='ocrx_word' id='word_1_161' title='bbox 3440 858 3512 915; x_wconf 88' lang='lat' dir='ltr'>de</span> 
     </span>
    </p>
   </div>
   <div class='ocr_carea' id='block_1_25' title="bbox 1917 944 2821 1017">
    <p class='ocr_par' dir='ltr' id='par_1_25' title="bbox 1917 944 2821 1017">
     <span class='ocr_line' id='line_1_25' title="bbox 1917 944 2821 1017; baseline -0.001 -16"><span class='ocrx_word' id='word_1_162' title='bbox 1917 944 2064 1017; x_wconf 90' lang='lat' dir='ltr'>quod</span> <span class='ocrx_word' id='word_1_163' title='bbox 2089 952 2171 1001; x_wconf 91' lang='lat' dir='ltr'>est</span> <span class='ocrx_word' id='word_1_164' title='bbox 2199 944 2466 1000; x_wconf 87' lang='lat' dir='ltr'>rationem</span> <span class='ocrx_word' id='word_1_165' title='bbox 2495 944 2821 1001; x_wconf 88' lang='lat' dir='ltr'>redditurus.</span> 
     </span>
    </p>
   </div>
   <div class='ocr_carea' id='block_1_26' title="bbox 1988 1035 3512 1108">
    <p class='ocr_par' dir='ltr' id='par_1_26' title="bbox 1988 1035 3512 1108">
     <span class='ocr_line' id='line_1_26' title="bbox 1988 1035 3512 1108; baseline 0.003 -18"><span class='ocrx_word' id='word_1_166' title='bbox 1988 1035 2158 1090; x_wconf 84' lang='lat' dir='ltr'>Vens.</span> <span class='ocrx_word' id='word_1_167' title='bbox 2192 1036 2279 1088; x_wconf 86' lang='grc'>31.</span> <span class='ocrx_word' id='word_1_168' title='bbox 2305 1064 2375 1074; x_wconf 92' lang='grc'><strong>-</strong></span> <span class='ocrx_word' id='word_1_169' title='bbox 2398 1035 2536 1089; x_wconf 84' lang='lat' dir='ltr'>Cum</span> <span class='ocrx_word' id='word_1_170' title='bbox 2565 1038 2776 1090; x_wconf 85' lang='lat' dir='ltr'>autem.</span> <span class='ocrx_word' id='word_1_171' title='bbox 2822 1035 3141 1092; x_wconf 89' lang='lat' dir='ltr'>Tradendus</span> <span class='ocrx_word' id='word_1_172' title='bbox 3184 1052 3238 1091; x_wconf 82' lang='lat' dir='ltr'>in</span> <span class='ocrx_word' id='word_1_173' title='bbox 3261 1035 3512 1108; x_wconf 88' lang='lat' dir='ltr'>proxim0</span> 
     </span>
    </p>
   </div>
   <div class='ocr_carea' id='block_1_27' title="bbox 1918 1121 3515 1195">
    <p class='ocr_par' dir='ltr' id='par_1_27' title="bbox 1918 1121 3515 1195">
     <span class='ocr_line' id='line_1_27' title="bbox 1918 1121 3515 1195; baseline 0.002 -16"><span class='ocrx_word' id='word_1_174' title='bbox 1918 1122 2065 1179; x_wconf 89' lang='lat' dir='ltr'>cruci</span> <span class='ocrx_word' id='word_1_175' title='bbox 2104 1121 2367 1193; x_wconf 72' lang='lat' dir='ltr'>praemisit</span> <span class='ocrx_word' id='word_1_176' title='bbox 2430 1121 2663 1194; x_wconf 82' lang='lat' dir='ltr'>gloriam</span> <span class='ocrx_word' id='word_1_177' title='bbox 2709 1121 3109 1195; x_wconf 84' lang='lat' dir='ltr'>triumphantis,</span> <span class='ocrx_word' id='word_1_178' title='bbox 3157 1132 3216 1180; x_wconf 89' lang='lat' dir='ltr'>ut</span> <span class='ocrx_word' id='word_1_179' title='bbox 3258 1132 3515 1182; x_wconf 88' lang='lat' dir='ltr'>secutura</span> 
     </span>
    </p>
   </div>
   <div class='ocr_carea' id='block_1_28' title="bbox 1918 1209 3510 1285">
    <p class='ocr_par' dir='ltr' id='par_1_28' title="bbox 1918 1209 3510 1285">
     <span class='ocr_line' id='line_1_28' title="bbox 1918 1209 3510 1285; baseline 0.001 -17"><span class='ocrx_word' id='word_1_180' title='bbox 1918 1211 2171 1268; x_wconf 88' lang='lat' dir='ltr'>scandala</span> <span class='ocrx_word' id='word_1_181' title='bbox 2199 1211 2305 1267; x_wconf 91' lang='lat' dir='ltr'>hac</span> <span class='ocrx_word' id='word_1_182' title='bbox 2333 1209 2695 1281; x_wconf 88' lang='lat' dir='ltr'>promissione</span> <span class='ocrx_word' id='word_1_183' title='bbox 2722 1221 3124 1282; x_wconf 89' lang='lat' dir='ltr'>compensaret.</span> <span class='ocrx_word' id='word_1_184' title='bbox 3165 1213 3295 1270; x_wconf 89' lang='lat' dir='ltr'>Post</span> <span class='ocrx_word' id='word_1_185' title='bbox 3341 1229 3510 1285; x_wconf 87' lang='lat' dir='ltr'>para-</span> 
     </span>
    </p>
   </div>
   <div class='ocr_carea' id='block_1_29' title="bbox 1915 1298 3511 1377">
    <p class='ocr_par' dir='ltr' id='par_1_29' title="bbox 1915 1298 3511 1377">
     <span class='ocr_line' id='line_1_29' title="bbox 1915 1298 3511 1377; baseline 0.003 -21"><span class='ocrx_word' id='word_1_186' title='bbox 1915 1300 2072 1357; x_wconf 88' lang='lat' dir='ltr'>bolas</span> <span class='ocrx_word' id='word_1_187' title='bbox 2103 1300 2174 1357; x_wconf 91' lang='lat' dir='ltr'>de</span> <span class='ocrx_word' id='word_1_188' title='bbox 2200 1298 2309 1356; x_wconf 88' lang='lat' dir='ltr'>ﬁne</span> <span class='ocrx_word' id='word_1_189' title='bbox 2333 1299 2521 1354; x_wconf 90' lang='lat' dir='ltr'>mundi</span> <span class='ocrx_word' id='word_1_190' title='bbox 2550 1315 2696 1377; x_wconf 78' lang='lat' dir='ltr'>nunc</span> <span class='ocrx_word' id='word_1_191' title='bbox 2724 1300 3033 1373; x_wconf 84' lang='lat' dir='ltr'>exsequitur</span> <span class='ocrx_word' id='word_1_192' title='bbox 3075 1302 3340 1359; x_wconf 89' lang='lat' dir='ltr'>Dominus</span> <span class='ocrx_word' id='word_1_193' title='bbox 3386 1318 3511 1360; x_wconf 87' lang='lat' dir='ltr'>mo-</span> 
     </span>
    </p>
   </div>
   <div class='ocr_carea' id='block_1_30' title="bbox 1918 1387 2563 1458">
    <p class='ocr_par' dir='ltr' id='par_1_30' title="bbox 1918 1387 2563 1458">
     <span class='ocr_line' id='line_1_30' title="bbox 1918 1387 2563 1458; baseline -0.002 -13"><span class='ocrx_word' id='word_1_194' title='bbox 1918 1390 2048 1445; x_wconf 92' lang='lat' dir='ltr'>dum</span> <span class='ocrx_word' id='word_1_195' title='bbox 2072 1388 2239 1445; x_wconf 80' lang='lat' dir='ltr'>futuri</span> <span class='ocrx_word' id='word_1_196' title='bbox 2270 1387 2478 1458; x_wconf 90' lang='lat' dir='ltr'>judicii.</span> <span class='ocrx_word' id='word_1_197' title='bbox 2553 1428 2563 1437; x_wconf 78' lang='lat'>.</span> 
     </span>
    </p>
   </div>
   <div class='ocr_carea' id='block_1_31' title="bbox 1990 1478 3515 1545">
    <p class='ocr_par' dir='ltr' id='par_1_31' title="bbox 1990 1478 3515 1545">
     <span class='ocr_line' id='line_1_31' title="bbox 1990 1478 3515 1545; baseline 0.001 -11"><span class='ocrx_word' id='word_1_198' title='bbox 1990 1479 2161 1534; x_wconf 84' lang='lat' dir='ltr'>Vens.</span> <span class='ocrx_word' id='word_1_199' title='bbox 2195 1482 2283 1535; x_wconf 91' lang='lat'><strong>32.</strong></span> <span class='ocrx_word' id='word_1_200' title='bbox 2308 1507 2379 1519; x_wconf 91' lang='lat'>—</span> <span class='ocrx_word' id='word_1_201' title='bbox 2406 1478 2540 1535; x_wconf 77' lang='lat' dir='ltr'>Oves</span> <span class='ocrx_word' id='word_1_202' title='bbox 2570 1478 2664 1545; x_wconf 88' lang='lat' dir='ltr'>ad,</span> <span class='ocrx_word' id='word_1_203' title='bbox 2693 1486 2798 1535; x_wconf 87' lang='lat' dir='ltr'>etc.</span> <span class='ocrx_word' id='word_1_204' title='bbox 2831 1479 2950 1536; x_wconf 91' lang='lat' dir='ltr'>Duo</span> <span class='ocrx_word' id='word_1_205' title='bbox 2988 1479 3211 1537; x_wconf 90' lang='lat' dir='ltr'>ordines</span> <span class='ocrx_word' id='word_1_206' title='bbox 3259 1480 3415 1536; x_wconf 65' lang='lat' dir='ltr'>erant</span> <span class='ocrx_word' id='word_1_207' title='bbox 3457 1480 3515 1536; x_wconf 92' lang='lat' dir='ltr'>in</span> 
     </span>
    </p>
   </div>
   <div class='ocr_carea' id='block_1_32' title="bbox 1912 1567 3513 1641">
    <p class='ocr_par' dir='ltr' id='par_1_32' title="bbox 1912 1567 3513 1641">
     <span class='ocr_line' id='line_1_32' title="bbox 1912 1567 3513 1641; baseline 0.002 -18"><span class='ocrx_word' id='word_1_208' title='bbox 1912 1567 2118 1639; x_wconf 89' lang='lat' dir='ltr'>judicio</span> <span class='ocrx_word' id='word_1_209' title='bbox 2149 1568 2444 1625; x_wconf 89' lang='lat' dir='ltr'>electorum</span> <span class='ocrx_word' id='word_1_210' title='bbox 2470 1567 2676 1623; x_wconf 89' lang='lat' dir='ltr'>scilicet</span> <span class='ocrx_word' id='word_1_211' title='bbox 2706 1575 2759 1624; x_wconf 91' lang='lat' dir='ltr'>et</span> <span class='ocrx_word' id='word_1_212' title='bbox 2801 1569 3153 1641; x_wconf 89' lang='lat' dir='ltr'>reproborum</span> <span class='ocrx_word' id='word_1_213' title='bbox 3185 1586 3200 1625; x_wconf 89' lang='lat'>:</span> <span class='ocrx_word' id='word_1_214' title='bbox 3248 1568 3349 1626; x_wconf 88' lang='lat' dir='ltr'>sed</span> <span class='ocrx_word' id='word_1_215' title='bbox 3395 1569 3513 1626; x_wconf 84' lang='lat' dir='ltr'>ele-</span> 
     </span>
    </p>
   </div>
   <div class='ocr_carea' id='block_1_33' title="bbox 271 1654 3515 1743">
    <p class='ocr_par' dir='ltr' id='par_1_33' title="bbox 271 1654 3515 1743">
     <span class='ocr_line' id='line_1_33' title="bbox 271 1654 3515 1743; baseline 0.002 -32"><span class='ocrx_word' id='word_1_216' title='bbox 271 1655 453 1711; x_wconf 85' lang='lat' dir='ltr'>Vens.</span> <span class='ocrx_word' id='word_1_217' title='bbox 489 1659 580 1712; x_wconf 78' lang='lat' dir='ltr'>l9.</span> <span class='ocrx_word' id='word_1_218' title='bbox 620 1687 690 1698; x_wconf 94' lang='lat'><strong><em>—</em></strong></span> <span class='ocrx_word' id='word_1_219' title='bbox 737 1659 934 1714; x_wconf 80' lang='lat' dir='ltr'>Posuit</span> <span class='ocrx_word' id='word_1_220' title='bbox 977 1663 1189 1715; x_wconf 86' lang='lat' dir='ltr'>autem.</span> <span class='ocrx_word' id='word_1_221' title='bbox 1250 1660 1425 1730; x_wconf 72' lang='lat' dir='ltr'>Coepit</span> <span class='ocrx_word' id='word_1_222' title='bbox 1464 1661 1810 1734; x_wconf 89' lang='lat' dir='ltr'>singulorum</span> <span class='ocrx_word' id='word_1_223' title='bbox 1833 1682 1888 1743; x_wconf 81' lang='grc' dir='ltr'>Β</span> <span class='ocrx_word' id='word_1_224' title='bbox 1918 1665 2127 1713; x_wconf 90' lang='lat' dir='ltr'>ctorum</span> <span class='ocrx_word' id='word_1_225' title='bbox 2156 1656 2251 1711; x_wconf 86' lang='lat' dir='ltr'>alii</span> <span class='ocrx_word' id='word_1_226' title='bbox 2274 1655 2614 1726; x_wconf 81' lang='lat' dir='ltr'>judicabant,</span> <span class='ocrx_word' id='word_1_227' title='bbox 2649 1654 2847 1727; x_wconf 90' lang='lat' dir='ltr'>quibus</span> <span class='ocrx_word' id='word_1_228' title='bbox 2872 1657 3066 1713; x_wconf 89' lang='lat' dir='ltr'>dicitur</span> <span class='ocrx_word' id='word_1_229' title='bbox 3097 1675 3112 1714; x_wconf 91' lang='lat'><strong>:</strong></span> <span class='ocrx_word' id='word_1_230' title='bbox 3138 1658 3410 1715; x_wconf 86' lang='lat' dir='ltr'>Sedebitis</span> <span class='ocrx_word' id='word_1_231' title='bbox 3455 1662 3515 1715; x_wconf 85' lang='lat' dir='ltr'>et</span> 
     </span>
    </p>
   </div>
   <div class='ocr_carea' id='block_1_34' title="bbox 210 1744 1806 1824">
    <p class='ocr_par' dir='ltr' id='par_1_34' title="bbox 210 1744 1806 1824">
     <span class='ocr_line' id='line_1_34' title="bbox 210 1744 1806 1824; baseline 0.004 -23"><span class='ocrx_word' id='word_1_232' title='bbox 210 1752 352 1801; x_wconf 80' lang='lat' dir='ltr'>actus</span> <span class='ocrx_word' id='word_1_233' title='bbox 381 1744 663 1801; x_wconf 87' lang='lat' dir='ltr'>discutere</span> <span class='ocrx_word' id='word_1_234' title='bbox 692 1754 982 1803; x_wconf 87' lang='lat' dir='ltr'>accusante</span> <span class='ocrx_word' id='word_1_235' title='bbox 1002 1747 1335 1803; x_wconf 89' lang='lat' dir='ltr'>conscientia</span> <span class='ocrx_word' id='word_1_236' title='bbox 1356 1765 1806 1824; x_wconf 87' lang='lat' dir='ltr'>unumquemque</span> 
     </span>
    </p>
   </div>
   <div class='ocr_carea' id='block_1_35' title="bbox 221 1833 679 1892">
    <p class='ocr_par' dir='ltr' id='par_1_35' title="bbox 221 1833 679 1892">
     <span class='ocr_line' id='line_1_35' title="bbox 221 1833 679 1892; baseline -0.007 0"><span class='ocrx_word' id='word_1_237' title='bbox 221 1833 299 1892; x_wconf 79' lang='lat' dir='ltr'>vel</span> <span class='ocrx_word' id='word_1_238' title='bbox 346 1842 679 1890; x_wconf 78' lang='lat' dir='ltr'>excusante.</span> 
     </span>
    </p>
   </div>
   <div class='ocr_carea' id='block_1_36' title="bbox 271 1923 1818 1999">
    <p class='ocr_par' dir='ltr' id='par_1_36' title="bbox 271 1923 1818 1999">
     <span class='ocr_line' id='line_1_36' title="bbox 271 1923 1818 1999; baseline 0.002 -20"><span class='ocrx_word' id='word_1_239' title='bbox 271 1923 450 1979; x_wconf 85' lang='lat' dir='ltr'>Vens.</span> <span class='ocrx_word' id='word_1_240' title='bbox 481 1925 575 1981; x_wconf 87' lang='lat'><strong>20.</strong></span> <span class='ocrx_word' id='word_1_241' title='bbox 607 1955 677 1965; x_wconf 94' lang='lat'>—</span> <span class='ocrx_word' id='word_1_242' title='bbox 707 1925 846 1981; x_wconf 85' lang='lat' dir='ltr'>Ecce</span> <span class='ocrx_word' id='word_1_243' title='bbox 875 1925 992 1981; x_wconf 81' lang='lat' dir='ltr'>alia</span> <span class='ocrx_word' id='word_1_244' title='bbox 1021 1926 1284 1998; x_wconf 86' lang='lat' dir='ltr'>quinque.</span> <span class='ocrx_word' id='word_1_245' title='bbox 1317 1925 1596 1999; x_wconf 89' lang='lat' dir='ltr'>Quotquot</span> <span class='ocrx_word' id='word_1_246' title='bbox 1633 1927 1704 1983; x_wconf 91' lang='lat' dir='ltr'>ab</span> <span class='ocrx_word' id='word_1_247' title='bbox 1738 1944 1818 1984; x_wconf 85' lang='lat' dir='ltr'>er-</span> 
     </span>
    </p>
   </div>
   <div class='ocr_carea' id='block_1_37' title="bbox 217 2013 1819 2083">
    <p class='ocr_par' dir='ltr' id='par_1_37' title="bbox 217 2013 1819 2083">
     <span class='ocr_line' id='line_1_37' title="bbox 217 2013 1819 2083; baseline 0.002 -15"><span class='ocrx_word' id='word_1_248' title='bbox 217 2028 327 2068; x_wconf 88' lang='lat' dir='ltr'>rore</span> <span class='ocrx_word' id='word_1_249' title='bbox 356 2013 655 2079; x_wconf 88' lang='lat' dir='ltr'>convertit,</span> <span class='ocrx_word' id='word_1_250' title='bbox 680 2021 759 2068; x_wconf 88' lang='lat' dir='ltr'>tot</span> <span class='ocrx_word' id='word_1_251' title='bbox 777 2014 1012 2069; x_wconf 88' lang='lat' dir='ltr'>Domino</span> <span class='ocrx_word' id='word_1_252' title='bbox 1040 2014 1253 2083; x_wconf 90' lang='lat' dir='ltr'>obtulit,</span> <span class='ocrx_word' id='word_1_253' title='bbox 1300 2015 1670 2071; x_wconf 86' lang='lat' dir='ltr'>testimonium</span> <span class='ocrx_word' id='word_1_254' title='bbox 1715 2016 1819 2071; x_wconf 86' lang='lat' dir='ltr'>sibi</span> 
     </span>
    </p>
   </div>
   <div class='ocr_carea' id='block_1_38' title="bbox 213 2100 1818 2175">
    <p class='ocr_par' dir='ltr' id='par_1_38' title="bbox 213 2100 1818 2175">
     <span class='ocr_line' id='line_1_38' title="bbox 213 2100 1818 2175; baseline 0.002 -19"><span class='ocrx_word' id='word_1_255' title='bbox 213 2100 365 2157; x_wconf 83' lang='lat' dir='ltr'>dante</span> <span class='ocrx_word' id='word_1_256' title='bbox 394 2101 756 2167; x_wconf 85' lang='lat' dir='ltr'>conscientia,</span> <span class='ocrx_word' id='word_1_257' title='bbox 791 2102 936 2173; x_wconf 92' lang='lat' dir='ltr'>quod</span> <span class='ocrx_word' id='word_1_258' title='bbox 961 2118 1062 2173; x_wconf 89' lang='lat' dir='ltr'>per</span> <span class='ocrx_word' id='word_1_259' title='bbox 1089 2103 1326 2175; x_wconf 85' lang='lat' dir='ltr'>gratiam</span> <span class='ocrx_word' id='word_1_260' title='bbox 1356 2103 1461 2159; x_wconf 91' lang='lat' dir='ltr'>sibi</span> <span class='ocrx_word' id='word_1_261' title='bbox 1491 2103 1677 2160; x_wconf 89' lang='lat' dir='ltr'>datam</span> <span class='ocrx_word' id='word_1_262' title='bbox 1708 2121 1818 2161; x_wconf 92' lang='lat' dir='ltr'>non</span> 
     </span>
    </p>
   </div>
   <div class='ocr_carea' id='block_1_39' title="bbox 215 2189 1818 2265">
    <p class='ocr_par' dir='ltr' id='par_1_39' title="bbox 215 2189 1818 2265">
     <span class='ocr_line' id='line_1_39' title="bbox 215 2189 1818 2265; baseline 0.002 -19"><span class='ocrx_word' id='word_1_263' title='bbox 215 2197 414 2246; x_wconf 83' lang='lat' dir='ltr'>tantum</span> <span class='ocrx_word' id='word_1_264' title='bbox 446 2189 554 2245; x_wconf 91' lang='lat' dir='ltr'>sibi</span> <span class='ocrx_word' id='word_1_265' title='bbox 580 2189 804 2263; x_wconf 83' lang='lat' dir='ltr'>profuit,</span> <span class='ocrx_word' id='word_1_266' title='bbox 856 2190 955 2246; x_wconf 91' lang='lat' dir='ltr'>sed</span> <span class='ocrx_word' id='word_1_267' title='bbox 1000 2191 1164 2246; x_wconf 90' lang='lat' dir='ltr'>etiam</span> <span class='ocrx_word' id='word_1_268' title='bbox 1221 2207 1359 2264; x_wconf 89' lang='lat' dir='ltr'>quos</span> <span class='ocrx_word' id='word_1_269' title='bbox 1403 2193 1578 2265; x_wconf 90' lang='lat' dir='ltr'>potuit</span> <span class='ocrx_word' id='word_1_270' title='bbox 1646 2193 1818 2250; x_wconf 92' lang='lat' dir='ltr'>lucri-</span> 
     </span>
    </p>
   </div>
   <div class='ocr_carea' id='block_1_40' title="bbox 218 2276 357 2334">
    <p class='ocr_par' dir='ltr' id='par_1_40' title="bbox 218 2276 357 2334">
     <span class='ocr_line' id='line_1_40' title="bbox 218 2276 357 2334; baseline 0 -1"><span class='ocrx_word' id='word_1_271' title='bbox 218 2276 357 2334; x_wconf 80' lang='lat' dir='ltr'>fecit.</span> 
     </span>
    </p>
   </div>
   <div class='ocr_carea' id='block_1_41' title="bbox 278 2368 1818 2444">
    <p class='ocr_par' dir='ltr' id='par_1_41' title="bbox 278 2368 1818 2444">
     <span class='ocr_line' id='line_1_41' title="bbox 278 2368 1818 2444; baseline 0.003 -22"><span class='ocrx_word' id='word_1_272' title='bbox 278 2368 454 2424; x_wconf 83' lang='lat' dir='ltr'>Vens.</span> <span class='ocrx_word' id='word_1_273' title='bbox 487 2371 582 2425; x_wconf 87' lang='grc'>21.</span> <span class='ocrx_word' id='word_1_274' title='bbox 606 2398 675 2408; x_wconf 93' lang='grc'><strong><em>-</em></strong></span> <span class='ocrx_word' id='word_1_275' title='bbox 695 2369 877 2442; x_wconf 82' lang='lat' dir='ltr'>Super</span> <span class='ocrx_word' id='word_1_276' title='bbox 900 2386 1106 2442; x_wconf 86' lang='lat' dir='ltr'>pauca.</span> <span class='ocrx_word' id='word_1_277' title='bbox 1135 2370 1318 2425; x_wconf 88' lang='lat' dir='ltr'>Pauca</span> <span class='ocrx_word' id='word_1_278' title='bbox 1346 2378 1470 2425; x_wconf 89' lang='lat' dir='ltr'>sunt</span> <span class='ocrx_word' id='word_1_279' title='bbox 1499 2371 1641 2426; x_wconf 87' lang='lat' dir='ltr'>bona</span> <span class='ocrx_word' id='word_1_280' title='bbox 1671 2387 1818 2444; x_wconf 75' lang='lat' dir='ltr'>prae-</span> 
     </span>
    </p>
   </div>
   <div class='ocr_carea' id='block_1_42' title="bbox 220 2450 1819 2531">
    <p class='ocr_par' dir='ltr' id='par_1_42' title="bbox 220 2450 1819 2531">
     <span class='ocr_line' id='line_1_42' title="bbox 220 2450 1819 2531; baseline 0.003 -19"><span class='ocrx_word' id='word_1_281' title='bbox 220 2456 377 2512; x_wconf 83' lang='lat' dir='ltr'>sentis</span> <span class='ocrx_word' id='word_1_282' title='bbox 405 2456 537 2513; x_wconf 67' lang='lat' dir='ltr'>vitae</span> <span class='ocrx_word' id='word_1_283' title='bbox 566 2457 815 2529; x_wconf 85' lang='lat' dir='ltr'>quamvis</span> <span class='ocrx_word' id='word_1_284' title='bbox 845 2457 1011 2513; x_wconf 93' lang='lat' dir='ltr'>multa</span> <span class='ocrx_word' id='word_1_285' title='bbox 1040 2450 1348 2529; x_wconf 85' lang='lat' dir='ltr'>videantur,</span> <span class='ocrx_word' id='word_1_286' title='bbox 1387 2458 1511 2531; x_wconf 88' lang='lat' dir='ltr'>quia</span> <span class='ocrx_word' id='word_1_287' title='bbox 1539 2475 1648 2516; x_wconf 90' lang='lat' dir='ltr'>non</span> <span class='ocrx_word' id='word_1_288' title='bbox 1702 2460 1819 2517; x_wconf 87' lang='lat' dir='ltr'>sine</span> 
     </span>
    </p>
   </div>
   <div class='ocr_carea' id='block_1_43' title="bbox 219 2545 1820 2617">
    <p class='ocr_par' dir='ltr' id='par_1_43' title="bbox 219 2545 1820 2617">
     <span class='ocr_line' id='line_1_43' title="bbox 219 2545 1820 2617; baseline 0.003 -16"><span class='ocrx_word' id='word_1_289' title='bbox 219 2546 441 2617; x_wconf 77' lang='lat' dir='ltr'>alicujus</span> <span class='ocrx_word' id='word_1_290' title='bbox 503 2545 773 2603; x_wconf 73' lang='lat' dir='ltr'>molestiae</span> <span class='ocrx_word' id='word_1_291' title='bbox 830 2546 1153 2603; x_wconf 88' lang='lat' dir='ltr'>admistione</span> <span class='ocrx_word' id='word_1_292' title='bbox 1209 2554 1352 2603; x_wconf 90' lang='lat' dir='ltr'>sunt.</span> <span class='ocrx_word' id='word_1_293' title='bbox 1412 2548 1581 2604; x_wconf 86' lang='lat' dir='ltr'>Multa</span> <span class='ocrx_word' id='word_1_294' title='bbox 1638 2558 1820 2606; x_wconf 88' lang='lat' dir='ltr'>autem</span> 
     </span>
    </p>
   </div>
   <div class='ocr_carea' id='block_1_44' title="bbox 221 2634 1817 2709">
    <p class='ocr_par' dir='ltr' id='par_1_44' title="bbox 221 2634 1817 2709">
     <span class='ocr_line' id='line_1_44' title="bbox 221 2634 1817 2709; baseline 0.003 -18"><span class='ocrx_word' id='word_1_295' title='bbox 221 2634 353 2691; x_wconf 88' lang='lat' dir='ltr'>bona</span> <span class='ocrx_word' id='word_1_296' title='bbox 382 2642 618 2702; x_wconf 64' lang='lat' dir='ltr'>aeterna,</span> <span class='ocrx_word' id='word_1_297' title='bbox 651 2652 773 2708; x_wconf 75' lang='lat' dir='ltr'>quae</span> <span class='ocrx_word' id='word_1_298' title='bbox 805 2642 929 2690; x_wconf 90' lang='lat' dir='ltr'>sunt</span> <span class='ocrx_word' id='word_1_299' title='bbox 958 2635 1075 2691; x_wconf 91' lang='lat' dir='ltr'>sine</span> <span class='ocrx_word' id='word_1_300' title='bbox 1108 2637 1256 2691; x_wconf 92' lang='lat' dir='ltr'>omni</span> <span class='ocrx_word' id='word_1_301' title='bbox 1284 2637 1648 2709; x_wconf 90' lang='lat' dir='ltr'>corruptionis</span> <span class='ocrx_word' id='word_1_302' title='bbox 1694 2655 1817 2695; x_wconf 90' lang='lat' dir='ltr'>mo-</span> 
     </span>
    </p>
   </div>
   <div class='ocr_carea' id='block_1_45' title="bbox 218 2721 1821 2797">
    <p class='ocr_par' dir='ltr' id='par_1_45' title="bbox 218 2721 1821 2797">
     <span class='ocr_line' id='line_1_45' title="bbox 218 2721 1821 2797; baseline 0.005 -20"><span class='ocrx_word' id='word_1_303' title='bbox 218 2721 386 2779; x_wconf 88' lang='lat' dir='ltr'>lestia.</span> <span class='ocrx_word' id='word_1_304' title='bbox 422 2725 591 2780; x_wconf 83' lang='lat' dir='ltr'>Intra</span> <span class='ocrx_word' id='word_1_305' title='bbox 619 2727 685 2781; x_wconf 83' lang='lat' dir='ltr'>in</span> <span class='ocrx_word' id='word_1_306' title='bbox 714 2724 987 2797; x_wconf 82' lang='lat' dir='ltr'>gaudium</span> <span class='ocrx_word' id='word_1_307' title='bbox 1006 2727 1234 2782; x_wconf 82' lang='lat' dir='ltr'>Domini</span> <span class='ocrx_word' id='word_1_308' title='bbox 1257 2728 1364 2782; x_wconf 86' lang='lat' dir='ltr'>tui.</span> <span class='ocrx_word' id='word_1_309' title='bbox 1388 2726 1667 2782; x_wconf 80' lang='lat' dir='ltr'>Admistus</span> <span class='ocrx_word' id='word_1_310' title='bbox 1689 2730 1821 2785; x_wconf 93' lang='lat' dir='ltr'>cho-</span> 
     </span>
    </p>
   </div>
   <div class='ocr_carea' id='block_1_46' title="bbox 221 2812 1821 2888">
    <p class='ocr_par' dir='ltr' id='par_1_46' title="bbox 221 2812 1821 2888">
     <span class='ocr_line' id='line_1_46' title="bbox 221 2812 1821 2888; baseline 0.004 -20"><span class='ocrx_word' id='word_1_311' title='bbox 221 2812 289 2868; x_wconf 87' lang='lat' dir='ltr'>ris</span> <span class='ocrx_word' id='word_1_312' title='bbox 310 2813 647 2887; x_wconf 80' lang='lat' dir='ltr'>angelorum</span> <span class='ocrx_word' id='word_1_313' title='bbox 678 2831 693 2867; x_wconf 89' lang='lat'><strong>:</strong></span> <span class='ocrx_word' id='word_1_314' title='bbox 731 2814 810 2869; x_wconf 92' lang='lat' dir='ltr'>sic</span> <span class='ocrx_word' id='word_1_315' title='bbox 838 2813 984 2869; x_wconf 92' lang='lat' dir='ltr'>intus</span> <span class='ocrx_word' id='word_1_316' title='bbox 1014 2813 1200 2869; x_wconf 67' lang='lat' dir='ltr'>laetare</span> <span class='ocrx_word' id='word_1_317' title='bbox 1232 2814 1301 2870; x_wconf 90' lang='lat' dir='ltr'>de</span> <span class='ocrx_word' id='word_1_318' title='bbox 1354 2831 1601 2884; x_wconf 91' lang='lat' dir='ltr'>munere,</span> <span class='ocrx_word' id='word_1_319' title='bbox 1635 2825 1692 2871; x_wconf 91' lang='lat' dir='ltr'>ut</span> <span class='ocrx_word' id='word_1_320' title='bbox 1704 2819 1821 2888; x_wconf 91' lang='lat' dir='ltr'>jam</span> 
     </span>
    </p>
   </div>
   <div class='ocr_carea' id='block_1_47' title="bbox 218 2901 1598 2975">
    <p class='ocr_par' dir='ltr' id='par_1_47' title="bbox 218 2901 1598 2975">
     <span class='ocr_line' id='line_1_47' title="bbox 218 2901 1598 2975; baseline 0.002 -19"><span class='ocrx_word' id='word_1_321' title='bbox 218 2916 318 2957; x_wconf 91' lang='lat' dir='ltr'>non</span> <span class='ocrx_word' id='word_1_322' title='bbox 348 2902 419 2958; x_wconf 89' lang='lat' dir='ltr'>sit</span> <span class='ocrx_word' id='word_1_323' title='bbox 450 2901 602 2974; x_wconf 92' lang='lat' dir='ltr'>quod</span> <span class='ocrx_word' id='word_1_324' title='bbox 632 2901 874 2957; x_wconf 86' lang='lat' dir='ltr'>exterius</span> <span class='ocrx_word' id='word_1_325' title='bbox 908 2903 1096 2958; x_wconf 90' lang='lat' dir='ltr'>doleas</span> <span class='ocrx_word' id='word_1_326' title='bbox 1125 2902 1193 2958; x_wconf 89' lang='lat' dir='ltr'>de</span> <span class='ocrx_word' id='word_1_327' title='bbox 1237 2903 1598 2975; x_wconf 87' lang='lat' dir='ltr'>corruptione.</span> 
     </span>
    </p>
   </div>
   <div class='ocr_carea' id='block_1_48' title="bbox 281 2990 1819 3064">
    <p class='ocr_par' dir='ltr' id='par_1_48' title="bbox 281 2990 1819 3064">
     <span class='ocr_line' id='line_1_48' title="bbox 281 2990 1819 3064; baseline 0.006 -21"><span class='ocrx_word' id='word_1_328' title='bbox 281 2990 457 3046; x_wconf 83' lang='lat' dir='ltr'>Vens.</span> <span class='ocrx_word' id='word_1_329' title='bbox 491 2993 584 3047; x_wconf 92' lang='lat'>22.</span> <span class='ocrx_word' id='word_1_330' title='bbox 607 3020 677 3031; x_wconf 95' lang='lat'><strong>—</strong></span> <span class='ocrx_word' id='word_1_331' title='bbox 705 2992 808 3060; x_wconf 86' lang='lat' dir='ltr'>Qui</span> <span class='ocrx_word' id='word_1_332' title='bbox 827 2991 934 3048; x_wconf 86' lang='lat' dir='ltr'>duo</span> <span class='ocrx_word' id='word_1_333' title='bbox 968 2992 1190 3048; x_wconf 87' lang='lat' dir='ltr'>talenta</span> <span class='ocrx_word' id='word_1_334' title='bbox 1220 2998 1535 3064; x_wconf 85' lang='lat' dir='ltr'>acceperat.</span> <span class='ocrx_word' id='word_1_335' title='bbox 1570 2993 1678 3049; x_wconf 90' lang='lat' dir='ltr'>Iste</span> <span class='ocrx_word' id='word_1_336' title='bbox 1732 2996 1819 3052; x_wconf 92' lang='lat' dir='ltr'>vi-</span> 
     </span>
    </p>
   </div>
   <div class='ocr_carea' id='block_1_49' title="bbox 218 3079 1820 3154">
    <p class='ocr_par' dir='ltr' id='par_1_49' title="bbox 218 3079 1820 3154">
     <span class='ocr_line' id='line_1_49' title="bbox 218 3079 1820 3154; baseline 0.004 -21"><span class='ocrx_word' id='word_1_337' title='bbox 218 3079 363 3134; x_wconf 83' lang='lat' dir='ltr'>ribus</span> <span class='ocrx_word' id='word_1_338' title='bbox 394 3079 512 3134; x_wconf 92' lang='lat' dir='ltr'>suis</span> <span class='ocrx_word' id='word_1_339' title='bbox 546 3080 808 3152; x_wconf 88' lang='lat' dir='ltr'>quidquid</span> <span class='ocrx_word' id='word_1_340' title='bbox 838 3079 893 3135; x_wconf 93' lang='lat' dir='ltr'>in</span> <span class='ocrx_word' id='word_1_341' title='bbox 923 3079 1049 3154; x_wconf 86' lang='lat' dir='ltr'>lege</span> <span class='ocrx_word' id='word_1_342' title='bbox 1078 3080 1180 3135; x_wconf 89' lang='lat' dir='ltr'>Dei</span> <span class='ocrx_word' id='word_1_343' title='bbox 1210 3080 1496 3149; x_wconf 88' lang='lat' dir='ltr'>didicerat,</span> <span class='ocrx_word' id='word_1_344' title='bbox 1530 3081 1586 3137; x_wconf 91' lang='lat' dir='ltr'>in</span> <span class='ocrx_word' id='word_1_345' title='bbox 1633 3082 1820 3139; x_wconf 88' lang='lat' dir='ltr'>Evan-</span> 
     </span>
    </p>
   </div>
   <div class='ocr_carea' id='block_1_50' title="bbox 218 3167 1822 3245">
    <p class='ocr_par' dir='ltr' id='par_1_50' title="bbox 218 3167 1822 3245">
     <span class='ocr_line' id='line_1_50' title="bbox 218 3167 1822 3245; baseline 0.005 -24"><span class='ocrx_word' id='word_1_346' title='bbox 218 3168 356 3239; x_wconf 88' lang='lat' dir='ltr'>gelio</span> <span class='ocrx_word' id='word_1_347' title='bbox 395 3167 718 3238; x_wconf 86' lang='lat' dir='ltr'>duplicavit.</span> <span class='ocrx_word' id='word_1_348' title='bbox 767 3168 895 3225; x_wconf 87' lang='lat' dir='ltr'>Sive</span> <span class='ocrx_word' id='word_1_349' title='bbox 942 3169 1329 3225; x_wconf 88' lang='lat' dir='ltr'>conscientiam</span> <span class='ocrx_word' id='word_1_350' title='bbox 1377 3178 1432 3225; x_wconf 92' lang='lat' dir='ltr'>et</span> <span class='ocrx_word' id='word_1_351' title='bbox 1477 3185 1644 3242; x_wconf 91' lang='lat' dir='ltr'>opera</span> <span class='ocrx_word' id='word_1_352' title='bbox 1672 3189 1822 3245; x_wconf 62' lang='lat' dir='ltr'>prm-</span> 
     </span>
    </p>
   </div>
   <div class='ocr_carea' id='block_1_51' title="bbox 219 3256 1675 3334">
    <p class='ocr_par' dir='ltr' id='par_1_51' title="bbox 219 3256 1675 3334">
     <span class='ocr_line' id='line_1_51' title="bbox 219 3256 1675 3334; baseline 0.005 -24"><span class='ocrx_word' id='word_1_353' title='bbox 219 3257 381 3311; x_wconf 83' lang='lat' dir='ltr'>sentis</span> <span class='ocrx_word' id='word_1_354' title='bbox 412 3257 543 3313; x_wconf 66' lang='lat' dir='ltr'>vitae</span> <span class='ocrx_word' id='word_1_355' title='bbox 570 3256 763 3313; x_wconf 74' lang='lat' dir='ltr'>futurae</span> <span class='ocrx_word' id='word_1_356' title='bbox 792 3258 1143 3314; x_wconf 89' lang='lat' dir='ltr'>beatitudinis</span> <span class='ocrx_word' id='word_1_357' title='bbox 1189 3267 1347 3334; x_wconf 81' lang='lat' dir='ltr'>typos</span> <span class='ocrx_word' id='word_1_358' title='bbox 1391 3257 1675 3317; x_wconf 89' lang='lat' dir='ltr'>intellexit.</span> 
     </span>
    </p>
   </div>
   <div class='ocr_carea' id='block_1_52' title="bbox 286 3345 1822 3423">
    <p class='ocr_par' dir='ltr' id='par_1_52' title="bbox 286 3345 1822 3423">
     <span class='ocr_line' id='line_1_52' title="bbox 286 3345 1822 3423; baseline 0.005 -23"><span class='ocrx_word' id='word_1_359' title='bbox 286 3345 461 3401; x_wconf 89' lang='lat' dir='ltr'>Vens.</span> <span class='ocrx_word' id='word_1_360' title='bbox 496 3346 587 3403; x_wconf 73' lang='grc'>24.</span> <span class='ocrx_word' id='word_1_361' title='bbox 625 3349 898 3403; x_wconf 87' lang='lat' dir='ltr'>—Durus</span> <span class='ocrx_word' id='word_1_362' title='bbox 928 3364 1006 3405; x_wconf 88' lang='lat' dir='ltr'>es.</span> <span class='ocrx_word' id='word_1_363' title='bbox 1041 3348 1180 3419; x_wconf 87' lang='lat' dir='ltr'>Quia</span> <span class='ocrx_word' id='word_1_364' title='bbox 1223 3354 1389 3407; x_wconf 90' lang='lat' dir='ltr'>ardua</span> <span class='ocrx_word' id='word_1_365' title='bbox 1439 3361 1522 3409; x_wconf 89' lang='lat' dir='ltr'>est</span> <span class='ocrx_word' id='word_1_366' title='bbox 1566 3353 1657 3409; x_wconf 88' lang='lat' dir='ltr'>via</span> <span class='ocrx_word' id='word_1_367' title='bbox 1702 3368 1822 3423; x_wconf 69' lang='lat' dir='ltr'>quae</span> 
     </span>
    </p>
   </div>
   <div class='ocr_carea' id='block_1_53' title="bbox 223 3432 1821 3513">
    <p class='ocr_par' dir='ltr' id='par_1_53' title="bbox 223 3432 1821 3513">
     <span class='ocr_line' id='line_1_53' title="bbox 223 3432 1821 3513; baseline 0.007 -26"><span class='ocrx_word' id='word_1_368' title='bbox 223 3432 362 3490; x_wconf 89' lang='lat' dir='ltr'>ducit</span> <span class='ocrx_word' id='word_1_369' title='bbox 388 3434 459 3489; x_wconf 90' lang='lat' dir='ltr'>ad</span> <span class='ocrx_word' id='word_1_370' title='bbox 493 3435 678 3503; x_wconf 87' lang='lat' dir='ltr'>vitam,</span> <span class='ocrx_word' id='word_1_371' title='bbox 715 3444 768 3491; x_wconf 90' lang='lat' dir='ltr'>et</span> <span class='ocrx_word' id='word_1_372' title='bbox 796 3436 922 3508; x_wconf 87' lang='lat' dir='ltr'>quia</span> <span class='ocrx_word' id='word_1_373' title='bbox 952 3446 1153 3511; x_wconf 87' lang='lat' dir='ltr'>quanto</span> <span class='ocrx_word' id='word_1_374' title='bbox 1199 3440 1401 3513; x_wconf 89' lang='lat' dir='ltr'>gradus</span> <span class='ocrx_word' id='word_1_375' title='bbox 1448 3441 1619 3511; x_wconf 89' lang='lat' dir='ltr'>altior,</span> <span class='ocrx_word' id='word_1_376' title='bbox 1671 3447 1821 3498; x_wconf 88' lang='lat' dir='ltr'>tanto</span> 
     </span>
    </p>
   </div>
   <div class='ocr_carea' id='block_1_54' title="bbox 222 3524 643 3598">
    <p class='ocr_par' dir='ltr' id='par_1_54' title="bbox 222 3524 643 3598">
     <span class='ocr_line' id='line_1_54' title="bbox 222 3524 643 3598; baseline 0.005 -21"><span class='ocrx_word' id='word_1_377' title='bbox 222 3538 373 3579; x_wconf 87' lang='lat' dir='ltr'>casus</span> <span class='ocrx_word' id='word_1_378' title='bbox 402 3524 643 3598; x_wconf 79' lang='lat' dir='ltr'>gravior.</span> 
     </span>
    </p>
   </div>
   <div class='ocr_carea' id='block_1_55' title="bbox 286 3612 1819 3694">
    <p class='ocr_par' dir='ltr' id='par_1_55' title="bbox 286 3612 1819 3694">
     <span class='ocr_line' id='line_1_55' title="bbox 286 3612 1819 3694; baseline 0.006 -27"><span class='ocrx_word' id='word_1_379' title='bbox 286 3612 462 3668; x_wconf 83' lang='lat' dir='ltr'>Vens.</span> <span class='ocrx_word' id='word_1_380' title='bbox 496 3614 589 3670; x_wconf 85' lang='lat'><strong>25.</strong></span> <span class='ocrx_word' id='word_1_381' title='bbox 614 3643 683 3655; x_wconf 92' lang='lat'><strong><em>—</em></strong></span> <span class='ocrx_word' id='word_1_382' title='bbox 710 3615 780 3669; x_wconf 86' lang='lat' dir='ltr'>Et</span> <span class='ocrx_word' id='word_1_383' title='bbox 812 3616 1019 3672; x_wconf 87' lang='lat' dir='ltr'>timens</span> <span class='ocrx_word' id='word_1_384' title='bbox 1048 3616 1181 3684; x_wconf 85' lang='lat' dir='ltr'>abii,</span> <span class='ocrx_word' id='word_1_385' title='bbox 1215 3626 1319 3675; x_wconf 89' lang='lat' dir='ltr'>etc.</span> <span class='ocrx_word' id='word_1_386' title='bbox 1371 3621 1440 3676; x_wconf 87' lang='lat' dir='ltr'>Et</span> <span class='ocrx_word' id='word_1_387' title='bbox 1486 3620 1680 3678; x_wconf 89' lang='lat' dir='ltr'>timens</span> <span class='ocrx_word' id='word_1_388' title='bbox 1715 3637 1819 3694; x_wconf 83' lang='lat' dir='ltr'>ag-</span> 
     </span>
    </p>
   </div>
   <div class='ocr_carea' id='block_1_56' title="bbox 222 3701 1825 3782">
    <p class='ocr_par' dir='ltr' id='par_1_56' title="bbox 222 3701 1825 3782">
     <span class='ocr_line' id='line_1_56' title="bbox 222 3701 1825 3782; baseline 0.006 -26"><span class='ocrx_word' id='word_1_389' title='bbox 222 3702 369 3770; x_wconf 76' lang='lat' dir='ltr'>gredi</span> <span class='ocrx_word' id='word_1_390' title='bbox 398 3701 613 3757; x_wconf 84' lang='lat' dir='ltr'>altioris</span> <span class='ocrx_word' id='word_1_391' title='bbox 643 3702 766 3758; x_wconf 77' lang='lat' dir='ltr'>vitae</span> <span class='ocrx_word' id='word_1_392' title='bbox 797 3704 1045 3775; x_wconf 84' lang='lat' dir='ltr'>gradum,</span> <span class='ocrx_word' id='word_1_393' title='bbox 1080 3722 1149 3762; x_wconf 91' lang='lat' dir='ltr'>ne</span> <span class='ocrx_word' id='word_1_394' title='bbox 1179 3707 1401 3764; x_wconf 89' lang='lat' dir='ltr'>alterius</span> <span class='ocrx_word' id='word_1_395' title='bbox 1432 3709 1658 3766; x_wconf 90' lang='lat' dir='ltr'>salutem</span> <span class='ocrx_word' id='word_1_396' title='bbox 1678 3727 1825 3782; x_wconf 67' lang='lat' dir='ltr'>quie-</span> 
     </span>
    </p>
   </div>
   <div class='ocr_carea' id='block_1_57' title="bbox 223 3790 1820 3862">
    <p class='ocr_par' dir='ltr' id='par_1_57' title="bbox 223 3790 1820 3862">
     <span class='ocr_line' id='line_1_57' title="bbox 223 3790 1820 3862; baseline 0.006 -18"><span class='ocrx_word' id='word_1_397' title='bbox 223 3806 345 3845; x_wconf 87' lang='lat' dir='ltr'>rens</span> <span class='ocrx_word' id='word_1_398' title='bbox 362 3790 485 3862; x_wconf 89' lang='lat' dir='ltr'>ipse</span> <span class='ocrx_word' id='word_1_399' title='bbox 506 3791 875 3862; x_wconf 88' lang='lat' dir='ltr'>periclitarer.</span> <span class='ocrx_word' id='word_1_400' title='bbox 896 3794 1173 3852; x_wconf 85' lang='lat' dir='ltr'>Abscondi</span> <span class='ocrx_word' id='word_1_401' title='bbox 1194 3798 1477 3854; x_wconf 85' lang='lat' dir='ltr'>talentum</span> <span class='ocrx_word' id='word_1_402' title='bbox 1496 3803 1678 3856; x_wconf 84' lang='lat' dir='ltr'>tuum.</span> <span class='ocrx_word' id='word_1_403' title='bbox 1699 3799 1820 3854; x_wconf 88' lang='lat' dir='ltr'>Non</span> 
     </span>
    </p>
   </div>
   <div class='ocr_carea' id='block_1_58' title="bbox 220 3880 1330 3951">
    <p class='ocr_par' dir='ltr' id='par_1_58' title="bbox 220 3880 1330 3951">
     <span class='ocr_line' id='line_1_58' title="bbox 220 3880 1330 3951; baseline 0.005 -16"><span class='ocrx_word' id='word_1_404' title='bbox 220 3880 508 3949; x_wconf 67' lang='lat' dir='ltr'>praedicavi</span> <span class='ocrx_word' id='word_1_405' title='bbox 538 3880 687 3951; x_wconf 89' lang='lat' dir='ltr'>quod</span> <span class='ocrx_word' id='word_1_406' title='bbox 721 3888 773 3935; x_wconf 88' lang='lat' dir='ltr'>te</span> <span class='ocrx_word' id='word_1_407' title='bbox 806 3881 1040 3938; x_wconf 89' lang='lat' dir='ltr'>donante</span> <span class='ocrx_word' id='word_1_408' title='bbox 1070 3883 1330 3940; x_wconf 83' lang='lat' dir='ltr'>intellexi.</span> 
     </span>
    </p>
   </div>
   <div class='ocr_carea' id='block_1_59' title="bbox 292 3967 1822 4049">
    <p class='ocr_par' dir='ltr' id='par_1_59' title="bbox 292 3967 1822 4049">
     <span class='ocr_line' id='line_1_59' title="bbox 292 3967 1822 4049; baseline 0.006 -28"><span class='ocrx_word' id='word_1_409' title='bbox 292 3967 458 4023; x_wconf 84' lang='lat' dir='ltr'>Vens.</span> <span class='ocrx_word' id='word_1_410' title='bbox 495 3971 585 4026; x_wconf 86' lang='lat'><strong>26.</strong></span> <span class='ocrx_word' id='word_1_411' title='bbox 630 3970 933 4025; x_wconf 86' lang='lat' dir='ltr'>—Sciebas</span> <span class='ocrx_word' id='word_1_412' title='bbox 954 3974 1104 4044; x_wconf 87' lang='lat' dir='ltr'>quia,</span> <span class='ocrx_word' id='word_1_413' title='bbox 1140 3981 1243 4029; x_wconf 89' lang='lat' dir='ltr'>etc.</span> <span class='ocrx_word' id='word_1_414' title='bbox 1278 3974 1461 4044; x_wconf 89' lang='lat' dir='ltr'>Quare</span> <span class='ocrx_word' id='word_1_415' title='bbox 1490 3976 1591 4031; x_wconf 88' lang='lat' dir='ltr'>ista</span> <span class='ocrx_word' id='word_1_416' title='bbox 1624 3976 1822 4049; x_wconf 80' lang='lat' dir='ltr'>cogita—</span> 
     </span>
    </p>
   </div>
   <div class='ocr_carea' id='block_1_60' title="bbox 220 4055 1820 4121">
    <p class='ocr_par' dir='ltr' id='par_1_60' title="bbox 220 4055 1820 4121">
     <span class='ocr_line' id='line_1_60' title="bbox 220 4055 1820 4121; baseline 0.005 -11"><span class='ocrx_word' id='word_1_417' title='bbox 220 4055 291 4111; x_wconf 89' lang='lat' dir='ltr'>tio</span> <span class='ocrx_word' id='word_1_418' title='bbox 320 4072 427 4111; x_wconf 89' lang='lat' dir='ltr'>non</span> <span class='ocrx_word' id='word_1_419' title='bbox 460 4056 692 4112; x_wconf 89' lang='lat' dir='ltr'>incussit</span> <span class='ocrx_word' id='word_1_420' title='bbox 723 4057 819 4112; x_wconf 92' lang='lat' dir='ltr'>tibi</span> <span class='ocrx_word' id='word_1_421' title='bbox 850 4058 1099 4117; x_wconf 88' lang='lat' dir='ltr'>timorem</span> <span class='ocrx_word' id='word_1_422' title='bbox 1128 4070 1185 4118; x_wconf 93' lang='lat' dir='ltr'>ut</span> <span class='ocrx_word' id='word_1_423' title='bbox 1212 4063 1381 4119; x_wconf 89' lang='lat' dir='ltr'>scires</span> <span class='ocrx_word' id='word_1_424' title='bbox 1409 4080 1499 4121; x_wconf 88' lang='lat' dir='ltr'>me</span> <span class='ocrx_word' id='word_1_425' title='bbox 1525 4080 1645 4121; x_wconf 89' lang='lat' dir='ltr'>mea</span> <span class='ocrx_word' id='word_1_426' title='bbox 1693 4065 1820 4119; x_wconf 91' lang='lat' dir='ltr'>dili-</span> 
     </span>
    </p>
   </div>
   <div class='ocr_carea' id='block_1_61' title="bbox 221 4144 1823 4224">
    <p class='ocr_par' dir='ltr' id='par_1_61' title="bbox 221 4144 1823 4224">
     <span class='ocr_line' id='line_1_61' title="bbox 221 4144 1823 4224; baseline 0.007 -26"><span class='ocrx_word' id='word_1_427' title='bbox 221 4144 436 4215; x_wconf 78' lang='lat' dir='ltr'>gentius</span> <span class='ocrx_word' id='word_1_428' title='bbox 466 4145 824 4216; x_wconf 69' lang='lat' dir='ltr'>quaesiturum</span> <span class='ocrx_word' id='word_1_429' title='bbox 870 4148 898 4201; x_wconf 67' lang='grc' dir='ltr'>Τ</span> <span class='ocrx_word' id='word_1_430' title='bbox 944 4147 1101 4218; x_wconf 91' lang='lat' dir='ltr'>Quod</span> <span class='ocrx_word' id='word_1_431' title='bbox 1139 4150 1272 4206; x_wconf 86' lang='lat' dir='ltr'>.lixit</span> <span class='ocrx_word' id='word_1_432' title='bbox 1316 4168 1416 4224; x_wconf 91' lang='lat' dir='ltr'>pro</span> <span class='ocrx_word' id='word_1_433' title='bbox 1478 4152 1823 4209; x_wconf 85' lang='lat' dir='ltr'>excusatione</span> 
     </span>
    </p>
   </div>
   <div class='ocr_carea' id='block_1_62' title="bbox 221 4233 796 4305">
    <p class='ocr_par' dir='ltr' id='par_1_62' title="bbox 221 4233 796 4305">
     <span class='ocr_line' id='line_1_62' title="bbox 221 4233 796 4305; baseline 0.007 -20"><span class='ocrx_word' id='word_1_434' title='bbox 221 4233 440 4287; x_wconf 82' lang='lat' dir='ltr'>vertitur</span> <span class='ocrx_word' id='word_1_435' title='bbox 469 4233 525 4287; x_wconf 92' lang='lat' dir='ltr'>in</span> <span class='ocrx_word' id='word_1_436' title='bbox 558 4233 796 4305; x_wconf 88' lang='lat' dir='ltr'>culpam.</span> 
     </span>
    </p>
   </div>
   <div class='ocr_carea' id='block_1_63' title="bbox 287 4321 1819 4398">
    <p class='ocr_par' dir='ltr' id='par_1_63' title="bbox 287 4321 1819 4398">
     <span class='ocr_line' id='line_1_63' title="bbox 287 4321 1819 4398; baseline 0.007 -23"><span class='ocrx_word' id='word_1_437' title='bbox 287 4321 462 4376; x_wconf 86' lang='lat' dir='ltr'>Vens.</span> <span class='ocrx_word' id='word_1_438' title='bbox 487 4323 655 4379; x_wconf 75' lang='lat'>2’1.—</span> <span class='ocrx_word' id='word_1_439' title='bbox 674 4323 1108 4383; x_wconf 85' lang='lat' dir='ltr'>Nummulariis.</span> <span class='ocrx_word' id='word_1_440' title='bbox 1133 4328 1232 4384; x_wconf 89' lang='lat' dir='ltr'>Vel</span> <span class='ocrx_word' id='word_1_441' title='bbox 1251 4328 1463 4385; x_wconf 64' lang='lat' dir='ltr'>caeteris</span> <span class='ocrx_word' id='word_1_442' title='bbox 1489 4329 1819 4398; x_wconf 88' lang='lat' dir='ltr'>doctoribus,</span> 
     </span>
    </p>
   </div>
   <div class='ocr_carea' id='block_1_64' title="bbox 1842 3041 1892 3107">
    <p class='ocr_par' dir='ltr' id='par_1_64' title="bbox 1842 3041 1892 3107">
     <span class='ocr_line' id='line_1_64' title="bbox 1842 3041 1892 3107; baseline 0 0"><span class='ocrx_word' id='word_1_443' title='bbox 1842 3041 1892 3107; x_wconf 89' lang='lat' dir='ltr'>C</span> 
     </span>
    </p>
   </div>
   <div class='ocr_carea' id='block_1_65' title="bbox 1918 1744 3508 1817">
    <p class='ocr_par' dir='ltr' id='par_1_65' title="bbox 1918 1744 3508 1817">
     <span class='ocr_line' id='line_1_65' title="bbox 1918 1744 3508 1817; baseline 0.001 -15"><span class='ocrx_word' id='word_1_444' title='bbox 1918 1763 2011 1803; x_wconf 83' lang='lat' dir='ltr'>vos</span> <span class='ocrx_word' id='word_1_445' title='bbox 2033 1761 2204 1817; x_wconf 88' lang='lat' dir='ltr'>super</span> <span class='ocrx_word' id='word_1_446' title='bbox 2223 1744 2380 1800; x_wconf 85' lang='lat' dir='ltr'>sedes</span> <span class='ocrx_word' id='word_1_447' title='bbox 2402 1744 2697 1802; x_wconf 87' lang='lat' dir='ltr'>duodecim</span> <span class='ocrx_word' id='word_1_448' title='bbox 2724 1744 3053 1817; x_wconf 84' lang='lat' dir='ltr'>judicantes</span> <span class='ocrx_word' id='word_1_449' title='bbox 3095 1748 3270 1804; x_wconf 86' lang='lat' dir='ltr'>tribus</span> <span class='ocrx_word' id='word_1_450' title='bbox 3310 1748 3508 1805; x_wconf 78' lang='lat' dir='ltr'>Israel.</span> 
     </span>
    </p>
   </div>
   <div class='ocr_carea' id='block_1_66' title="bbox 1919 1831 3512 1903">
    <p class='ocr_par' dir='ltr' id='par_1_66' title="bbox 1919 1831 3512 1903">
     <span class='ocr_line' id='line_1_66' title="bbox 1919 1831 3512 1903; baseline 0.002 -13"><span class='ocrx_word' id='word_1_451' title='bbox 1919 1833 2025 1890; x_wconf 80' lang='lat' dir='ltr'>Alii</span> <span class='ocrx_word' id='word_1_452' title='bbox 2047 1833 2437 1903; x_wconf 89' lang='lat' dir='ltr'>judicabuntur</span> <span class='ocrx_word' id='word_1_453' title='bbox 2466 1831 2664 1903; x_wconf 89' lang='lat' dir='ltr'>quibus</span> <span class='ocrx_word' id='word_1_454' title='bbox 2691 1832 2885 1888; x_wconf 89' lang='lat' dir='ltr'>dicitur</span> <span class='ocrx_word' id='word_1_455' title='bbox 2910 1852 2924 1889; x_wconf 90' lang='lat'><strong>:</strong></span> <span class='ocrx_word' id='word_1_456' title='bbox 2950 1836 3174 1890; x_wconf 85' lang='lat' dir='ltr'>Esurivi</span> <span class='ocrx_word' id='word_1_457' title='bbox 3192 1838 3249 1891; x_wconf 86' lang='lat' dir='ltr'>et</span> <span class='ocrx_word' id='word_1_458' title='bbox 3280 1835 3512 1893; x_wconf 76' lang='lat' dir='ltr'>dedistis</span> 
     </span>
    </p>
   </div>
   <div class='ocr_carea' id='block_1_67' title="bbox 1919 1921 3514 1995">
    <p class='ocr_par' dir='ltr' id='par_1_67' title="bbox 1919 1921 3514 1995">
     <span class='ocr_line' id='line_1_67' title="bbox 1919 1921 3514 1995; baseline 0.001 -18"><span class='ocrx_word' id='word_1_459' title='bbox 1919 1922 2064 1978; x_wconf 85' lang='lat' dir='ltr'>mihi</span> <span class='ocrx_word' id='word_1_460' title='bbox 2089 1921 2457 1978; x_wconf 81' lang='lat' dir='ltr'>manducare.</span> <span class='ocrx_word' id='word_1_461' title='bbox 2509 1921 2644 1975; x_wconf 89' lang='lat' dir='ltr'>Item</span> <span class='ocrx_word' id='word_1_462' title='bbox 2691 1921 3051 1992; x_wconf 89' lang='lat' dir='ltr'>reproborum</span> <span class='ocrx_word' id='word_1_463' title='bbox 3091 1922 3184 1978; x_wconf 90' lang='lat' dir='ltr'>alii</span> <span class='ocrx_word' id='word_1_464' title='bbox 3229 1923 3323 1995; x_wconf 90' lang='lat' dir='ltr'>qui</span> <span class='ocrx_word' id='word_1_465' title='bbox 3365 1930 3514 1980; x_wconf 86' lang='lat' dir='ltr'>extra</span> 
     </span>
    </p>
   </div>
   <div class='ocr_carea' id='block_1_68' title="bbox 1919 2008 3515 2084">
    <p class='ocr_par' dir='ltr' id='par_1_68' title="bbox 1919 2008 3515 2084">
     <span class='ocr_line' id='line_1_68' title="bbox 1919 2008 3515 2084; baseline 0.001 -18"><span class='ocrx_word' id='word_1_466' title='bbox 1919 2010 2223 2066; x_wconf 89' lang='lat' dir='ltr'>Ecclesiam</span> <span class='ocrx_word' id='word_1_467' title='bbox 2243 2016 2387 2078; x_wconf 90' lang='lat' dir='ltr'>sunt,</span> <span class='ocrx_word' id='word_1_468' title='bbox 2429 2023 2538 2063; x_wconf 91' lang='lat' dir='ltr'>non</span> <span class='ocrx_word' id='word_1_469' title='bbox 2569 2008 2954 2078; x_wconf 85' lang='lat' dir='ltr'>judicabuntur</span> <span class='ocrx_word' id='word_1_470' title='bbox 2992 2029 3006 2067; x_wconf 86' lang='lat'><strong>:</strong></span> <span class='ocrx_word' id='word_1_471' title='bbox 3049 2010 3142 2068; x_wconf 88' lang='lat' dir='ltr'>alii</span> <span class='ocrx_word' id='word_1_472' title='bbox 3170 2010 3266 2084; x_wconf 89' lang='lat' dir='ltr'>qui</span> <span class='ocrx_word' id='word_1_473' title='bbox 3297 2010 3515 2082; x_wconf 89' lang='lat' dir='ltr'>judica-</span> 
     </span>
    </p>
   </div>
   <div class='ocr_carea' id='block_1_69' title="bbox 1920 2095 3512 2171">
    <p class='ocr_par' dir='ltr' id='par_1_69' title="bbox 1920 2095 3512 2171">
     <span class='ocr_line' id='line_1_69' title="bbox 1920 2095 3512 2171; baseline 0.003 -17"><span class='ocrx_word' id='word_1_474' title='bbox 1920 2099 2135 2166; x_wconf 91' lang='lat' dir='ltr'>buntur,</span> <span class='ocrx_word' id='word_1_475' title='bbox 2167 2097 2362 2171; x_wconf 90' lang='lat' dir='ltr'>quibus</span> <span class='ocrx_word' id='word_1_476' title='bbox 2400 2095 2599 2152; x_wconf 88' lang='lat' dir='ltr'>dicitur</span> <span class='ocrx_word' id='word_1_477' title='bbox 2647 2116 2663 2153; x_wconf 90' lang='lat'><strong>:</strong></span> <span class='ocrx_word' id='word_1_478' title='bbox 2711 2101 2957 2168; x_wconf 79' lang='lat' dir='ltr'>Esurivi,</span> <span class='ocrx_word' id='word_1_479' title='bbox 2994 2104 3051 2158; x_wconf 85' lang='lat' dir='ltr'>et</span> <span class='ocrx_word' id='word_1_480' title='bbox 3112 2116 3229 2158; x_wconf 89' lang='lat' dir='ltr'>non</span> <span class='ocrx_word' id='word_1_481' title='bbox 3276 2099 3512 2158; x_wconf 80' lang='lat' dir='ltr'>dedistis</span> 
     </span>
    </p>
   </div>
   <div class='ocr_carea' id='block_1_70' title="bbox 1919 2186 2905 2256">
    <p class='ocr_par' dir='ltr' id='par_1_70' title="bbox 1919 2186 2905 2256">
     <span class='ocr_line' id='line_1_70' title="bbox 1919 2186 2905 2256; baseline -0.002 -12"><span class='ocrx_word' id='word_1_482' title='bbox 1919 2188 2064 2244; x_wconf 86' lang='lat' dir='ltr'>mihi</span> <span class='ocrx_word' id='word_1_483' title='bbox 2090 2186 2457 2256; x_wconf 81' lang='lat' dir='ltr'>manducare,</span> <span class='ocrx_word' id='word_1_484' title='bbox 2514 2192 2617 2243; x_wconf 91' lang='lat' dir='ltr'>etc.</span> <span class='ocrx_word' id='word_1_485' title='bbox 2900 2240 2905 2247; x_wconf 86' lang='lat'><strong><em>_</em></strong></span> 
     </span>
    </p>
   </div>
   <div class='ocr_carea' id='block_1_71' title="bbox 1992 2276 3515 2350">
    <p class='ocr_par' dir='ltr' id='par_1_71' title="bbox 1992 2276 3515 2350">
     <span class='ocr_line' id='line_1_71' title="bbox 1992 2276 3515 2350; baseline 0.003 -19"><span class='ocrx_word' id='word_1_486' title='bbox 1992 2276 2161 2331; x_wconf 87' lang='lat' dir='ltr'>Vens.</span> <span class='ocrx_word' id='word_1_487' title='bbox 2204 2280 2271 2333; x_wconf 87' lang='lat'><strong>33</strong></span> <span class='ocrx_word' id='word_1_488' title='bbox 2306 2307 2377 2320; x_wconf 90' lang='lat'><strong>-</strong></span> <span class='ocrx_word' id='word_1_489' title='bbox 2414 2280 2626 2336; x_wconf 63' lang='lat' dir='ltr'>Iliados.</span> <span class='ocrx_word' id='word_1_490' title='bbox 2660 2277 2862 2334; x_wconf 69' lang='lat' dir='ltr'>Haedus</span> <span class='ocrx_word' id='word_1_491' title='bbox 2893 2285 2975 2334; x_wconf 90' lang='lat' dir='ltr'>est</span> <span class='ocrx_word' id='word_1_492' title='bbox 3002 2278 3202 2334; x_wconf 88' lang='lat' dir='ltr'>animal</span> <span class='ocrx_word' id='word_1_493' title='bbox 3239 2276 3515 2350; x_wconf 89' lang='lat' dir='ltr'>petulcum</span> 
     </span>
    </p>
   </div>
   <div class='ocr_carea' id='block_1_72' title="bbox 1921 2364 3520 2440">
    <p class='ocr_par' dir='ltr' id='par_1_72' title="bbox 1921 2364 3520 2440">
     <span class='ocr_line' id='line_1_72' title="bbox 1921 2364 3520 2440; baseline 0.003 -19"><span class='ocrx_word' id='word_1_494' title='bbox 1921 2371 1975 2421; x_wconf 87' lang='lat' dir='ltr'>et</span> <span class='ocrx_word' id='word_1_495' title='bbox 1999 2364 2223 2435; x_wconf 82' lang='lat' dir='ltr'>olidam,</span> <span class='ocrx_word' id='word_1_496' title='bbox 2256 2367 2349 2439; x_wconf 92' lang='lat' dir='ltr'>qui</span> <span class='ocrx_word' id='word_1_497' title='bbox 2374 2384 2476 2439; x_wconf 91' lang='lat' dir='ltr'>pro</span> <span class='ocrx_word' id='word_1_498' title='bbox 2505 2367 2748 2440; x_wconf 88' lang='lat' dir='ltr'>peccatis</span> <span class='ocrx_word' id='word_1_499' title='bbox 2778 2366 3101 2423; x_wconf 71' lang='lat' dir='ltr'>offerebatur</span> <span class='ocrx_word' id='word_1_500' title='bbox 3129 2368 3185 2422; x_wconf 93' lang='lat' dir='ltr'>in</span> <span class='ocrx_word' id='word_1_501' title='bbox 3200 2368 3345 2440; x_wconf 88' lang='lat' dir='ltr'>lege,</span> <span class='ocrx_word' id='word_1_502' title='bbox 3369 2375 3420 2425; x_wconf 90' lang='lat' dir='ltr'>et</span> <span class='ocrx_word' id='word_1_503' title='bbox 3451 2367 3520 2424; x_wconf 85' lang='lat' dir='ltr'>si-</span> 
     </span>
    </p>
   </div>
   <div class='ocr_carea' id='block_1_73' title="bbox 1920 2453 3517 2529">
    <p class='ocr_par' dir='ltr' id='par_1_73' title="bbox 1920 2453 3517 2529">
     <span class='ocr_line' id='line_1_73' title="bbox 1920 2453 3517 2529; baseline 0.001 -21"><span class='ocrx_word' id='word_1_504' title='bbox 1920 2453 2144 2526; x_wconf 86' lang='lat' dir='ltr'>gniﬁcat</span> <span class='ocrx_word' id='word_1_505' title='bbox 2170 2464 2534 2525; x_wconf 88' lang='lat' dir='ltr'>peccatores:</span> <span class='ocrx_word' id='word_1_506' title='bbox 2566 2472 2669 2513; x_wconf 89' lang='lat' dir='ltr'>nec</span> <span class='ocrx_word' id='word_1_507' title='bbox 2692 2455 2824 2512; x_wconf 89' lang='lat' dir='ltr'>dicit</span> <span class='ocrx_word' id='word_1_508' title='bbox 2865 2471 3062 2528; x_wconf 89' lang='lat' dir='ltr'>capras</span> <span class='ocrx_word' id='word_1_509' title='bbox 3110 2472 3232 2528; x_wconf 56' lang='lat' dir='ltr'>quas</span> <span class='ocrx_word' id='word_1_510' title='bbox 3286 2463 3517 2529; x_wconf 89' lang='lat' dir='ltr'>possunt</span> 
     </span>
    </p>
   </div>
   <div class='ocr_carea' id='block_1_74' title="bbox 1920 2542 2314 2599">
    <p class='ocr_par' dir='ltr' id='par_1_74' title="bbox 1920 2542 2314 2599">
     <span class='ocr_line' id='line_1_74' title="bbox 1920 2542 2314 2599; baseline 0.005 -2"><span class='ocrx_word' id='word_1_511' title='bbox 1920 2542 2126 2598; x_wconf 88' lang='lat' dir='ltr'>habere</span> <span class='ocrx_word' id='word_1_512' title='bbox 2154 2542 2314 2599; x_wconf 87' lang='lat' dir='ltr'>fetus.</span> 
     </span>
    </p>
   </div>
   <div class='ocr_carea' id='block_1_75' title="bbox 1991 2632 3517 2695">
    <p class='ocr_par' dir='ltr' id='par_1_75' title="bbox 1991 2632 3517 2695">
     <span class='ocr_line' id='line_1_75' title="bbox 1991 2632 3517 2695; baseline 0.003 -9"><span class='ocrx_word' id='word_1_513' title='bbox 1991 2632 2161 2688; x_wconf 85' lang='lat' dir='ltr'>Vens.</span> <span class='ocrx_word' id='word_1_514' title='bbox 2186 2633 2273 2689; x_wconf 71' lang='grc'><strong>34.</strong></span> <span class='ocrx_word' id='word_1_515' title='bbox 2296 2663 2367 2676; x_wconf 92' lang='grc'><strong><em>-</em></strong></span> <span class='ocrx_word' id='word_1_516' title='bbox 2384 2635 2673 2692; x_wconf 77' lang='lat' dir='ltr'>Benedicti</span> <span class='ocrx_word' id='word_1_517' title='bbox 2691 2634 2905 2690; x_wconf 88' lang='lat' dir='ltr'>Patris.</span> <span class='ocrx_word' id='word_1_518' title='bbox 2929 2632 3201 2690; x_wconf 89' lang='lat' dir='ltr'>Beneﬁcio</span> <span class='ocrx_word' id='word_1_519' title='bbox 3222 2634 3395 2691; x_wconf 87' lang='lat' dir='ltr'>Patris</span> <span class='ocrx_word' id='word_1_520' title='bbox 3406 2634 3517 2695; x_wconf 85' lang='lat' dir='ltr'>mei</span> 
     </span>
    </p>
   </div>
   <div class='ocr_carea' id='block_1_76' title="bbox 1918 2721 3515 2797">
    <p class='ocr_par' dir='ltr' id='par_1_76' title="bbox 1918 2721 3515 2797">
     <span class='ocr_line' id='line_1_76' title="bbox 1918 2721 3515 2797; baseline 0.008 -22"><span class='ocrx_word' id='word_1_521' title='bbox 1918 2721 2151 2790; x_wconf 90' lang='lat' dir='ltr'>promoti</span> <span class='ocrx_word' id='word_1_522' title='bbox 2179 2722 2249 2777; x_wconf 91' lang='lat' dir='ltr'>ad</span> <span class='ocrx_word' id='word_1_523' title='bbox 2278 2723 2632 2780; x_wconf 90' lang='lat' dir='ltr'>obtinendam</span> <span class='ocrx_word' id='word_1_524' title='bbox 2651 2722 2904 2797; x_wconf 82' lang='lat' dir='ltr'>gloriam,</span> <span class='ocrx_word' id='word_1_525' title='bbox 2936 2722 2992 2778; x_wconf 88' lang='lat' dir='ltr'>in</span> <span class='ocrx_word' id='word_1_526' title='bbox 3020 2740 3128 2795; x_wconf 90' lang='lat' dir='ltr'>qua</span> <span class='ocrx_word' id='word_1_527' title='bbox 3154 2724 3273 2782; x_wconf 91' lang='lat' dir='ltr'>sine</span> <span class='ocrx_word' id='word_1_528' title='bbox 3316 2742 3515 2785; x_wconf 83' lang='lat' dir='ltr'>corru-</span> 
     </span>
    </p>
   </div>
   <div class='ocr_carea' id='block_1_77' title="bbox 1917 2809 3519 2885">
    <p class='ocr_par' dir='ltr' id='par_1_77' title="bbox 1917 2809 3519 2885">
     <span class='ocr_line' id='line_1_77' title="bbox 1917 2809 3519 2885; baseline 0.007 -21"><span class='ocrx_word' id='word_1_529' title='bbox 1917 2809 2102 2880; x_wconf 89' lang='lat' dir='ltr'>ptione</span> <span class='ocrx_word' id='word_1_530' title='bbox 2130 2812 2390 2883; x_wconf 82' lang='lat' dir='ltr'>regnetis,</span> <span class='ocrx_word' id='word_1_531' title='bbox 2419 2812 2491 2868; x_wconf 86' lang='lat' dir='ltr'>ad</span> <span class='ocrx_word' id='word_1_532' title='bbox 2521 2828 2685 2885; x_wconf 90' lang='lat' dir='ltr'>quam</span> <span class='ocrx_word' id='word_1_533' title='bbox 2711 2811 3082 2885; x_wconf 66' lang='lat' dir='ltr'>praedestinati</span> <span class='ocrx_word' id='word_1_534' title='bbox 3109 2813 3241 2870; x_wconf 88' lang='lat' dir='ltr'>estis</span> <span class='ocrx_word' id='word_1_535' title='bbox 3263 2830 3298 2871; x_wconf 87' lang='lat' dir='ltr'>a</span> <span class='ocrx_word' id='word_1_536' title='bbox 3317 2817 3519 2875; x_wconf 83' lang='lat' dir='ltr'>consti-</span> 
     </span>
    </p>
   </div>
   <div class='ocr_carea' id='block_1_78' title="bbox 1919 2898 2373 2956">
    <p class='ocr_par' dir='ltr' id='par_1_78' title="bbox 1919 2898 2373 2956">
     <span class='ocr_line' id='line_1_78' title="bbox 1919 2898 2373 2956; baseline 0.007 -4"><span class='ocrx_word' id='word_1_537' title='bbox 1919 2898 2123 2955; x_wconf 89' lang='lat' dir='ltr'>tutione</span> <span class='ocrx_word' id='word_1_538' title='bbox 2163 2900 2373 2956; x_wconf 91' lang='lat' dir='ltr'>mundi.</span> 
     </span>
    </p>
   </div>
   <div class='ocr_carea' id='block_1_79' title="bbox 1992 2988 3515 3063">
    <p class='ocr_par' dir='ltr' id='par_1_79' title="bbox 1992 2988 3515 3063">
     <span class='ocr_line' id='line_1_79' title="bbox 1992 2988 3515 3063; baseline 0.007 -20"><span class='ocrx_word' id='word_1_539' title='bbox 1992 2988 2160 3044; x_wconf 88' lang='lat' dir='ltr'>Vens.</span> <span class='ocrx_word' id='word_1_540' title='bbox 2176 2992 2264 3045; x_wconf 85' lang='lat'>37.</span> <span class='ocrx_word' id='word_1_541' title='bbox 2279 3019 2350 3031; x_wconf 90' lang='lat'><strong>——</strong></span> <span class='ocrx_word' id='word_1_542' title='bbox 2370 2991 2520 3047; x_wconf 87' lang='lat' dir='ltr'>Tunc</span> <span class='ocrx_word' id='word_1_543' title='bbox 2531 2990 2969 3063; x_wconf 85' lang='lat' dir='ltr'>respondebunt.</span> <span class='ocrx_word' id='word_1_544' title='bbox 2983 2990 3107 3047; x_wconf 92' lang='lat' dir='ltr'>Non</span> <span class='ocrx_word' id='word_1_545' title='bbox 3121 2991 3430 3051; x_wconf 86' lang='lat' dir='ltr'>difﬁdentes</span> <span class='ocrx_word' id='word_1_546' title='bbox 3443 2997 3515 3054; x_wconf 83' lang='lat' dir='ltr'>da</span> 
     </span>
    </p>
   </div>
   <div class='ocr_carea' id='block_1_80' title="bbox 1924 3076 3516 3155">
    <p class='ocr_par' dir='ltr' id='par_1_80' title="bbox 1924 3076 3516 3155">
     <span class='ocr_line' id='line_1_80' title="bbox 1924 3076 3516 3155; baseline 0.007 -23"><span class='ocrx_word' id='word_1_547' title='bbox 1924 3076 2104 3133; x_wconf 86' lang='lat' dir='ltr'>verbis</span> <span class='ocrx_word' id='word_1_548' title='bbox 2131 3077 2369 3147; x_wconf 90' lang='lat' dir='ltr'>Domini,</span> <span class='ocrx_word' id='word_1_549' title='bbox 2404 3078 2502 3134; x_wconf 92' lang='lat' dir='ltr'>sed</span> <span class='ocrx_word' id='word_1_550' title='bbox 2532 3078 2620 3135; x_wconf 86' lang='lat' dir='ltr'>vel</span> <span class='ocrx_word' id='word_1_551' title='bbox 2664 3086 2943 3151; x_wconf 86' lang='lat' dir='ltr'>stupentes</span> <span class='ocrx_word' id='word_1_552' title='bbox 2988 3094 3092 3151; x_wconf 88' lang='lat' dir='ltr'>pro</span> <span class='ocrx_word' id='word_1_553' title='bbox 3136 3082 3516 3155; x_wconf 84' lang='lat' dir='ltr'>magnitudine</span> 
     </span>
    </p>
   </div>
   <div class='ocr_carea' id='block_1_81' title="bbox 1919 3165 3517 3240">
    <p class='ocr_par' dir='ltr' id='par_1_81' title="bbox 1919 3165 3517 3240">
     <span class='ocr_line' id='line_1_81' title="bbox 1919 3165 3517 3240; baseline 0.008 -21"><span class='ocrx_word' id='word_1_554' title='bbox 1919 3165 2219 3233; x_wconf 87' lang='lat' dir='ltr'>majestatis</span> <span class='ocrx_word' id='word_1_555' title='bbox 2245 3167 2435 3240; x_wconf 88' lang='lat' dir='ltr'>regis;</span> <span class='ocrx_word' id='word_1_556' title='bbox 2465 3168 2552 3224; x_wconf 90' lang='lat' dir='ltr'>vel</span> <span class='ocrx_word' id='word_1_557' title='bbox 2582 3167 2707 3240; x_wconf 91' lang='lat' dir='ltr'>quia</span> <span class='ocrx_word' id='word_1_558' title='bbox 2735 3184 2925 3239; x_wconf 91' lang='lat' dir='ltr'>parum</span> <span class='ocrx_word' id='word_1_559' title='bbox 2953 3168 3167 3225; x_wconf 88' lang='lat' dir='ltr'>videtur</span> <span class='ocrx_word' id='word_1_560' title='bbox 3203 3170 3309 3227; x_wconf 91' lang='lat' dir='ltr'>illis</span> <span class='ocrx_word' id='word_1_561' title='bbox 3353 3189 3517 3233; x_wconf 87' lang='lat' dir='ltr'>omne</span> 
     </span>
    </p>
   </div>
   <div class='ocr_carea' id='block_1_82' title="bbox 1921 3252 3520 3327">
    <p class='ocr_par' dir='ltr' id='par_1_82' title="bbox 1921 3252 3520 3327">
     <span class='ocr_line' id='line_1_82' title="bbox 1921 3252 3520 3327; baseline 0.009 -20"><span class='ocrx_word' id='word_1_562' title='bbox 1921 3252 2123 3309; x_wconf 89' lang='lat' dir='ltr'>bonum</span> <span class='ocrx_word' id='word_1_563' title='bbox 2155 3256 2300 3327; x_wconf 91' lang='lat' dir='ltr'>quod</span> <span class='ocrx_word' id='word_1_564' title='bbox 2328 3255 2587 3322; x_wconf 84' lang='lat' dir='ltr'>fecerunt,</span> <span class='ocrx_word' id='word_1_565' title='bbox 2620 3256 2764 3312; x_wconf 89' lang='lat' dir='ltr'>unde</span> <span class='ocrx_word' id='word_1_566' title='bbox 2790 3256 2984 3313; x_wconf 91' lang='lat' dir='ltr'>dicitur</span> <span class='ocrx_word' id='word_1_567' title='bbox 3012 3259 3170 3315; x_wconf 87' lang='lat' dir='ltr'>:Non</span> <span class='ocrx_word' id='word_1_568' title='bbox 3200 3266 3339 3317; x_wconf 86' lang='lat' dir='ltr'>sunt</span> <span class='ocrx_word' id='word_1_569' title='bbox 3380 3280 3520 3321; x_wconf 86' lang='lat' dir='ltr'>con-</span> 
     </span>
    </p>
   </div>
   <div class='ocr_carea' id='block_1_83' title="bbox 1922 3341 3520 3422">
    <p class='ocr_par' dir='ltr' id='par_1_83' title="bbox 1922 3341 3520 3422">
     <span class='ocr_line' id='line_1_83' title="bbox 1922 3341 3520 3422; baseline 0.008 -24"><span class='ocrx_word' id='word_1_570' title='bbox 1922 3341 2106 3414; x_wconf 75' lang='lat' dir='ltr'>dignw</span> <span class='ocrx_word' id='word_1_571' title='bbox 2120 3347 2413 3415; x_wconf 83' lang='lat' dir='ltr'>passiones</span> <span class='ocrx_word' id='word_1_572' title='bbox 2434 3346 2603 3417; x_wconf 83' lang='lat' dir='ltr'>hujus</span> <span class='ocrx_word' id='word_1_573' title='bbox 2625 3348 2888 3419; x_wconf 87' lang='lat' dir='ltr'>temporis</span> <span class='ocrx_word' id='word_1_574' title='bbox 2910 3347 2983 3403; x_wconf 86' lang='lat' dir='ltr'>ad</span> <span class='ocrx_word' id='word_1_575' title='bbox 3003 3351 3266 3419; x_wconf 76' lang='lat' dir='ltr'>laturam</span> <span class='ocrx_word' id='word_1_576' title='bbox 3277 3350 3520 3422; x_wconf 81' lang='lat' dir='ltr'>gloriam</span> 
     </span>
    </p>
   </div>
   <div class='ocr_carea' id='block_1_84' title="bbox 1922 3430 2412 3503">
    <p class='ocr_par' dir='ltr' id='par_1_84' title="bbox 1922 3430 2412 3503">
     <span class='ocr_line' id='line_1_84' title="bbox 1922 3430 2412 3503; baseline 0.002 -15"><span class='ocrx_word' id='word_1_577' title='bbox 1922 3430 2101 3501; x_wconf 85' lang='lat' dir='ltr'>(Rom.</span> <span class='ocrx_word' id='word_1_578' title='bbox 2131 3433 2274 3503; x_wconf 79' lang='lat' dir='ltr'>vin),</span> <span class='ocrx_word' id='word_1_579' title='bbox 2308 3441 2412 3489; x_wconf 91' lang='lat' dir='ltr'>etc.</span> 
     </span>
    </p>
   </div>
   <div class='ocr_carea' id='block_1_85' title="bbox 1992 3519 3519 3593">
    <p class='ocr_par' dir='ltr' id='par_1_85' title="bbox 1992 3519 3519 3593">
     <span class='ocr_line' id='line_1_85' title="bbox 1992 3519 3519 3593; baseline 0.008 -18"><span class='ocrx_word' id='word_1_580' title='bbox 1992 3519 2162 3576; x_wconf 85' lang='lat' dir='ltr'>Vens.</span> <span class='ocrx_word' id='word_1_581' title='bbox 2187 3522 2275 3578; x_wconf 74' lang='grc'>40.</span> <span class='ocrx_word' id='word_1_582' title='bbox 2300 3524 2458 3579; x_wconf 83' lang='lat' dir='ltr'>—De</span> <span class='ocrx_word' id='word_1_583' title='bbox 2489 3521 2575 3578; x_wconf 84' lang='lat' dir='ltr'>his</span> <span class='ocrx_word' id='word_1_584' title='bbox 2605 3524 2906 3593; x_wconf 84' lang='lat' dir='ltr'>fratribus.</span> <span class='ocrx_word' id='word_1_585' title='bbox 2937 3525 3154 3581; x_wconf 90' lang='lat' dir='ltr'>Fratres</span> <span class='ocrx_word' id='word_1_586' title='bbox 3184 3527 3293 3584; x_wconf 91' lang='lat' dir='ltr'>mei</span> <span class='ocrx_word' id='word_1_587' title='bbox 3323 3536 3376 3585; x_wconf 93' lang='lat' dir='ltr'>et</span> <span class='ocrx_word' id='word_1_588' title='bbox 3401 3545 3519 3587; x_wconf 88' lang='lat' dir='ltr'>ma-</span> 
     </span>
    </p>
   </div>
   <div class='ocr_carea' id='block_1_86' title="bbox 1920 3610 3229 3682">
    <p class='ocr_par' dir='ltr' id='par_1_86' title="bbox 1920 3610 3229 3682">
     <span class='ocr_line' id='line_1_86' title="bbox 1920 3610 3229 3682; baseline 0.006 -19"><span class='ocrx_word' id='word_1_589' title='bbox 1920 3615 2000 3664; x_wconf 91' lang='lat' dir='ltr'>ter</span> <span class='ocrx_word' id='word_1_590' title='bbox 2029 3616 2151 3664; x_wconf 90' lang='lat' dir='ltr'>sunt</span> <span class='ocrx_word' id='word_1_591' title='bbox 2177 3610 2270 3682; x_wconf 89' lang='lat' dir='ltr'>qui</span> <span class='ocrx_word' id='word_1_592' title='bbox 2293 3610 2497 3667; x_wconf 82' lang='lat' dir='ltr'>faciunt</span> <span class='ocrx_word' id='word_1_593' title='bbox 2526 3610 2857 3667; x_wconf 89' lang='lat' dir='ltr'>voluntatem</span> <span class='ocrx_word' id='word_1_594' title='bbox 2885 3613 3060 3669; x_wconf 90' lang='lat' dir='ltr'>Patris</span> <span class='ocrx_word' id='word_1_595' title='bbox 3101 3616 3229 3671; x_wconf 92' lang='lat' dir='ltr'>mei.</span> 
     </span>
    </p>
   </div>
   <div class='ocr_carea' id='block_1_87' title="bbox 1991 3683 3523 3780">
    <p class='ocr_par' dir='ltr' id='par_1_87' title="bbox 1991 3683 3523 3780">
     <span class='ocr_line' id='line_1_87' title="bbox 1991 3683 3523 3780; baseline 0.007 -28"><span class='ocrx_word' id='word_1_596' title='bbox 1991 3696 2162 3753; x_wconf 83' lang='lat' dir='ltr'>Vens.</span> <span class='ocrx_word' id='word_1_597' title='bbox 2190 3699 2275 3757; x_wconf 70' lang='grc'>42.</span> <span class='ocrx_word' id='word_1_598' title='bbox 2299 3729 2368 3741; x_wconf 90' lang='lat'>-—</span> <span class='ocrx_word' id='word_1_599' title='bbox 2394 3700 2515 3756; x_wconf 83' lang='lat' dir='ltr'>Non</span> <span class='ocrx_word' id='word_1_600' title='bbox 2543 3683 2931 3767; x_wconf 33' lang='lat' dir='ltr'>dedistisfetc.</span> <span class='ocrx_word' id='word_1_601' title='bbox 2966 3701 3110 3770; x_wconf 89' lang='lat' dir='ltr'>Quid</span> <span class='ocrx_word' id='word_1_602' title='bbox 3162 3713 3403 3762; x_wconf 89' lang='lat' dir='ltr'>meretur</span> <span class='ocrx_word' id='word_1_603' title='bbox 3431 3706 3523 3780; x_wconf 86' lang='lat' dir='ltr'>qui</span> 
     </span>
    </p>
   </div>
   <div class='ocr_carea' id='block_1_88' title="bbox 1918 3785 3517 3863">
    <p class='ocr_par' dir='ltr' id='par_1_88' title="bbox 1918 3785 3517 3863">
     <span class='ocr_line' id='line_1_88' title="bbox 1918 3785 3517 3863; baseline 0.006 -22"><span class='ocrx_word' id='word_1_604' title='bbox 1918 3785 2097 3842; x_wconf 86' lang='lat' dir='ltr'>aliena</span> <span class='ocrx_word' id='word_1_605' title='bbox 2124 3786 2319 3857; x_wconf 91' lang='lat' dir='ltr'>rapuit,</span> <span class='ocrx_word' id='word_1_606' title='bbox 2352 3787 2398 3841; x_wconf 92' lang='lat' dir='ltr'>si</span> <span class='ocrx_word' id='word_1_607' title='bbox 2429 3788 2759 3845; x_wconf 71' lang='lat' dir='ltr'>aeternaliter</span> <span class='ocrx_word' id='word_1_608' title='bbox 2787 3787 3073 3846; x_wconf 89' lang='lat' dir='ltr'>damnatur</span> <span class='ocrx_word' id='word_1_609' title='bbox 3123 3791 3255 3863; x_wconf 92' lang='lat' dir='ltr'>quid</span> <span class='ocrx_word' id='word_1_610' title='bbox 3304 3794 3373 3850; x_wconf 92' lang='lat' dir='ltr'>de</span> <span class='ocrx_word' id='word_1_611' title='bbox 3417 3811 3517 3852; x_wconf 91' lang='lat' dir='ltr'>suo</span> 
     </span>
    </p>
   </div>
   <div class='ocr_carea' id='block_1_89' title="bbox 1919 3873 2275 3931">
    <p class='ocr_par' dir='ltr' id='par_1_89' title="bbox 1919 3873 2275 3931">
     <span class='ocr_line' id='line_1_89' title="bbox 1919 3873 2275 3931; baseline 0 -2"><span class='ocrx_word' id='word_1_612' title='bbox 1919 3889 2031 3931; x_wconf 84' lang='lat' dir='ltr'>non</span> <span class='ocrx_word' id='word_1_613' title='bbox 2058 3873 2207 3930; x_wconf 90' lang='lat' dir='ltr'>dedit</span> <span class='ocrx_word' id='word_1_614' title='bbox 2246 3875 2275 3929; x_wconf 81' lang='lat'><strong>?</strong></span> 
     </span>
    </p>
   </div>
   <div class='ocr_carea' id='block_1_90' title="bbox 1992 3963 3520 4039">
    <p class='ocr_par' dir='ltr' id='par_1_90' title="bbox 1992 3963 3520 4039">
     <span class='ocr_line' id='line_1_90' title="bbox 1992 3963 3520 4039; baseline 0.006 -20"><span class='ocrx_word' id='word_1_615' title='bbox 1992 3963 2163 4019; x_wconf 82' lang='lat' dir='ltr'>Vens.</span> <span class='ocrx_word' id='word_1_616' title='bbox 2190 3964 2275 4018; x_wconf 74' lang='grc'>44.</span> <span class='ocrx_word' id='word_1_617' title='bbox 2309 3993 2378 4005; x_wconf 93' lang='grc'><strong>-</strong></span> <span class='ocrx_word' id='word_1_618' title='bbox 2404 3966 2639 4023; x_wconf 84' lang='lat' dir='ltr'>Domine</span> <span class='ocrx_word' id='word_1_619' title='bbox 2660 3967 2900 4039; x_wconf 87' lang='lat' dir='ltr'>quando,</span> <span class='ocrx_word' id='word_1_620' title='bbox 2958 3976 3058 4025; x_wconf 89' lang='lat' dir='ltr'>etc.</span> <span class='ocrx_word' id='word_1_621' title='bbox 3110 3970 3386 4026; x_wconf 88' lang='lat' dir='ltr'>Excusare</span> <span class='ocrx_word' id='word_1_622' title='bbox 3459 3987 3520 4028; x_wconf 82' lang='lat' dir='ltr'>se</span> 
     </span>
    </p>
   </div>
   <div class='ocr_carea' id='block_1_91' title="bbox 1923 4052 3521 4131">
    <p class='ocr_par' dir='ltr' id='par_1_91' title="bbox 1923 4052 3521 4131">
     <span class='ocr_line' id='line_1_91' title="bbox 1923 4052 3521 4131; baseline 0.008 -27"><span class='ocrx_word' id='word_1_623' title='bbox 1923 4058 2173 4124; x_wconf 88' lang='lat' dir='ltr'>satagunt</span> <span class='ocrx_word' id='word_1_624' title='bbox 2217 4052 2371 4125; x_wconf 89' lang='lat' dir='ltr'>quasi</span> <span class='ocrx_word' id='word_1_625' title='bbox 2419 4055 2592 4109; x_wconf 90' lang='lat' dir='ltr'>Deum</span> <span class='ocrx_word' id='word_1_626' title='bbox 2638 4055 2825 4112; x_wconf 86' lang='lat' dir='ltr'>fallere</span> <span class='ocrx_word' id='word_1_627' title='bbox 2879 4057 3089 4127; x_wconf 89' lang='lat' dir='ltr'>possint</span> <span class='ocrx_word' id='word_1_628' title='bbox 3134 4060 3228 4131; x_wconf 92' lang='lat' dir='ltr'>qui</span> <span class='ocrx_word' id='word_1_629' title='bbox 3273 4060 3521 4118; x_wconf 88' lang='lat' dir='ltr'>homines</span> 
     </span>
    </p>
   </div>
   <div class='ocr_carea' id='block_1_92' title="bbox 1921 4138 3521 4220">
    <p class='ocr_par' dir='ltr' id='par_1_92' title="bbox 1921 4138 3521 4220">
     <span class='ocr_line' id='line_1_92' title="bbox 1921 4138 3521 4220; baseline 0.008 -26"><span class='ocrx_word' id='word_1_630' title='bbox 1921 4138 2200 4197; x_wconf 87' lang='lat' dir='ltr'>fallebant.</span> <span class='ocrx_word' id='word_1_631' title='bbox 2236 4142 2343 4198; x_wconf 92' lang='lat' dir='ltr'>Sed</span> <span class='ocrx_word' id='word_1_632' title='bbox 2372 4158 2483 4199; x_wconf 93' lang='lat' dir='ltr'>non</span> <span class='ocrx_word' id='word_1_633' title='bbox 2514 4144 2715 4200; x_wconf 87' lang='lat' dir='ltr'>habent</span> <span class='ocrx_word' id='word_1_634' title='bbox 2739 4146 3146 4203; x_wconf 87' lang='lat' dir='ltr'>excusationem</span> <span class='ocrx_word' id='word_1_635' title='bbox 3166 4149 3256 4220; x_wconf 90' lang='lat' dir='ltr'>qui</span> <span class='ocrx_word' id='word_1_636' title='bbox 3277 4149 3521 4206; x_wconf 89' lang='lat' dir='ltr'>converti</span> 
     </span>
    </p>
   </div>
   <div class='ocr_carea' id='block_1_93' title="bbox 1922 4228 3520 4306">
    <p class='ocr_par' dir='ltr' id='par_1_93' title="bbox 1922 4228 3520 4306">
     <span class='ocr_line' id='line_1_93' title="bbox 1922 4228 3520 4306; baseline 0.006 -23"><span class='ocrx_word' id='word_1_637' title='bbox 1922 4244 1953 4283; x_wconf 92' lang='lat' dir='ltr'>a</span> <span class='ocrx_word' id='word_1_638' title='bbox 1979 4228 2138 4284; x_wconf 89' lang='lat' dir='ltr'>malis</span> <span class='ocrx_word' id='word_1_639' title='bbox 2166 4238 2218 4286; x_wconf 92' lang='lat' dir='ltr'>et</span> <span class='ocrx_word' id='word_1_640' title='bbox 2250 4246 2418 4303; x_wconf 88' lang='lat' dir='ltr'>agere</span> <span class='ocrx_word' id='word_1_641' title='bbox 2445 4232 2824 4306; x_wconf 89' lang='lat' dir='ltr'>eleemosynas</span> <span class='ocrx_word' id='word_1_642' title='bbox 2854 4236 3183 4305; x_wconf 88' lang='lat' dir='ltr'>noluerunt;</span> <span class='ocrx_word' id='word_1_643' title='bbox 3216 4239 3361 4295; x_wconf 90' lang='lat' dir='ltr'>unde</span> <span class='ocrx_word' id='word_1_644' title='bbox 3390 4239 3520 4294; x_wconf 87' lang='lat' dir='ltr'>sub-</span> 
     </span>
    </p>
   </div>
   <div class='ocr_carea' id='block_1_94' title="bbox 1921 4316 3017 4392">
    <p class='ocr_par' dir='ltr' id='par_1_94' title="bbox 1921 4316 3017 4392">
     <span class='ocr_line' id='line_1_94' title="bbox 1921 4316 3017 4392; baseline 0.007 -20"><span class='ocrx_word' id='word_1_645' title='bbox 1921 4316 2033 4373; x_wconf 89' lang='lat' dir='ltr'>dit:</span> <span class='ocrx_word' id='word_1_646' title='bbox 2068 4319 2329 4386; x_wconf 83' lang='lat' dir='ltr'>Quandiu</span> <span class='ocrx_word' id='word_1_647' title='bbox 2343 4336 2457 4378; x_wconf 87' lang='lat' dir='ltr'>non</span> <span class='ocrx_word' id='word_1_648' title='bbox 2495 4324 2714 4392; x_wconf 81' lang='lat' dir='ltr'>fecistis</span> <span class='ocrx_word' id='word_1_649' title='bbox 2745 4326 2866 4391; x_wconf 88' lang='lat' dir='ltr'>uni,</span> <span class='ocrx_word' id='word_1_650' title='bbox 2915 4333 3017 4381; x_wconf 86' lang='lat' dir='ltr'>etc.</span> 
     </span>
    </p>
   </div>
   <div class='ocr_carea' id='block_1_95' title="bbox 220 4408 3521 4509">
    <p class='ocr_par' dir='ltr' id='par_1_95' title="bbox 220 4408 3521 4509">
     <span class='ocr_line' id='line_1_95' title="bbox 220 4408 3521 4509; baseline 0.008 -46"><span class='ocrx_word' id='word_1_651' title='bbox 220 4416 272 4463; x_wconf 90' lang='lat' dir='ltr'>ut</span> <span class='ocrx_word' id='word_1_652' title='bbox 299 4410 562 4481; x_wconf 89' lang='lat' dir='ltr'>apostolis</span> <span class='ocrx_word' id='word_1_653' title='bbox 608 4419 664 4466; x_wconf 90' lang='lat' dir='ltr'>et</span> <span class='ocrx_word' id='word_1_654' title='bbox 711 4411 1002 4484; x_wconf 89' lang='lat' dir='ltr'>episcopis.</span> <span class='ocrx_word' id='word_1_655' title='bbox 1053 4416 1170 4481; x_wconf 90' lang='lat' dir='ltr'>Vel,</span> <span class='ocrx_word' id='word_1_656' title='bbox 1217 4418 1425 4474; x_wconf 91' lang='lat' dir='ltr'>cunctis</span> <span class='ocrx_word' id='word_1_657' title='bbox 1473 4408 1889 4481; x_wconf 79' lang='lat' dir='ltr'>credentibusD</span> <span class='ocrx_word' id='word_1_658' title='bbox 1991 4423 2162 4479; x_wconf 83' lang='lat' dir='ltr'>Vens.</span> <span class='ocrx_word' id='word_1_659' title='bbox 2193 4426 2279 4480; x_wconf 77' lang='grc'>46.</span> <span class='ocrx_word' id='word_1_660' title='bbox 2303 4428 2450 4482; x_wconf 87' lang='grc' dir='ltr'><strong><em>-Ιη</em></strong></span> <span class='ocrx_word' id='word_1_661' title='bbox 2472 4430 2815 4501; x_wconf 83' lang='lat' dir='ltr'>supplicium</span> <span class='ocrx_word' id='word_1_662' title='bbox 2835 4435 3134 4487; x_wconf 63' lang='lat' dir='ltr'>aeternum.</span> <span class='ocrx_word' id='word_1_663' title='bbox 3155 4432 3371 4487; x_wconf 89' lang='lat' dir='ltr'>Frustra</span> <span class='ocrx_word' id='word_1_664' title='bbox 3384 4450 3521 4509; x_wconf 88' lang='lat' dir='ltr'>ergo</span> 
     </span>
    </p>
   </div>
   <div class='ocr_carea' id='block_1_96' title="bbox 221 4499 1214 4576">
    <p class='ocr_par' dir='ltr' id='par_1_96' title="bbox 221 4499 1214 4576">
     <span class='ocr_line' id='line_1_96' title="bbox 221 4499 1214 4576; baseline 0.008 -24"><span class='ocrx_word' id='word_1_665' title='bbox 221 4499 307 4569; x_wconf 86' lang='lat' dir='ltr'>qui</span> <span class='ocrx_word' id='word_1_666' title='bbox 336 4507 568 4571; x_wconf 90' lang='lat' dir='ltr'>possunt</span> <span class='ocrx_word' id='word_1_667' title='bbox 597 4500 883 4571; x_wconf 89' lang='lat' dir='ltr'>pecuniam</span> <span class='ocrx_word' id='word_1_668' title='bbox 923 4502 1214 4576; x_wconf 88' lang='lat' dir='ltr'>duplicare.</span> 
     </span>
    </p>
   </div>
   <div class='ocr_carea' id='block_1_97' title="bbox 286 4587 1824 4658">
    <p class='ocr_par' dir='ltr' id='par_1_97' title="bbox 286 4587 1824 4658">
     <span class='ocr_line' id='line_1_97' title="bbox 286 4587 1824 4658; baseline 0.006 -16"><span class='ocrx_word' id='word_1_669' title='bbox 286 4587 463 4642; x_wconf 78' lang='lat' dir='ltr'>Vens.</span> <span class='ocrx_word' id='word_1_670' title='bbox 485 4591 578 4645; x_wconf 86' lang='lat'>28.</span> <span class='ocrx_word' id='word_1_671' title='bbox 604 4618 674 4629; x_wconf 90' lang='lat'><strong><em>—</em></strong></span> <span class='ocrx_word' id='word_1_672' title='bbox 696 4591 766 4644; x_wconf 80' lang='lat' dir='ltr'>Et</span> <span class='ocrx_word' id='word_1_673' title='bbox 793 4590 923 4646; x_wconf 87' lang='lat' dir='ltr'>date</span> <span class='ocrx_word' id='word_1_674' title='bbox 954 4594 1024 4658; x_wconf 90' lang='lat' dir='ltr'>ei,</span> <span class='ocrx_word' id='word_1_675' title='bbox 1063 4601 1164 4649; x_wconf 90' lang='lat' dir='ltr'>etc.</span> <span class='ocrx_word' id='word_1_676' title='bbox 1198 4593 1312 4651; x_wconf 87' lang='lat' dir='ltr'>Hoc</span> <span class='ocrx_word' id='word_1_677' title='bbox 1343 4594 1398 4651; x_wconf 90' lang='lat' dir='ltr'>in</span> <span class='ocrx_word' id='word_1_678' title='bbox 1429 4595 1675 4653; x_wconf 90' lang='lat' dir='ltr'>Ecclesia</span> <span class='ocrx_word' id='word_1_679' title='bbox 1706 4595 1824 4653; x_wconf 90' lang='lat' dir='ltr'>ﬁeri</span> 
     </span>
    </p>
   </div>
   <div class='ocr_carea' id='block_1_98' title="bbox 216 4675 1822 4755">
    <p class='ocr_par' dir='ltr' id='par_1_98' title="bbox 216 4675 1822 4755">
     <span class='ocr_line' id='line_1_98' title="bbox 216 4675 1822 4755; baseline 0.008 -26"><span class='ocrx_word' id='word_1_680' title='bbox 216 4675 539 4748; x_wconf 86' lang='lat' dir='ltr'>plerumque</span> <span class='ocrx_word' id='word_1_681' title='bbox 564 4676 833 4746; x_wconf 89' lang='lat' dir='ltr'>videmus,</span> <span class='ocrx_word' id='word_1_682' title='bbox 867 4680 996 4752; x_wconf 89' lang='lat' dir='ltr'>quia</span> <span class='ocrx_word' id='word_1_683' title='bbox 1014 4682 1258 4755; x_wconf 89' lang='lat' dir='ltr'>plerique</span> <span class='ocrx_word' id='word_1_684' title='bbox 1289 4683 1417 4740; x_wconf 90' lang='lat' dir='ltr'>dum</span> <span class='ocrx_word' id='word_1_685' title='bbox 1466 4686 1606 4742; x_wconf 89' lang='lat' dir='ltr'>bene</span> <span class='ocrx_word' id='word_1_686' title='bbox 1656 4685 1822 4742; x_wconf 90' lang='lat' dir='ltr'>mini-</span> 
     </span>
    </p>
   </div>
   <div class='ocr_carea' id='block_1_99' title="bbox 215 4765 1823 4848">
    <p class='ocr_par' dir='ltr' id='par_1_99' title="bbox 215 4765 1823 4848">
     <span class='ocr_line' id='line_1_99' title="bbox 215 4765 1823 4848; baseline 0.008 -29"><span class='ocrx_word' id='word_1_687' title='bbox 215 4771 389 4821; x_wconf 83' lang='lat' dir='ltr'>strant</span> <span class='ocrx_word' id='word_1_688' title='bbox 418 4765 689 4822; x_wconf 84' lang='lat' dir='ltr'>exteriora</span> <span class='ocrx_word' id='word_1_689' title='bbox 720 4784 841 4841; x_wconf 72' lang='lat' dir='ltr'>quae</span> <span class='ocrx_word' id='word_1_690' title='bbox 871 4769 1137 4840; x_wconf 91' lang='lat' dir='ltr'>accipiunt</span> <span class='ocrx_word' id='word_1_691' title='bbox 1183 4787 1283 4843; x_wconf 90' lang='lat' dir='ltr'>per</span> <span class='ocrx_word' id='word_1_692' title='bbox 1335 4774 1639 4844; x_wconf 88' lang='lat' dir='ltr'>adjunctam</span> <span class='ocrx_word' id='word_1_693' title='bbox 1689 4791 1823 4848; x_wconf 82' lang='lat' dir='ltr'>gra-</span> 
     </span>
    </p>
   </div>
   <div class='ocr_carea' id='block_1_100' title="bbox 214 4852 1817 4936">
    <p class='ocr_par' dir='ltr' id='par_1_100' title="bbox 214 4852 1817 4936">
     <span class='ocr_line' id='line_1_100' title="bbox 214 4852 1817 4936; baseline 0.007 -28"><span class='ocrx_word' id='word_1_694' title='bbox 214 4852 342 4909; x_wconf 80' lang='lat' dir='ltr'>tiam</span> <span class='ocrx_word' id='word_1_695' title='bbox 372 4854 447 4909; x_wconf 84' lang='lat' dir='ltr'>ad</span> <span class='ocrx_word' id='word_1_696' title='bbox 475 4855 810 4913; x_wconf 90' lang='lat' dir='ltr'>intellectum</span> <span class='ocrx_word' id='word_1_697' title='bbox 841 4873 1054 4931; x_wconf 89' lang='lat' dir='ltr'>quoque</span> <span class='ocrx_word' id='word_1_698' title='bbox 1099 4860 1388 4932; x_wconf 86' lang='lat' dir='ltr'>mysticum</span> <span class='ocrx_word' id='word_1_699' title='bbox 1433 4864 1817 4936; x_wconf 91' lang='lat' dir='ltr'>perducuntur.</span> 
     </span>
    </p>
   </div>
   <div class='ocr_carea' id='block_1_101' title="bbox 287 4942 1826 5017">
    <p class='ocr_par' dir='ltr' id='par_1_101' title="bbox 287 4942 1826 5017">
     <span class='ocr_line' id='line_1_101' title="bbox 287 4942 1826 5017; baseline 0.007 -18"><span class='ocrx_word' id='word_1_700' title='bbox 287 4942 464 5000; x_wconf 85' lang='lat' dir='ltr'>Vens.</span> <span class='ocrx_word' id='word_1_701' title='bbox 488 4948 580 5002; x_wconf 81' lang='lat'><strong>29.</strong></span> <span class='ocrx_word' id='word_1_702' title='bbox 614 4975 685 4987; x_wconf 92' lang='lat'>—</span> <span class='ocrx_word' id='word_1_703' title='bbox 709 4944 876 5003; x_wconf 89' lang='lat' dir='ltr'>Omni</span> <span class='ocrx_word' id='word_1_704' title='bbox 909 4950 1082 5017; x_wconf 88' lang='lat' dir='ltr'>enim,</span> <span class='ocrx_word' id='word_1_705' title='bbox 1106 4958 1210 5006; x_wconf 91' lang='lat' dir='ltr'>etc.</span> <span class='ocrx_word' id='word_1_706' title='bbox 1242 4951 1393 5007; x_wconf 91' lang='lat' dir='ltr'>Multi</span> <span class='ocrx_word' id='word_1_707' title='bbox 1441 4952 1587 5008; x_wconf 91' lang='lat' dir='ltr'>enim</span> <span class='ocrx_word' id='word_1_708' title='bbox 1636 4961 1826 5011; x_wconf 90' lang='lat' dir='ltr'>natura</span> 
     </span>
    </p>
   </div>
   <div class='ocr_carea' id='block_1_102' title="bbox 215 5029 1825 5113">
    <p class='ocr_par' dir='ltr' id='par_1_102' title="bbox 215 5029 1825 5113">
     <span class='ocr_line' id='line_1_102' title="bbox 215 5029 1825 5113; baseline 0.007 -27"><span class='ocrx_word' id='word_1_709' title='bbox 215 5029 340 5089; x_wconf 89' lang='lat' dir='ltr'>licet</span> <span class='ocrx_word' id='word_1_710' title='bbox 371 5032 652 5105; x_wconf 87' lang='lat' dir='ltr'>sapientes</span> <span class='ocrx_word' id='word_1_711' title='bbox 683 5042 737 5091; x_wconf 90' lang='lat' dir='ltr'>et</span> <span class='ocrx_word' id='word_1_712' title='bbox 762 5035 924 5102; x_wconf 89' lang='lat' dir='ltr'>acuti,</span> <span class='ocrx_word' id='word_1_713' title='bbox 959 5037 1004 5093; x_wconf 89' lang='lat' dir='ltr'>si</span> <span class='ocrx_word' id='word_1_714' title='bbox 1033 5038 1139 5094; x_wconf 91' lang='lat' dir='ltr'>sint</span> <span class='ocrx_word' id='word_1_715' title='bbox 1171 5038 1411 5109; x_wconf 88' lang='lat' dir='ltr'>desides,</span> <span class='ocrx_word' id='word_1_716' title='bbox 1445 5041 1676 5113; x_wconf 91' lang='lat' dir='ltr'>perdunt</span> <span class='ocrx_word' id='word_1_717' title='bbox 1718 5043 1825 5098; x_wconf 92' lang='lat' dir='ltr'>bo-</span> 
     </span>
    </p>
   </div>
   <div class='ocr_carea' id='block_1_103' title="bbox 216 5124 1818 5203">
    <p class='ocr_par' dir='ltr' id='par_1_103' title="bbox 216 5124 1818 5203">
     <span class='ocr_line' id='line_1_103' title="bbox 216 5124 1818 5203; baseline 0.007 -27"><span class='ocrx_word' id='word_1_718' title='bbox 216 5136 343 5176; x_wconf 87' lang='lat' dir='ltr'>num</span> <span class='ocrx_word' id='word_1_719' title='bbox 374 5131 595 5192; x_wconf 72' lang='lat' dir='ltr'>naturae,</span> <span class='ocrx_word' id='word_1_720' title='bbox 630 5132 682 5180; x_wconf 90' lang='lat' dir='ltr'>et</span> <span class='ocrx_word' id='word_1_721' title='bbox 710 5124 997 5197; x_wconf 63' lang='lat' dir='ltr'>praemium</span> <span class='ocrx_word' id='word_1_722' title='bbox 1034 5129 1180 5200; x_wconf 89' lang='lat' dir='ltr'>quod</span> <span class='ocrx_word' id='word_1_723' title='bbox 1219 5136 1333 5185; x_wconf 89' lang='lat' dir='ltr'>erat</span> <span class='ocrx_word' id='word_1_724' title='bbox 1359 5130 1440 5185; x_wconf 89' lang='lat' dir='ltr'>eis</span> <span class='ocrx_word' id='word_1_725' title='bbox 1456 5129 1818 5203; x_wconf 73' lang='lat' dir='ltr'>promissum“</span> 
     </span>
    </p>
   </div>
   <div class='ocr_carea' id='block_1_104' title="bbox 216 5210 1818 5292">
    <p class='ocr_par' dir='ltr' id='par_1_104' title="bbox 216 5210 1818 5292">
     <span class='ocr_line' id='line_1_104' title="bbox 216 5210 1818 5292; baseline 0.007 -27"><span class='ocrx_word' id='word_1_726' title='bbox 216 5210 433 5267; x_wconf 81' lang='lat' dir='ltr'>videtur</span> <span class='ocrx_word' id='word_1_727' title='bbox 454 5213 680 5270; x_wconf 88' lang='lat' dir='ltr'>transire</span> <span class='ocrx_word' id='word_1_728' title='bbox 709 5213 781 5269; x_wconf 88' lang='lat' dir='ltr'>ad</span> <span class='ocrx_word' id='word_1_729' title='bbox 807 5213 943 5270; x_wconf 89' lang='lat' dir='ltr'>alios</span> <span class='ocrx_word' id='word_1_730' title='bbox 970 5216 1061 5288; x_wconf 90' lang='lat' dir='ltr'>qui</span> <span class='ocrx_word' id='word_1_731' title='bbox 1088 5217 1233 5289; x_wconf 90' lang='lat' dir='ltr'>quod</span> <span class='ocrx_word' id='word_1_732' title='bbox 1260 5219 1463 5275; x_wconf 88' lang='lat' dir='ltr'>habent</span> <span class='ocrx_word' id='word_1_733' title='bbox 1481 5219 1681 5287; x_wconf 90' lang='lat' dir='ltr'>minus,</span> <span class='ocrx_word' id='word_1_734' title='bbox 1720 5236 1818 5292; x_wconf 92' lang='lat' dir='ltr'>per</span> 
     </span>
    </p>
   </div>
   <div class='ocr_carea' id='block_1_105' title="bbox 216 5302 1820 5380">
    <p class='ocr_par' dir='ltr' id='par_1_105' title="bbox 216 5302 1820 5380">
     <span class='ocr_line' id='line_1_105' title="bbox 216 5302 1820 5380; baseline 0.006 -25"><span class='ocrx_word' id='word_1_735' title='bbox 216 5307 458 5357; x_wconf 79' lang='lat' dir='ltr'>naturam</span> <span class='ocrx_word' id='word_1_736' title='bbox 485 5302 773 5375; x_wconf 89' lang='lat' dir='ltr'>acquirunt</span> <span class='ocrx_word' id='word_1_737' title='bbox 802 5319 904 5376; x_wconf 90' lang='lat' dir='ltr'>per</span> <span class='ocrx_word' id='word_1_738' title='bbox 930 5303 1271 5362; x_wconf 90' lang='lat' dir='ltr'>industriam.</span> <span class='ocrx_word' id='word_1_739' title='bbox 1327 5306 1425 5363; x_wconf 91' lang='lat' dir='ltr'>Vel</span> <span class='ocrx_word' id='word_1_740' title='bbox 1495 5308 1587 5380; x_wconf 92' lang='lat' dir='ltr'>qui</span> <span class='ocrx_word' id='word_1_741' title='bbox 1654 5308 1820 5364; x_wconf 87' lang='lat' dir='ltr'>habet</span> 
     </span>
    </p>
   </div>
   <div class='ocr_carea' id='block_1_106' title="bbox 215 5384 1823 5461">
    <p class='ocr_par' dir='ltr' id='par_1_106' title="bbox 215 5384 1823 5461">
     <span class='ocr_line' id='line_1_106' title="bbox 215 5384 1823 5461; baseline 0.006 -16"><span class='ocrx_word' id='word_1_742' title='bbox 215 5384 382 5446; x_wconf 77' lang='lat' dir='ltr'>ﬁdem</span> <span class='ocrx_word' id='word_1_743' title='bbox 411 5398 463 5447; x_wconf 90' lang='lat' dir='ltr'>et</span> <span class='ocrx_word' id='word_1_744' title='bbox 489 5391 695 5450; x_wconf 89' lang='lat' dir='ltr'>bonam</span> <span class='ocrx_word' id='word_1_745' title='bbox 724 5392 1081 5461; x_wconf 89' lang='lat' dir='ltr'>voluntatem,</span> <span class='ocrx_word' id='word_1_746' title='bbox 1109 5394 1272 5451; x_wconf 88' lang='lat' dir='ltr'>etiam</span> <span class='ocrx_word' id='word_1_747' title='bbox 1301 5394 1349 5451; x_wconf 89' lang='lat' dir='ltr'>si</span> <span class='ocrx_word' id='word_1_748' title='bbox 1378 5395 1559 5452; x_wconf 89' lang='lat' dir='ltr'>minus</span> <span class='ocrx_word' id='word_1_749' title='bbox 1580 5396 1746 5455; x_wconf 89' lang='lat' dir='ltr'>habet</span> <span class='ocrx_word' id='word_1_750' title='bbox 1768 5396 1823 5455; x_wconf 89' lang='lat' dir='ltr'>in</span> 
     </span>
    </p>
   </div>
   <div class='ocr_carea' id='block_1_107' title="bbox 214 5478 1811 5558">
    <p class='ocr_par' dir='ltr' id='par_1_107' title="bbox 214 5478 1811 5558">
     <span class='ocr_line' id='line_1_107' title="bbox 214 5478 1811 5558; baseline 0.004 -19"><span class='ocrx_word' id='word_1_751' title='bbox 214 5491 385 5551; x_wconf 78' lang='lat' dir='ltr'>opere</span> <span class='ocrx_word' id='word_1_752' title='bbox 411 5478 619 5541; x_wconf 87' lang='lat' dir='ltr'>dabitur</span> <span class='ocrx_word' id='word_1_753' title='bbox 646 5481 700 5542; x_wconf 88' lang='lat' dir='ltr'>ei</span> <span class='ocrx_word' id='word_1_754' title='bbox 730 5482 928 5543; x_wconf 86' lang='lat' dir='ltr'>abono</span> <span class='ocrx_word' id='word_1_755' title='bbox 950 5482 1154 5556; x_wconf 84' lang='lat' dir='ltr'>judice.</span> <span class='ocrx_word' id='word_1_756' title='bbox 1205 5483 1315 5543; x_wconf 89' lang='lat' dir='ltr'>Sed</span> <span class='ocrx_word' id='word_1_757' title='bbox 1345 5484 1439 5558; x_wconf 87' lang='lat' dir='ltr'>qui</span> <span class='ocrx_word' id='word_1_758' title='bbox 1466 5485 1522 5543; x_wconf 90' lang='lat' dir='ltr'>in</span> <span class='ocrx_word' id='word_1_759' title='bbox 1546 5484 1655 5545; x_wconf 87' lang='lat' dir='ltr'>ﬁde</span> <span class='ocrx_word' id='word_1_760' title='bbox 1693 5501 1811 5545; x_wconf 90' lang='lat' dir='ltr'>non</span> 
     </span>
    </p>
   </div>
   <div class='ocr_carea' id='block_1_108' title="bbox 1924 4511 3522 4589">
    <p class='ocr_par' dir='ltr' id='par_1_108' title="bbox 1924 4511 3522 4589">
     <span class='ocr_line' id='line_1_108' title="bbox 1924 4511 3522 4589; baseline 0.008 -22"><span class='ocrx_word' id='word_1_761' title='bbox 1924 4511 2196 4584; x_wconf 82' lang='lat' dir='ltr'>Origenes</span> <span class='ocrx_word' id='word_1_762' title='bbox 2239 4516 2470 4586; x_wconf 91' lang='lat' dir='ltr'>spondet</span> <span class='ocrx_word' id='word_1_763' title='bbox 2515 4516 2889 4573; x_wconf 90' lang='lat' dir='ltr'>liberationem</span> <span class='ocrx_word' id='word_1_764' title='bbox 2937 4527 3060 4589; x_wconf 92' lang='lat' dir='ltr'>post</span> <span class='ocrx_word' id='word_1_765' title='bbox 3104 4519 3304 4576; x_wconf 89' lang='lat' dir='ltr'>multos</span> <span class='ocrx_word' id='word_1_766' title='bbox 3346 4536 3522 4580; x_wconf 89' lang='lat' dir='ltr'>annos</span> 
     </span>
    </p>
   </div>
   <div class='ocr_carea' id='block_1_109' title="bbox 1923 4601 3600 4683">
    <p class='ocr_par' dir='ltr' id='par_1_109' title="bbox 1923 4601 3600 4683">
     <span class='ocr_line' id='line_1_109' title="bbox 1923 4601 3600 4683; baseline 0.009 -28"><span class='ocrx_word' id='word_1_767' title='bbox 1923 4601 2082 4657; x_wconf 91' lang='lat' dir='ltr'>malis</span> <span class='ocrx_word' id='word_1_768' title='bbox 2109 4602 2417 4658; x_wconf 90' lang='lat' dir='ltr'>hominibus</span> <span class='ocrx_word' id='word_1_769' title='bbox 2435 4611 2503 4673; x_wconf 32' lang='lat' dir='ltr'>,et</span> <span class='ocrx_word' id='word_1_770' title='bbox 2532 4605 2667 4675; x_wconf 88' lang='lat' dir='ltr'>ipsis</span> <span class='ocrx_word' id='word_1_771' title='bbox 2693 4605 3048 4663; x_wconf 71' lang='lat' dir='ltr'>daemonibus.</span> <span class='ocrx_word' id='word_1_772' title='bbox 3080 4608 3146 4664; x_wconf 87' lang='lat' dir='ltr'>In</span> <span class='ocrx_word' id='word_1_773' title='bbox 3174 4610 3520 4683; x_wconf 83' lang='lat' dir='ltr'>supplicium</span> <span class='ocrx_word' id='word_1_774' title='bbox 3591 4652 3600 4659; x_wconf 87' lang='lat'>-</span> 
     </span>
    </p>
   </div>
   <div class='ocr_carea' id='block_1_110' title="bbox 1925 4690 3517 4772">
    <p class='ocr_par' dir='ltr' id='par_1_110' title="bbox 1925 4690 3517 4772">
     <span class='ocr_line' id='line_1_110' title="bbox 1925 4690 3517 4772; baseline 0.007 -25"><span class='ocrx_word' id='word_1_775' title='bbox 1925 4692 2223 4748; x_wconf 67' lang='lat' dir='ltr'>aeternum.</span> <span class='ocrx_word' id='word_1_776' title='bbox 2254 4690 2443 4763; x_wconf 73' lang='grc' dir='ltr'>(Αυα.)</span> <span class='ocrx_word' id='word_1_777' title='bbox 2473 4692 2594 4761; x_wconf 90' lang='lat' dir='ltr'>Qua</span> <span class='ocrx_word' id='word_1_778' title='bbox 2636 4692 2691 4748; x_wconf 90' lang='lat' dir='ltr'>in</span> <span class='ocrx_word' id='word_1_779' title='bbox 2741 4710 2801 4749; x_wconf 92' lang='lat' dir='ltr'>re</span> <span class='ocrx_word' id='word_1_780' title='bbox 2847 4694 3253 4755; x_wconf 89' lang='lat' dir='ltr'>misericordior</span> <span class='ocrx_word' id='word_1_781' title='bbox 3269 4699 3517 4772; x_wconf 84' lang='lat' dir='ltr'>profecto</span> 
     </span>
    </p>
   </div>
   <div class='ocr_carea' id='block_1_111' title="bbox 1924 4779 3515 4863">
    <p class='ocr_par' dir='ltr' id='par_1_111' title="bbox 1924 4779 3515 4863">
     <span class='ocr_line' id='line_1_111' title="bbox 1924 4779 3515 4863; baseline 0.006 -28"><span class='ocrx_word' id='word_1_782' title='bbox 1924 4779 2023 4835; x_wconf 84' lang='lat' dir='ltr'>fuit</span> <span class='ocrx_word' id='word_1_783' title='bbox 2052 4779 2321 4854; x_wconf 86' lang='lat' dir='ltr'>Origenes</span> <span class='ocrx_word' id='word_1_784' title='bbox 2350 4780 2440 4853; x_wconf 91' lang='lat' dir='ltr'>qui</span> <span class='ocrx_word' id='word_1_785' title='bbox 2468 4789 2522 4838; x_wconf 91' lang='lat' dir='ltr'>et</span> <span class='ocrx_word' id='word_1_786' title='bbox 2552 4781 2730 4853; x_wconf 90' lang='lat' dir='ltr'>ipsum</span> <span class='ocrx_word' id='word_1_787' title='bbox 2758 4782 3035 4840; x_wconf 90' lang='lat' dir='ltr'>diabolum</span> <span class='ocrx_word' id='word_1_788' title='bbox 3079 4796 3242 4860; x_wconf 90' lang='lat' dir='ltr'>atque</span> <span class='ocrx_word' id='word_1_789' title='bbox 3283 4790 3515 4863; x_wconf 84' lang='lat' dir='ltr'>angelos</span> 
     </span>
    </p>
   </div>
   <div class='ocr_carea' id='block_1_112' title="bbox 1923 4868 3518 4951">
    <p class='ocr_par' dir='ltr' id='par_1_112' title="bbox 1923 4868 3518 4951">
     <span class='ocr_line' id='line_1_112' title="bbox 1923 4868 3518 4951; baseline 0.007 -29"><span class='ocrx_word' id='word_1_790' title='bbox 1923 4868 2039 4937; x_wconf 87' lang='lat' dir='ltr'>ejus</span> <span class='ocrx_word' id='word_1_791' title='bbox 2066 4877 2189 4940; x_wconf 93' lang='lat' dir='ltr'>post</span> <span class='ocrx_word' id='word_1_792' title='bbox 2217 4869 2473 4941; x_wconf 89' lang='lat' dir='ltr'>graviora</span> <span class='ocrx_word' id='word_1_793' title='bbox 2503 4886 2604 4941; x_wconf 92' lang='lat' dir='ltr'>pro</span> <span class='ocrx_word' id='word_1_794' title='bbox 2633 4871 2840 4926; x_wconf 90' lang='lat' dir='ltr'>meritis</span> <span class='ocrx_word' id='word_1_795' title='bbox 2868 4880 2921 4928; x_wconf 93' lang='lat' dir='ltr'>et</span> <span class='ocrx_word' id='word_1_796' title='bbox 2947 4873 3284 4933; x_wconf 90' lang='lat' dir='ltr'>diuturniora</span> <span class='ocrx_word' id='word_1_797' title='bbox 3311 4877 3518 4951; x_wconf 90' lang='lat' dir='ltr'>suppli-</span> 
     </span>
    </p>
   </div>
   <div class='ocr_carea' id='block_1_113' title="bbox 1922 4956 3516 5036">
    <p class='ocr_par' dir='ltr' id='par_1_113' title="bbox 1922 4956 3516 5036">
     <span class='ocr_line' id='line_1_113' title="bbox 1922 4956 3516 5036; baseline 0.007 -24"><span class='ocrx_word' id='word_1_798' title='bbox 1922 4956 2008 5012; x_wconf 90' lang='lat' dir='ltr'>cia</span> <span class='ocrx_word' id='word_1_799' title='bbox 2036 4972 2102 5013; x_wconf 85' lang='lat' dir='ltr'>ex</span> <span class='ocrx_word' id='word_1_800' title='bbox 2129 4956 2237 5012; x_wconf 89' lang='lat' dir='ltr'>illis</span> <span class='ocrx_word' id='word_1_801' title='bbox 2253 4957 2579 5014; x_wconf 88' lang='lat' dir='ltr'>cruciatibus</span> <span class='ocrx_word' id='word_1_802' title='bbox 2600 4961 2873 5016; x_wconf 88' lang='lat' dir='ltr'>eruendos</span> <span class='ocrx_word' id='word_1_803' title='bbox 2895 4970 3058 5036; x_wconf 89' lang='lat' dir='ltr'>atque</span> <span class='ocrx_word' id='word_1_804' title='bbox 3079 4966 3367 5023; x_wconf 91' lang='lat' dir='ltr'>sociandos</span> <span class='ocrx_word' id='word_1_805' title='bbox 3389 4984 3516 5023; x_wconf 88' lang='lat' dir='ltr'>san-</span> 
     </span>
    </p>
   </div>
   <div class='ocr_carea' id='block_1_114' title="bbox 1923 5045 3519 5128">
    <p class='ocr_par' dir='ltr' id='par_1_114' title="bbox 1923 5045 3519 5128">
     <span class='ocr_line' id='line_1_114' title="bbox 1923 5045 3519 5128; baseline 0.009 -27"><span class='ocrx_word' id='word_1_806' title='bbox 1923 5045 2025 5101; x_wconf 89' lang='lat' dir='ltr'>ctis</span> <span class='ocrx_word' id='word_1_807' title='bbox 2043 5045 2254 5118; x_wconf 82' lang='lat' dir='ltr'>angelis</span> <span class='ocrx_word' id='word_1_808' title='bbox 2284 5045 2532 5103; x_wconf 91' lang='lat' dir='ltr'>credidit.</span> <span class='ocrx_word' id='word_1_809' title='bbox 2557 5047 2664 5103; x_wconf 90' lang='lat' dir='ltr'>Sed</span> <span class='ocrx_word' id='word_1_810' title='bbox 2688 5048 2842 5104; x_wconf 90' lang='lat' dir='ltr'>illum</span> <span class='ocrx_word' id='word_1_811' title='bbox 2868 5059 2921 5105; x_wconf 89' lang='lat' dir='ltr'>et</span> <span class='ocrx_word' id='word_1_812' title='bbox 2949 5061 3173 5125; x_wconf 89' lang='lat' dir='ltr'>pr0pter</span> <span class='ocrx_word' id='word_1_813' title='bbox 3192 5054 3294 5111; x_wconf 92' lang='lat' dir='ltr'>hoc</span> <span class='ocrx_word' id='word_1_814' title='bbox 3315 5063 3369 5113; x_wconf 90' lang='lat' dir='ltr'>et</span> <span class='ocrx_word' id='word_1_815' title='bbox 3385 5072 3519 5128; x_wconf 90' lang='lat' dir='ltr'>pro-</span> 
     </span>
    </p>
   </div>
   <div class='ocr_carea' id='block_1_115' title="bbox 1920 5132 3520 5213">
    <p class='ocr_par' dir='ltr' id='par_1_115' title="bbox 1920 5132 3520 5213">
     <span class='ocr_line' id='line_1_115' title="bbox 1920 5132 3520 5213; baseline 0.012 -29"><span class='ocrx_word' id='word_1_816' title='bbox 1920 5138 2044 5204; x_wconf 90' lang='lat' dir='ltr'>pter</span> <span class='ocrx_word' id='word_1_817' title='bbox 2071 5132 2180 5188; x_wconf 90' lang='lat' dir='ltr'>alia</span> <span class='ocrx_word' id='word_1_818' title='bbox 2209 5134 2488 5201; x_wconf 88' lang='lat' dir='ltr'>nonnulla,</span> <span class='ocrx_word' id='word_1_819' title='bbox 2536 5144 2588 5192; x_wconf 90' lang='lat' dir='ltr'>et</span> <span class='ocrx_word' id='word_1_820' title='bbox 2631 5138 2870 5195; x_wconf 87' lang='lat' dir='ltr'>maxime</span> <span class='ocrx_word' id='word_1_821' title='bbox 2918 5135 3144 5213; x_wconf 83' lang='lat' dir='ltr'>propter</span> <span class='ocrx_word' id='word_1_822' title='bbox 3184 5143 3520 5204; x_wconf 79' lang='lat' dir='ltr'>alternantes</span> 
     </span>
    </p>
   </div>
   <div class='ocr_carea' id='block_1_116' title="bbox 1924 5218 3517 5294">
    <p class='ocr_par' dir='ltr' id='par_1_116' title="bbox 1924 5218 3517 5294">
     <span class='ocr_line' id='line_1_116' title="bbox 1924 5218 3517 5294; baseline 0.011 -20"><span class='ocrx_word' id='word_1_823' title='bbox 1924 5218 2042 5277; x_wconf 88' lang='lat' dir='ltr'>sine</span> <span class='ocrx_word' id='word_1_824' title='bbox 2069 5221 2373 5279; x_wconf 88' lang='lat' dir='ltr'>cessatione</span> <span class='ocrx_word' id='word_1_825' title='bbox 2398 5222 2761 5283; x_wconf 88' lang='lat' dir='ltr'>beatitudines</span> <span class='ocrx_word' id='word_1_826' title='bbox 2797 5236 2853 5283; x_wconf 91' lang='lat' dir='ltr'>et</span> <span class='ocrx_word' id='word_1_827' title='bbox 2884 5228 3146 5287; x_wconf 84' lang='lat' dir='ltr'>miserias</span> <span class='ocrx_word' id='word_1_828' title='bbox 3203 5240 3254 5288; x_wconf 93' lang='lat' dir='ltr'>et</span> <span class='ocrx_word' id='word_1_829' title='bbox 3292 5236 3517 5294; x_wconf 80' lang='lat' dir='ltr'>statutis</span> 
     </span>
    </p>
   </div>
   <div class='ocr_carea' id='block_1_117' title="bbox 1923 5309 3515 5386">
    <p class='ocr_par' dir='ltr' id='par_1_117' title="bbox 1923 5309 3515 5386">
     <span class='ocr_line' id='line_1_117' title="bbox 1923 5309 3515 5386; baseline 0.009 -20"><span class='ocrx_word' id='word_1_830' title='bbox 1923 5309 2248 5368; x_wconf 84' lang='lat' dir='ltr'>saeculorum</span> <span class='ocrx_word' id='word_1_831' title='bbox 2276 5309 2598 5386; x_wconf 86' lang='lat' dir='ltr'>intervallis,</span> <span class='ocrx_word' id='word_1_832' title='bbox 2626 5316 2697 5371; x_wconf 86' lang='lat' dir='ltr'>ab</span> <span class='ocrx_word' id='word_1_833' title='bbox 2725 5316 2832 5372; x_wconf 89' lang='lat' dir='ltr'>illis</span> <span class='ocrx_word' id='word_1_834' title='bbox 2881 5317 2953 5374; x_wconf 91' lang='lat' dir='ltr'>ad</span> <span class='ocrx_word' id='word_1_835' title='bbox 3010 5318 3115 5377; x_wconf 89' lang='lat' dir='ltr'>ista</span> <span class='ocrx_word' id='word_1_836' title='bbox 3168 5319 3276 5377; x_wconf 88' lang='lat' dir='ltr'>itus</span> <span class='ocrx_word' id='word_1_837' title='bbox 3331 5337 3399 5381; x_wconf 89' lang='lat' dir='ltr'>ac</span> <span class='ocrx_word' id='word_1_838' title='bbox 3420 5339 3515 5380; x_wconf 89' lang='lat' dir='ltr'>re-</span> 
     </span>
    </p>
   </div>
   <div class='ocr_carea' id='block_1_118' title="bbox 1921 5396 3511 5546">
    <p class='ocr_par' dir='ltr' id='par_1_118' title="bbox 1921 5396 3511 5546">
     <span class='ocr_line' id='line_1_118' title="bbox 1921 5396 3511 5546; baseline 0.009 -92"><span class='ocrx_word' id='word_1_839' title='bbox 1921 5396 2066 5546; x_wconf 48' lang='lat' dir='ltr'>ditus</span> <span class='ocrx_word' id='word_1_840' title='bbox 2117 5398 2547 5460; x_wconf 84' lang='lat' dir='ltr'>interminabiles</span> <span class='ocrx_word' id='word_1_841' title='bbox 2596 5419 2706 5463; x_wconf 91' lang='lat' dir='ltr'>non</span> <span class='ocrx_word' id='word_1_842' title='bbox 2759 5405 3032 5467; x_wconf 87' lang='lat' dir='ltr'>immerito</span> <span class='ocrx_word' id='word_1_843' title='bbox 3062 5410 3377 5482; x_wconf 85' lang='lat' dir='ltr'>reprobavit</span> <span class='ocrx_word' id='word_1_844' title='bbox 3394 5412 3511 5469; x_wconf 85' lang='lat' dir='ltr'>Ec-</span> 
     </span>
     <span class='ocr_line' id='line_1_119' title="bbox 1922 5501 2115 5546; baseline 0.005 -1"><span class='ocrx_word' id='word_1_845' title='bbox 1922 5501 1955 5545; x_wconf 81' lang='grc' dir='ltr'><strong>ο</strong></span> <span class='ocrx_word' id='word_1_846' title='bbox 1976 5502 2115 5546; x_wconf 74' lang='grc' dir='ltr'>θεια.</span> 
     </span>
    </p>
   </div>
   <div class='ocr_carea' id='block_1_119' title="bbox 1922 5501 2115 5547">
    <p class='ocr_par' dir='ltr' id='par_1_119' title="bbox 1922 5501 2115 5547">
     <span class='ocr_line' id='line_1_120' title="bbox 1922 5501 2115 5547; baseline 0.01 -2"><span class='ocrx_word' id='word_1_847' title='bbox 1922 5501 2115 5547; x_wconf 71' lang='grc'><strong>618818.</strong></span> 
     </span>
    </p>
   </div>
  </div>
