4028 6178
505 249 607 301 167

1059 390 1287 447 CAPUT
1324 393 1522 446 XXVI.

572 502 742 557 Vens.
768 506 819 557 1.
843 530 912 543 —-
929 505 1000 558 Et
1020 506 1242 574 factum
1261 508 1347 558 est
1366 520 1496 559 cum
1519 507 1989 558 consummasset.
2014 503 2095 557 De

508 591 978 647 consummatione
1008 592 1195 647 saeculi
1225 600 1278 646 et
1305 591 1635 647 discretione
1658 590 1848 659 judicii
1881 608 1895 644 :
1919 591 2008 646 vel
2025 592 2093 645 ab

497 679 648 734 initio
677 680 965 753 Evangelii
993 696 1166 751 usque
1196 680 1265 735 ad
1293 680 1605 750 passionem
1626 679 1812 734 omnia
1844 678 2094 734 faciendo

498 775 552 823 et
580 769 930 839 praedicando
962 769 1348 839 compleverat.
1384 770 1513 823 Post
1542 784 1850 823 sermonem
1891 784 1999 839 quo
2033 784 2091 822 se

498 865 787 913 venturum
813 858 871 911 in
899 858 1146 913 claritate
1176 858 1444 928 praedixit,
1478 873 1770 927 passurum
1800 874 1859 913 se
1909 865 2093 912 osten-

499 945 595 1013 dit,
628 953 685 1000 ut
715 954 1120 1001 sacramentum
1159 946 1339 1003 crucis
1387 946 1678 1002 admistum
1727 962 1851 1001 esse
1899 946 2091 1018 gloriae

497 1033 814 1089 aeternitatis
856 1034 1163 1089 admoneat.

566 1124 735 1178 Vnus.
760 1127 812 1178 6.
834 1152 905 1163 —
929 1125 1064 1179 Cum
1098 1128 1312 1179 autem.
1337 1123 1534 1178 Habito
1550 1122 1778 1178 consilio
1807 1123 1944 1179 ordo
1964 1138 2091 1178 nar-

494 1212 721 1267 rationis
751 1211 1100 1284 illucjtransit,
1136 1216 1273 1267 tunc
1302 1213 1442 1267 abiit
1471 1230 1620 1269 unus
1632 1213 1697 1267 de
1709 1213 2018 1279 duodecim,
2034 1220 2093 1267 ut

492 1300 695 1356 factum
722 1302 875 1355 ludas
909 1302 1273 1372 conjungatur
1299 1302 1369 1355 ad
1400 1301 1690 1356 consilium
1721 1302 2087 1357 sacerdotum.

504 1390 666 1445 Redit
695 1398 876 1445 autem
925 1390 994 1443 ad
1053 1406 1177 1444 eum
1207 1390 1372 1455 diem,
1409 1390 1501 1461 qui
1531 1397 1645 1444 erat
1676 1398 1801 1444 ante
1832 1406 1927 1443 sex
1973 1390 2091 1444 dies

493 1470 714 1549 pasché
734 1478 923 1533 dicens
946 1494 960 1532 :
987 1479 1124 1533 Cum
1144 1482 1357 1544 autem,
1382 1485 1487 1533 etc.
1511 1480 1775 1533 Simonis.
1800 1479 2091 1532 Permanet

493 1566 783 1636 pristinum
815 1583 1015 1621 nomen
1043 1574 1103 1621 ut
1151 1566 1325 1622 virtus
1367 1566 1605 1622 curantis
1651 1575 1930 1638 appareat.
1983 1568 2088 1622 Per

493 1670 616 1710 eam
644 1656 849 1711 domun
876 1656 1061 1727 accipe
1091 1656 1242 1711 illam
1272 1664 1477 1727 partem
1499 1656 1686 1727 p0puli
1707 1674 1829 1728 quae
1860 1656 2090 1712 credidit

492 1743 725 1800 Domino
754 1752 808 1800 et
836 1752 1024 1800 curata
1053 1753 1153 1800 est.
1185 1746 1397 1812 Simon,
1431 1745 1487 1799 id
1526 1753 1608 1799 est
1650 1745 1937 1800 obediens.

564 1834 733 1889 Vnus.
766 1835 799 1888 '7
823 1875 837 1889 .
856 1865 925 1875 —
944 1835 1209 1890 Accessit.
1243 1834 1445 1905 (HIER.
1472 1834 1810 1906 )Diligenter
1829 1833 2085 1902 observa,

493 1939 614 1993 quae
642 1923 712 1978 de
750 1923 962 1977 duabus
984 1939 1150 1993 super
1170 1931 1349 1993 caput.
1375 1922 1658 1994 Siquidem
1680 1922 1977 1992 peccatrix,
2000 1939 2091 1978 su-

488 2027 591 2083 per
617 2011 807 2083 pedes,
842 2019 895 2066 et
923 2028 989 2067 ea
1017 2029 1139 2083 quae
1178 2012 1376 2067 dicitur
1415 2028 1529 2066 non
1582 2010 1752 2066 fuisse
1795 2011 2087 2082 peccatrix,

492 2112 655 2166 super
681 2104 863 2166 caput.
892 2097 1090 2152 Mulier
1121 2096 1348 2151 habens.
1374 2096 1550 2150 Maria
1581 2096 1909 2168 Magdalena
1938 2109 2093 2151 soror

489 2185 677 2239 Lazari
706 2186 870 2240 modo
896 2186 1043 2254 justa
1070 2192 1124 2239 et
1153 2184 1456 2253 familiaris,
1492 2202 1610 2256 quae
1641 2184 1918 2255 quondam
1964 2201 2092 2255 pec-

490 2273 663 2329 catrix
692 2273 840 2331 venit
870 2282 924 2328 et
954 2274 1125 2344 pedes
1153 2273 1413 2344 lacrymis
1438 2274 1587 2340 lavit,
1621 2289 1766 2328 nunc
1823 2281 1983 2343 caput
2038 2281 2091 2328 et

489 2363 662 2433 pedes
690 2363 858 2432 unxit,
884 2363 1054 2433 pedes
1074 2379 1237 2430 nunc,
1270 2370 1328 2417 ut
1355 2363 1592 2417 Joannes
1623 2362 1770 2417 dicit.
1809 2364 2092 2435 Unguenti

488 2453 741 2524 pretiosi.
776 2452 1031 2507 Marcus:
1064 2451 1222 2506 nardi
1253 2451 1465 2522 spicati,
1497 2451 1554 2505 id
1579 2458 1681 2517 est,
1715 2452 1784 2505 de
1815 2451 1981 2521 spicis
2039 2459 2093 2507 et

489 2539 635 2596 foliis
665 2539 916 2608 confecti,
950 2540 1095 2612 quod
1124 2540 1413 2611 pretiosius
1469 2548 1570 2595 est.
1631 2540 1870 2594 Joannes
1929 2540 2089 2594 nardi

490 2626 688 2699 pistici,
735 2629 789 2683 id
835 2637 937 2696 est,
992 2628 1190 2696 ﬁdelis,
1235 2645 1346 2683 non
1375 2627 1665 2683 adulterati
1692 2627 1819 2682 aliis
1847 2627 2084 2684 herbis:

498 2716 669 2785 πίστις
698 2718 908 2787 Grazcc,
944 2717 1081 2772 ﬁdes
1130 2716 1337 2773 Latine.
1392 2719 1638 2789 Mystice.
1690 2718 1832 2772 Haec
1872 2717 2089 2778 devotio

501 2816 686 2871 Mariae
716 2814 879 2869 ﬁdem
908 2813 1178 2887 signiﬁcat
1206 2815 1486 2881 Ecclesiae,
1523 2834 1644 2887 qum
1676 2818 1806 2872 dum
1835 2816 2090 2871 deitatem

498 2903 698 2959 Christi
726 2902 1009 2975 praedicat,
1041 2910 1202 2973 caput
1242 2903 1399 2976 ungit
1432 2922 1445 2958 :
1502 2904 1630 2959 dum
1680 2905 2085 2973 humanitatem,

490 2994 687 3065 pedes.
721 2993 802 3047 De
831 2993 936 3048 hoc
961 3000 1240 3065 unguento
1272 2992 1325 3046 in
1357 2993 1519 3048 domo
1551 2994 1788 3049 Simonis
1809 2995 2015 3066 leprosi
2034 2995 2089 3049 in

1002 236 1005 239 ’
1106 247 1508 304 WALAFRJDI
1540 246 1784 304 STRABI
1813 245 2013 303 FULD.
2047 243 2220 303 MON.
2255 241 2408 300 OPP.
2448 244 2628 300 PARS
2656 244 2697 298 1.
2740 273 2801 284 —
2832 239 3303 303 THEOLOGICA.

2104 370 2300 442 Aquia
2329 367 2598 425 Dominus
2625 370 2729 424 hoc
2753 368 2984 434 dixerit,
3019 368 3117 422 sed
3146 374 3204 421 ut
3231 367 3351 437 ipse
3371 363 3532 420 nobis
3549 363 3799 419 insinua-

3696 241 3802 295 168

2195 467 2278 514 ret
2311 459 2475 514 tacito
2506 458 2725 512 nomine
2773 457 2999 528 proprio
3043 455 3214 511 fuisse
3261 454 3336 509 ibi
3384 453 3677 526 quemdam
3725 453 3798 507 ad

2195 565 2359 621 quem
2415 548 2789 602 mittebantur.
3640 550 3645 555 '

2264 639 2433 691 Vens.
2472 640 2558 690 19.
2591 667 2660 676 —
2689 638 2758 690 Et
2788 638 3053 706 fecerunt
3081 634 3350 705 discipuli
3380 634 3571 689 sicuti.
3603 631 3666 685 In
3686 631 3797 686 alio

2192 725 2495 799 Evangelio
2510 724 3171 780 scribiturzlnvenerunt
3201 723 3555 778 cmnaculum
3582 719 3797 792 grande

2192 819 2461 871 stratum.
2489 813 2863 880 Coenaculum,
2890 813 2975 867 lex
3000 810 3298 882 spiritualis
3329 818 3431 877 est,
3465 826 3586 882 qua:
3606 809 3676 864 de
3697 823 3797 863 an-

2191 904 2388 977 gustiis
2418 903 2601 958 littera
2632 902 2925 974 egrediens
2955 901 3013 954 in
3041 900 3260 955 sublimi
3288 899 3409 955 loco
3440 898 3634 969 recipit
3675 896 3797 952 Sal-

2191 1001 2457 1048 vatorem.
2491 992 2632 1045 Nam
2666 991 2757 1062 qui
2788 990 3029 1045 litteram
3059 988 3305 1060 sequitur
3334 988 3392 1041 in
3428 983 3537 1042 imo
3583 986 3796 1058 pascha

2190 1078 2339 1135 facit.
2374 1080 2483 1135 Sed
2515 1080 2609 1151 qui
2641 1095 2797 1151 aquae
2828 1078 3090 1147 bajulum,
3124 1077 3179 1131 id
3212 1084 3293 1131 est
3322 1091 3634 1147 praeconem
3662 1090 3796 1148 gra-

2190 1168 2297 1235 tia),
2334 1169 2391 1223 in
2422 1169 2645 1225 domum
2676 1168 2942 1223 Ecclesiae
2973 1165 3240 1239 sequitur,
3276 1165 3366 1221 hic
3395 1181 3496 1236 per
3544 1164 3795 1235 spiritum

2191 1257 2429 1312 litteram
2461 1257 2856 1313 transcendens
2886 1257 2942 1310 in
2959 1257 3069 1311 alto
3090 1255 3287 1312 mentis
3310 1254 3530 1310 Christo
3546 1251 3795 1309 refectio-

2190 1362 2317 1401 nem
2362 1353 2541 1417 parat.

2264 1436 2432 1490 Vens.
2457 1439 2546 1493 21.
2572 1465 2641 1474 —
2668 1436 2808 1504 Quia
2828 1451 2998 1491 unus.
3024 1432 3129 1502 Qui
3149 1431 3401 1504 praedixit
3420 1431 3489 1487 de
3508 1430 3788 1503 passione,

2196 1523 2447 1595 praedicit
2477 1523 2544 1578 de
2575 1523 2873 1594 proditore,
2904 1531 2963 1577 ut
2991 1522 3183 1578 videns
3205 1538 3267 1577 se
3285 1536 3394 1577 non
3414 1520 3585 1575 latere
3608 1519 3791 1591 pmni-

2190 1619 2330 1667 teret
2360 1611 2508 1668 facti.
2541 1612 2699 1667 Mittit
2721 1612 2932 1668 crimen
2951 1612 3008 1666 in
3031 1626 3279 1677 numero,
3305 1618 3363 1665 ut
3382 1617 3513 1682 agat
3533 1608 3790 1666 conscius

2104 1734 2158 1793 B
2188 1700 2583 1771 paenitentiam,
2617 1717 2728 1756 non
2755 1709 2939 1757 tamen
2967 1700 3220 1773 designat
3233 1698 3544 1771 specialiter
3571 1714 3660 1766 ne,
3685 1697 3791 1752 im-

2189 1789 2479 1860 pudentior
2516 1788 2690 1844 ﬁeret.

2261 1879 2434 1933 Vens.
2467 1882 2555 1936 22.
2580 1908 2649 1918 —
2673 1879 2971 1950 prerunt
2992 1878 3223 1949 singuli.
3248 1875 3391 1945 Quia
3412 1874 3535 1947 plus
3557 1875 3790 1932 credunt

2188 1967 2452 2037 magistro
2484 1983 2644 2038 quam
2676 1966 2817 2021 sibi:
2851 1973 2903 2020 et
2931 1966 3183 2021 timentes
3221 1966 3386 2021 etiam
3432 1964 3788 2038 fragilitatem

2197 2071 2375 2123 suam,
2409 2061 2659 2127 quaerunt
2688 2055 2757 2111 de
2788 2062 3015 2126 peccato
3046 2055 3200 2124 cujus
3247 2070 3359 2110 non
3403 2054 3605 2109 habent
3651 2067 3792 2109 con-

2193 2144 2501 2200 scientiam.

2262 2233 2437 2287 Vnns.
2469 2235 2559 2291 23.
2591 2261 2662 2272 —-
2689 2233 2791 2301 Qui
2818 2233 3082 2304 intingit.
3120 2231 3258 2287 Aliis
3289 2230 3624 2287 contristatis
3654 2239 3709 2286 et
3756 2246 3793 2285 a

2190 2321 2313 2377 cibo
2344 2336 2566 2375 manum
2596 2321 3021 2389 retrahentibus,
3058 2336 3124 2374 ea
3154 2320 3490 2390 impudentia
3528 2335 3637 2390 qua
3664 2326 3787 2373 tra-

2189 2410 2344 2475 didit,
2368 2425 2591 2464 manum
2613 2425 2738 2465 cum
2757 2409 3024 2482 magistro
3044 2408 3226 2475 mittit,
3250 2415 3309 2463 ut
3330 2408 3561 2464 audacia
3581 2408 3788 2463 bonam

2189 2498 2580 2554 conscientiam
2602 2498 2940 2553 mentiretur.
2964 2499 3110 2553 Ecce
3131 2497 3410 2551 humilitas
3431 2505 3484 2552 et
3500 2496 3783 2568 patientia,

2189 2602 2297 2658 qua
2324 2587 2664 2658 proditorem
2694 2587 2761 2640 ad
2792 2602 3043 2641 mensam
3071 2585 3324 2640 admittit.
3358 2587 3425 2641 In
3462 2585 3781 2658 paropside.

2187 2678 2404 2731 Marcus
2430 2693 2443 2729 :
2477 2678 2539 2730 in
2570 2678 2780 2733 catino.
2814 2675 3073 2745 ParOpsis
3104 2682 3187 2730 est
3216 2690 3314 2731 vas
3344 2690 3596 2730 escarum
3634 2688 3783 2745 qua—

2187 2764 2518 2837 drangulum
2548 2780 2581 2818 a
2608 2764 2831 2835 paribus
2861 2763 3161 2833 absidibus,
3185 2763 3241 2817 id
3271 2771 3372 2831 est,
3401 2763 3672 2834 abgaaquis
3695 2761 3787 2816 la—

2188 2853 2397 2907 teribus
2428 2852 2667 2908 dictum:
2702 2852 2942 2908 catinum
2972 2867 3071 2908 vas
3101 2850 3264 2907 ﬁctile
3293 2859 3478 2922 aptum
3496 2851 3565 2905 ad
3582 2850 3789 2905 immit-

2188 2942 2412 2996 tendum
2441 2941 2730 3012 liquorem,
2764 2949 2817 2996 et
2847 2940 3020 3011 potuit
3048 2938 3167 2995 ﬁeri
3196 2948 3254 2994 ut
3283 2955 3476 2995 mensa
3506 2938 3670 2995 ﬁctile
3686 2954 3790 2995 vas

2189 3038 2242 3084 et
2274 3030 2714 3103 quadrangulum
2759 3030 3080 3085 contineret.
3130 3029 3299 3084 Poena
3340 3028 3673 3099 praedicitur,
3727 3036 3789 3082 ut

505 3081 769 3190 ροιιιειιίει
796 3081 1000 3190 diem;
1030 3088 1083 3190 at,
1108 3081 1389 3190 Ψιξιλεευε
1412 3090 1463 3190 si
1490 3084 1708 3190 Plato"?
1737 3092 1789 3138 ει
2121 3092 2171 3157 c
2189 3081 2713 3190 assuetis;
2728 3081 3785 3190 vitae;sal-ignauam.ap-

492 3171 665 3226 Lucas
696 3185 828 3225 vero
857 3169 1004 3224 aliud
1033 3169 1162 3225 dicit
1191 3169 1367 3226 simile
1415 3170 1543 3227 huic
1598 3171 1801 3228 factum
1848 3180 1974 3227 ante
2031 3172 2086 3225 in

494 3260 659 3315 domo
688 3258 907 3314 alterius
939 3258 1174 3314 Simonis
1203 3259 1457 3330 phariszei
1496 3276 1604 3316 non
1653 3260 1874 3332 leprosi,
1909 3277 2087 3332 neque

491 3348 548 3403 in
579 3348 860 3417 Bethania,
888 3348 986 3403 sed
1004 3348 1074 3404 de
1095 3348 1288 3405 eadem
1307 3349 1537 3405 muliere
1558 3367 1680 3422 qum
1701 3359 1829 3406 tunc
1856 3349 2090 3406 accessit

490 3437 789 3509 peccatrix.

565 3528 736 3583 Vsus.
762 3532 813 3581 8.
838 3556 908 3568 —
926 3526 1205 3600 Discipuli
1226 3520 1796 3600 indignatifloannes
1812 3527 1945 3585 dicit
1970 3529 2089 3585 haec

488 3615 686 3672 Judam
714 3616 972 3684 locutum,
1005 3623 1057 3672 et
1086 3617 1190 3673 hoc
1203 3617 1384 3695 gratia
1404 3618 1712 3689 cupiditatis
1739 3617 1865 3673 :alii
1897 3625 2090 3689 potue-

490 3713 616 3761 runt
644 3705 829 3762 verbis
859 3706 975 3775 ejus
1005 3706 1333 3773 consentire,
1366 3707 1454 3762 vel
1483 3707 1646 3762 etiam
1676 3707 1823 3764 idem
1877 3707 2081 3778 dicere,

489 3795 588 3851 sed
617 3802 843 3867 propter
886 3810 1076 3851 curam
1122 3811 1445 3865 pauperum.

561 3884 734 3939 Vnus.
762 3887 848 3938 11.
873 3914 943 3923 —
968 3884 1045 3938 Me
1064 3888 1276 3952 autem,
1322 3892 1426 3940 etc.
1472 3884 1754 3955 Corporali
1774 3884 2084 3954 praesentia,

491 3972 732 4044 alioquin
750 3972 879 4026 dicit
901 3971 1030 4026 alibi
1054 3988 1068 4024 :
1093 3973 1231 4026 Ecce
1252 3987 1348 4042 ego
1369 3973 1650 4028 vobiscum
1678 3989 1808 4027 sum
1828 3973 2088 4028 omnibus

491 4062 683 4117 diebus
714 4076 860 4132 uque
889 4061 961 4114 ad
990 4061 1537 4114 consummationem
1586 4061 1799 4115 saeculi.

564 4149 735 4203 Vens.
769 4151 855 4205 12.
878 4177 947 4187 —
963 4147 1189 4202 Mittens
1220 4149 1392 4201 enim.
1414 4146 1668 4201 Ofﬁcium
1689 4156 1771 4202 est
1798 4146 2089 4218 sepultum

491 4237 638 4310 quod
666 4252 765 4293 vos
794 4236 1156 4307 perditionem
1188 4251 1309 4289 esse
1348 4235 1567 4305 putatis.
1618 4237 1737 4291 Nec
1774 4236 1990 4305 mirum,
2042 4237 2088 4292 si

490 4326 623 4381 mihi
653 4326 744 4380 dat
760 4323 889 4380 ﬁdei
908 4324 1151 4392 odorem,
1174 4338 1276 4394 pro
1301 4338 1409 4394 qua
1426 4339 1554 4379 mox
1572 4324 1795 4381 fusurus
1816 4342 1937 4382 sum
1956 4341 2087 4380 san-

491 4415 736 4488 guinem.

561 4518 733 4571 Vnas.
750 4518 776 4570 1
786 4509 922 4571 55-—
940 4514 1082 4583 Quid
1093 4515 1286 4570 vultis.
1303 4512 1475 4583 Quasi
1503 4515 1609 4571 vile
1624 4516 1957 4587 mancipium
1981 4525 2013 4570 ti
2027 4532 2087 4571 a-

491 4603 648 4672 dens,
663 4604 813 4675 ponit
831 4603 889 4658 in
899 4610 1165 4674 potestate
1176 4604 1469 4659 ementium
1482 4613 1741 4676 quantum
1752 4605 1920 4662 velint
1929 4606 2083 4661 dare.

564 4694 735 4749 Vnus.
771 4696 858 4749 17.
882 4723 952 4734 —
976 4692 1069 4749 Ubi
1098 4695 1201 4760 vis,
1236 4701 1340 4749 etc.
1370 4694 1496 4748 Non
1525 4701 1641 4749 erat
1670 4693 1749 4749 eis
1800 4702 1951 4750 certa
1981 4694 2086 4749 do-

492 4797 614 4837 mus
642 4798 655 4836 :
687 4781 743 4835 in
772 4796 880 4854 quo
909 4781 1245 4853 improbatur
1281 4780 1570 4838 mdiﬁcatio
1593 4783 2012 4855 superﬂuorum.

563 4896 734 4952 Vens.
768 4898 854 4951 18.
908 4898 1075 4950 -Αά
1110 4897 1424 4967 quemdam.
1476 4898 1743 4953 Eumdem
1791 4898 2080 4972 signiﬁcat,

493 4998 657 5058 quem
683 4986 902 5041 Marcus
932 4992 983 5040 et
1013 4984 1187 5039 Lucas
1214 4984 1401 5040 dicunt
1452 4986 1917 5056 patremfamilias.
1979 4987 2085 5056 Qui

493 5089 626 5146 ergo
657 5071 731 5128 ait
754 5074 820 5128 ad
852 5072 1161 5145 quemdam,
1211 5080 1469 5152 tanquam
1506 5092 1570 5128 ex
1616 5091 1854 5146 persona
1882 5093 1983 5131 sua
2010 5076 2086 5147 (et

489 5178 601 5217 non
630 5161 869 5233 Domini)
918 5161 1096 5216 studio
1126 5161 1405 5216 brevitatis
1453 5162 1605 5217 illum
1637 5164 1926 5235 compendi
1961 5163 2085 5219 insi-

398 5312 403 5316 ,
492 5251 695 5306 nuavit.
727 5251 810 5305 Ad
838 5251 1153 5322 quemdam.
1194 5250 1319 5305 Non
1344 5250 1413 5305 ad
1443 5252 1754 5323 quemlibet,
1781 5253 1878 5307 sed
1900 5253 1969 5307 ad
1986 5252 2085 5307 ali-

492 5352 656 5410 quem
685 5347 910 5406 certum,
942 5354 1104 5411 quem
1135 5355 1201 5394 ex
1230 5355 1461 5409 persona
1491 5356 1591 5395 sua
1648 5341 1879 5412 loquens
1934 5350 2083 5397 recte

489 5427 782 5499 posuisset.
815 5429 977 5483 Modo
1007 5436 1188 5484 autem
1216 5444 1340 5484 cum
1380 5430 1552 5485 verba
1606 5430 1823 5485 Domini
1878 5430 2079 5502 posuit,

491 5518 575 5577 Ite
592 5518 656 5576 in
683 5518 973 5600 ciuitatem
1005 5537 1022 5575 :
1044 5517 1337 5589 interponit
1366 5516 1502 5589 ipse,
1528 5518 1600 5574 ad
1612 5518 1913 5591 quemdam
1934 5538 1953 5577 :
1971 5533 2083 5577 non

2187 3208 2373 3279 plicia.

2262 3296 2435 3351 Vens.
2468 3298 2559 3353 24.
2592 3296 2893 3351 —Bonum
2914 3299 3041 3352 erat
3069 3297 3141 3351 ei.
3174 3294 3344 3351 Multo
3385 3294 3579 3350 melius
3634 3301 3787 3349 esset

2187 3384 2370 3439 omino
2400 3400 2509 3438 non
2539 3400 2662 3439 esse
2692 3400 2857 3455 quam
2884 3384 3028 3438 male
3059 3400 3202 3451 esse,
3236 3384 3434 3438 usitate
3475 3392 3527 3438 et
3568 3382 3781 3454 simpli-

2189 3474 2326 3529 citer
2354 3473 2459 3528 hoc
2489 3472 2638 3528 dicit.
2671 3474 2794 3528 Non
2823 3480 3002 3543 potest
3018 3473 3163 3527 enim
3180 3474 3231 3528 ei
3246 3473 3387 3528 bene
3405 3471 3636 3543 essequi
3665 3487 3782 3528 non

2191 3568 2293 3617 est.
2327 3563 2412 3616 An
2441 3561 2662 3616 diabolo
2691 3561 2824 3617 dicit
2865 3576 2975 3616 non
3017 3561 3169 3617 nasci
3212 3562 3284 3616 ad
3325 3568 3610 3631 peccatum
3644 3578 3658 3614 :
3706 3576 3783 3616 an

2190 3650 2354 3706 etiam
2383 3650 2587 3705 bonum
2616 3650 2692 3704 illi
2721 3657 2838 3705 erat
2867 3657 2925 3704 ut
2953 3650 3166 3705 Christo
3194 3665 3306 3705 non
3333 3657 3653 3719 nasceretur
3680 3665 3788 3719 per

2189 3734 2549 3803 vocationem,
2584 3750 2652 3789 ne
2682 3742 2829 3789 esset
2858 3741 3108 3805 apostata
3134 3751 3235 3805 per
3249 3734 3612 3805 proditionem
3629 3734 3658 3788 ?
3674 3728 3784 3789 Vel

2191 3824 2430 3879 solemus
2459 3824 2644 3879 dicere
2687 3823 3024 3894 simpliciter,
3070 3822 3266 3880 melius
3312 3831 3458 3879 esset
3498 3838 3606 3878 non
3651 3837 3783 3878 esse

2191 3928 2355 3983 quam
2385 3911 2529 3966 male
2572 3926 2714 3967 esse.

2260 3986 2584 4056 Rabbi.‘Alii
2614 3999 2819 4067 dicunt,
2851 4000 3101 4067 Domine,
3134 3998 3256 4070 istc,
3292 3999 3470 4055 rabbi.
3491 3997 3660 4068 Quasi
3675 3998 3787 4053 mi-

2188 4103 2291 4142 nus
2320 4095 2608 4158 peceatum
2637 4088 2846 4143 habens
2875 4089 3107 4160 prodere
3134 4089 3461 4162 magistrum
3481 4103 3642 4161 quam
3658 4089 3783 4143 Do-

2186 4177 2415 4243 minum,
2448 4176 2535 4232 vel
2574 4176 2925 4232 blandiendo.

2259 4265 2432 4320 Vuas.
2463 4267 2552 4322 25.
2585 4294 2656 4305 --
2688 4267 2764 4320 Tu
2785 4264 3005 4320 dixisti.
3037 4265 3154 4321 Nec
3181 4265 3272 4321 hic
3288 4273 3477 4337 aperte
3495 4264 3782 4321 dicituran

2186 4353 2305 4424 ipse
2335 4361 2481 4410 esset
2514 4360 2726 4425 :potest
2743 4353 2888 4408 enim
2904 4352 3157 4425 intelligi,
3178 4355 3334 4426 quasi
3350 4354 3516 4423 dicat,
3535 4370 3647 4411 non
3671 4370 3785 4427 ego

2114 4452 2169 4514 ι)
2202 4442 2334 4498 dixi.

2257 4550 2429 4605 Vnus.
2459 4552 2549 4607 26.
2581 4576 2650 4589 —-
2669 4548 3028 4607 Cwnantibus
3048 4554 3260 4617 autem,
3293 4558 3398 4608 etc.
3448 4550 3638 4606 Finitis
3683 4566 3786 4608 so-

2184 4637 2457 4693 lemnibus
2487 4638 2703 4711 gaudiis
2732 4639 2935 4695 veteris
2964 4640 3185 4708 paschae
3223 4656 3345 4711 qua:
3385 4639 3788 4696 inmemoriam

2184 4725 2523 4781 liberationis
2552 4726 2739 4797 p0puli
2766 4726 2867 4781 Dei
2897 4726 2966 4781 de
2984 4727 3219 4798 Egypto
3236 4728 3564 4799 agebantur,
3586 4729 3787 4784 transit

2186 4813 2255 4868 ad
2285 4830 2485 4871 novum
2515 4815 2661 4885 quod
2677 4814 2731 4868 in
2748 4815 2832 4868 sui
2848 4816 3171 4870 memoriam
3186 4816 3494 4872 Ecclesiam
3510 4816 3782 4889 frequen-

2184 4910 2303 4957 tare
2319 4902 2556 4957 volebat.
2578 4903 2646 4958 Ut
2662 4902 2914 4959 videlicet
2941 4919 3044 4973 pro
3061 4920 3227 4960 carne
3244 4904 3373 4976 agni
3391 4920 3457 4961 ac
3484 4906 3757 4978 sanguine
3768 4949 3784 4973 ,

2186 4990 2271 5045 sui
2300 4990 2547 5060 corporis
2577 4998 2630 5045 et
2659 4990 2939 5063 sanguinis
2971 5001 3376 5048 sacramentum
3394 4993 3779 5061 substitueret,

2184 5078 2469 5149 ipsumque
2500 5094 2624 5133 esse
2653 5087 3000 5147 monstraret,
3034 5082 3122 5136 cui
3160 5082 3383 5152 juravit
3417 5082 3693 5138 Dominus
3726 5088 3794 5139 et

2184 5183 2299 5222 non
2325 5166 2623 5238 paenitebit
2650 5183 2779 5222 eum
2812 5185 2825 5221 :
2862 5171 2927 5224 tu
2945 5184 3003 5224 es
3032 5170 3288 5226 sacerdos
3307 5170 3484 5241 (Psal.
3509 5171 3649 5241 cxx).
3671 5179 3787 5229 etc.

2183 5255 2426 5326 Accepit.
2461 5254 2701 5326 (ΗιΕιι.)
2731 5256 3025 5328 Postquam
3070 5258 3311 5330 typicum
3351 5259 3562 5329 pascha
3603 5258 3793 5317 fuerat

2183 5342 2485 5413 impletum,
2519 5351 2573 5398 et
2600 5345 2727 5417 agni
2762 5360 2956 5401 carnes
2988 5362 3111 5401 cum
3140 5346 3403 5419 apostolis
3437 5348 3785 5417 comederat,

2182 5431 2413 5487 assumit
2425 5448 2643 5504 panem.
2662 5434 2733 5489 Et
2748 5432 3039 5490 benedixit
3052 5452 3117 5491 ac
3132 5438 3323 5508 fregit.
3348 5435 3491 5505 Quia
3502 5436 3790 5493 hominem

2184 5526 2521 5594 assumptum
2549 5521 2625 5583 ita
2664 5522 2828 5581 morti
2871 5523 3129 5597 subdidit,
3175 5531 3235 5581 ut
3264 5525 3315 5582 ei
3355 5524 3789 5586 immcrtalitatis
