4000 6182
164 244 265 295 169

1059 239 1327 295 GLOSSA
1360 237 1768 296 ORDINARIA.
1799 268 1867 280 —
1895 237 2161 294 EVANG.
2192 240 2446 295 MATTH.

3366 244 3469 296 170

169 364 473 436 potentiam
538 364 743 431 inesse,
764 372 816 419 et
876 363 998 419 ideo
1024 364 1129 419 cito
1175 372 1591 419 resurrecturum
1653 379 1775 418 esse
1792 363 1848 425 A
1876 365 2227 419 contristari.
2251 363 2610 418 Contristatur
2626 370 2807 419 autem
2847 379 2954 420 non
2984 365 3177 421 timore
3204 365 3464 436 patiendi,

172 461 523 509 monstraret.
568 455 776 525 Fregit,
793 460 847 507 ut
874 452 1127 507 ostendat
1165 452 1523 523 corporis,sui
1554 452 1776 507 fractio-

176 558 303 598 nem
331 557 445 597 non
464 540 585 597 sine
620 556 721 596 sua
753 548 943 611 sponte
972 538 1107 595 fore.
1148 540 1428 596 Benedixit
1455 539 1622 610 prius,
1657 540 1780 611 quia

176 638 424 685 naturam
468 646 629 703 quam
658 629 950 701 assumpsit
979 645 1102 684 cum
1132 629 1289 684 Patre
1318 636 1369 684 et
1390 628 1587 699 Spiritu
1624 644 1782 684 sanc-

179 728 255 787 to,
312 718 492 790 gratia
517 718 720 774 divina:
749 717 958 773 virtutis
979 717 1240 788 implevit.
1262 718 1391 772 Ideo
1427 725 1551 787 post
1570 732 1782 771 cmnam

177 823 380 877 corpus
401 823 560 861 suum
590 806 759 872 dedit,
792 806 915 877 quia
943 822 1172 861 necesse
1195 813 1309 861 erat
1319 806 1519 876 pascha
1548 805 1783 876 typicum

176 895 333 965 prius
373 895 757 962 consummari,
800 902 853 949 et
872 895 950 950 sic
971 894 1137 949 veteri
1172 894 1391 965 paschae
1439 901 1782 949 sacramenta

180 991 308 1053 post
338 983 612 1037 substitui.
664 983 779 1037 Nos
819 997 951 1037 vero
981 998 1081 1053 pro
1116 981 1421 1038 reverentia
1448 981 1577 1035 tanti
1600 978 1785 1036 sacra;

176 1071 348 1126 menti
371 1072 522 1143 prius
543 1069 817 1126 reficimur
848 1070 1144 1126 Dominica:
1165 1070 1437 1141 passionis
1460 1085 1778 1125 sacramen-

182 1160 271 1230 tis,
306 1175 478 1231 quam
515 1160 885 1230 corporalibus
914 1159 1075 1215 escis.

254 1258 540 1314 Vaas.27.
565 1288 634 1297 —
657 1258 880 1313 Gratias
917 1259 1051 1328 egit.
1078 1255 1329 1312 Ostendit
1381 1255 1525 1328 quod
1564 1255 1791 1327 quisque

172 1348 358 1403 facere
398 1346 567 1402 debet
606 1347 661 1399 in
706 1346 925 1417 ﬂagello
973 1345 1161 1415 culpae
1199 1344 1455 1416 propriae,
1507 1361 1629 1400 cum
1676 1344 1793 1414 ipse

175 1435 562 1507 aequanimiter
592 1435 708 1489 tulit
734 1434 926 1489 aliena:
959 1451 973 1488 :
1008 1434 1136 1505 quia
1156 1434 1316 1504 panis
1339 1449 1537 1504 corpus
1581 1431 1786 1489 contir-

187 1533 318 1593 mat,
354 1523 544 1579 vinum
588 1522 911 1595 sanguinem
932 1530 1200 1592 operatur.

258 1622 434 1676 Vens.
460 1622 770 1677 29.—N0n
790 1620 994 1675 bibam.
1020 1620 1142 1675 Non
1173 1618 1486 1675 delectabor
1531 1632 1795 1673 caeremo-

190 1711 290 1765 niis
311 1710 480 1779 hujus
500 1710 706 1781 populi,
730 1709 784 1763 in
806 1708 1001 1781 quibus
1022 1724 1175 1764 sacra
1187 1706 1462 1779 paschalis
1504 1707 1631 1778 agni
1648 1722 1794 1777 praa-
1824 1722 1878 1783 Β

194 1800 348 1870 cipua
390 1805 538 1853 sunt.
574 1798 713 1855 Post
748 1797 1057 1868 passionem
1088 1812 1196 1851 non
1242 1811 1519 1851 assumam
1555 1810 1795 1864 carnem,

188 1888 361 1943 donec
391 1902 681 1941 assumam
710 1901 834 1941 eam
862 1901 1057 1941 novam
1089 1902 1208 1956 quae
1230 1884 1392 1939 modo
1420 1882 1662 1939 mortalis
1689 1891 1795 1938 cst.

278 1994 497 2051 Nouum
522 1996 587 2049 in
608 2009 778 2065 regno
809 1994 1023 2047 Patris.
1046 1990 1246 2046 Dicens
1273 1990 1403 2044 illud
1436 2006 1661 2055 novum,
1696 1990 1799 2043 hoc

204 2089 377 2147 vetus,
435 2079 681 2137 ostendit
734 2096 957 2152 corpus:
1009 2079 1231 2147 scilicet,
1283 2079 1351 2133 de
1406 2078 1574 2134 veteri
1628 2078 1802 2137 Adam

199 2172 339 2241 quod
368 2170 781 2226 immortalitate
808 2168 1194 2223 immutabitur.
1242 2167 1541 2232 Vobiscum,
1574 2182 1673 2237 per
1701 2166 1803 2222 hoc

198 2270 251 2315 et
295 2259 409 2315 suis
470 2258 851 2314 immortalitas
892 2257 1232 2329 promittitur,
1276 2255 1377 2311 etsi
1438 2271 1547 2310 non
1611 2254 1803 2310 eodem

199 2358 467 2420 tempore.
500 2348 581 2403 De
610 2347 711 2403 hoc
744 2347 1051 2419 genimine,
1094 2344 1221 2417 quia
1248 2344 1437 2399 eadem
1465 2359 1691 2414 corpora
1722 2359 1806 2398 re-

197 2446 521 2493 surrectura.
588 2436 703 2489 Erit
752 2443 927 2511 autem
992 2435 1112 2489 dies
1163 2450 1301 2488 mese
1368 2432 1781 2488 resurrectionis

201 2542 318 2581 cum
346 2526 403 2579 in
450 2539 627 2595 regno
656 2523 777 2588 Dei,
812 2523 865 2577 id
911 2532 1011 2589 est,
1046 2521 1455 2577 immortalitatis
1497 2521 1666 2593 gloria
1708 2536 1804 2574 su-

200 2614 473 2682 blimatus,
517 2613 589 2667 de
622 2612 797 2667 salute
844 2611 1086 2680 ejusdem
1124 2611 1307 2683 populi
1349 2609 1612 2681 spirituali
1630 2608 1807 2680 gratia

203 2701 532 2775 regenerati,
559 2717 703 2757 novo
715 2699 996 2757 vobiscum
1017 2699 1213 2771 gaudio
1233 2698 1548 2770 perfundar.

270 2828 446 2882 Vsus.
492 2830 584 2881 30.
615 2855 686 2865 —
708 2824 1005 2896 Ethymno.
1040 2824 1153 2878 Hoc
1182 2830 1264 2878 est
1282 2823 1429 2894 quod
1457 2822 1702 2892 psalmus
1724 2819 1808 2875 di-

204 2916 505 2972 cit:Edent
530 2930 809 2986 pauperes
825 2917 881 2968 et
894 2911 1307 2968 saturabuntur
1337 2912 1511 2981 (Psal.
1527 2910 1674 2978 xxx),
1698 2917 1803 2964 etc.

207 3006 295 3061 Vel
322 3006 598 3075 hymnum
620 3002 921 3058 secundum
939 3001 1200 3056 Joannem
1232 2999 1374 3055 Patri
1403 2999 1602 3070 gratias
1632 3014 1806 3069 agens

1879 453 1970 524 qui
1996 453 2064 508 ad
2086 454 2189 509 hoc
2208 462 2453 517 venerat,
2488 454 2584 508 sed
2627 462 2853 525 propter
2890 453 3162 510 infelicem
3186 454 3378 509 ludam
3416 464 3470 510 et

1881 542 2194 597 scandalum
2223 543 2593 612 apostolorum
2644 551 2697 598 et
2727 542 3044 611 ejectionem
3073 543 3386 599 Judaaorum
3414 551 3465 599 et

1882 631 2222 686 eversionem
2249 631 2569 686 Jerusalem.

1956 747 2123 800 Vens.
2154 749 2239 800 38.
2274 776 2342 786 —
2392 748 2607 802 Tristis.
2668 746 2861 801 Anima
2916 756 2999 802 est
3051 764 3174 819 quae
3221 746 3373 803 timet
3418 755 3472 803 et

1883 834 2139 889 tristatur.
2175 835 2363 888 Petrus
2394 834 2619 890 inferior
2645 851 2751 890 non
2770 835 2937 904 timet,
2962 836 3151 892 dicens
3175 854 3188 891 :
3210 838 3479 893 Animam

1884 940 2071 979 meam
2092 941 2301 995 ponam
2324 941 2427 995 pro
2453 928 2506 979 te
2528 944 2546 979 :
2578 923 2700 995 quia
2721 933 2776 979 ut
2797 925 2961 980 homo
2983 925 3091 980 vim
3113 925 3300 980 mortis
3319 925 3477 999 igno-

1888 1022 1987 1067 rat.
2023 1012 2267 1067 Christus
2296 1012 2465 1079 timet,
2499 1013 2641 1083 quia,
2694 1022 2750 1067 ut
2779 1015 2924 1069 Deus
2964 1014 3019 1068 in
3046 1030 3278 1085 corpore
3308 1030 3474 1069 cons-

1889 1101 2089 1169 titulus,
2124 1100 2469 1173 fragilitatem
2494 1101 2677 1156 carnis
2706 1103 2927 1173 exponit
2956 1121 2970 1157 :
3001 1103 3092 1175 qui
3126 1090 3327 1175 corpus
3357 1119 3478 1158 sus-

1887 1189 2029 1261 cepit
2048 1189 2231 1244 omnia
2250 1190 2436 1244 debuit
2457 1190 2639 1245 subire
2656 1206 2777 1261 quae
2797 1192 3046 1261 corporis
3077 1200 3218 1246 sunt.

1967 1290 2137 1359 Usque
2168 1287 2239 1342 ad
2266 1291 2506 1343 mortem
2527 1288 2699 1357 (lin..)
2728 1288 2850 1342 Non
2880 1296 3354 1359 pr0ptermortem,
3381 1288 3480 1345 sed

1892 1376 2065 1430 donec
2116 1376 2393 1446 apostolos
2433 1392 2533 1433 sua
2587 1375 2781 1431 liberet
2823 1376 3104 1447 passione.
3162 1378 3283 1431 Non
3316 1393 3484 1446 mors,

1895 1464 1992 1519 sed
2022 1473 2233 1535 tempus
2288 1464 2480 1518 mortis
2528 1464 2581 1517 in
2611 1472 2756 1519 metu
2786 1474 2885 1533 est,
2937 1465 3059 1536 quia
3088 1473 3213 1536 post
3235 1464 3488 1521 virtutem

1896 1551 2327 1620 resurrectionis,
2360 1551 2497 1607 fides
2519 1560 2599 1607 est
2622 1550 2887 1607 firmanda
2916 1553 3273 1609 credentium.

1970 1671 2140 1725 Vens.
2173 1672 2261 1724 39.
2296 1699 2365 1709 —
2388 1670 2447 1726 Si
2461 1669 2721 1741 possibile
2742 1674 2847 1725 est.
2867 1670 2980 1724 Hoc
3001 1684 3108 1724 non
3135 1685 3239 1741 pro
3269 1669 3482 1738 timore,

1899 1759 1996 1813 sed
2024 1774 2124 1829 pro
2177 1757 2569 1824 misericordia,
2602 1773 2672 1813 ne
2717 1757 2908 1825 Judaei,
2952 1758 3042 1830 qui
3080 1758 3482 1815 excusationem

1897 1846 2224 1919 ignorantiae
2252 1862 2361 1902 non
2379 1846 2598 1913 habent,
2623 1846 3025 1913 nonoccidant;
3053 1846 3197 1903 unde
3224 1847 3333 1901 ait:
3357 1849 3484 1912 iste,

1900 1935 1955 1990 id
1984 1943 2068 1991 est
2112 1936 2295 2007 populi
2332 1936 2644 1991 Iudaeorum
2696 1950 2803 1990 non
2845 1935 3161 2005 simpliciter
3218 1936 3355 1992 calix
3386 1953 3399 1989 :
3434 1937 3495 1993 Si

1901 2025 2165 2096 possibile
2186 2030 2282 2091 est,
2302 2032 2360 2080 ut
2389 2023 2510 2079 sine
2534 2022 2750 2079 interitu
2778 2024 3091 2080 Iudaeorum
3120 2024 3340 2079 credant
3360 2040 3490 2096 gen-

1905 2112 2046 2180 tiles,
2079 2113 2391 2184 passionem
2428 2129 2643 2171 recuso.
2707 2112 2801 2169 Sin
2848 2120 3027 2167 autem
3074 2111 3152 2167 illi
3190 2112 3500 2169 excmcandi

1904 2210 2027 2256 sunt
2054 2210 2112 2255 ut
2132 2210 2325 2274 gentes
2353 2202 2576 2269 intrent,
2601 2200 2693 2257 fiat
2739 2217 2849 2257 non
2878 2216 3019 2269 mea,
3061 2200 3159 2256 sed
3188 2208 3276 2256 tua
3306 2200 3500 2257 volun—

1905 2298 2003 2343 tas.
2040 2291 2159 2345 Non
2196 2292 2346 2346 sicut
2374 2307 2470 2362 ego
2514 2292 2653 2346 volo.
2705 2290 2915 2360 (Ana).
2956 2287 3327 2361 Transﬁgth
3355 2288 3410 2344 in
3440 2304 3502 2344 se

1908 2394 2055 2445 suos,
2088 2378 2177 2449 qui
2210 2378 2343 2432 nihil
2371 2378 2517 2433 aliud
2546 2378 2657 2432 vult
2678 2394 2836 2449 quam
2850 2379 3027 2445 Pater,
3053 2385 3110 2432 ut
3139 2377 3214 2432 ibi
3240 2396 3253 2431 :
3275 2378 3501 2434 Esurim'

1908 2470 1963 2521 et
1978 2466 2210 2521 dedistis
2234 2466 2376 2521 mihi
2398 2466 2843 2521 manducare.Et
2856 2466 2987 2537 quid
3007 2481 3096 2520 me
3101 2466 3453 2537 persequeris
3468 2469 3494 2521 .’

1906 2556 2076 2609 Docet
2104 2563 2281 2609 autem
2302 2571 2397 2609 eos
2434 2554 2702 2625 privatam
2750 2553 3082 2609 voluntatem
3126 2552 3405 2626 corrigere
3448 2559 3503 2609 et

1909 2642 2146 2715 dirigere
2169 2644 2319 2712 justa
2364 2643 2603 2698 divinam
2650 2643 2879 2713 (Anam)
2910 2642 3196 2697 Hominem
3235 2658 3397 2714 quem
3415 2657 3504 2697 ve-

1905 2732 2062 2787 ritate
2091 2732 2340 2803 corporis
2390 2732 2812 2800 demonstrabat,
2877 2731 3127 2803 aequabat
3183 2729 3399 2800 affectu,
3445 2737 3505 2785 ut

1908 2820 2091 2876 dicere
2117 2839 2130 2875 :
2163 2821 2267 2878 Sed
2286 2838 2401 2877 non
2422 2822 2573 2876 sicut
2591 2837 2687 2892 ego
2709 2822 2845 2886 volo,
2870 2820 2965 2876 sed
2993 2822 3146 2875 sicut
3186 2823 3267 2875 tu.
3312 2819 3504 2875 Susce-

1907 2910 1987 2980 pit
2015 2910 2345 2966 voluntatem
2370 2926 2565 2975 meam,
2590 2908 2825 2980 suscepit
2843 2907 3110 2963 tristitiam
3138 2924 3336 2964 meam.
3362 2907 3505 2964 Con-

1911 2995 2144 3052 ﬁdentur
2173 2997 2445 3052 tristitiam
2474 2998 2695 3053 nomino
2722 2997 2813 3069 qui
2843 3012 3060 3054 crucem
3088 2996 3345 3069 praedico.

207 3094 485 3157 cantabat,
536 3092 594 3145 in
625 3106 734 3162 quo
779 3105 880 3161 pro
902 3105 973 3184 se
1008 3097 1062 3143 et
1105 3087 1384 3158 discipulis
1411 3095 1474 3184 et
1523 3086 1808 3143 credituris
1838 3080 1887 3144 C
1984 3114 2153 3168 vum
2191 3114 2276 3167 Η.
2302 3143 2370 3153 _
2404 3114 2541 3169 Caro
2562 3123 2773 3169 autem.
2798 3110 2919 3167 Non
2933 3112 3003 3167 de
3020 3127 3080 3166 se
3099 3111 3285 3184 utique
3301 3111 3407 3168 hoc
3422 3110 3501 3168 ἀί,

209 3182 553 3254 precabatur.
573 3182 863 3236 Exierunt
893 3178 957 3233 in
983 3181 1253 3243 montem,
1275 3185 1380 3232 etc.
1411 3176 1481 3232 Ut
1499 3192 1600 3246 per
1629 3190 1815 3230 sacra-

211 3280 517 3327 mentorum
565 3267 971 3339 perceptionem
1008 3274 1220 3321 etsuam
1252 3265 1698 3320 intercessionem
1745 3264 1814 3320 ad

213 3360 397 3415 altiora
443 3358 783 3413 charismata
833 3355 1029 3426 quibus
1072 3354 1235 3409 corde
1290 3369 1657 3425 perungamur
1711 3367 1812 3408 nos

210 3446 587 3504 conscendere
632 3444 827 3500 doceat
861 3462 874 3499 :
925 3444 1019 3499 ubi
1065 3442 1270 3498 laboris
1321 3441 1571 3512 refectio,
1613 3440 1815 3496 doloris

218 3537 488 3593 solatium.

266 3646 436 3702 Vens.
463 3649 555 3700 31.
580 3673 652 3685 -
674 3643 880 3699 Omnes
909 3660 1001 3701 vos
1029 3614 1366 3699 scandalum
1390 3643 1534 3714 pati.
1554 3639 1802 3696 Praedicit

214 3734 312 3790 illis
356 3734 494 3807 quid
515 3733 733 3804 passuri
766 3741 906 3797 sunt,
941 3740 999 3787 ut
1026 3740 1151 3804 post
1196 3747 1320 3787 eum
1367 3738 1481 3785 tum
1526 3745 1635 3784 non
1688 3729 1817 3784 des-

212 3834 415 3894 perent,
454 3822 559 3878 sed
580 3820 897 3893 poenitentia
927 3820 1239 3875 liberentur.

278 3927 451 3982 Vens.
524 3928 618 3980 32.
680 3954 749 3964 —
788 3926 1114 3997 Postquam.
1175 3922 1321 3978 Sicut
1356 3919 1602 3993 prardixit
1637 3920 1812 3975 locum

218 4015 508 4087 passionis,
543 4014 626 4070 sic
654 4012 902 4084 praedicit
930 4013 1109 4067 locum
1132 4010 1571 4076 resurrectionis,
1605 4009 1817 4063 utsicut

220 4113 337 4159 sunt
361 4105 555 4159 tristes
590 4118 656 4157 ex
689 4102 964 4173 passione,
1007 4101 1086 4155 sic
1117 4101 1366 4155 laetentur
1392 4095 1678 4170 gloriﬁcati
1716 4113 1812 4152 re-

218 4193 551 4249 surrectione
583 4191 671 4246 vel
700 4190 928 4246 visione.
982 4189 1304 4245 Prwcedam
1357 4204 1470 4255 vos,
1505 4194 1608 4242 etc.
1642 4187 1711 4242 Ut
1730 4186 1815 4241 in-

216 4280 524 4338 ﬁrmitatem
574 4295 763 4336 eorum
822 4278 1119 4351 sponsione
1165 4276 1370 4333 reditus
1426 4275 1512 4331 sui
1551 4273 1810 4331 consola-

221 4380 379 4427 retur.

1830 4441 1885 4502 D

1914 3201 2005 3268 cit,
2038 3201 2137 3256 sed
2164 3201 2234 3256 de
2263 3201 2349 3255 his
2367 3201 2459 3273 qui
2488 3201 2737 3256 dixerunt
2763 3217 2823 3255 se
2846 3216 3124 3272 nunquam
3152 3207 3466 3273 negaturos.

1986 3309 2153 3362 Vens.
2180 3308 2266 3364 42.
2304 3337 2375 3347 -
2419 3309 2633 3363 Iterum
2677 3307 2936 3363 secundo.
2997 3306 3247 3363 Secundo
3293 3313 3427 3375 orat,
3449 3305 3508 3362 id

1913 3403 2013 3464 est,
2047 3395 2093 3450 si
2119 3412 2227 3450 non
2258 3403 2437 3467 potest
2485 3395 2681 3452 Ninive
2730 3394 2922 3452 salvari
2962 3394 3137 3464 aliter,
3179 3394 3284 3450 nisi
3308 3393 3515 3453 aruerit

1909 3484 2212 3554 cucurbita,
2236 3484 2292 3539 id
2324 3490 2407 3541 est
2446 3484 2680 3556 populus
2735 3483 3068 3554 Iudaeorum,
3110 3483 3201 3556 qui
3221 3483 3371 3555 prius
3398 3482 3503 3539 fuit

1913 3573 2029 3643 ejus
2065 3572 2488 3639 tabernaculum,
2530 3580 2588 3627 ut
2615 3588 2705 3628 me
2735 3572 2967 3629 occidat.

1984 3687 2155 3742 Vnus.
2176 3688 2264 3742 44.
2294 3716 2363 3727 -
2386 3686 2578 3742 Oravit
2615 3688 2800 3743 tertio.
2830 3686 3024 3741 Tribus
3071 3685 3278 3742 viribus
3307 3686 3503 3754 oravit,

1912 3783 1972 3830 ut
1998 3783 2051 3830 et
2080 3790 2181 3830 nos
2209 3790 2239 3829 a
2268 3772 2557 3845 praeteritis
2584 3773 2821 3844 peccatis
2851 3773 3084 3841 veniam,
3108 3780 3162 3829 et
3181 3790 3212 3828 a
3230 3774 3506 3845 poeniten-

1912 3864 2056 3918 tibus
2102 3862 2257 3916 malis
2306 3862 2546 3929 tutelam,
2581 3869 2633 3917 et
2660 3878 2692 3916 a
2720 3860 2908 3916 futuris
2954 3860 3215 3933 periculis
3243 3860 3511 3917 cautelam

1912 3968 2152 4019 oremus,
2194 3958 2245 4007 et
2276 3958 2333 4006 ut
2372 3966 2589 4006 omnem
2627 3950 2932 4006 orationem
2979 3950 3047 4006 ad
3068 3950 3286 4007 Patrem
3323 3957 3378 4005 et
3428 3949 3515 4007 Fi-

1910 4042 2038 4095 lium
2070 4049 2122 4095 et
2152 4039 2410 4111 Spiritum
2439 4044 2686 4095 sanctum
2721 4038 3040 4113 dirigamus.
3091 4039 3226 4095 Item
3253 4035 3392 4095 sicut
3429 4046 3514 4096 est

1905 4129 2041 4183 trina
2081 4128 2303 4184 tentatio
2350 4127 2680 4199 cupiditatis,
2730 4127 2807 4183 ita
2846 4135 2899 4183 et
2942 4128 3175 4184 timoris.
3220 4128 3320 4183 Est
3364 4127 3512 4184 enim
3600 4174 3611 4182 ρ

1909 4217 2352 4289 concupiscentia
2384 4216 2583 4282 carnis,
2646 4215 3086 4288 concupiscentia
3146 4215 3429 4273 oculorum
3456 4223 3514 4273 et

1905 4305 2130 4361 ambitio
2176 4303 2379 4362 saeculi.
2412 4306 2511 4361 Est
2539 4312 2593 4360 et
2664 4305 2827 4360 timor
2856 4306 3068 4374 mortis,
3093 4311 3147 4361 et
3179 4304 3341 4359 timor
3367 4302 3510 4359 utili-

1911 4396 2054 4463 tatis,
2092 4402 2144 4450 et
2191 4394 2353 4450 timor
2370 4393 2593 4462 doloris,
2635 4401 2825 4450 contra
2862 4410 2983 4466 qua:
3009 4392 3189 4449 omnia
3220 4392 3381 4449 docet
3407 4406 3510 4449 nos

287 4485 459 4541 Vens.
506 4487 599 4540 33.
637 4512 708 4525 -—
744 4484 865 4540 Etsi
908 4482 1157 4541 homnes.
1205 4481 1328 4537 Non
1358 4487 1439 4535 est
1467 4477 1807 4534 mendacium
1830 4477 1884 4502 “
1910 4484 2115 4540 debere
2169 4483 2367 4538 muniri
2418 4482 2680 4539 oratione.
2741 4482 2897 4540 Unde
2943 4490 2996 4538 et
3036 4488 3258 4554 propter
3305 4478 3507 4536 trinam

217 4586 315 4631 nec
343 4572 642 4639 temeritas,
667 4572 764 4627 sed
793 4570 930 4628 fides
970 4579 1023 4628 et
1051 4570 1251 4627 ardens
1279 4567 1514 4636 dilectio,
1545 4567 1814 4623 intantum

218 4671 273 4718 ut
299 4662 731 4719 imbecillitatem
759 4677 916 4718 suam
945 4668 999 4718 et
1026 4659 1191 4716 ﬁdem
1237 4657 1531 4715 verborum
1574 4655 1675 4712 Dei
1704 4671 1815 4713 non

224 4759 585 4809 contueretur.

292 4869 464 4924 Vens.
487 4869 577 4923 36.
600 4897 671 4908 —
718 4869 793 4924 Et
825 4883 998 4923 orem.
1029 4863 1280 4921 Proxima
1298 4869 1474 4918 morte
1504 4868 1630 4933 apte
1661 4867 1818 4937 orant

223 4954 277 5011 in
303 4956 446 5012 valle
464 4954 837 5027 pinguedinis,
871 4955 997 5028 quia
1030 4970 1134 5028 per
1162 4951 1521 5008 humilitatem
1554 4958 1607 5006 et
1636 4948 1815 5006 chari-

226 5045 346 5100 tatis
372 5044 767 5117 pinguedinem
790 5059 889 5116 pro
900 5043 1059 5100 nobis
1078 5041 1241 5098 subiit
1268 5046 1519 5097 mortem.

292 5168 466 5225 Vas.
499 5170 591 5224 37.
622 5197 694 5211 -—
724 5169 899 5241 Cepit
917 5166 1269 5225 contristari.
1292 5163 1417 5219 Non
1446 5161 1638 5218 timore
1683 5176 1817 5233 pas-

230 5257 412 5325 sionis,
442 5257 535 5329 qui
554 5257 751 5313 adhoc
776 5263 1021 5322 venerat,
1053 5254 1151 5310 sed
1178 5268 1278 5325 pro
1304 5250 1566 5309 seandalo
1592 5258 1816 5322 aposto-

234 5345 401 5402 lorum
430 5355 483 5403 et
523 5345 827 5418 perditione
874 5344 1161 5417 impiorum
1209 5340 1423 5413 (Ηιει.)
1463 5340 1640 5412 Capit
1689 5355 1820 5396 con-

235 5436 472 5502 tristari,
513 5442 575 5490 ut
619 5434 905 5489 veritatem
952 5430 1211 5503 assumpti
1259 5427 1494 5488 hominis
1540 5427 1816 5499 probaret.

237 5520 372 5579 Vere
416 5522 797 5579 constristatus
825 5531 927 5591 est,
982 5522 1083 5579 sed
1126 5536 1235 5576 non
1264 5517 1450 5591 passio
1488 5516 1605 5585 ejus
1639 5514 1822 5571 animo

239 5609 541 5668 dominatur
572 5629 588 5666 :
621 5627 809 5667 verum
854 5627 958 5683 pro
993 5604 1183 5683 passio
1205 5615 1307 5676 est,
1326 5605 1474 5663 unde
1502 5603 1613 5662 ait:
1650 5604 1826 5676 Coepit

552 5736 798 5796 Panos.
831 5732 1023 5795 CXIV.

1912 4573 2291 4629 tentationem‘
2318 4570 2589 4644 passionis
2628 4577 2809 4643 potest
2853 4569 3085 4651 intelligi
3113 4568 3380 4627 Dominus
3427 4577 3515 4625 ter

1913 4677 2125 4718 01‘8888.

1985 4778 2156 4833 Vaas.
2182 4777 2344 4831 t7.—
2368 4776 2507 4833 Cum
2525 4774 2819 4847 gladiisset
2838 4774 3106 4845 fustibus.
3132 4773 3357 4830 Factum
3378 4788 3511 4831 con-

1915 4865 2057 4940 gruit
2096 4872 2315 4921 mutatae
2361 4862 2545 4918 menti.
2583 4862 2701 4917 lam
2749 4862 2895 4918 enim
2921 4861 3070 4918 venit
3096 4876 3220 4918 cum
3259 4860 3494 4917 fustibus

1917 4954 2009 5026 qui
2043 4953 2283 5027 quandiu
2313 4968 2435 5008 cum
2460 4967 2596 5023 pace
2626 4950 2725 5006 fuit
2752 4950 3096 5023 tranquillius
3124 4966 3185 5005 se
3206 4951 3337 5021 egit.

1992 5070 2172 5126 Vnus.
2206 5071 2296 5124 48.
2329 5098 2398 5109 -
2426 5067 2683 5124 Dediteis
2701 5066 3191 5140 signum.Putabat
3210 5065 3367 5139 signa
3388 5080 3510 5138 quae

1916 5158 2129 5216 viderat
2156 5173 2266 5213 non
2281 5155 2556 5226 divinitus,
2590 5156 2688 5212 sed
2723 5156 2938 5230 magica
2976 5155 3150 5212 facta:
3191 5163 3245 5212 et
3265 5170 3430 5228 quem
3457 5154 3516 5210 in

1918 5254 2105 5304 monte
2137 5244 2574 5302 transformatum
2593 5245 2859 5313 audierat,
2888 5245 3108 5301 timebat
3136 5260 3206 5300 ne
3236 5243 3329 5300 tali
3347 5242 3515 5299 modo

1918 5351 2062 5393 nunc
2102 5336 2170 5392 de
2224 5334 2475 5390 manibus
2518 5350 2709 5390 eorum
2736 5333 3010 5390 laberetur
3045 5351 3059 5389 :
3094 5340 3146 5388 et
3190 5332 3316 5389 ideo
3352 5332 3517 5388 dabat

1928 5424 2167 5498 signum.
2192 5424 2585 5495 Quemcunque
2605 5423 2911 5480 osculatus.
2945 5422 3191 5478 Habebat
3217 5422 3393 5477 adhuc
3420 5419 3517 5473 ali-

1921 5513 2050 5587 quid
2067 5513 2137 5568 de
2166 5511 2494 5567 verecundia
2522 5511 2788 5583 discipuli,
2826 5527 2952 5567 cum
2997 5527 3107 5569 non
3136 5526 3317 5567 meum
3338 5507 3516 5580 palam

1918 5601 2138 5659 tradidit
2164 5598 2659 5673 persecutionibus,
2691 5600 2790 5657 sed
2808 5616 2908 5673 per
2935 5599 3153 5673 signum
3183 5595 3377 5655 osculi.

3236 5722 3269 5773 6
