4000 6182
431 272 524 325 171

973 268 1379 325 WALAFRIDI
1408 267 1651 326 STRABI
1682 266 1883 323 FULD.
1907 262 2081 320 MON.
2114 261 2266 322 OPP.
2298 269 2473 326 PARS
2504 270 2545 325 Ι.
2566 300 2634 310 -
2661 269 3133 327 THEOLOGICA.
3224 347 3231 359 '

3646 276 3749 330 172

496 395 666 475 Vnus.
703 394 788 447 49.
823 424 891 434 -
922 395 994 449 Et
1013 395 1300 451 osculatus
1347 397 1452 450 est.
1488 392 1740 463 Suscepit
1769 389 2034 446 Dominus
2063 387 2119 449 A
2143 392 2467 463 cognitionis
2498 394 2613 462 eius
2642 393 2996 450 abscondant.
3040 394 3185 450 Sicut
3230 394 3411 451 velum
3439 395 3537 452 fuit
3579 413 3747 469 super

430 476 677 537 osculum
697 497 807 537 non
836 497 942 555 quo
974 481 1232 538 simulare
1262 497 1363 538 nos
1416 481 1629 549 doceat,
1676 480 1775 536 sed
1810 496 1879 536 ne
1900 494 2036 551 pro-
2139 477 2339 535 faciem
2373 482 2566 555 Moysi,
2601 483 2745 555 quod
2765 498 2937 555 usque
2958 482 3122 539 hodie
3149 492 3348 540 manet.

432 568 691 626 ditionem
720 570 912 643 fugere
943 570 1207 640 videatur,
1241 570 1384 625 unde
1419 587 1432 624 :
1480 570 1618 626 Cum
1647 569 1735 626 his
1767 570 1863 642 qui
1902 567 2035 627 ode-

433 662 802 731 runtpacem,
838 674 995 714 eram
1008 659 1284 731 paciﬁcus
1306 658 1478 728 (Psal.
1510 658 1690 730 ωαχ),

505 747 674 803 Vnus.
706 749 794 803 52.
846 776 914 786 —
964 746 1156 803 Gladio
1187 746 1475 818 peribunt.
1527 744 1725 802 Gladio
1781 744 1872 800 illo
1923 760 2032 818 quo

434 835 631 908 igneus
661 834 886 891 vertitur
917 842 1040 890 ante
1069 834 1401 905 paradisum,
1461 834 1517 889 id
1547 842 1651 900 est,
1675 833 1873 890 divina
1907 833 2032 891 vin-

429 922 607 993 dicta,
641 930 694 978 et
725 921 910 996 gladio
941 921 1183 995 spiritus,
1228 922 1285 977 id
1311 930 1413 993 est,
1436 922 1592 979 verbi
1622 921 1744 978 Dei.

500 1018 670 1075 Vnus.
695 1020 782 1073 53.
815 1017 992 1074 —An
1025 1022 1199 1091 putas
1240 1020 1391 1092 quia,
1435 1025 1539 1074 etc.
1566 1016 1737 1087 Quasi
1756 1016 1899 1075 dicat
1919 1033 2031 1073 non

425 1104 649 1179 indigeo
680 1105 880 1162 auxilio
929 1106 1307 1178 apostolorum
1345 1105 1636 1162 duodecim
1675 1106 1767 1179 qui
1802 1122 2027 1178 possum

428 1194 635 1250 habere
690 1193 981 1251 duodecim
1028 1194 1279 1269 legiones
1339 1194 1680 1267 angelorum,
1731 1194 1788 1250 in
1834 1195 2029 1267 quibus

425 1291 549 1338 sunt.
579 1282 918 1355 septuaginta
938 1283 1046 1338 duo
1074 1283 1242 1337 millia
1282 1283 1477 1356 quibus
1515 1283 1756 1339 omnium
1786 1284 2028 1358 gentium

426 1372 617 1444 lingua
644 1370 984 1443 exprimitur.
1019 1371 1197 1426 Innuit
1225 1380 1409 1427 autem
1432 1388 1541 1429 non
1562 1389 1685 1428 esse
1704 1372 2022 1441 verendum,

429 1459 476 1515 si
527 1466 715 1516 contra
761 1459 947 1515 Jesum
990 1475 1181 1515 omnes
1237 1460 1488 1517 nationes
1543 1461 1844 1535 insurgant,
1905 1478 2025 1517 cum

430 1548 598 1605 multo
635 1548 885 1605 fortiores
943 1548 1061 1620 ipse
1116 1548 1313 1605 habeat
1360 1549 1629 1606 exercitus
1685 1550 2020 1621 angelorum.

428 1637 633 1693 Aliter:
666 1637 765 1693 Hic
793 1653 1053 1693 numerus
1070 1637 1341 1710 signiﬁcat
1361 1654 1521 1694 omne
1540 1655 1715 1711 genus
1743 1637 2023 1695 hominum

2208 569 2379 626 Vnus.
2413 573 2500 626 69.
2533 601 2604 612 —
2638 573 2757 629 Una
2782 573 3019 628 ancilla.
3051 571 3157 627 Cur
3182 572 3358 644 prima
3385 572 3580 629 ancilla
3608 590 3739 646 pro-

2137 656 2213 712 dit
2240 674 2360 715 cum
2389 659 2490 716 viri
2514 660 2689 732 magis
2734 667 2976 731 poterant
3024 675 3379 733 cognoscere,
3411 661 3517 717 nisi
3548 670 3605 717 ut
3635 662 3740 719 iste

2136 762 2297 802 sexus
2326 748 2638 804 ostendatur
2664 748 2720 803 in
2750 764 2940 805 necem
2968 749 3186 805 Domini
3215 766 3473 820 peccasse
3506 769 3520 805 :
3553 759 3605 806 et
3634 768 3733 823 per

2131 835 2441 906 passionem
2459 837 2795 909 redemptus.
2832 838 2900 893 Et
2945 837 3090 905 ideo,
3123 837 3316 894 mulier
3350 838 3524 910 prima
3548 855 3734 895 resur-

2131 924 2385 981 rectionis
2411 926 2728 998 mysterium
2761 926 2970 998 accepit
3001 944 3015 982 :
3041 934 3093 982 et
3138 926 3389 985 mandata
3417 913 3729 995 custodivit,

2132 1021 2189 1068 ut
2215 1020 2451 1070 veterem
2480 1014 2936 1086 pravaricationis
2976 1014 3217 1071 aboleret
3254 1031 3512 1073 errorem.
3569 1016 3723 1073 Sicut

2132 1117 2231 1173 per
2257 1101 2514 1158 feminam
2534 1103 2706 1160 hostis
2751 1104 3003 1176 antiquus
3038 1102 3271 1175 primum
3328 1112 3610 1176 parentem
3638 1121 3733 1161 se-

2135 1189 2302 1261 duxit,
2333 1190 2403 1246 ita
2460 1208 2559 1263 per
2605 1191 2885 1248 mulierem
2933 1192 3003 1247 ad
3056 1192 3373 1265 magistrum
3418 1194 3735 1265 negandum

2133 1295 2294 1351 quem
2325 1279 2595 1336 Christum
2615 1280 2808 1336 Filium
2849 1280 2951 1337 Dei
2986 1279 3271 1338 confessus
3297 1280 3485 1353 fuerat,
3518 1281 3734 1354 princi-

2136 1384 2263 1440 pem
2292 1368 2558 1426 Ecclesia
2579 1369 2882 1441 compellit.

2202 1458 2372 1513 Vnus.
2415 1459 2504 1515 72.
2557 1489 2627 1499 —
2658 1460 2777 1516 Non
2813 1461 2944 1516 novi
2999 1458 3317 1535 hominem.
3358 1456 3531 1528 Quam
3569 1460 3733 1517 noxia

2130 1560 2418 1617 pravorum
2477 1547 2760 1619 collaquia,
2824 1564 2944 1619 qua
3000 1556 3204 1620 cogunt
3256 1549 3472 1604 Petrum
3529 1565 3734 1621 negare

2133 1634 2424 1703 Christum,
2447 1635 2533 1691 vel
2550 1635 2824 1692 hominem
2855 1652 2915 1693 se
2962 1652 3145 1704 nosse,
3171 1652 3330 1709 quem
3342 1636 3629 1694 confessus
3650 1646 3734 1694 est

427 1743 550 1783 cum
581 1727 824 1783 Romano
845 1726 1071 1798 imperio
1099 1734 1289 1783 contra
1314 1727 1533 1784 Judaos
1561 1734 1910 1784 certaturum.
1956 1727 2024 1783 Hi
2060 1744 2114 1805 Β
2133 1722 2273 1779 inter
2300 1723 2594 1796 discipulos
2613 1724 2714 1781 Dei
2742 1724 2958 1781 Filium.

434 1823 559 1870 sunt
578 1815 760 1887 angeli
794 1815 916 1886 Dei,
949 1815 1041 1886 qui
1069 1824 1193 1887 post
1222 1816 1685 1873 resurrectionem
1732 1831 1877 1872 anno
1907 1832 2034 1888 qua-

371 1972 379 1980 _
427 1903 745 1976 dragesimo
770 1904 1032 1975 secundo,
1055 1920 1181 1961 cum
1209 1904 1328 1960 Tito
1359 1912 1411 1960 et
1450 1903 1793 1977 Vespasiano
1838 1904 2029 1976 perdi-

429 1992 628 2048 derunt
655 1992 953 2049 homicidas
980 1991 1123 2063 illos,
1161 2000 1216 2050 et
1264 1991 1537 2050 civitatem
1573 1992 1793 2051 illorum
1813 2008 2030 2050 succen-

430 2078 647 2136 derunt.

500 2181 671 2239 Vnus.
696 2182 790 2237 55.
813 2211 882 2223 —
906 2182 1122 2239 Existis
1142 2198 1273 2238 cum
1294 2181 1518 2254 gladiis.
1547 2180 1780 2238 Stultum
1800 2189 1883 2238 est
1903 2196 2026 2238 cum

433 2269 633 2342 gladiis
661 2278 716 2326 et
742 2269 975 2326 fustibus
1021 2286 1269 2343 quarere
1317 2286 1438 2325 eum
1463 2270 1555 2343 qui
1591 2270 1734 2327 ultro
1764 2287 1824 2326 se
1841 2270 2020 2338 tradit,

425 2367 479 2415 et
505 2359 560 2413 in
576 2365 736 2415 nocte
763 2375 864 2430 per
893 2358 1228 2430 proditorem
1247 2358 1581 2433 investigare
1613 2359 1770 2431 quasi
1794 2359 2022 2415 latitan—

423 2455 552 2517 tem,
577 2447 669 2520 qui
700 2446 936 2520 quotidie
985 2447 1041 2502 in
1077 2448 1280 2520 templo
1320 2448 1568 2505 docebat.
1619 2448 1728 2504 Sed
1778 2447 1835 2502 in
1862 2456 2019 2503 tene-

425 2536 537 2592 bris
592 2536 1030 2610 congregamini,
1061 2538 1185 2609 quia
1220 2544 1432 2609 potesta
1475 2544 1659 2593 vestra
1680 2536 1735 2592 in
1758 2535 2015 2592 tenebris.

488 2626 659 2683 Vnus.
685 2627 772 2680 57.
809 2655 879 2666 -
905 2625 989 2681 Ad
1023 2626 1313 2699 Caipham.
1366 2625 1631 2682 Convenit
1677 2641 1879 2681 nomen
1924 2640 2018 2680 ac-

417 2714 570 2771 tioni.
604 2713 856 2785 Caiphas,
888 2713 943 2768 id
964 2721 1045 2769 est
1076 2713 1431 2784 investigator
1474 2714 1561 2770 vel
1601 2728 1771 2786 sagax
1806 2713 1877 2768 ad
1905 2713 2015 2768 im-

417 2802 689 2876 plendam,
726 2801 932 2858 scilicet
951 2801 1063 2857 doli
1082 2802 1164 2856 sui
1181 2801 1609 2874 nequitiam.Vel
1631 2817 1857 2858 vomens
1897 2817 2010 2869 ore,

416 2891 540 2964 quia
577 2889 863 2963 impudens
912 2890 980 2945 ad
1030 2890 1412 2962 proferendum
1458 2890 1801 2948 mendacium
1848 2898 1901 2948 et
1943 2890 2012 2946 ad

416 2980 708 3052 petendum
743 2978 1093 3035 homicidium
1107 3020 1120 3034 .

2200 1813 2373 1869 Vnus.
2396 1814 2484 1870 73.
2512 1844 2581 1854 —
2617 1813 2723 1881 Qui
2752 1814 2998 1871 stabant.
3030 1813 3266 1870 Joannes
3296 1823 3349 1869 et
3369 1815 3539 1871 Lucas
3560 1831 3729 1871 unum

2129 1900 2312 1957 dicunt
2332 1910 2621 1974 cognatum
2651 1902 2863 1958 Malchi.
2897 1902 3006 1958 Sed
3049 1902 3137 1959 vel
3165 1910 3245 1959 est
3275 1903 3478 1975 plurale
3501 1919 3601 1976 pro
3618 1904 3733 1959 sin-

2127 1989 2321 2064 gulari.
2352 1990 2453 2047 Vel
2484 2008 2623 2046 unus
2653 1998 2764 2047 erat
2798 1989 2888 2064 qui
2916 2007 3039 2046 eum
3083 1990 3307 2059 viderat,
3359 1999 3411 2048 et
3449 1992 3729 2065 pracipue

2128 2078 2361 2150 dicebat,
2394 2096 2555 2152 quem
2585 2079 2757 2136 secuti
2784 2079 2962 2136 cateri
2993 2079 3239 2136 similiter
3259 2080 3576 2152 arguebant.

2198 2169 2369 2225 Vnus.
2403 2170 2493 2224 74.
2534 2199 2605 2210 -
2648 2171 2720 2225 Et
2748 2170 3020 2227 continuo
3048 2170 3236 2242 gallus
3283 2172 3557 2227 cantavit.
3601 2170 3729 2226 Post

2139 2257 2348 2313 tertiam
2414 2257 2758 2329 negationem
2817 2257 3056 2330 sequitur
3088 2257 3217 2329 galli
3263 2267 3468 2315 cantus.
3539 2259 3732 2315 Sacra-

2126 2353 2307 2401 menta
2364 2362 2540 2402 rerum
2593 2362 2692 2418 per
2742 2354 2937 2402 statum
2991 2354 3292 2419 temporum
3348 2346 3724 2421 designantur.

2121 2434 2297 2489 Media
2344 2442 2500 2491 nocte
2529 2443 2711 2508 negat,
2754 2434 2809 2489 in
2839 2434 2968 2508 galli
2997 2443 3155 2491 cantu
3196 2435 3436 2507 panitet,
3477 2445 3601 2507 post
3631 2452 3726 2492 re-

2123 2522 2510 2580 surrectionem
2557 2524 2657 2579 sub
2683 2524 2803 2580 luce
2851 2540 3013 2596 quem
3078 2532 3159 2580 ter
3195 2532 3487 2597 negaverat
3540 2531 3622 2580 ter
3659 2540 3722 2580 se

2117 2627 2295 2667 amare
2322 2612 2601 2684 professus
2647 2620 2761 2668 est:
2795 2612 2918 2685 quia
2946 2612 3091 2686 quod
3125 2612 3181 2667 in
3210 2612 3449 2669 tenebris
3477 2612 3716 2669 oblivio-

2114 2699 2201 2755 nis
2231 2704 2445 2770 erravit,
2471 2709 2699 2773 sperata
2725 2701 2835 2771 jam
2873 2701 3007 2758 lucis
3044 2701 3495 2758 rememoratione
3525 2717 3710 2758 corre-

2129 2788 2242 2846 xit:
2270 2798 2322 2846 et
2350 2790 2593 2860 ejusdem
2619 2806 2763 2848 vera
2782 2790 2917 2846 lucis
2943 2789 3231 2862 praesentia
3263 2790 3423 2862 plene
3454 2789 3721 2864 quidquid

2125 2886 2441 2950 mutaverat,
2458 2879 2646 2936 erexit.

2198 2968 2368 3023 Vnus.
2392 2970 2481 3024 '75.
2504 2999 2574 3009 —
2595 2968 2934 3026 Recordatus
2954 2972 3057 3025 est.
3082 2968 3143 3022 In
3162 2966 3269 3023 alio
3304 2967 3604 3041 Evangelio
3634 2966 3726 3024 di-

488 3082 659 3170 Vm-
694 3083 783 3137 δε·
806 3112 876 3122 -
894 3082 935 3137 Α
970 3082 1149 3154 ίοηθθ·
1170 3080 1370 3170 Mel?“
1397 3096 1428 3135 θ
1457 3081 1641 3170 ¹οηεθτ
1672 3079 1858 3170 quiti".
1880 3096 2008 3152 Ιπο·
2036 3106 2085 3170 C
2120 3054 2279 3170 illi?
2297 3055 3721 3170 ,ἸῗῗῗῗῗῖθῗῗτῗῖἶῖδξῗῗηῗῘῖἒπῖζιῖῗῖζῗξίῗῖ

415 3169 560 3226 ximo
591 3169 761 3226 fuerat
793 3177 1104 3241 negaturus,
1137 3168 1406 3241 signiﬁcat
1432 3168 1732 3225 Ecclesiam
1770 3168 2008 3224 imitatu-

420 3276 534 3315 ram
579 3259 890 3332 passionem
941 3257 1136 3315 Christi
1183 3258 1346 3329 longe
1377 3257 1707 3327 differenter,
1751 3257 1875 3330 quia
1914 3258 2019 3315 Ec-

417 3347 583 3404 clesia
622 3347 815 3420 patitur
832 3362 930 3419 pro
950 3362 1011 3401 se
1030 3347 1128 3402 sed
1158 3346 1399 3401 Christus
1419 3362 1519 3417 pro
1539 3346 1802 3402 Ecclesia.

488 3436 657 3492 Vnus.
683 3437 770 3491 64.
791 3466 861 3477 -
881 3437 961 3492 Tu
978 3436 1202 3492 dixisti.
1242 3436 1491 3490 Marcus:
1526 3437 1636 3508 Ego
1680 3452 1838 3492 sum:
1872 3434 2018 3507 quod

417 3526 564 3582 idem
593 3533 706 3582 est:
740 3525 809 3581 Et
834 3532 917 3581 est
944 3523 1134 3580 similis
1179 3531 1365 3581 contra
1403 3523 1627 3579 Pilatum
1677 3531 1730 3579 et
1759 3523 2017 3596 Caipham

415 3614 720 3688 responsio,
752 3622 808 3670 ut
835 3630 867 3670 a
895 3612 1112 3687 propria
1145 3613 1411 3670 sententia
1449 3613 1896 3670 c‘ondemnentur.
1918 3614 2015 3669 Fi-

424 3706 567 3762 lium
584 3704 846 3762 hominis.
881 3704 967 3759 Me
1015 3703 1071 3758 in
1099 3702 1272 3761 forma
1317 3718 1477 3777 quam
1514 3702 1767 3773 iudicatis
1815 3700 2015 3758 exalta-

414 3802 527 3850 tum
554 3802 609 3851 et
632 3794 921 3851 habentem
950 3808 1148 3849 nomen
1198 3792 1342 3866 quod
1374 3800 1456 3849 est
1482 3808 1649 3864 super
1696 3807 1858 3848 omne
1903 3805 2009 3846 no-

415 3898 563 3940 men.

477 3998 657 4053 Vnus.
688 3998 775 4052 63.
808 3996 1071 4053 —Scidit
1086 3996 1447 4051 vestimenta.
1477 3993 1647 4049 Furor
1668 3992 1759 4066 qui
1789 3992 1917 4049 fecit
1945 3992 2015 4047 de

376 4084 388 4096 ’
416 4083 553 4142 solio
584 4100 824 4156 surgere,
872 4082 997 4139 facit
1024 4090 1076 4136 et
1103 4090 1311 4138 vestem
1341 4080 1610 4137 scindere.
1634 4082 1832 4153 Magno
1862 4096 2015 4152 mys-

414 4173 577 4230 terio:
608 4187 730 4229 cum
759 4171 927 4228 vestis
970 4169 1186 4224 Domini
1241 4185 1342 4224 nec
1370 4186 1401 4223 a
1434 4169 1692 4224 militibus
1717 4168 1890 4225 scindi
1911 4183 2017 4239 po-

413 4262 529 4318 tuit.
578 4258 857 4334 Signiﬁcat
906 4257 1052 4315 enim
1100 4257 1459 4313 sacerdotium
1492 4272 1677 4313 eorum
1710 4272 1807 4329 pro
1836 4256 2016 4313 scele-

418 4351 566 4406 ribus
597 4348 965 4423 pontificatum
997 4362 1120 4402 esse
1151 4345 1366 4417 penitus
1411 4346 1730 4401 solvendum
1756 4348 1888 4402 :sed
1918 4360 2016 4401 so-

418 4438 596 4495 liditas
643 4437 904 4495 Ecclesia
949 4436 1094 4507 (qua
1164 4434 1331 4490 vestis
1370 4434 1471 4490 Dei
1516 4434 1729 4504 dicitur)
1760 4451 1929 4508 usque
1959 4439 2014 4495 in

416 4526 578 4583 ﬁnem
608 4525 792 4583 saculi
836 4524 1106 4596 indirupta
1136 4522 1391 4578 manebit.
1430 4522 1548 4577 Mos
1580 4530 1661 4577 est
1705 4523 2011 4582 Judaorum

416 4632 539 4673 cum
589 4615 791 4688 aliquid
837 4613 1188 4686 blasphemia
1229 4611 1470 4677 audiunt,
1542 4610 1793 4667 scindunt
1841 4616 2012 4671 vesti-

420 4712 622 4760 menta.

492 4792 651 4862 Quod
686 4790 881 4848 Paulus
938 4797 991 4846 et
1025 4790 1296 4845 Barnabas
1341 4789 1584 4847 fecerunt
1639 4788 1694 4844 in
1739 4789 2008 4862 Licaonia,

419 4898 541 4939 cum
569 4880 698 4938 dicti
724 4887 850 4935 sunt
874 4878 1080 4950 Jupiter
1110 4887 1164 4934 et
1190 4878 1404 4950 Apollo.

489 4999 660 5055 Vnus.
696 4999 784 5054 67.
808 5028 879 5039 —
900 4997 1050 5053 Tunc
1081 5000 1455 5069 cxspuerunt.
1507 4995 1654 5051 Sicut
1681 5002 1805 5051 tunc
1843 5011 2009 5053 cons-

416 5094 575 5160 putus
597 5094 679 5144 est
707 5083 890 5143 salivis
910 5083 1225 5150 inﬁdelium,
1258 5083 1330 5138 ita
1358 5078 1500 5140 nunc
1516 5084 1820 5156 opprobriis
1852 5086 2012 5142 exho-

413 5185 631 5233 noratur
655 5176 911 5231 falsorum
955 5172 1212 5240 fidelium,
1247 5180 1301 5228 et
1325 5172 1584 5246 colaphis,
1636 5172 1691 5229 id
1721 5182 1823 5243 est,
1858 5175 2009 5230 blas-

414 5265 647 5338 phemiis
679 5263 993 5322 eorumdem
1021 5260 1267 5318 caditur.

488 5381 661 5440 Vnus.
699 5382 787 5436 68.
817 5406 887 5421 --
908 5376 1264 5450 Prophetiza.
1300 5374 1497 5432 Dicunt
1540 5376 1921 5434 contumeliam
1958 5377 2011 5434 ei

407 5470 504 5545 qui
534 5487 594 5527 se
614 5469 931 5543 prophetam
978 5464 1167 5521 haberi
1226 5463 1395 5521 voluit
1420 5480 1451 5520 a
1472 5464 1709 5536 populis.
1772 5466 2006 5525 Velave-

410 5569 536 5618 runt
564 5560 707 5616 enim
734 5556 927 5614 faciem
949 5554 1065 5626 ejus
1096 5549 1393 5610 secundum
1404 5553 1658 5621 Marcum,
1691 5570 1803 5611 non
1830 5561 1887 5612 ut
1906 5571 2006 5613 eo-

406 5664 527 5710 rum
582 5648 789 5708 scelera
837 5660 950 5705 non
1002 5642 1199 5714 videat,
1256 5642 1356 5700 sed
1403 5648 1462 5700 ut
1494 5655 1526 5698 a
1555 5640 1755 5715 seipsis
1781 5644 2007 5716 gratiam

2122 3144 2253 3200 tuitu
2297 3144 2607 3217 provocavit
2652 3145 2719 3200 ad
2747 3146 3032 3217 lacrymas,
3082 3144 3239 3218 quasi
3287 3145 3343 3200 in
3381 3152 3622 3202 mentem
3669 3147 3722 3203 ei

2120 3234 2386 3290 reducens
2416 3235 2628 3307 quoties
2671 3242 2981 3309 negaverat,
3015 3242 3067 3290 et
3096 3233 3242 3306 quod
3268 3233 3319 3289 ei
3360 3234 3718 3305 'pradixerat,

2120 3339 2221 3378 nec
2262 3322 2433 3394 potuit
2456 3323 2512 3378 in
2561 3323 2797 3380 tenebris
2838 3337 3177 3395 permanere,
3215 3339 3378 3396 quem
3416 3323 3509 3379 lux
3528 3323 3723 3379 mundi

2119 3411 2378 3483 respexit.
2416 3414 2489 3468 Et
2509 3428 2782 3485 egressus.
2832 3412 2916 3467 Ab
2944 3411 3230 3483 impiorum
3272 3410 3503 3467 consilio
3535 3412 3722 3468 seclu-

2120 3516 2215 3555 sus
2247 3500 2462 3572 culpam
2483 3500 2645 3569 lavat,
2683 3500 2827 3573 quod
2857 3514 2965 3556 non
3012 3499 3175 3556 intus.
3210 3499 3296 3556 Ob
3333 3500 3439 3556 hoc
3466 3500 3725 3557 basitare

2118 3588 2417 3660 permissus
2434 3596 2516 3646 est
2546 3597 2602 3645 ut
2630 3589 2684 3644 in
2704 3587 2965 3646 Ecclesia
2983 3587 3228 3660 principe
3264 3587 3564 3645 remedium
3609 3605 3724 3661 pa-

2118 3677 2358 3735 nitentia
2385 3679 2727 3747 conderetur,
2746 3685 2799 3736 et
2825 3693 2987 3735 nemo
3023 3677 3241 3735 auderet
3270 3677 3341 3734 de
3396 3693 3494 3734 sua
3523 3676 3725 3735 virtute

2119 3764 2412 3824 conﬁdere.

2654 3906 2880 3966 CAPUT
2907 3906 3135 3965 XXVII.

2191 4045 2360 4101 Vnus.
2396 4049 2447 4102 l.
2480 4075 2550 4088 —
2581 4048 2739 4107 Mane
2776 4056 2989 4108 autem.
3046 4049 3325 4106 Matthaus
3379 4057 3433 4105 et
3485 4047 3705 4107 Marcus

2118 4141 2473 4190 contexerant
2524 4138 2885 4195 narrationem
2941 4139 3010 4195 de
3039 4138 3123 4193 his
3176 4155 3298 4210 qua
3325 4154 3449 4195 cum
3477 4138 3719 4195 Domino

2116 4229 2237 4279 acta
2256 4231 2379 4278 sunt
2406 4240 2578 4297 usque
2607 4226 2676 4281 ad
2704 4243 2882 4295 mane,
2915 4227 3014 4284 sed
3056 4235 3248 4299 postea
3277 4226 3508 4283 redeunt
3539 4243 3720 4301 usque

2117 4311 2185 4366 ad
2217 4311 2560 4383 negationem
2592 4314 2730 4369 Petri
2760 4316 3085 4371 narrandam
3119 4334 3132 4370 :
3165 4332 3270 4388 qua
3317 4314 3601 4371 terminata
3630 4332 3720 4372 re-

2117 4399 2283 4457 deunt
2310 4400 2505 4457 iterum
2525 4402 2593 4457 ad
2608 4419 2799 4471 mane,
2831 4412 2887 4460 ut
2912 4404 3041 4460 inde
3069 4412 3269 4461 catera
3297 4411 3709 4461 contexereunt.

2033 4464 2087 4526 D
2186 4491 2357 4545 Vnus.
2393 4491 2443 4546 4.
2477 4522 2546 4532 —-
2572 4464 2804 4550 Peccavi
2843 4492 3090 4560 tradens,
3124 4499 3226 4549 etc.
3252 4492 3417 4563 Quasi
3444 4491 3715 4564 inpotes—

2116 4585 2218 4635 tale
2256 4596 2352 4635 sua
2371 4587 2517 4637 esset
2542 4588 2750 4638 mutare
2792 4589 3197 4654 persecutorum
3255 4581 3578 4638 sententiam
3602 4599 3616 4638 :
3640 4582 3713 4638 li-

2113 4675 2197 4723 cet
2225 4676 2400 4724 autem
2430 4669 2713 4726 mutaverit
2767 4670 3113 4738 voluntatem,
3164 4677 3344 4726 tamen
3372 4670 3563 4742 prima
3605 4686 3710 4727 vo—

2112 4755 2327 4812 luntatis
2355 4756 2556 4813 exitum
2586 4773 2696 4814 non
2724 4758 2970 4815 mutavit.
3014 4759 3156 4828 Quid
3183 4759 3256 4816 ad
3300 4774 3424 4816 nos.
3462 4758 3608 4828 Quid
3638 4758 3714 4814 ad

2111 4861 2213 4899 nos
2240 4845 2469 4916 pertinet
2495 4845 2563 4901 de
2592 4846 2698 4903 hoc
2715 4845 2744 4902 ?
2767 4850 2830 4904 tu
2857 4848 3155 4916 videris,tu
3183 4846 3328 4905 scias
3357 4845 3486 4919 quid
3508 4845 3709 4903 fecisti.

2111 4932 2211 4988 Vel
2241 4932 2371 5005 quid
2398 4932 2596 4990 videris
2614 4934 2891 5006 pertinere
2910 4936 2977 4991 ad
3007 4950 3127 4992 nos.
3152 4933 3296 5005 Quid
3324 4935 3393 4991 ad
3414 4949 3515 4992 nos
3539 4934 3711 5007 perti-

2111 5027 2203 5076 net
2230 5021 2462 5093 pretium
2480 5030 2791 5094 acceptum:
2822 5031 2878 5079 tu
2905 5023 3047 5080 istud
3085 5024 3435 5096 probaveras,
3491 5031 3546 5079 tu
3576 5023 3708 5080 inde

2111 5107 2194 5165 fac
2224 5109 2370 5181 quod
2395 5110 2498 5167 vis.
2549 5109 2658 5179 Qui
2683 5112 2753 5168 ad
2796 5120 3024 5170 mortem
3067 5119 3314 5185 peccant,
3373 5119 3572 5167 tantam
3604 5113 3709 5168 ha-

2109 5198 2241 5253 bent
2268 5197 2631 5270 ignorantiam
2652 5207 2705 5256 et
2731 5199 3047 5268 cacitatem,
3079 5209 3135 5257 ut
3171 5216 3274 5257 nec
3322 5200 3603 5257 turbentur
3646 5200 3707 5256 in

2111 5281 2406 5343 sceleribus
2427 5286 2558 5355 suis,
2591 5303 2695 5345 nec
2720 5288 3052 5360 pauitantia
3066 5288 3256 5346 dolore
3284 5288 3610 5345 crucientur.

2180 5375 2351 5432 Vnus.
2382 5378 2435 5433 5.
2468 5406 2539 5418 -
2578 5378 2651 5434 Et
2694 5380 2981 5450 projectis.
3033 5377 3183 5435 Sicut
3239 5376 3564 5448 pauitantia
3588 5376 3709 5447 ejus

2108 5463 2205 5520 fuit
2232 5463 2582 5533 infructuosa,
2616 5464 2696 5522 sic
2722 5473 2776 5521 et
2802 5466 2922 5523 hac
2949 5465 3152 5523 oblatio
3176 5465 3232 5522 in
3260 5464 3461 5537 templo
3490 5474 3574 5521 est
3610 5481 3706 5522 ex-

2109 5553 2415 5611 secrabilis.
2463 5556 2538 5612 Et
2577 5555 2791 5613 abiens.
2847 5554 3060 5627 (thu.)
3114 5553 3262 5611 Nihil
3315 5552 3520 5626 profuit
3544 5552 3704 5611 Iuda

2108 5640 2292 5714 egisse
2314 5641 2705 5716 paenitentiam,
2734 5656 2834 5718 per
2860 5634 3024 5717 quam
3050 5642 3230 5703 scelus
3257 5642 3537 5718 corrigere
3592 5656 3704 5701 non
