4000 6182
188 263 281 316 173

1114 252 1385 309 GLOSSA
1415 240 1827 307 ORDINARIA.
1858 277 1927 288 —
1957 244 2222 303 EVANG.
2251 245 2507 301 MATTH.

3386 247 3492 300 174

189 383 373 455 potuit.
420 381 531 437 Sed
579 378 800 452 quando
842 378 1007 433 frater
1039 376 1118 432 sic
1157 383 1346 448 peccat
1375 375 1433 430 in
1459 374 1696 439 fratrem,
1737 373 1867 433 utA
1893 371 2102 440 derent,
2134 377 2186 426 et
2213 369 2547 442 proditorem
2574 368 2887 434 liberarent,
2923 383 3044 439 quae
3060 383 3155 423 sua
3179 367 3366 439 petitio
3383 369 3490 424 ho-

192 470 490 529 emendare
538 468 721 524 valeat
768 466 916 540 quod
960 465 1230 538 peccavit,
1277 471 1452 537 potest
1501 463 1552 518 ei
1580 461 1794 518 dimitti.

194 561 285 617 Sin
314 566 500 615 autem
538 564 863 629 permanent
890 571 1074 628 opera,
1126 554 1321 610 frustra
1349 568 1483 609 voce
1512 551 1801 608 assumitur

192 649 530 722 pcenitentia.
576 649 694 703 Hoc
724 653 807 703 est
846 645 989 717 quod
1035 644 1102 699 de
1143 659 1210 701 eo
1248 642 1478 699 dicitur:
1511 643 1584 698 Et
1619 643 1800 697 oratio

195 743 315 811 ejus
345 739 456 808 ﬁat
501 738 568 793 in
606 739 906 809 peccatum
948 734 1121 804 (Psal.
1171 732 1326 802 cvm)
1360 739 1459 786 :ut
1485 746 1593 785 non
1624 730 1801 785 solum

196 827 491 883 emendem
538 824 845 897 nequiverit
888 821 1209 894 proditionis
1251 819 1426 885 nefas,
1474 819 1573 874 sed
1597 816 1802 889 pr0prii

194 914 476 972 homicidii
506 914 685 970 scelus
714 912 999 978 addiderit,
1044 911 1191 965 unde
1217 909 1513 965 scelestior.

268 1006 442 1060 Vens.
477 1006 529 1058 6.
562 1033 631 1044 -—
663 1003 785 1059 Non
815 1002 951 1057 licet
978 1016 1087 1057 eos.
1141 999 1275 1054 Vere
1306 997 1549 1053 colentes
1572 994 1801 1051 culicem

198 1104 247 1150 et
278 1092 552 1149 camelum
584 1091 875 1161 glutientes
907 1107 921 1144 :
954 1089 1001 1144 si
1032 1088 1178 1144 enim
1204 1087 1327 1142 ideo
1346 1102 1455 1141 non
1471 1085 1684 1140 mittunt
1712 1099 1805 1155 pe-

195 1182 415 1239 cuniam
445 1181 504 1235 in
533 1180 855 1245 corbonam,
898 1178 953 1233 id
980 1186 1079 1243 est,
1130 1176 1185 1231 in
1234 1173 1696 1249 gazOphylacium,
1747 1172 1803 1226 id

196 1279 296 1336 est,
332 1270 478 1325 inter
504 1269 647 1325 dona
675 1267 796 1333 Dei,
842 1266 965 1339 quia
992 1265 1224 1337 pretium
1253 1262 1532 1336 sanguinis
1562 1269 1663 1327 est,
1711 1277 1806 1315 cur

198 1375 332 1433 ergo
365 1360 489 1431 ipse
517 1357 744 1429 sanguis
775 1354 1105 1413 effunditur?
1129 1355 1198 1409 Et
1226 1353 1355 1425 quid
1380 1351 1591 1423 praemii
1620 1349 1720 1417 eis,
1758 1349 1805 1403 si

199 1449 327 1504 inde
348 1464 490 1518 ager
513 1446 710 1502 emitur
737 1445 793 1500 in
824 1443 1153 1516 sepulturam
1182 1457 1477 1514 pauperum
1495 1442 1524 1495 ?

269 1551 449 1605 Vens.
486 1553 541 1604 9.
593 1578 662 1589 —
706 1550 815 1604 Per
840 1547 1162 1603 Ieremiam.
1207 1542 1420 1614 (H1en.)
1470 1542 1583 1596 Hoc
1615 1555 1722 1595 non
1751 1539 1805 1593 in

199 1638 457 1702 Ieremia,
508 1637 607 1693 sed
650 1636 706 1691 in
748 1634 1000 1691 Zacharia
1044 1633 1240 1704 legitur
1273 1649 1286 1685 :
1320 1639 1499 1685 tamen
1541 1628 1659 1683 aliis
1688 1643 1808 1683 ver-

199 1729 300 1783 bis.
353 1726 494 1799 Legi
524 1740 697 1797 nuper
735 1722 983 1780 Ieremiae
1030 1721 1417 1793 apocryphum,
1467 1718 1522 1773 in
1561 1732 1666 1789 quo
1692 1716 1809 1772 haec
1840 1736 1892 1796 Β

201 1816 365 1873 verba
396 1815 601 1886 scripta
630 1812 825 1885 reperi.
875 1812 984 1868 Sed
1027 1818 1206 1866 tamen
1232 1807 1409 1880 magis
1440 1806 1572 1861 mihi
1599 1805 1811 1861 videtur

202 1907 304 1962 hoc
353 1912 635 1975 sumptum
682 1902 751 1957 de
791 1900 1043 1957 Zacharia
1084 1914 1236 1955 more
1283 1895 1665 1969 apostolorum,
1720 1893 1811 1966 qui

204 1996 497 2051 verborum
543 1991 734 2048 ordine
778 1988 1172 2062 praetermisso,
1229 2002 1425 2043 sensus
1485 1992 1689 2040 tantum
1742 1983 1812 2038 de

207 2083 385 2140 Veteri
412 2083 764 2138 Testamento
793 2078 1087 2151 proferunt.

271 2174 314 2229 Α
346 2172 499 2242 ﬁliis
531 2171 729 2238 Israel,
774 2176 879 2223 etc.
929 2170 977 2223 A
1024 2165 1218 2239 quibus
1260 2163 1440 2220 minus
1485 2168 1808 2236 oportuerat,

206 2260 294 2334 qui
322 2257 686 2331 magniﬁcare
713 2257 1029 2312 debuerant.

274 2377 453 2431 Vens.
490 2377 581 2429 11.
631 2403 701 2414 -
755 2373 832 2428 Tu
862 2387 919 2428 es
963 2386 1071 2427 rex
1113 2369 1457 2426 Iudaeorum.
1507 2364 1815 2422 Secundum

209 2467 406 2521 Lucam
436 2463 548 2518 duo
578 2462 904 2531 objecerant,
948 2457 1152 2515 scilicet
1178 2457 1321 2529 quod
1357 2454 1675 2527 prohibebat
1702 2452 1816 2507 dari

206 2570 433 2611 censum
470 2551 694 2621 Caesari,
724 2556 776 2605 et
805 2548 949 2621 quod
978 2547 1181 2604 diceret
1208 2562 1268 2601 se
1295 2561 1501 2617 regem.
1533 2545 1614 2599 De
1645 2558 1816 2615 regno

207 2659 335 2717 ergo
378 2641 609 2706 Pilatus,
661 2638 785 2711 quia
836 2636 1032 2706 nescit,
1072 2635 1384 2706 interrogat.
1427 2634 1509 2688 De
1556 2632 1764 2687 tributis
1799 2648 1812 2684 :

207 2733 325 2804 quia
354 2730 606 2786 audierat
634 2744 760 2784 eum
805 2724 1155 2798 respondisse
1189 2741 1202 2778 :
1237 2722 1471 2781 Reddite
1518 2739 1641 2794 qua:
1680 2724 1819 2777 sunt

211 2821 444 2878 Caesaris
497 2819 708 2875 Cresari
735 2816 887 2886 (Zac.
942 2815 1005 2886 ιι)
1040 2832 1054 2868 :
1087 2812 1240 2885 quasi
1289 2819 1529 2883 apertum
1583 2809 1814 2866 menda-

211 2910 348 2968 cium
398 2907 715 2963 invidorum
763 2903 1009 2976 negligit.
1064 2901 1220 2959 Unde
1266 2901 1474 2955 Marcus
1527 2918 1541 2953 :
1586 2901 1659 2956 Et
1698 2914 1815 2955 non

214 3003 380 3055 mut
404 2996 810 3053 convenientia
841 2993 1167 3049 testimonia
1194 3006 1387 3047 eorum
1407 2988 1599 3059 (Marc.
1622 2986 1811 3060 xxxv).

1899 460 1987 514 die
2015 459 2174 515 etiam
2200 459 2371 515 haeret
2411 458 2512 525 eis,
2554 458 2754 513 amissa
2794 464 2959 530 gente
2999 465 3053 513 et
3089 456 3211 514 loco
3240 464 3294 513 et
3322 456 3492 513 liber-

1898 555 2006 603 tate
2035 566 2048 601 :
2085 548 2208 620 quia
2233 547 2477 603 datorem
2504 546 2767 602 libertatis
2796 546 3027 618 perdere
3058 545 3363 601 voluerunt.

1968 664 2138 718 Vens.
2171 667 2261 719 22.
2295 693 2363 703 —
2401 662 2541 732 Quid
2571 664 2750 735 igitur
2776 663 2991 733 faciam
3020 660 3086 717 de
3116 663 3266 717 Iesu.
3300 659 3494 715 Multas

1900 753 2172 825 qtuerebat
2206 751 2541 819 occasiones,
2590 758 2649 805 ut
2676 767 2801 806 eum
2832 766 2956 806 cum
2986 749 3366 805 benevolentia
3393 764 3493 820 po-

1900 840 2014 912 puli
2064 840 2332 896 liberaret.
2393 840 2606 909 Primo,
2663 839 2925 894 latronem
2977 839 3123 908 justo
3178 836 3493 894 conferens.

1902 929 2113 985 Deinde
2139 947 2151 983 :
2184 928 2323 998 Quid
2338 945 2464 1001 ergo
2480 930 2693 1001 faciam
2709 928 2775 983 de
2792 929 2942 993 Iesu,
2965 930 3060 1000 qui
3082 928 3296 983 dicitur
3317 926 3500 983 Chris-

1905 1022 2054 1074 tus?
2107 1018 2177 1072 Et
2216 1033 2340 1073 cum
2384 1017 2624 1073 dicerent
2671 1034 2684 1070 :
2730 1017 3115 1088 cruciﬁgatur,
3162 1030 3273 1070 non
3317 1014 3499 1069 statim

1903 1106 2190 1179 acquievit,
2228 1106 2325 1161 sed
2362 1106 2512 1175 juxta
2553 1105 2963 1178 suggestionem
2990 1104 3172 1160 uxoris
3195 1104 3269 1158 ait
3301 1120 3314 1157 :
3354 1103 3498 1172 Quid

1906 1197 2061 1250 enim
2077 1196 2221 1250 mali
2236 1196 2415 1266 fecit?
2438 1192 2558 1263 Quo
2579 1194 2723 1250 dicto
2744 1193 2943 1256 Pilatus
2959 1191 3189 1248 absolvit
3205 1191 3499 1247 Christum.

1977 1284 2148 1338 Vens.
2178 1283 2268 1340 24.
2300 1313 2368 1323 -
2398 1283 2557 1339 Lavit
2585 1298 2812 1338 manus.
2847 1281 3119 1337 Gentilem
3148 1278 3405 1353 populum
3434 1279 3502 1333 ab

1905 1372 2181 1443 impietate
2208 1371 2517 1427 Iudaeorum
2544 1372 2778 1426 alienum
2817 1369 3131 1441 designans,
3177 1370 3269 1441 qui
3308 1369 3504 1425 clama-

1907 1468 2104 1516 verunt
2136 1478 2149 1514 :
2183 1461 2476 1532 Cruciﬁge,
2511 1460 2776 1531 cruciﬁge
2805 1475 2935 1515 eum
2976 1465 2995 1515 !

1980 1577 2150 1631 Vens.
2183 1578 2273 1633 25.
2307 1606 2376 1617 -
2406 1576 2647 1649 Sanguis
2678 1578 2819 1648 ejus.
2858 1576 3177 1631 Perseverat
3206 1590 3377 1647 usque
3410 1571 3507 1630 ho-

1909 1664 1999 1720 die
2053 1665 2399 1737 imprecatio,
2462 1671 2514 1720 et
2573 1664 2796 1736 sanguis
2854 1663 3052 1720 Christi
3107 1679 3217 1720 non
3269 1662 3506 1719 aufertur

1910 1754 1978 1809 ab
2006 1754 2106 1809 eis.

1982 1843 2151 1898 Vens.
2174 1844 2263 1900 26.
2300 1873 2369 1884 -
2410 1844 2560 1899 Tunc
2582 1841 2801 1898 dimisit
2818 1842 2936 1898 illis
2952 1842 3279 1898 Barabbam.
3311 1841 3503 1896 Barab-

1912 1932 2008 1987 bas
2039 1931 2175 1988 latro
2223 1930 2513 1987 seditiosus
2544 1939 2597 1986 et
2625 1930 3039 1987 homicidiorum
3068 1938 3272 2001 auctor,
3318 1930 3507 1985 dimis-

1912 2037 2003 2076 sus
2045 2028 2127 2075 est
2167 2020 2368 2092 p0pulo
2408 2020 2735 2075 Iudaeorum.
2769 2019 2952 2093 (1910.)
2998 2019 3257 2075 Diabolus
3286 2018 3376 2092 qui
3394 2019 3508 2088 jam

1913 2108 2042 2164 olim
2071 2109 2141 2164 ob
2171 2108 2480 2180 superbiam
2506 2125 2537 2162 a
2563 2109 2732 2180 patria
2758 2108 2897 2165 lucis
2930 2107 3207 2180 expulsus,
3257 2115 3311 2163 et
3340 2107 3396 2163 in
3424 2114 3507 2162 te-

1909 2198 2198 2253 nebrarum
2228 2214 2504 2255 carcerem
2532 2196 2705 2254 fuerat
2731 2197 2950 2252 missus.
2973 2198 3042 2253 Et
3072 2196 3196 2252 ideo
3214 2195 3387 2252 Indmi
3416 2211 3509 2268 pa-

1913 2302 2035 2343 cem
2061 2287 2259 2342 habere
2286 2302 2395 2342 non
2423 2293 2671 2358 possunt,
2697 2286 2821 2358 quia
2850 2285 3177 2341 seditionum
3197 2284 3502 2357 principem

1914 2376 2117 2447 eligere
2169 2376 2487 2431 maluerunt.
2548 2374 2648 2430 Vel
2705 2374 2977 2430 Barabbas
3041 2381 3226 2446 typum
3283 2374 3507 2445 gerebat

1914 2463 2249 2520 Antichristi.

1985 2554 2176 2609 Iesum
2204 2568 2330 2608 vero
2349 2552 2722 2624 ﬂagellatam.
2742 2551 2871 2606 Ideo
2889 2549 3191 2607 credendus
3208 2558 3291 2607 est
3308 2550 3509 2607 Pilatus

1914 2641 2099 2698 Iesum
2128 2640 2433 2713 ﬂagellasse
2462 2648 2514 2696 et
2543 2640 2804 2695 militibus
2819 2640 2887 2694 ad
2915 2638 3249 2696 illudendum
3269 2639 3510 2707 dedisse,

1914 2738 1972 2785 ut
2015 2730 2190 2785 satiati
2220 2728 2397 2800 poenis
2434 2728 2550 2798 ejus
2588 2735 2642 2784 et
2671 2728 2998 2800 Opprobriis.
3028 2728 3200 2785 Iudaei
3227 2729 3344 2798 ejus
3374 2743 3512 2785 mor—

1915 2827 2025 2875 tem
2052 2818 2189 2873 ultra
2216 2834 2324 2873 non
2356 2817 2585 2874 sitirent.
2625 2818 2818 2875 Iesum
2847 2832 2993 2874 vero.
3039 2817 3293 2873 Serviens
3322 2817 3514 2875 Romae

1914 2907 2000 2963 nis
2029 2907 2267 2981 legibus,
2313 2923 2436 2979 quae
2478 2904 2879 2980 crucifigendos
2922 2906 3073 2974 prius
3098 2906 3290 2975 jubent
3317 2905 3512 2979 ﬂagel-

1913 2996 2034 3052 lari.

214 3088 271 3144 In
297 3089 404 3143 hoc
433 3085 583 3157 quod
616 3083 814 3138 Pilatus
859 3080 994 3136 nihil
1033 3079 1178 3135 aliud
1220 3076 1460 3135 criminis
1501 3077 1811 3148 interrogat,
1836 3097 1886 3161 α
1983 3085 2155 3141 Vens.
2186 3088 2276 3142 28.
2324 3112 2394 3125 —-
2436 3083 2795 3157 Chlamydem
2821 3084 3160 3141 coccineum.
3205 3081 3419 3157 (Ηιειι.)
3454 3084 3517 3141 In

210 3176 310 3231 nisi
333 3192 408 3230 an
437 3174 507 3228 sit
538 3188 631 3227 rex
659 3171 967 3226 Iudaeorum
1003 3187 1016 3224 :
1050 3174 1351 3240 arguuntur
1400 3165 1688 3237 impietatis
1715 3166 1815 3220 Iu-

210 3265 328 3332 dai,
363 3263 464 3335 qui
493 3277 599 3317 nec
648 3259 786 3315 falso
829 3257 1071 3316 invenire
1098 3263 1389 3330 potuerunt
1432 3256 1578 3328 quod
1619 3252 1817 3325 objice-

218 3360 330 3408 rent
355 3349 647 3408 Salvatori.

285 3467 464 3523 Vens.
497 3468 588 3519 16.
610 3494 682 3505 —
708 3464 813 3533 Qui
837 3462 1130 3518 dicebatur
1149 3459 1445 3516 Barabbas.
1468 3458 1737 3515 Barabbas
1766 3457 1821 3513 in

215 3554 520 3629 Evangelio
552 3552 851 3609 secundum
885 3550 1138 3606 Hebraeos
1172 3550 1331 3619 ﬁlius
1359 3550 1541 3622 patris
1575 3547 1663 3604 vel
1693 3565 1821 3604 ma-

215 3648 396 3719 gister
447 3659 646 3701 eorum
696 3641 1089 3712 interpretatur.
1144 3639 1266 3710 Ipse
1314 3646 1398 3693 est
1441 3635 1821 3706 Antichristus,

216 3751 376 3807 quem
407 3733 488 3788 illi
522 3730 738 3788 Christo
766 3730 1073 3802 praeferunt,
1113 3726 1308 3800 quibus
1338 3726 1532 3782 dicitur
1562 3744 1575 3780 :
1620 3727 1712 3783 Vos
1750 3740 1824 3781 ea:

213 3828 379 3896 patre
402 3821 627 3879 diabolo
659 3821 793 3876 estis
837 3818 1018 3890 (Ioan.
1047 3816 1191 3888 vni).
1245 3815 1444 3870 Pilatus
1473 3815 1564 3888 qui
1590 3832 1648 3871 os
1672 3813 1825 3869 mal-

220 3914 459 3969 leatoris
506 3910 901 3980 interpretatur,
950 3904 1221 3961 diabolum
1271 3903 1556 3976 signiﬁcat,
1607 3902 1699 3976 qui
1745 3910 1828 3957 est

217 4001 450 4056 malleus
478 3998 751 4055 universae
776 4005 949 4063 terrae,
974 4011 1073 4068 per
1093 4010 1255 4065 quem
1275 3993 1535 4048 Dominus
1573 4008 1701 4048 vasa
1733 4007 1828 4047 sua

215 4088 480 4161 permittit
528 4084 747 4159 probari
778 4103 791 4139 :
826 4094 876 4140 et
918 4085 987 4138 ad
1027 4083 1272 4138 ultimum
1318 4081 1563 4151 conterit,
1612 4080 1828 4154 quando

219 4177 276 4233 in
304 4186 549 4235 extrema
577 4173 921 4229 damnatione
951 4168 1273 4243 confringet.

295 4294 475 4350 Vens.
511 4293 601 4347 1⁵7.
632 4321 702 4333 --
734 4290 908 4359 Quem
932 4276 1129 4346 vultis.
1162 4285 1367 4359 Populo
1394 4285 1585 4341 volens
1613 4283 1827 4340 satisfa-

219 4398 349 4439 cere
392 4382 487 4437 dat
531 4380 809 4451 Optionem
856 4377 1100 4450 quamvis
1155 4392 1264 4431 non
1312 4373 1516 4430 dubitet
1561 4373 1828 4429 Christum

1915 3174 2198 3247 chlamyde
2226 3174 2480 3230 coccinea
2519 3188 2684 3244 Opera
2713 3172 2955 3244 gentium
2984 3180 3204 3229 cruenta
3232 3179 3515 3229 sustentat.

1918 3264 1977 3318 In
2006 3278 2203 3319 corona
2245 3262 2453 3333 spinea,
2506 3261 2851 3318 maledictum
2902 3260 3061 3317 solvit
3106 3261 3406 3334 antiquum.
3452 3261 3515 3319 In

1919 3351 2150 3422 calamo,
2180 3359 2443 3406 venenata
2472 3350 2670 3407 occidit
2697 3349 2965 3404 animalia.
3006 3348 3108 3406 Vel
3133 3349 3397 3406 calamum
3426 3356 3515 3405 te-

1918 3448 2013 3496 net
2040 3440 2096 3495 in
2124 3456 2307 3509 manu,
2340 3446 2399 3495 ut
2430 3439 2775 3510 sacrilegium
2808 3438 3070 3495 scriberet
3094 3438 3424 3495 Iudaeorum.
3455 3439 3516 3494 In

1922 3530 2036 3585 suis
2063 3528 2306 3585 vestibus
2335 3543 2444 3584 non
2472 3527 2731 3597 illuditur,
2777 3527 2875 3583 sed
2917 3527 2974 3582 in
3015 3527 3100 3582 his
3144 3543 3265 3600 quae
3294 3535 3520 3600 propter

1922 3625 2145 3689 peccata
2200 3624 2383 3672 nostra
2425 3616 2673 3687 portavit.
2722 3614 2860 3670 Cum
2901 3615 3309 3687 cruciﬁgeretur
3359 3631 3518 3672 suum

1924 3707 2130 3777 recepit
2183 3712 2558 3760 ornamentum
2585 3703 2765 3758 statim
2798 3721 2810 3758 :
2845 3704 2969 3775 quia
2997 3704 3264 3760 elementa
3290 3704 3517 3760 turban-

1924 3803 2029 3865 tur,
2061 3801 2114 3850 et
2144 3793 2385 3849 Creatori
2414 3792 2786 3849 testimonium
2814 3792 2904 3846 dat
2933 3798 3195 3848 creatura.

1995 3911 2165 3966 Vens.
2198 3912 2286 3967 32.
2318 3940 2388 3951 --
2418 3910 2767 3983 Cyrenaeam.
2797 3909 2941 3965 Ecce
2971 3923 3080 3963 non
3107 3907 3390 3978 Hebraeus,
3424 3907 3524 3963 sed

1926 4000 2230 4071 alienigena
2271 3998 2564 4071 opprobrio
2606 3997 2804 4053 Christi
2839 3996 3104 4067 subditur,
3146 4004 3206 4052 ut
3239 3996 3522 4069 plenitudo

1928 4094 2397 4145 sacramentorum
2449 4086 2681 4142 transire
2706 4103 2740 4142 a
2767 4085 3182 4144 circumcisione
3209 4084 3280 4141 ad
3303 4101 3524 4159 prepa-

1928 4177 2062 4233 tium
2093 4175 2435 4232 ostendatur.

2001 4294 2173 4349 Vens.
2205 4296 2294 4348 33.
2326 4322 2396 4333 —
2440 4291 2725 4364 Colgotha.
2758 4292 2953 4365 Syrum
2981 4298 3084 4361 est,
3126 4298 3181 4346 et
3209 4289 3528 4361 interpreta-
3578 4280 3590 4291 ’

1926 4391 2017 4439 tur
2046 4382 2337 4448 Calvariaz,
2361 4396 2470 4436 non
2500 4381 2571 4436 ob
2596 4381 2873 4437 calvitium
2901 4379 3034 4435 Adm
3062 4395 3223 4451 quem
3252 4378 3526 4434 mentiun-

220 4470 547 4544 eligendum
576 4468 756 4524 sciens
781 4482 881 4539 per
908 4465 1165 4521 invidiam
1198 4463 1466 4519 traditum.
1490 4462 1596 4531 Qui
1620 4462 1817 4518 dicitm

1932 4479 2017 4527 tur
2043 4470 2119 4526 ibi
2149 4470 2438 4542 sepultum,
2470 4469 2568 4525 sed
2596 4469 2667 4526 ob
2694 4467 3111 4525 decollationem
3130 4467 3522 4524 damnatorum.

222 4561 514 4617 Christus.
540 4558 691 4613 Idem
717 4555 860 4629 quod
888 4555 1096 4610 Marcus
1124 4552 1196 4608 ait
1226 4570 1240 4608 :
1275 4568 1464 4625 regem
1500 4551 1826 4620 Iudaeorum,

217 4665 455 4723 quorum
491 4663 589 4703 rex
615 4644 858 4702 Christus
883 4644 1190 4701 vocabatur.

294 4748 477 4803 Vens.
515 4749 604 4801 19.
638 4774 707 4785 -
737 4746 843 4801 Pro
872 4742 1170 4799 tribunali.
1229 4738 1484 4795 Tribunal
1512 4738 1671 4795 sedes
1690 4737 1830 4807 judi—

216 4854 391 4906 cum,
430 4842 489 4891 ut
536 4833 735 4891 solium
775 4848 986 4905 regum,
1036 4829 1287 4887 cathedra
1333 4829 1633 4885 doctorum.
1688 4828 1832 4885 Uxor

217 4930 375 4999 ejus.
436 4925 585 4981 Uxor
635 4922 738 4977 viri
785 4920 1003 4993 gentilis
1039 4920 1144 4975 hoc
1199 4918 1255 4973 in
1303 4916 1512 4974 visione
1561 4915 1829 4987 intelligit,

220 5015 383 5088 quod
414 5012 592 5068 Iudaei
638 5009 923 5083 vigilantes
975 5007 1277 5078 intelligere
1324 5006 1624 5062 noluerunt.
1676 5003 1833 5060 Nihil

222 5105 361 5160 tibi.
394 5102 554 5157 Nunc
580 5100 798 5156 demum
836 5096 1082 5153 diabolus
1104 5095 1413 5167 intelligens
1440 5111 1539 5166 per
1567 5093 1833 5149 Christum

218 5208 285 5249 se
335 5190 518 5264 spolia
560 5188 906 5255 amissurum,
956 5185 1093 5241 sicut
1134 5184 1365 5256 primum
1412 5198 1510 5255 per
1554 5182 1834 5237 mulierem

219 5289 468 5339 mortem
495 5278 705 5346 intulit;
756 5276 827 5331 ita
855 5274 1021 5331 modo
1063 5290 1162 5347 per
1206 5272 1487 5329 mulierem
1516 5271 1625 5327 vult
1652 5269 1835 5326 Chris-

219 5377 342 5427 tum
376 5370 450 5424 de
479 5367 730 5423 manibus
752 5365 1064 5420 Iudaeorum
1091 5362 1338 5432 liberare,
1383 5376 1454 5416 ne
1478 5376 1576 5433 per
1607 5366 1835 5415 mortem

222 5460 349 5527 ejus
380 5456 572 5513 mortis
601 5454 810 5511 amittat
837 5452 1144 5525 imperium.

298 5574 485 5630 Vens.
515 5574 607 5629 2L
636 5597 708 5611 -—
740 5567 1067 5634 Barabbam,
1086 5573 1189 5622 etc.
1210 5564 1402 5622 Filium
1430 5560 1629 5619 diaboli
1655 5560 1838 5633 elegea

217 5668 359 5721 runt
384 5675 489 5734 pro
513 5659 629 5719 filio
654 5656 781 5731 Dei,
811 5665 872 5715 ut
898 5656 1229 5718 Salvatorem
1257 5669 1381 5713 cum
1406 5668 1505 5712 sua
1521 5649 1693 5711 salute
1719 5664 1840 5723 per-

1932 4560 2105 4616 Adam
2128 4559 2279 4629 juxta
2307 4559 2523 4614 Hebron
2553 4558 2609 4613 in
2640 4558 2777 4614 libro
2805 4558 2936 4613 Iesu
2963 4555 3162 4630 legitur
3189 4555 3453 4628 sepultus.

2004 4677 2175 4733 Vens.
2209 4676 2298 4731 34.
2317 4705 2387 4717 -
2412 4676 2549 4733 Cum
2578 4674 2713 4745 felle
2743 4675 3002 4730 mistum.
3024 4673 3178 4730 Alius
3194 4672 3528 4746 evangelista

1933 4766 2063 4823 dicit
2106 4764 2473 4832 mirrhatum,
2531 4762 2587 4817 id
2634 4769 2736 4831 est,
2784 4761 3202 4819 amarissimum.
3246 4763 3318 4819 Et
3352 4762 3530 4835 potuit

1932 4863 2161 4927 utraque
2190 4869 2315 4911 esse
2329 4850 2636 4909 commistio
2654 4849 2797 4907 fellis
2813 4858 2871 4907 et
2884 4853 3136 4923 myrrhae.
3156 4853 3228 4911 Et
3245 4868 3377 4908 cum
3394 4868 3529 4924 gus-

1934 4948 2110 5001 tasset
2138 4942 2346 5000 uoluit.
2377 4942 2492 4996 Hoc
2520 4940 2728 4996 Marcus
2752 4948 2892 4996 tacet
2918 4957 2932 4995 :
2962 4940 3152 4999 noluit
3179 4940 3378 4997 bibere.
3411 4942 3529 4998 Hoc

1934 5040 2017 5087 est
2046 5031 2191 5104 quod
2221 5031 2438 5086 Marcus
2455 5029 2528 5084 ait
2561 5046 2574 5082 :
2610 5045 2727 5086 non
2743 5030 2979 5101 accepit,
2999 5028 3208 5085 scilicet
3221 5036 3279 5083 ut
3295 5028 3523 5086 biberet.

2004 5119 2173 5175 Vens.
2210 5121 2298 5173 35.
2322 5147 2392 5158 —
2417 5119 2765 5173 Diviserunt.
2797 5117 2913 5173 Hoc
2931 5118 3167 5172 Ioannes
3182 5116 3525 5174 distinctius:

1933 5208 2253 5264 vestimenta
2294 5206 2351 5260 in
2389 5213 2616 5278 quatuor
2642 5213 2825 5277 partes
2854 5212 2913 5260 ut
2940 5204 3188 5262 Ecclesia
3214 5205 3271 5260 in
3300 5215 3529 5279 quatuor

1934 5296 2175 5368 partibus
2233 5294 2420 5351 mundi
2473 5294 2737 5365 signetur.
2777 5293 2980 5350 Tunica
3022 5294 3211 5349 sortita
3253 5293 3529 5368 signiﬁcat

1934 5386 2177 5442 omnium
2230 5384 2461 5455 partium
2502 5382 2762 5439 unitatem
2801 5381 3018 5439 vinculo
3058 5382 3357 5453 charitatis,
3405 5398 3527 5455 qua:

1936 5480 2104 5542 sorte,
2135 5472 2192 5528 id
2220 5479 2323 5538 est,
2358 5470 2535 5544 gratia
2564 5470 2665 5527 Dei
2690 5470 2957 5543 provenit,
2980 5484 3088 5526 non
3117 5470 3357 5527 humano
3386 5468 3527 5525 arbi-

1935 5561 2062 5618 trio.

2008 5649 2181 5709 Vens.
2210 5649 2302 5707 37.
2332 5675 2405 5696 --
2429 5648 2690 5709 Causam.
2735 5648 2843 5706 Pro
2872 5662 2976 5722 qua
3003 5660 3130 5707 eum
3152 5643 3328 5705 Iudaei
3355 5642 3528 5704 Pilato
