4028 6178
466 241 568 294 1⁸75

995 240 1398 295 WALAFRIDI
1429 239 1674 295 STRABI
1702 238 1905 294 FULD.
1938 236 2109 293 MON.
2146 235 2299 293 OPP.
2334 238 2509 294 PARS
2536 239 2578 293 Ι.
2610 269 2680 281 -—
2705 238 3129 296 THOLOGICA.

3648 244 3753 296 1⁸76

463 364 817 419 tradiderunt.
849 365 961 419 Rex
993 380 1093 436 per
1115 379 1331 420 crucem
1366 379 1476 419 non
1503 363 1755 434 perdidit,
1790 362 1887 416 sed
1916 362 2126 422 con-A
2229 362 2395 418 Vens.
2428 365 2517 417 51.
2540 393 2609 404 -
2630 365 2698 419 Et
2728 380 2852 421 ecce
2878 366 3067 421 velum
3101 366 3316 437 templi.
3340 364 3407 421 Ut
3435 380 3557 420 arca
3588 374 3754 421 testa-

466 451 698 507 ﬁrmavit
727 453 1029 524 imperium,
1057 453 1222 507 velint
1242 452 1414 507 nolint
1438 451 1628 507 Judai.

536 541 707 596 Vens.
742 544 828 597 38.
863 572 932 581 —
966 543 1115 599 Unus
1146 559 1181 596 a
1211 542 1450 597 dextris.
1482 541 1634 596 Unus
1663 556 1693 594 a
1725 540 1931 595 dextris
1960 555 2058 611 per

464 645 625 701 quem
670 628 1005 685 mortiﬁcatio
1065 629 1397 701 significatur
1451 628 1628 684 carnis
1682 644 1781 699 pro
1848 628 2057 684 calcati

436 718 635 795 ‘gloria
668 736 681 772 :
714 734 852 773 unus
893 733 925 773 a
969 718 1221 784 sinistris,
1267 734 1364 788 per
1403 733 1563 789 quem
1605 717 1799 772 iterum
1847 714 2054 788 signiﬁ-

460 814 611 862 catur
640 805 975 862 mortificatio
1004 807 1183 861 carnis
1210 822 1307 877 pro
1337 806 1520 879 aliqua
1545 806 1733 861 mundi
1762 822 1945 861 causa.

532 895 703 950 Vens.
735 899 823 950 39.
853 926 922 936 -—
966 896 1456 967 Blasphemabant.
1508 895 1827 951 Praedictum
1858 901 1970 949 erat
1998 894 2053 949 in

460 984 603 1039 libro
623 984 913 1055 Sapientia
940 985 1095 1057 (Cap.
1131 986 1192 1055 ιι)
1214 1003 1225 1038 :
1248 985 1416 1041 Morte
1439 986 1771 1057 turpissim
1787 985 2051 1040 condem-

458 1088 660 1129 nemus
672 1075 951 1129 eum.Erit
963 1076 1117 1130 enim
1128 1077 1414 1145 respectus
1430 1076 1493 1128 in
1506 1073 1854 1130 sermonibus
1866 1074 2048 1128 illius.

457 1162 517 1217 Si
538 1163 693 1217 enim
708 1177 834 1218 vere
852 1164 897 1217 F
896 1162 1029 1217 ilius
1053 1163 1151 1218 Dei
1167 1166 1273 1227 est,
1291 1162 1743 1234 suscipietillum
1764 1165 1820 1217 et
1844 1162 2051 1217 libera-

457 1250 536 1306 bit
556 1252 724 1307 illum
746 1252 812 1307 de
833 1268 1013 1306 manu
1053 1253 1495 1307 contrariorum.
1522 1249 1663 1318 Quia
1683 1266 1814 1322 ergo
1832 1248 2050 1306 cruciﬁ-

458 1339 707 1410 gebatur,
738 1348 792 1395 et
818 1355 926 1395 non
947 1339 1289 1405 liberabatur,
1314 1339 1607 1395 credebant
1626 1339 1777 1394 illum
1797 1355 1905 1394 non
1928 1354 2051 1394 esse

455 1427 556 1482 Dei
594 1428 785 1483 Filium
824 1446 837 1483 :
876 1435 1159 1499 propterea
1199 1427 1455 1499 pendenti
1494 1428 1548 1482 in
1588 1427 1737 1499 ligno
1774 1426 2048 1494 insultant,

460 1522 512 1570 et
536 1524 694 1588 caput
722 1517 946 1588 agitant.

529 1605 702 1661 Vens.
736 1606 822 1661 40.
855 1636 924 1646 -
951 1607 1010 1662 Si
1039 1606 1217 1661 Filius
1243 1608 1343 1662 Dei
1364 1622 1441 1662 es.
1469 1606 1525 1662 Si
1541 1604 1920 1661 insultantibus
1952 1621 2048 1661 ce-

2156 452 2323 506 rnenti
2372 460 2424 506 et
2473 453 2655 507 omnia
2703 461 3038 509 sacramenta
3078 453 3227 525 legis
3265 469 3386 525 qua
3430 453 3754 527 tegebantur

2155 548 2469 611 appareant,
2499 548 2550 596 et
2574 541 2643 595 ad
2669 549 2862 612 gentes
2894 549 3186 597 transeant.
3236 542 3506 614 Josephus
3532 543 3604 597 ait
3630 544 3759 598 virJ

2155 635 2294 683 tutes
2322 629 2600 702 angelicas
2626 630 2889 700 prasides
2916 631 3190 703 quondam
3235 630 3419 702 templi
3452 639 3578 688 tunc
3603 632 3748 702 pari-

2154 724 2235 772 ter
2258 717 2626 774 conclamasse
2655 736 2669 772 :
2699 727 3034 775 transeamus
3063 719 3131 774 de
3167 718 3253 773 his
3283 719 3524 775 sedibus.
3555 719 3746 775 Velum

2153 806 2296 877 quod
2325 807 2604 863 dicebatur
2633 807 2870 862 exterius
2902 825 2915 861 :
2949 807 3073 879 quia
3101 824 3245 863 nunc
3295 824 3361 863 ex
3406 816 3558 880 parte
3587 808 3746 864 vide-

2152 902 2311 961 mus;
2370 912 2494 952 cum
2520 904 2699 952 autem
2726 896 2929 952 venerit
2959 896 3101 969 quod
3128 896 3424 969 perfectum
3462 905 3562 962 est,
3619 905 3748 953 tunc

2151 983 2332 1039 velum
2358 984 2582 1040 interius
2610 985 2967 1056 dirumpetur.
3023 987 3191 1042 Terra
3216 990 3372 1043 mota
3397 990 3501 1042 est.
3545 985 3746 1042 Omnia

2152 1073 2420 1129 elementa
2466 1090 2621 1129 suum
2663 1074 2952 1130 Dominum
2999 1073 3311 1130 cruciﬁxum
3347 1074 3745 1131 demonstrant.

2150 1162 2315 1217 Terra
2372 1170 2636 1230 movetur,
2694 1162 2985 1218 Dominum
3040 1179 3197 1218 suum
3237 1162 3563 1235 pendentem
3606 1162 3748 1219 ferre

2151 1265 2260 1305 non
2303 1251 2596 1307 sustinens.
2642 1254 2845 1307 Petra.
2898 1252 2959 1306 Id
3005 1260 3086 1307 est
3113 1251 3276 1308 corda
3306 1251 3607 1323 gentilium,
3659 1250 3748 1307 vel

2150 1339 2398 1395 vaticinia
2423 1341 2829 1411 prephetarum,
2880 1340 2973 1411 qui
3013 1348 3181 1411 petra
3225 1340 3476 1397 dicuntur
3514 1356 3546 1395 a
3589 1347 3747 1411 petra

2151 1427 2387 1495 Christo,
2414 1436 2475 1483 ut
2501 1428 2762 1500 quidquid
2790 1429 2845 1483 in
2876 1429 2955 1484 eis
2983 1429 3122 1485 duro
3149 1429 3289 1502 legis
3316 1428 3582 1485 velamine
3603 1428 3744 1485 clau-

2150 1532 2273 1572 sum
2300 1524 2430 1583 erat,
2466 1518 2696 1573 scissum
2725 1525 2930 1588 pateret
2958 1517 3229 1589 gentibus.

2222 1606 2392 1661 Vens.
2417 1608 2506 1662 52.
2525 1637 2594 1647 —
2610 1608 2680 1662 Et
2709 1611 3102 1664 monumenta.
3126 1607 3194 1662 Et
3212 1615 3389 1662 tamen
3409 1622 3534 1662 cum
3551 1620 3743 1661 monu-

458 1693 595 1750 dens
642 1693 997 1751 descenderet
1025 1695 1093 1751 de
1118 1711 1296 1762 cruce,
1341 1695 1589 1751 virtutem
1624 1695 1898 1767 patientia
1939 1710 2119 1785 nonB
2148 1702 2329 1750 menta
2357 1702 2541 1766 aperta
2572 1702 2716 1765 sunt,
2749 1710 2857 1751 non
2886 1703 3009 1751 ante
3036 1702 3403 1763 surrexerunt,
3433 1710 3596 1768 quam
3624 1695 3741 1750 Do-

459 1783 867 1840 demonstraret.

526 1872 698 1929 Vens.
738 1874 824 1931 42.
854 1904 922 1914 -
951 1874 1021 1929 Et
1050 1875 1339 1930 credemus
1360 1875 1431 1929 ei.
1456 1872 1811 1929 Fraudulente
1829 1873 2053 1944 promis-

460 1959 541 2018 sio
574 1980 587 2017 :
619 1963 791 2032 majus
819 1962 943 2018 facit
971 1978 1201 2035 surgens
1230 1963 1298 2018 de
1330 1962 1595 2034 sepulcro,
1649 1970 1702 2017 et
1728 1978 1837 2017 non
1867 1961 2051 2018 credi-

457 2049 526 2105 tis
559 2069 573 2106 :
606 2052 652 2106 si
690 2067 823 2125 ergo
859 2052 927 2107 de
970 2068 1128 2107 cruce
1168 2051 1540 2122 descenderet,
1581 2067 1691 2107 non
1737 2050 2048 2107 crederetis.

463 2138 570 2195 Sed
608 2141 711 2196 hoc
750 2141 1026 2197 damones
1064 2140 1439 2207 immiserunt;
1463 2140 1639 2194 statim
1680 2140 1822 2195 enim
1855 2154 2051 2195 sense-

458 2237 580 2283 runt
619 2230 866 2285 virtutem
907 2229 1102 2297 crucis,
1149 2238 1202 2284 et
1248 2246 1371 2284 suas
1421 2230 1566 2303 vires
1614 2229 1805 2284 fractas
1849 2237 1901 2283 et
1947 2230 2051 2285 hoc

456 2325 622 2390 agunt
649 2326 705 2373 ut
731 2318 800 2374 de
832 2336 987 2375 cruce
1018 2318 1330 2374 descendat.
1381 2319 1487 2374 Sed
1516 2319 1698 2375 sciens
1724 2318 1830 2374 hoc
1857 2318 2049 2373 Domi-

456 2421 580 2474 nus,
612 2415 890 2479 permanet
917 2416 976 2463 ut
1006 2407 1279 2463 diabolum
1310 2408 1563 2463 destruat.

526 2496 697 2551 Vens.
722 2498 808 2552 44.
824 2528 892 2538 -
906 2497 1153 2570 Idipsum
1175 2500 1367 2552 autem
1384 2501 1439 2552 et
1460 2498 1727 2554 latrones.
1743 2496 1894 2551 Prius
1913 2502 2049 2550 uter-

454 2601 561 2658 que
591 2586 1010 2657 blasphemavit,
1040 2585 1238 2640 deinde
1268 2586 1399 2640 visis
1430 2585 1602 2655 signis
1632 2601 1771 2639 unus
1799 2584 2045 2639 credidit.

454 2675 533 2729 Ita
563 2682 788 2747 uterque
814 2675 1047 2746 populus
1073 2675 1245 2729 Deum
1288 2674 1437 2745 prius
1477 2673 1871 2743 blasphemavit
1902 2691 1915 2727 :
1950 2673 2049 2727 sed

455 2763 591 2819 alter
619 2763 793 2836 signis
822 2763 1038 2818 territus
1064 2762 1335 2833 panituit,
1371 2770 1422 2817 et
1448 2778 1592 2816 nunc
1610 2761 1826 2817 Judaos
1848 2760 2043 2834 arguit.

524 2878 695 2934 Vens.
729 2880 817 2933 45.
860 2908 928 2919 -
971 2878 1011 2932 Α
1044 2882 1210 2933 sexta
1239 2881 1433 2933 autem
1463 2878 1625 2935 hora.
1663 2878 1820 2943 Nota,
1873 2876 1987 2932 sole
2014 2893 2047 2932 a

450 2975 635 3024 centro
659 2967 848 3022 mundi
895 2981 1175 3023 recessuro
1216 2965 1551 3037 crucifigitur
1598 2966 1879 3033 Dominus,
1922 2964 2045 3037 quia

2149 1783 2329 1838 minus
2360 1791 2692 1857 resurgeret,
2739 1792 2798 1839 ut
2836 1793 2983 1839 esset
3022 1784 3416 1856 primogenitus
3453 1800 3521 1839 ex
3558 1783 3742 1838 multis

2149 1872 2422 1927 fratribus.
2448 1874 2686 1945 Corpora
2716 1878 3065 1930 sanctorum.
3090 1873 3157 1928 Hi
3177 1873 3434 1929 credendi
3464 1879 3589 1928 sunt
3616 1887 3742 1928 cum

2149 1961 2382 2018 Domino
2397 1962 2725 2018 ascendente
2747 1961 2995 2017 similiter
3010 1961 3326 2019 ascendisse
3345 1977 3471 2018 cum
3490 1976 3740 2032 corpore.

2220 2050 2392 2105 Vens.
2418 2052 2506 2106 53.
2526 2080 2595 2091 —
2611 2051 2677 2105 In
2697 2055 2959 2107 sanctam
2978 2052 3285 2107 civitatem.
3302 2049 3599 2105 Jerusalem
3619 2065 3743 2122 qua

2149 2146 2336 2196 sancta
2363 2139 2559 2196 dicitur
2597 2147 2822 2211 propter
2862 2140 3141 2211 templum,
3190 2146 3244 2195 et
3289 2138 3489 2195 Sancta
3534 2145 3745 2195 sancto-

2149 2244 2290 2293 rum,
2327 2228 2472 2300 quod
2501 2228 2647 2283 nulla
2677 2228 2803 2283 alia.

2220 2330 2391 2385 Vens.
2417 2330 2504 2384 54.
2524 2360 2593 2370 -
2615 2331 2880 2387 Centurio
2897 2335 3109 2387 autem.
3129 2329 3195 2385 Hi
3210 2329 3265 2385 in
3287 2329 3542 2387 seandalo
3562 2328 3740 2387 crucis

2148 2417 2472 2475 confitentur
2497 2420 2692 2474 Deum.
2725 2420 2885 2474 Arius
2905 2419 2958 2474 in
2979 2419 3227 2475 Ecclesia
3246 2420 3500 2490 pradicet
3527 2427 3742 2476 creatu-

2147 2523 2281 2571 ram,
2318 2523 2478 2579 quem
2505 2508 2637 2563 caci
2664 2508 2838 2563 Judaei
2866 2523 2969 2565 nec
2996 2516 3072 2563 tot
3098 2508 3373 2565 miraculis
3402 2508 3651 2565 credunt.
3676 2508 3738 2563 In

2148 2597 2462 2652 centurione
2488 2593 2625 2651 fides
2654 2596 2917 2653 Ecclesia
2944 2597 3277 2671 designatur,
3317 2614 3440 2670 qua
3482 2597 3603 2653 velo
3633 2612 3742 2653 ca-

2146 2683 2361 2739 lestium
2397 2685 2782 2755 mysteriorum
2818 2702 2916 2756 per
2951 2694 3181 2741 mortem
3217 2685 3431 2742 Domini
3470 2692 3737 2751 reserato,

2145 2772 2329 2828 Jesum
2359 2773 2554 2827 Filium
2583 2774 2685 2829 Dei
2716 2782 2928 2830 tacente
2957 2775 3251 2848 Synagoga
3290 2774 3590 2832 confirmat.

2156 2860 2163 2873 ³
2217 2888 2389 2944 Vens.
2418 2891 2506 2943 55.
2538 2919 2607 2930 —
2636 2890 2898 2947 Mulieres
2929 2892 3146 2947 multa.
3169 2891 3452 2947 Matthaus
3480 2899 3535 2947 et
3560 2890 3740 2946 Lucas

2144 2976 2332 3033 dicunt
2359 2978 2584 3033 Mariam
2612 2978 2982 3050 Magdalenam
3023 2996 3055 3033 a
3100 2979 3264 3051 longe
3290 2979 3527 3035 stetisse.
3573 2979 3741 3035 Joan-

446 3065 666 3128 propter
706 3063 929 3127 peccata
970 3055 1219 3121 moritur,
1271 3063 1323 3110 et
1358 3056 1527 3110 Adam
1579 3064 1703 3127 post
1760 3055 2042 3111 meridiem

2154 3081 2244 3121 nes
2273 3082 2405 3122 vero
2429 3067 2579 3136 juxta
2608 3082 2844 3135 crucem,
2889 3067 3016 3140 quia
3045 3075 3192 3123 tanto
3218 3068 3497 3124 intervallo
3524 3068 3737 3137 aberat,

448 3160 569 3201 cum
608 3152 888 3216 peccasset
927 3160 1115 3200 vocem
1154 3143 1369 3199 Domini
1408 3144 1631 3199 audivit.
1678 3147 1746 3201 Et
1783 3145 1918 3199 ordo
1960 3151 2045 3199 est

444 3233 687 3298 rationis,
721 3242 778 3287 ut
804 3248 911 3304 quo
944 3240 1183 3303 tempore
1231 3233 1602 3303 pravaricanti
1646 3234 1779 3289 Ada
1826 3232 2036 3300 clausit,

446 3336 511 3377 eo
540 3329 782 3393 tempore
810 3320 1095 3392 panitenti
1134 3321 1325 3375 latroni
1366 3322 1587 3391 januam
1634 3330 1836 3377 reseret
1882 3338 2041 3393 para-

440 3410 565 3465 disi.
602 3409 760 3478 Quod
807 3410 1017 3466 Marcus
1043 3409 1117 3464 ait
1144 3410 1274 3465 hora
1302 3410 1454 3465 tertia
1484 3409 1817 3467 crucifixisse
1845 3411 2039 3467 Domi-

439 3514 591 3566 num,
619 3498 743 3554 ideo
774 3505 876 3567 est,
927 3505 984 3554 ut
1028 3497 1245 3554 Judaos
1288 3499 1378 3570 qui
1423 3515 1482 3554 se
1528 3508 1805 3566 excusant,
1858 3500 2037 3573 magis

439 3586 772 3644 cruciﬁxisse
814 3586 1063 3644 ostendat
1102 3586 1320 3658 linguis,
1362 3604 1522 3660 quam
1560 3589 1761 3645 milites
1809 3604 2036 3660 quorum

442 3676 689 3730 manibus
735 3676 935 3732 factum
983 3683 1105 3731 est:
1138 3676 1230 3748 qui
1272 3677 1403 3732 hora
1448 3678 1604 3732 tertia
1646 3685 1702 3732 ut
1745 3676 2036 3749 crucifige-

437 3772 581 3820 retur
633 3764 1080 3821 inclamaverunt.
1134 3764 1362 3833 Quando
1409 3766 1555 3821 enim
1592 3765 1882 3822 crucifixus
1930 3774 2031 3833 est,

433 3852 566 3909 hora
595 3862 707 3910 erat
736 3854 890 3925 quasi
923 3861 1092 3920 sexta,
1128 3853 1182 3907 id
1213 3861 1298 3908 est
1332 3870 1439 3910 non
1467 3855 1645 3911 adhuc
1673 3854 2031 3926 plenesexta.

507 3968 679 4023 Vens.
702 3969 789 4023 46.
803 3998 872 4008 -
885 3970 953 4023 Et
974 3969 1127 4024 circa
1146 3968 1341 4024 horam
1359 3986 1592 4024 nonam.
1628 3968 1760 4023 Cum
1782 3968 2034 4025 inclinata

334 4062 341 4067 ’
370 4056 375 4061 ’
435 4063 520 4112 est
548 4055 667 4110 dies
694 4054 763 4110 ad
789 4071 1074 4125 vesperam
1106 4063 1158 4109 et
1188 4055 1486 4126 tepefactus
1515 4064 1597 4111 est
1626 4056 1709 4111 sol
1738 4073 1770 4110 a
1791 4056 2029 4124 fervore,

434 4142 745 4216 passionem
791 4150 1148 4210 consummat,
1197 4144 1494 4199 ostendens
1541 4162 1602 4200 se
1647 4145 1785 4200 mori
1814 4153 2035 4217 prepter

436 4238 655 4304 peccata
682 4239 864 4287 nostra
894 4231 1089 4302 quibus
1118 4247 1148 4285 a
1177 4231 1358 4287 divina
1395 4232 1516 4288 luce
1554 4241 1609 4288 et
1647 4233 1938 4289 dilectione
1976 4234 2033 4288 in

2141 3162 2199 3209 ut
2236 3155 2386 3224 juxta
2424 3156 2693 3211 diceretur
2723 3174 2737 3209 :
2770 3156 2898 3228 quia
2939 3165 3139 3228 prasto
3187 3164 3305 3212 erat
3343 3157 3400 3211 in
3437 3163 3739 3228 conspectu

2141 3243 2277 3312 ejus,
2324 3251 2378 3299 et
2416 3244 2579 3316 longe
2624 3245 3029 3316 comparatione
3070 3244 3242 3302 turba
3271 3244 3561 3317 propioris.
3595 3246 3736 3301 Pos-

2140 3348 2326 3387 sumus
2356 3333 2519 3387 etiam
2551 3332 2735 3389 dicere
2763 3333 2909 3404 quod
2939 3333 3045 3389 illa
3073 3350 3195 3405 qua
3222 3341 3371 3390 erant
3398 3350 3522 3389 cum
3562 3341 3736 3389 matre

2139 3421 2356 3476 Domini
2383 3429 2669 3493 postquam
2703 3437 2825 3477 eam
2853 3422 3250 3478 commendavit
3279 3421 3562 3494 discipulo,
3582 3421 3735 3478 abire

2137 3509 2403 3580 coeperint
2442 3510 2573 3579 jam,
2614 3518 2672 3565 ut
2707 3527 2737 3564 a
2774 3510 3041 3566 densitate
3076 3511 3247 3567 turba
3284 3517 3541 3567 eruerent
3578 3526 3639 3566 se
3679 3518 3738 3566 et

2137 3605 2331 3654 catera
2373 3615 2495 3670 quae
2540 3597 2680 3654 facta
2728 3606 2854 3653 sunt
2901 3600 3117 3672 longius
3164 3600 3517 3655 intuerentur.
3567 3600 3737 3655 Mini-

2135 3690 2388 3742 strantes
2417 3687 2488 3742 ei.
2509 3686 2928 3743 Consuetudinis
2945 3687 3222 3744 Hebraica
3237 3696 3371 3758 erat,
3399 3695 3459 3743 ut
3477 3688 3734 3743 mulieres

2136 3776 2205 3830 de
2236 3775 2534 3831 substantia
2564 3792 2659 3831 sua
2698 3777 3121 3848 praceptoribus
3156 3776 3269 3832 suis
3311 3776 3684 3832 ministrarent
3718 3794 3733 3831 :

2137 3863 2282 3936 quod
2313 3864 2577 3919 Dominus
2607 3865 2835 3935 accepit,
2858 3872 2916 3920 ut
2935 3865 3245 3937 exemplum
3265 3865 3420 3921 daret
3448 3864 3731 3937 apostolis.

2205 3952 2376 4007 Vens.
2410 3955 2498 4008 56.
2530 3983 2599 3993 —
2646 3954 2851 4010 Jacobi.
2900 3953 3139 4010 Jacobus
3169 3954 3359 4026 Alpha
3388 3954 3564 4009 minor
3589 3953 3734 4010 dici-

2135 4046 2222 4094 tur
2250 4039 2318 4093 ad
2350 4038 2705 4096 differentiam
2742 4041 2952 4111 Jacobi,
2991 4043 3083 4115 qui
3113 4043 3251 4098 inter
3284 4042 3488 4114 primos
3521 4050 3736 4115 aposto-

2133 4128 2215 4184 los
2245 4136 2467 4185 vocatus
2492 4138 2574 4185 est
2605 4137 2659 4185 et
2689 4130 2893 4186 electus
2921 4146 2953 4185 a
2982 4131 3236 4187 Domino.

2204 4243 2376 4298 Vens.
2411 4245 2500 4299 5'7.
2530 4274 2602 4287 —
2638 4246 2807 4303 Homo
2836 4247 3007 4303 dives.
3040 4246 3178 4316 Quia
3206 4247 3275 4302 ad
3302 4246 3592 4319 prasidem
3622 4247 3731 4304 nfsi

435 4322 575 4377 hanc
621 4328 834 4377 noctem
882 4318 1198 4376 cecidimus.
1250 4321 1405 4375 Mane
1454 4321 1684 4376 surrexit
1742 4322 2027 4393 Dominus,
2131 4331 2284 4386 dives
2313 4332 2575 4388 accedere
2603 4348 2711 4389 non
2742 4342 2971 4405 poterat,
3021 4352 3129 4391 non
3161 4318 3547 4408 ρηοάίάίνίιίεε
3567 4351 3729 4394 com-

435 4407 644 4504 docens
673 4408 1020 4504 resuscitath
1052 4408 1115 4504 in_
1136 4408 1310 4504 anima
1340 4425 1399 4464 se
1430 4425 1552 4464 esse
1571 4410 1954 4480 producturum
1976 4413 2032 4466 in
2059 4443 2112 4504 D
2130 4420 2350 4475 mendet
2393 4421 2745 4493 evangelista.
2779 4423 2967 4480 Dictus
2996 4431 3079 4479 est
3106 4431 3161 4479 et
3181 4407 3423 4491 decurio,
3473 4424 3603 4497 quia
3630 4423 3732 4480 fuit

437 4496 610 4554 lucem
636 4505 851 4553 aterna
883 4496 1169 4552 felicitatis.
1218 4498 1325 4563 Eli,
1360 4500 1467 4563 Eli,
1505 4500 1735 4555 lamma.
1790 4500 2032 4569 Quorum
2059 4496 2106 4504 ”
2131 4508 2199 4563 de
2230 4508 2421 4564 ordine
2449 4510 2616 4566 curia
2637 4519 2689 4566 et
2715 4511 2948 4567 officium
2968 4529 3113 4569 cura
3131 4496 3610 4586 ministrabat,iper
3624 4514 3735 4570 hoc

439 4586 667 4657 suscipit
715 4593 979 4651 naturam,
1048 4586 1362 4640 eorumdem
1388 4586 1563 4657 plorat
1613 4588 1909 4644 miseriam.
1969 4590 2029 4645 In
2130 4597 2303 4668 potuit
2325 4597 2528 4654 habere
2556 4597 2886 4667 facultatem,
2931 4617 3033 4672 per
3069 4602 3174 4657 hoc
3215 4602 3362 4674 quod
3403 4601 3727 4674 discipulus,

441 4688 549 4747 quo
578 4674 814 4729 ostendit
859 4681 1112 4746 quantum
1142 4674 1247 4745 ipsi
1274 4674 1401 4730 ﬂere
1430 4676 1633 4732 debent
1663 4677 1755 4749 qui
1782 4686 2027 4749 peccant.

439 4763 523 4818 Ne
561 4761 776 4817 mireris
822 4762 1105 4818 verborum
1152 4764 1506 4821 humilitatem
1565 4774 1619 4821 et
1671 4766 2033 4838 querimonias

440 4848 706 4918 derelicti,
735 4866 862 4906 cum
891 4849 1118 4907 formam
1162 4852 1306 4909 servi
1345 4853 1524 4910 sciens
1563 4854 1876 4912 scandalum
1914 4870 2035 4912 cru-

441 4940 523 4997 cis
549 4939 753 4996 videas.

515 5054 687 5110 Vens.
712 5054 799 5109 47.
823 5084 892 5096 -
914 5054 1150 5122 Quidam
1177 5060 1391 5113 autem.
1420 5057 1544 5114 Non
1574 5073 1784 5127 omnes,
1810 5058 2035 5117 forsitan

444 5142 689 5208 Romani,
742 5142 959 5200 Hebrai
989 5145 1259 5200 sermonis
1286 5145 1598 5217 ignorantes
1628 5148 2032 5220 proprietatem.

444 5228 547 5287 Vel
569 5229 736 5304 aliqui
757 5231 931 5288 Judai
958 5231 1227 5288 Christum
1255 5234 1520 5291 minorem
1551 5236 1674 5292 Elia
1702 5244 2032 5309 reputantes,

440 5325 499 5375 ut
527 5318 643 5389 ejus
672 5320 931 5377 auxilium
959 5320 1300 5393 deprecetur.

511 5432 683 5491 Vens.
714 5435 801 5491 49.
835 5463 905 5478 -—
934 5437 1068 5493 Sine
1096 5438 1404 5494 videamus.
1437 5436 1575 5506 Quia
1604 5456 1798 5498 vocem
1818 5441 2035 5498 Domini

437 5522 582 5581 male
628 5523 1021 5597 intelligebant,
1075 5523 1271 5581 frustra
1324 5525 1462 5585 Elia
1509 5531 1890 5602 exspectabant
1931 5531 2034 5589 ad-

438 5620 679 5671 ventum.

2134 4685 2238 4741 hoc
2267 4685 2564 4742 ministerio
2590 4687 2789 4760 dignus
2818 4687 2935 4742 fuit.
2966 4690 3287 4762 Discipulus
3317 4694 3442 4747 erat
3460 4692 3610 4747 Iesu.
3627 4691 3730 4747 Hie

2134 4776 2373 4830 accessit
2396 4775 2468 4831 ad
2495 4776 2770 4831 Pilatum.
2804 4776 2921 4832 Etsi
2948 4777 3213 4848 occultus,
3244 4777 3419 4834 vitans
3439 4778 3591 4850 prius
3620 4778 3729 4833 ini-

2133 4861 2365 4917 micitias
2415 4862 2725 4920 Judaorum
2745 4905 2761 4935 ,
2819 4864 2873 4919 in
2928 4864 3032 4922 hoc
3076 4874 3321 4922 extremo
3368 4863 3547 4923 ofﬁcio
3591 4866 3731 4923 nihil

2135 4957 2288 5006 curat
2317 4950 2387 5005 de
2411 4949 2539 5006 illis.

2207 5066 2378 5122 Vens.
2398 5068 2487 5121 59.
2503 5096 2575 5108 —
2590 5068 2655 5123 In
2683 5067 2934 5141 syndone
2959 5070 3196 5127 munda.
3214 5069 3460 5142 Mystice.
3484 5069 3734 5129 Sindone

2134 5155 2335 5210 munda
2362 5154 2391 5209 J
2395 5169 2548 5211 esum
2570 5155 2816 5228 involvit,
2851 5158 2944 5230 qui
2962 5174 3100 5230 pura
3116 5166 3299 5216 mente
3318 5175 3444 5216 eum
3463 5158 3728 5232 suscepit.

2135 5244 2272 5299 Hinc
2301 5242 2460 5298 etiam
2491 5259 2611 5300 mos
2629 5244 2897 5303 Ecclesia
2916 5247 3097 5315 habet,
3124 5255 3183 5304 ut
3202 5245 3525 5304 sacriﬁcium
3540 5247 3733 5305 altaris

2133 5346 2243 5387 non
2272 5331 2470 5400 serico,
2500 5347 2613 5391 non
2639 5348 2821 5408 panno
2848 5334 3034 5407 tincto,
3083 5336 3182 5393 sed
3217 5351 3358 5409 puro
3393 5336 3540 5394 lineo
3573 5335 3735 5395 cele-

2134 5419 2339 5477 hretur.

2204 5535 2376 5593 Vens.
2410 5538 2498 5593 60.
2529 5565 2601 5580 -
2628 5538 2696 5596 In
2724 5543 3089 5597 monumento
3112 5555 3213 5599 suo
3241 5555 3398 5598 novo.
3428 5538 3567 5611 Quia
3594 5540 3643 5597 si
3670 5541 3733 5598 in

2132 5632 2508 5698 monumento,
2536 5625 2634 5693 ubi
2657 5626 2797 5689 alius
2822 5627 3034 5702 positus
3057 5635 3223 5706 esset,
3251 5636 3567 5703 poneretur,
3584 5628 3735 5691 Ilius
