4000 6182
253 283 349 340 1⁸77

1203 274 1475 346 GLOSSA
1505 274 1914 337 OBDINARIA.
1944 307 2013 324 -υ
2040 276 2305 337 EVANG.
2338 278 2592 338 MATTH.

3449 281 3551 339 178

240 407 469 464 fortasse
509 403 878 461 resurrexisse
920 403 1232 477 ﬁngeretur.
1275 404 1336 459 In
1378 412 1548 476 petra,
1580 420 1650 460 ne
1693 404 1740 459 si
1783 420 1849 460 ex
1867 409 1923 469 Α
1945 407 2149 463 rexisse
2176 407 2371 462 Filium
2399 407 2519 474 Dei,
2558 406 2704 464 audit
2748 406 2938 463 merito
2969 424 2985 462 :
3014 406 3144 465 Noli
3168 422 3259 465 me
3297 413 3546 480 tangere,

244 496 424 552 multis
478 494 752 566 lapidibus
794 492 1114 550 aediﬁcatum
1160 501 1326 563 esset,
1376 491 1622 549 suffossis
1668 493 1855 549 tumuli

249 583 615 641 fundamentis
638 583 850 638 ablatus
880 581 1019 637 furto
1048 582 1331 637 diceretur.

316 674 493 730 Vens.
528 675 617 728 61.
640 701 711 713 —
730 673 914 728 Erant
938 675 1132 728 autem
1162 671 1262 727 ibi.
1294 670 1431 726 Aliis
1468 671 1609 726 uotis
1635 670 1764 726 Jesu
1789 669 1857 724 ad

250 779 346 819 sua
394 761 770 825 redeuntibus,
820 759 953 815 solae
997 759 1253 815 mulieres
1300 776 1421 832 qua;
1466 759 1663 815 arctius
1703 774 1857 813 ama-

254 853 401 921 bant,
451 848 774 921 obsequium
817 847 1022 904 funeris
1064 847 1439 920 inspiciebant,
1485 854 1857 919 exspectantes

252 940 395 1014 quod
434 937 760 1011 promiserat
784 937 944 993 Jesus
977 955 992 991 :
1025 945 1077 993 et
1105 937 1230 994 ideo
1272 936 1460 1009 primae
1503 936 1857 993 resurrectio-

251 1018 377 1086 nem
408 1027 617 1084 vident.

319 1117 498 1173 Vens.
530 1118 620 1171 63.
651 1143 723 1157 -
751 1117 886 1172 Post
917 1119 1047 1171 tres.
1077 1117 1122 1170 A
1152 1122 1301 1186 parte
1346 1121 1532 1183 totum,
1576 1112 1715 1169 sexti
1751 1111 1861 1169 diei

253 1221 359 1280 quo
388 1202 680 1261 cruciﬁxus
705 1211 789 1259 est
818 1220 939 1259 cum
979 1220 1075 1259 sua
1120 1210 1277 1259 nocte
1313 1217 1412 1274 pro
1439 1218 1548 1258 uno
1577 1202 1686 1258 die.
1720 1201 1860 1257 Sab-

252 1297 433 1351 batum
464 1294 699 1365 integre.
729 1292 939 1348 Tertius
966 1292 1085 1348 dies
1106 1309 1135 1346 a
1156 1300 1304 1363 parte
1331 1291 1524 1364 prima,
1553 1291 1610 1345 id
1639 1298 1740 1358 est,
1770 1306 1861 1348 n0-

251 1392 333 1440 cte
358 1383 527 1439 totius
555 1398 679 1437 cum
708 1396 809 1436 suo
835 1380 1047 1448 diurno,
1080 1388 1135 1437 et
1164 1381 1241 1436 sic
1270 1389 1351 1436 est
1380 1381 1630 1436 triduum.

323 1472 500 1527 Vens.
535 1473 625 1525 66.
648 1500 718 1511 —
742 1471 1060 1527 Munierum
1088 1470 1434 1543 sepulcrum.
1456 1468 1746 1541 Diligentia
1774 1483 1861 1524 eo-

252 1578 365 1618 rum
397 1567 608 1616 nostrae
634 1558 834 1631 profuit
878 1557 1022 1613 ﬁdei.
1072 1558 1209 1613 Nam
1254 1565 1451 1629 quanto
1478 1557 1708 1629 amplius
1740 1572 1861 1612 ser-

250 1651 495 1717 vabatur,
538 1655 686 1704 tanto
709 1647 885 1718 magis
916 1647 1082 1702 virtus
1106 1646 1512 1703 resurrectionis
1540 1645 1858 1702 ostenditur.

799 1753 1026 1809 CAPUT
1074 1753 1325 1809 XXVIII.

322 1865 503 1920 Vnus.
548 1865 601 1916 1.
633 1890 705 1902 —
740 1862 985 1932 Vespere,
1034 1867 1137 1915 etc.
1195 1859 1405 1931 (Ηιειι.)
1452 1857 1611 1926 Quod
1654 1858 1868 1914 diversa

259 1963 499 2023 tempora
530 1950 754 2005 istarum
781 1947 1085 2014 mulierum,
1118 1954 1244 2017 etc.,
1275 1964 1448 2020 usque
1477 1948 1551 2002 ad
1580 1946 1730 2002 adire
1758 1962 1867 2002 non

256 2047 563 2114 potuerunt,
594 2054 754 2093 mane
782 2037 999 2093 adeunt.
1031 2038 1207 2092 Maria
1231 2036 1573 2108 Magdalene,
1598 2040 1655 2091 et
1685 2037 1869 2091 altera

260 2131 453 2186 lar-ia.
489 2128 627 2183 Duae
671 2126 831 2181 unius
876 2124 1109 2180 nominis
1154 2133 1206 2180 et
1246 2123 1548 2179 devotionis
1591 2123 1863 2189 mulieres,

260 2219 386 2273 duas
414 2213 729 2288 signiﬁcant
758 2214 948 2285 plebes
973 2213 1087 2284 pari
1119 2212 1406 2268 devotione
1438 2211 1637 2267 Christi
1666 2211 1867 2283 passio-

263 2323 380 2363 nem
412 2314 467 2361 et
500 2302 953 2361 resurrectionem
982 2302 1384 2373 amplectentes.

325 2396 502 2450 Vens.
533 2397 591 2449 2.
622 2423 692 2433 —
730 2394 910 2448 Terra:
938 2394 1142 2447 motus.
1189 2389 1334 2446 Sicut
1364 2389 1418 2444 in
1447 2388 1702 2460 passione
1730 2395 1784 2444 et
1810 2387 1866 2443 in

262 2482 658 2540 resurrectione
689 2480 744 2534 ﬁt
773 2488 947 2534 motus
978 2488 1131 2534 terra
1165 2496 1177 2532 :
1209 2478 1478 2549 signiﬁcat
1499 2485 1676 2532 autem
1705 2476 1867 2532 corda

263 2583 596 2629 terrenorum
627 2585 726 2640 per
755 2567 918 2623 ﬁdem
963 2567 1232 2639 passionis
1264 2576 1314 2622 et
1344 2554 1753 2622 resurrectionis
1798 2565 1867 2619 ad

265 2659 638 2734 paenitentiam
668 2657 954 2713 movenda.
989 2658 1237 2713 Revolvit
1266 2654 1530 2728 lapidem.
1555 2654 1750 2709 Clauso
1770 2668 1868 2724 po-

268 2750 354 2806 tuit
401 2748 555 2805 exire
604 2746 885 2818 sepulcro,
933 2745 1022 2818 qui
1072 2744 1256 2800 clauso
1311 2753 1466 2799 natus
1510 2752 1593 2797 est
1639 2741 1866 2813 virginis

264 2847 426 2894 utero.
461 2835 753 2893 Revolutio
796 2833 989 2905 lapidis
1038 2832 1303 2905 signiﬁcat
1350 2831 1730 2887 reserationem
1774 2846 1865 2884 sa-

269 2933 667 2983 cramentorum
697 2922 917 2988 Christi,
950 2938 1070 2995 quae
1101 2922 1221 2978 velo
1271 2921 1460 2976 litterae
1507 2919 1862 2990 tegebantur:

266 3032 364 3089 quo
392 3014 596 3079 ablato,
630 3011 973 3077 resurrectio,
1024 3010 1210 3066 mortis
1258 3008 1496 3079 abolitio,
1530 3008 1639 3064 vita
1666 3016 1866 3064 aeterna

265 3104 421 3177 caepit
451 3110 565 3177 toto
596 3102 727 3157 orbe
755 3099 1053 3172 praedicari.

330 3221 503 3275 Vens.
537 3221 594 3273 3.
628 3246 698 3258 —
720 3217 882 3272 Sicut
906 3216 1119 3287 fulgur.
1153 3214 1213 3269 In
1242 3212 1479 3269 candore
1508 3211 1674 3267 vestis
1705 3210 1868 3282 signi.

271 3309 455 3365 ﬁcabat
482 3306 742 3362 blandum
775 3304 956 3374 justis,
989 3303 1043 3358 in
1068 3311 1269 3358 terrore
1310 3300 1560 3373 fulguris,
1601 3298 1869 3371 signiﬁcat

272 3397 561 3453 terribilem
591 3394 829 3450 futurum
857 3391 1119 3464 reprobis.

336 3487 506 3541 Vnus.
541 3487 597 3539 5.
631 3513 701 3524 —
730 3482 914 3538 Nolite
941 3484 1160 3537 timere.
1194 3479 1328 3548 Quae
1358 3485 1570 3535 vestros
1615 3476 1869 3533 concives

270 3574 477 3631 videtis.
532 3572 616 3627 Illi
662 3572 883 3626 timeant
929 3570 1018 3643 qui
1061 3569 1132 3625 ad
1177 3584 1363 3625 eorum
1414 3566 1721 3623 societatem
1761 3580 1870 3621 non

274 3662 561 3735 pertinent.

340 3761 510 3816 Vsus.
546 3760 603 3814 "l.
636 3787 706 3799 —
735 3759 805 3813 Et
859 3754 969 3813 cito
1009 3760 1224 3812 euntes.
1273 3755 1387 3811 Nec
1428 3769 1746 3811 concessum
1791 3758 1874 3809 est

271 3850 422 3905 nobis
452 3850 560 3905 hoc
593 3846 847 3919 gaudium
880 3845 1087 3927 occulto
1128 3844 1310 3901 cordis
1351 3852 1556 3911 tenere,
1590 3843 1689 3899 sed
1718 3840 1873 3897 simi-

276 3938 392 3994 liter
412 3936 722 3993 amantibus
750 3934 1005 4006 pandere.

341 4036 512 4091 Vens.
546 4036 601 4088 8.
633 4062 704 4073 —
737 4033 878 4089 Cum
909 4033 1107 4087 timore
1159 4035 1216 4086 et
1258 4030 1485 4103 gaudio.
1536 4028 1747 4101 Duplex
1795 4034 1878 4084 est

272 4121 490 4179 affectus
518 4122 579 4176 in
612 4120 712 4185 eis,
750 4118 961 4176 timoris
989 4126 1041 4174 et
1071 4118 1273 4192 gaudii.
1306 4118 1453 4173 Alter
1488 4118 1557 4174 de
1601 4117 1877 4188 magnitu-

275 4211 399 4267 dine
423 4208 694 4274 miraculi,
727 4207 863 4263 alter
890 4224 956 4264 ex
984 4206 1254 4263 desiderio
1283 4205 1634 4277 resurgentis,
1667 4213 1720 4262 et
1742 4213 1878 4263 uter-

277 4316 378 4372 que
404 4299 637 4374 gradum
665 4296 956 4354 femineum
984 4295 1302 4353 concitabat.

1954 495 2209 554 nondum
2238 497 2393 552 enim
2419 496 2649 553 ascendi
2667 496 2740 553 ad
2760 499 2988 554 Patrem
3007 513 3197 554 meum
3218 498 3399 568 (Joan.
3422 498 3549 568 xx).

2028 584 2198 641 Vens.
2232 587 2319 640 10.
2349 614 2419 626 —
2446 585 2744 642 Nuntiate.
2783 585 2853 641 Ut
2896 585 3093 642 mulier
3139 584 3413 642 mortifera
3441 601 3555 641 ser-

1955 673 2134 745 pentis
2161 673 2324 730 verba
2352 674 2601 740 narravit,
2648 674 2720 728 ita
2767 674 2930 729 modo
2979 674 3141 730 verba
3187 673 3550 742 vivificatoris,

1956 770 2013 817 ut
2039 779 2070 816 a
2098 778 2203 834 qua
2230 770 2355 818 tunc
2373 777 2538 828 mors,
2564 762 2726 818 modo
2745 762 2812 817 ab
2834 778 2896 818 ea
2915 762 3042 818 vita.
3064 764 3357 821 Fratribus
3387 764 3553 821 meis.

1958 853 2096 907 Ante
2140 850 2299 906 etiam
2345 866 2531 907 servos
2578 851 2807 933 vocavit,
2855 850 3018 907 modo
3065 850 3281 921 fratres,
3330 859 3388 907 ut
3433 861 3559 924 post

1957 940 2404 996 resurrectionem
2451 940 2694 996 eamdem
2740 940 3122 997 humanitatem
3171 941 3554 1013 resumpsisse,

1959 1036 2013 1085 et
2039 1029 2161 1084 illos
2187 1028 2332 1084 idem
2361 1045 2581 1100 sperare
2604 1029 2813 1084 doceat.

2032 1118 2202 1174 Vens.
2237 1121 2324 1175 12.
2348 1148 2417 1158 —
2437 1119 2747 1174 Pecuniam
2776 1120 3073 1191 copiosam.
3104 1118 3317 1190 (Ηιειι.)
3346 1116 3451 1187 Qui
3474 1133 3560 1175 re-

1960 1206 2061 1262 bus
2090 1206 2351 1262 Ecclesiae
2392 1206 2676 1261 abutuntur
2722 1208 2777 1262 in
2824 1207 2945 1262 aliis
2973 1208 3134 1263 rebus
3175 1206 3368 1279 quibus
3408 1223 3561 1265 suam

1962 1296 2213 1368 expleant
2241 1296 2587 1361 voluntatem,
2624 1295 2830 1351 similes
2859 1304 2982 1350 sunt
3013 1296 3306 1351 scribarum
3333 1303 3385 1351 et
3414 1296 3559 1352 Pha-

1962 1385 2237 1441 risaeorum
2269 1393 2323 1440 et
2350 1385 2687 1440 sacerdotum
2719 1384 3094 1441 redimentium
3137 1384 3477 1441 mendacium
3507 1392 3563 1441 et

1962 1474 2283 1548 sanguinem
2313 1473 2623 1530 Salvatoris.

2034 1564 2204 1619 Vnus.
2232 1566 2317 1617 13.
2337 1593 2407 1603 -
2430 1564 2628 1619 Furati
2647 1567 2785 1620 sunt
2803 1578 2932 1619 eum
2951 1563 3108 1620 nobis
3128 1562 3558 1620 dormientibus.

1964 1654 2155 1724 (Auc.)
2201 1652 2258 1706 Si
2303 1652 2651 1718 dormierunt,
2701 1652 2972 1725 quomodo
3018 1651 3307 1708 viderunt?
3351 1651 3408 1706 Si
3454 1666 3565 1708 non

1886 1774 1939 1834 B
1968 1740 2234 1809 viderunt,
2276 1742 2547 1812 quomodo
2593 1748 2756 1796 testes
2783 1757 2907 1797 esse
2944 1740 3270 1812 potuerunt?
3327 1739 3567 1796 Avaritia

1969 1846 2089 1902 qua:
2118 1829 2406 1901 captivavit
2434 1829 2757 1900 discipulum
2786 1830 3035 1885 comitem
3081 1828 3317 1896 Domini,
3355 1828 3567 1901 decepit

1970 1926 2023 1973 et
2050 1917 2250 1972 milites
2286 1918 2540 1974 custodes
2581 1918 2816 1989 sepulcri
2848 1936 2861 1972 :
2894 1926 2945 1973 et
2972 1918 3050 1973 sic
3077 1918 3294 1973 Judaaos
3327 1917 3560 1985 seduxit,

1968 2008 2112 2062 unde
2145 2007 2323 2062 subdit
2355 2025 2369 2060 :
2404 2009 2475 2062 Et
2501 2007 2853 2079 divulgatum
2886 2012 2990 2063 est.

2039 2097 2211 2152 Vnus.
2245 2098 2331 2151 16.
2365 2125 2433 2135 —
2461 2096 2752 2152 Abierunt.
2776 2098 2823 2151 A
2850 2096 3146 2151 Jerusalem
3177 2095 3231 2150 in
3262 2093 3558 2151 Galilaeam.

1970 2187 2035 2242 In
2063 2189 2313 2242 montem
2344 2204 2363 2239 :
2394 2184 2520 2255 quia
2548 2200 2743 2255 corpus
2769 2185 2837 2239 de
2866 2184 3138 2240 communi
3182 2193 3324 2240 terra
3371 2200 3562 2240 susce-

1967 2282 2116 2345 ptum
2147 2290 2309 2344 super
2336 2272 2517 2329 omnia
2553 2281 2764 2327 terrena
2809 2282 2923 2327 erat
2972 2272 3252 2328 elevatum.
3283 2274 3350 2329 Et
3379 2280 3565 2329 monet

1968 2378 2087 2430 nos,
2120 2371 2176 2417 ut
2207 2361 2253 2416 si
2280 2377 2402 2416 eum
2430 2361 2614 2416 videre
2643 2361 2907 2427 volumus,
2958 2360 3026 2415 ad
3074 2377 3304 2432 superna
3334 2362 3402 2417 de
3432 2360 3561 2416 infi-

1967 2452 2070 2506 mis
2098 2451 2389 2506 elevemur.
2421 2448 2701 2505 Praecessit
2727 2448 2968 2503 Christus
2996 2449 3243 2520 primitiae
3284 2449 3561 2505 dormien-

1968 2540 2117 2605 tium,
2148 2546 2441 2610 sequuntur
2482 2538 2571 2592 alii
2600 2538 2654 2592 in
2686 2552 2784 2592 suo
2829 2537 3038 2604 ordine,
3072 2546 3125 2593 et
3149 2537 3395 2593 videntes
3438 2554 3562 2595 eum

1967 2628 2295 2708 adoranthid
2323 2636 2424 2693 est,
2458 2626 2577 2682 sine
2605 2626 2713 2681 ﬁne
2741 2625 2975 2681 laudant.

2039 2718 2207 2772 Vens.
2240 2717 2326 2771 1'7.
2345 2745 2414 2756 —
2437 2710 2677 2782 Quidam
2706 2719 2899 2783 autem
2930 2715 3349 2783 dubitaverunt,
3380 2724 3436 2770 ut
3462 2716 3560 2773 Lu-

1966 2821 2058 2862 cas
2088 2805 2159 2859 ait
2190 2823 2203 2859 :
2235 2804 2602 2860 existimantes
2634 2820 2695 2860 se
2724 2803 2966 2875 spiritum
3006 2803 3210 2870 videre,
3240 2820 3401 2875 quem
3436 2821 3559 2864 mo-

1966 2893 2154 2951 riendo
2185 2892 2422 2948 tradidit.

2036 2984 2207 3039 Vens.
2243 2986 2329 3036 18.
2362 3011 2431 3022 -
2458 2983 2530 3037 Et
2555 2981 2844 3037 accedens.
2874 2981 2942 3036 Et
2983 2980 3107 3037 ideo
3140 2982 3262 3053 pius
3303 2982 3561 3054 magister

1967 3080 2021 3127 et
2045 3071 2169 3127 illos
2198 3071 2266 3125 ad
2297 3069 2458 3125 ﬁdem
2505 3068 2785 3138 confortat,
2820 3077 2873 3125 et
2900 3069 3092 3125 dubios
3117 3070 3186 3124 ad
3214 3069 3379 3126 ﬁdem
3408 3080 3563 3129 vocat

1887 3131 1939 3193 C‘
1968 3160 2220 3216 intimans
2248 3159 2316 3214 ad
2355 3166 2607 3230 quantam
2652 3131 2961 3230 pervenerit
3004 3158 3254 3231 gloriam.
3286 3161 3431 3216 Data
3457 3166 3561 3219 est.

1965 3249 2079 3305 Hoc
2109 3264 2217 3304 non
2246 3248 2314 3303 de
2334 3255 2601 3303 comterna
2624 3247 2789 3301 Patris
2809 3246 3104 3315 divinitate,
3133 3248 3231 3304 sed
3263 3248 3332 3304 de
3359 3264 3561 3305 assum-

1965 3345 2056 3410 pta
2086 3337 2217 3393 dicit
2245 3336 2593 3402 humanitate,
2641 3336 2696 3390 in
2742 3352 2845 3408 qua
2886 3336 3066 3391 minor
3104 3336 3334 3410 angelis,
3367 3337 3423 3393 in
3452 3354 3561 3411 qua

1967 3428 2131 3484 etiam
2160 3426 2339 3500 gloria
2366 3433 2420 3481 et
2444 3426 2653 3482 honore
2681 3433 2969 3481 coronatus
2998 3433 3081 3481 est
3107 3433 3159 3482 et
3186 3426 3436 3483 omnibus
3464 3443 3561 3484 su-

1968 3515 2293 3588 perpositus.

2040 3606 2208 3661 Vens.
2262 3606 2348 3657 19.
2383 3601 2864 3681 —Euntes.'Qui
2906 3603 3020 3671 jam
3065 3603 3120 3657 in
3166 3603 3345 3660 lucem
3392 3605 3559 3674 venit,

1972 3694 2115 3766 quod
2143 3693 2398 3747 hactenus
2429 3690 2748 3763 quibusdam
2793 3691 2861 3746 de
2910 3690 3087 3746 causis
3116 3691 3335 3746 dubium
3382 3692 3562 3748 homi-

1972 3783 2129 3838 nibus
2175 3780 2362 3835 fuerat.
2411 3781 2627 3836 Docete.
2680 3779 2967 3852 Congruus
3010 3779 3163 3835 ordo.
3212 3779 3389 3836 Primo
3419 3780 3563 3836 enim

1972 3870 2249 3928 docendus
2290 3876 2374 3925 est
2415 3868 2641 3924 auditor.
2673 3868 2881 3924 Deinde
2911 3866 3036 3923 ﬁdei
3078 3869 3428 3924 sacramentis
3457 3869 3566 3925 im-

1974 3959 2241 4026 buendus,
2291 3967 2413 4014 tunc
2461 3958 2529 4012 ad
2575 3957 2845 4014 servanda
2890 3958 3141 4027 mandata
3198 3957 3559 4015 instruendus.

1977 4049 2119 4120 Quia
2144 4047 2250 4103 nisi
2277 4047 2424 4120 prius
2454 4045 2629 4101 anima
2657 4045 2820 4102 ﬁdem
2848 4046 3094 4119 recipiat,
3125 4062 3236 4104 non
3255 4054 3338 4103 est
3355 4046 3567 4104 dandus

1976 4138 2295 4210 baptismus,
2328 4152 2429 4211 nec
2462 4135 2600 4191 valet
2638 4136 2901 4206 mandari,
2951 4135 2997 4190 si
3040 4144 3162 4209 post
3205 4151 3313 4192 non
3361 4135 3573 4192 insistat

1978 4227 2137 4283 bonis
2159 4225 2429 4297 operibus.

2050 4316 2221 4370 Vens.
2246 4316 2335 4372 20.
2361 4345 2428 4354 —
2470 4315 2540 4369 Et
2581 4330 2705 4371 ecce
2761 4330 2852 4387 ego
2894 4313 3173 4371 vobiscum
3216 4329 3404 4370 suum.
3440 4311 3575 4382 Qum

336 4414 510 4469 Vens.
544 4415 601 4467 9.
632 4441 702 4453 -
729 4412 803 4467 Et
828 4426 952 4467 ecce
992 4411 1170 4475 Iesus,
1203 4418 1305 4466 etc.
1352 4408 1438 4465 Sic
1486 4407 1735 4464 omnibus
1782 4406 1881 4463 iter
1980 4412 2160 4460 autem
2215 4418 2430 4460 merces
2472 4402 2577 4474 piae
2613 4402 3069 4471 conversationis,
3130 4401 3343 4474 quodve
3383 4399 3582 4472 pignus

273 4502 523 4557 virtutum
572 4499 946 4556 inchoantibus
993 4498 1295 4567 adjuvando
1338 4497 1570 4553 occurrit
1611 4495 1945 4560 Christus.D
1973 4492 2163 4549 futura:
2223 4492 2567 4549 beatitudinis
2611 4492 2766 4547 etiam
2815 4491 2870 4545 in
2889 4490 3141 4563 praesenti
3188 4489 3257 4545 sit
3302 4488 3583 4557 ﬁdelibus,

277 4591 345 4645 Et
375 4593 709 4647 tenuerunt.
744 4587 1004 4658 Superius
1030 4587 1228 4642 dictum
1250 4594 1333 4642 est
1350 4586 1534 4641 clauso
1564 4585 1741 4640 exisse
1768 4598 1879 4639 mo-
1981 4583 2159 4639 subdit
2183 4600 2196 4636 :
2229 4584 2367 4638 Ecce
2387 4597 2480 4653 ego
2498 4583 2777 4638 vobiscum
2797 4597 2941 4643 sum,
2966 4587 3070 4635 etc.
3124 4577 3282 4647 Quod
3306 4577 3568 4649 apostolis

278 4686 557 4743 numento,
627 4685 686 4731 ut
748 4674 1052 4732 immortale
1116 4690 1316 4746 corpus
1380 4674 1715 4743 intelligeres
1749 4689 1762 4727 :
1795 4672 1882 4728 hic
1982 4688 2079 4744 per
2107 4671 2483 4727 successiones
2510 4668 2801 4723 universali
2829 4667 3091 4725 Ecclesiae
3133 4666 3410 4739 promittit.
3442 4666 3583 4721 Nota
3668 4696 3687 4711 ο

278 4774 531 4822 tenentur
578 4766 778 4837 pedes,
829 4773 885 4819 ut
931 4780 1113 4819 veram
1161 4779 1380 4818 carnem
1425 4762 1767 4833 comprobes.
1816 4761 1887 4815 Et
1986 4760 2129 4832 quod
2157 4775 2330 4831 usque
2358 4758 2414 4812 in
2444 4756 2606 4812 ﬁnem
2632 4756 2816 4813 saeculi
2845 4771 2953 4812 non
2983 4765 3106 4812 sunt
3133 4754 3353 4812 desituri
3382 4755 3473 4828 qui
3501 4754 3588 4810 di-

280 4855 405 4926 quia
451 4861 651 4909 tantam
700 4853 968 4910 visionem
1016 4852 1345 4921 tremebant,
1396 4851 1625 4922 primum
1672 4849 1887 4921 pellitur
1988 4849 2113 4903 vina
2138 4846 2422 4902 mansione
2451 4853 2575 4900 sunt
2602 4844 2772 4917 digni.

280 4943 445 4999 timor
479 4961 492 4997 :
524 4944 709 4999 Nolite
739 4944 957 5007 timere,
991 4949 1049 4996 ut
1078 4949 1259 4997 mente
1302 4939 1509 5012 placida
1551 4932 1889 5011 possint'au-
2061 4938 2253 5007 (Auc.)
2284 4934 2460 4991 Prima
2488 4933 2699 4989 sabbati
2745 4933 3000 5002 diluculo,
3034 4940 3159 4998 etc.,
3199 4947 3372 5005 usque
3400 4932 3473 4989 ad
3502 4932 3590 4987 di-

281 5031 399 5087 dire
448 5048 569 5103 qua:
606 5031 877 5088 dicuntur.
910 5032 1032 5086 Istae
1061 5037 1244 5087 tenent
1289 5028 1459 5100 pedes
1506 5044 1627 5099 quae
1668 5027 1892 5083 adorant
1991 5032 2144 5082 cente
2172 5025 2251 5080 eis
2280 5022 2479 5095 angelo
2504 5040 2517 5077 :
2541 5023 2632 5081 Sic
2650 5024 2839 5079 veniet
2865 5020 3335 5095 quemadmodum
3364 5020 3588 5079 vidistis

284 5119 663 5177 resuscitatum
695 5138 708 5174 :
742 5118 841 5176 sed
889 5118 981 5175 illa
1011 5134 1131 5191 qua;
1168 5116 1443 5175 nesciebat
1481 5116 1656 5174 adhuc
1702 5130 1889 5172 resur-
1992 5132 2120 5174 eum
2146 5117 2375 5171 euntem
2402 5114 2466 5169 in
2495 5112 2698 5170 caelum
2726 5111 2869 5185 (Act.
2906 5114 2965 5183 ι).
