4028 6178
504 294 604 346 179

1000 290 1404 353 WALAFRIDI
1435 296 1678 354 STRABI
1705 296 1906 353 FULD.
1938 294 2113 353 MON.
2138 294 2291 352 opp.
2324 256 2502 354 paﬁs
2529 297 2572 354 1.
2602 327 2671 339 -
2702 297 3182 356 THEOLOGICA.

3692 307 3795 360 180

507 421 3792 457 ’ΜΨ-Μ

1311 504 1931 587 EVANGELIUM
1983 503 2499 588 SECUNDUM
2549 505 2972 587 MARCUM.

834 736 1206 797 PROLOGUS
1239 740 1301 797 Β.
1342 740 1760 799 HIERONYMI.

1016 856 1175 927 (Vide
1208 856 1385 931 Opera
1415 859 1579 929 ejus.)

946 969 1228 1027 CAPUT
1293 970 1649 1027 PRIMUM.

571 1087 743 1143 Vens.
767 1089 816 1141 1.
836 1115 906 1126 -
920 1086 1161 1145 Initium
1180 1086 1491 1158 Evangelii.
1514 1087 1697 1158 (1511).)
1717 1088 2094 1159 Evangelium,

500 1175 643 1232 bona
671 1176 1062 1243 annuntiatio,
1110 1175 1254 1246 quod
1300 1174 1518 1245 prOprie
1562 1176 1631 1231 ad
1661 1192 1889 1247 regnum
1919 1177 2019 1232 Dei
2048 1187 2098 1233 et

502 1263 882 1320 remissionem
923 1270 1268 1333 peccatorum
1312 1263 1562 1334 pertinet.
1613 1265 1770 1321 Unde
1804 1282 1817 1320 :
1847 1268 2098 1322 Paenite-

499 1354 652 1408 mini
678 1356 735 1408 et
760 1351 974 1408 credite
1023 1352 1321 1423 Evangelio
1350 1372 1368 1407 :
1399 1357 1456 1409 et
1498 1355 1970 1428 appropinquavit
2010 1372 2101 1412 re-

498 1457 678 1511 gnum
708 1440 995 1496 caelorum.

570 1528 783 1600 (Hren.)
815 1527 1056 1596 Quatuor
1083 1528 1379 1600 Evangelia
1427 1546 1593 1585 unum
1643 1539 1786 1599 sunt,
1836 1540 1888 1587 et
1934 1549 2101 1589 unum

500 1624 745 1688 quatuor.
782 1617 966 1690 Itaque
996 1625 1049 1672 et
1077 1617 1238 1674 Marci
1268 1618 1405 1674 liber
1433 1618 1626 1675 dicitur
1644 1620 2019 1691 Evangelium,
2050 1630 2103 1678 et

499 1705 744 1763 similiter
761 1705 985 1762 aliorum
1010 1724 1023 1762 :
1046 1707 1169 1779 quia
1196 1723 1363 1762 unum
1391 1707 1590 1774 omnia,
1625 1717 1677 1765 et
1710 1709 1889 1764 omnia
1909 1726 2098 1767 unum.

572 1797 704 1852 Jesu
736 1795 967 1852 Christi.
1010 1795 1223 1867 (H1en.)
1250 1797 1408 1851 Jesus
1438 1796 1723 1864 Hebraice,
1756 1798 1912 1853 Soter
1943 1799 2101 1855 Gra-

500 1898 583 1950 ce,
635 1883 880 1939 Salvator
921 1883 1126 1950 Latine,
1178 1884 1424 1939 Christus
1473 1885 1681 1951 Grace,
1733 1886 1958 1941 Messias
1988 1888 2101 1943 He-

499 1972 703 2039 braice,
751 1979 943 2028 unctus
987 1972 1194 2041 Latine,
1227 1973 1282 2027 id
1315 1980 1418 2035 est,
1453 1989 1546 2030 rex
1578 1975 1831 2031 sacerdos
1864 1993 1878 2030 :
1913 1975 2104 2032 dicitur

497 2060 569 2120 de
598 2076 801 2135 genere
832 2060 1003 2117 David
1033 2061 1198 2133 regis,
1232 2070 1285 2118 et
1313 2061 1571 2119 Levitico.

570 2152 708 2207 Filii
735 2151 856 2206 Dei.
880 2151 1103 2221 (ΒΕυΑ.)
1134 2149 1411 2207 Matthaus
1441 2150 1607 2207 dicit:
1640 2152 1754 2221 ﬁlii
1779 2153 1956 2209 David
1986 2153 2098 2222 ﬁlii

498 2238 781 2297 Abraham
811 2238 1033 2308 (Matth.
1066 2238 1127 2308 1).
1161 2238 1371 2295 Marcus
1400 2239 1564 2295 dicit:
1595 2240 1709 2309 ﬁlii
1737 2242 1857 2308 Dei,
1886 2249 1943 2295 ut
1970 2257 2105 2313 pau-

495 2326 647 2384 latim
676 2343 707 2383 a
731 2326 1029 2382 minoribus
1060 2327 1129 2381 ad
1158 2328 1379 2396 majora,
1427 2336 1554 2395 etc.,
1597 2346 1771 2401 usque
1820 2329 1893 2385 ad
1938 2330 2103 2386 Joan-

500 2431 602 2474 nes
630 2416 699 2473 ab
729 2415 1025 2472 aternitate
1054 2415 1218 2473 Verbi
1248 2416 1349 2472 Dei
1375 2415 1608 2484 inchoat,
1632 2416 1687 2472 in
1709 2419 2102 2475 resurrectione

505 2503 725 2563 Domini
752 2512 1107 2562 consummat.

570 2593 742 2650 Vens.
772 2597 826 2651 2.
860 2623 929 2635 -
961 2595 1124 2651 Sicut
1150 2595 1428 2666 scriptum
1468 2599 1571 2650 est.
1616 2594 1828 2650 Marcus
1871 2596 2103 2667 prophe-

500 2690 675 2738 tarum
704 2682 1011 2738 testimonia
1039 2681 1313 2753 pramittit
1338 2681 1536 2753 quibus
1563 2682 1679 2739 hac
1707 2690 1888 2739 vetera
1920 2693 1973 2739 et
1995 2700 2103 2740 non

496 2784 659 2836 nova,
708 2770 805 2825 sed
831 2785 862 2824 a
890 2769 1165 2840 prophetis
1195 2769 1444 2841 prascita
1492 2778 1545 2826 et
1588 2771 1846 2842 pradicta
1889 2774 2099 2839 asserit,

498 2859 555 2917 in
596 2873 703 2931 quo
732 2865 787 2914 et
815 2858 1031 2914 Judaos
1077 2858 1168 2929 qui
1213 2858 1395 2929 legem
1425 2867 1478 2913 et
1506 2859 1802 2930 prophetas
1849 2877 2106 2932 suscepe-

499 2955 619 3005 rant
645 2946 712 3003 ad
740 2946 1101 3019 Evangelium
1130 2946 1318 3002 invitat
1352 2964 1364 3001 :
1399 2956 1451 3003 et
1479 2948 1714 3020 gentiles
1742 2949 1833 3021 qui
1862 2951 2107 3022 Evange-

499 3035 635 3093 lium
662 3033 915 3092 tenebant
945 3034 1016 3089 ad
1044 3035 1447 3091 venerationem
1474 3036 1615 3108 legis
1643 3046 1697 3093 et
1722 3038 2106 3110 prophetarum

404 3138 407 3145 ‘
500 3131 779 3196 provocat,
811 3140 879 3181 ne
909 3123 1029 3197 quis
1051 3124 1205 3193 juxta
1233 3124 1516 3181 haereticos
1538 3126 1763 3183 alterum
1793 3127 1912 3183 sine
1938 3127 2105 3185 altero

505 3212 783 3270 suscipiat.

633 3230 649 3267 1
690 3230 707 3267 1
747 3228 783 3268 ι.

574 3228 929 3359 :cgeamitto.
958 3302 1180 3373 (ΒΕυΑ.)
1218 3302 1462 3374 Angelus
1508 3303 1700 3360 dicitur
1728 3304 1966 3360 Joannes
1994 3320 2104 3361 non

504 3389 761 3448 societate
789 3399 1011 3459 natura,
1042 3399 1099 3445 ut
1125 3391 1378 3447 mentitur
1404 3391 1695 3464 Origenes,
1719 3394 1815 3449 sed
1846 3393 2008 3450 ofﬁcii
2030 3393 2105 3449 di-

2002 768 2006 772 ι
2113 743 2171 805 Α
2200 742 2288 800 via
2315 750 2526 810 euntes,
2558 741 2836 814 proximos
2876 742 3170 814 diligamus
3195 750 3254 798 ut
3279 758 3399 813 nos,
3432 752 3486 800 et
3513 758 3633 812 nos,
3664 754 3799 813 etc.,

2194 848 2368 904 usque
2394 831 2468 888 ad
2496 838 2554 887 ut
2580 847 2690 888 non
2720 840 3000 904 separetur
3027 846 3090 889 os
3116 832 3186 887 ab
3217 847 3404 905 opere,
3430 848 3534 891 nec
3563 849 3703 906 opus
3731 835 3800 890 ab

2195 935 2312 976 ore.

2269 1009 2486 1065 Semita
2532 1018 2654 1081 post
2702 1009 2863 1079 viam,
2917 1010 3047 1083 quia
3092 1011 3346 1066 mandata
3400 1011 3633 1068 moralia
3675 1021 3802 1084 post

2197 1099 2571 1169 paenitentiam
2599 1099 2899 1171 secundum
2944 1101 3184 1156 Marcum
3229 1100 3316 1156 vel
3364 1101 3673 1157 Matthaum
3703 1117 3799 1159 ex-

2195 1187 2498 1258 planantur.
2552 1188 2773 1244 Paratur
2816 1189 2901 1245 via
2947 1205 3046 1260 per
3091 1188 3257 1246 ﬁdem
3293 1198 3346 1245 et
3388 1190 3718 1261 baptismum
3747 1200 3803 1248 et

2197 1276 2588 1347 paenitentiam.

2270 1365 2451 1422 Recta
2500 1366 2706 1422 semita
2752 1382 2851 1438 per
2891 1375 3114 1423 austera
3157 1366 3363 1425 indicia
3390 1368 3577 1435 vestis,
3623 1384 3798 1436 zonae,

2199 1453 2326 1520 cibi,
2350 1462 2528 1524 potus,
2562 1454 2713 1510 vocis
2741 1455 3076 1512 humillima.

2274 1543 2442 1599 Vens.
2476 1544 2524 1598 4.
2559 1573 2629 1584 -
2658 1546 2922 1601 Joannes.
2956 1546 3139 1617 (ISID.)
3182 1544 3369 1601 Gratia
3396 1545 3518 1602 Dei.
3548 1549 3596 1602 A
3624 1547 3805 1621 gratia

2200 1630 2302 1686 Dei
2348 1631 2563 1702 incipit,
2618 1632 2763 1688 unde
2808 1632 3053 1705 sequitur
3101 1651 3113 1687 :
3164 1636 3495 1707 Baptizans,
3540 1643 3645 1690 etc.
3698 1636 3807 1691 Per

2200 1719 2531 1791 baptismum
2560 1730 2781 1792 peccata
2811 1722 3172 1789 dimittuntur;
3207 1723 3351 1778 unde
3383 1740 3396 1777 :
3430 1723 3588 1792 Quod
3622 1726 3806 1794 gratis

2201 1811 2517 1882 accepistis,
2568 1812 2747 1881 gratis
2792 1810 2921 1866 date
2967 1811 3188 1880 (Matth.
3220 1811 3304 1881 χ).
3344 1812 3412 1868 Ει
3458 1811 3752 1883 Apostolus
3790 1831 3804 1866 :

2208 1898 2405 1955 Gratia
2435 1899 2642 1954 saluati
2673 1900 2808 1954 estis
2838 1899 3059 1971 (Ephes.
3094 1900 3178 1972 11).

2274 1988 2601 2059 Baptizans.
2635 1987 2847 2057 allen.)
2876 1987 3209 2059 Baptismum
3252 1987 3583 2059 poenitentia
3629 1989 3800 2058 dedit,

2118 2102 2172 2165 Β
2203 2074 2531 2147 baptismum
2560 2075 2617 2130 in
2649 2075 3030 2132 remissionem
3075 2084 3423 2148 peccatorum
3465 2078 3802 2149 pradicavit,

2202 2171 2385 2219 tamen
2414 2179 2524 2219 non
2553 2164 2719 2220 dedit.
2755 2164 2902 2221 Sicut
2930 2165 3331 2235 pradicatione,
3368 2174 3494 2232 etc.,
3530 2183 3704 2240 usque
3732 2167 3809 2223 ad

2203 2268 2347 2308 nunc
2371 2269 2469 2323 per
2514 2253 2747 2309 amicum
2795 2254 2982 2325 sponsi
3030 2253 3300 2310 inducitur
3349 2270 3569 2326 sponsa.
3604 2263 3662 2310 ut
3692 2256 3806 2312 Re-

2202 2341 2370 2397 becca
2398 2342 2571 2409 Isaac,
2604 2358 2702 2413 per
2728 2358 2957 2414 puerum
2984 2342 3152 2425 pallio
3174 2343 3297 2399 albo
3325 2343 3514 2399 velata.

2275 2430 2443 2486 Vens.
2480 2433 2531 2485 5.
2566 2460 2635 2471 —
2664 2431 2729 2487 In
2758 2432 3021 2489 Jordane.
3053 2432 3184 2503 (In.)
3214 2432 3467 2487 Jordanis
3496 2431 3671 2488 aliena
3701 2433 3804 2488 dc-

2204 2518 2439 2585 scensio,
2474 2518 2565 2573 ubi
2593 2528 2817 2590 peccata
2868 2520 3237 2577 absolvuntur.
3282 2523 3427 2577 Area
3472 2520 3636 2591 enim,
3670 2530 3802 2589 etc.,

2203 2624 2377 2680 usque
2406 2608 2479 2663 ad
2510 2623 2712 2679 corpus
2742 2608 2958 2676 Christi,
2994 2624 3104 2665 non
3131 2609 3402 2665 mundatis
3428 2625 3538 2665 non
3566 2609 3802 2681 proﬁcit,

2204 2696 2304 2750 sed
2333 2696 2388 2749 in
2415 2696 2657 2752 deterius
2682 2706 2871 2752 mutat.
3096 2696 3101 2701 ’

2280 2785 2640 2854 Conﬁtentes,
2665 2794 2768 2842 etc.
2792 2786 2924 2859 (In.)
2954 2788 3237 2858 Confessio
3261 2792 3318 2843 et
3339 2788 3708 2860 pulchritudo
3738 2791 3803 2844 in

2204 2878 2505 2947 conspectu
2533 2877 2653 2947 ejus
2684 2876 2857 2945 (Psal.
2888 2875 3042 2947 cxv),
3076 2875 3131 2930 id
3160 2884 3243 2931 est
3270 2876 3477 2947 sponsi.
3512 2876 3666 2932 Unde
3698 2877 3804 2932 de-

2205 2962 2312 3016 silit
2358 2978 2556 3033 sponsa
2603 2963 2671 3019 de
2715 2964 2947 3030 camelo,
2999 2979 3122 3020 cum
3167 2981 3225 3020 se
3267 2964 3514 3020 humiliat
3559 2965 3810 3021 Ecclesia

2205 3050 2439 3115 Christo,
2477 3051 2570 3123 qui
2606 3050 2870 3125 ﬁguratur
2916 3068 3015 3123 per
3063 3054 3236 3121 Isaac,
3268 3053 3324 3107 in
3350 3054 3502 3121 cujus
3531 3052 3810 3110 nativitate

2206 3139 2378 3194 risum
2419 3140 2543 3196 fecit
2589 3141 2735 3195 Deus
2782 3141 2947 3197 Sara.
2998 3141 3149 3197 Sicut
3195 3141 3265 3196 ad
3313 3142 3535 3196 Mariam
3584 3141 3805 3208 dicitur,

2163 3259 2171 3266 -
2207 3244 2326 3300 qua
2354 3236 2437 3284 est
2464 3228 2721 3301 princeps
2751 3245 2873 3285 cum
2905 3231 3057 3285 Deo:
3091 3230 3391 3287 Benedicta
3425 3236 3487 3287 tu
3517 3232 3577 3286 in
3608 3233 3811 3289 mulie-

2203 3318 2358 3373 ribus
2389 3318 2543 3387 (Luc.
2577 3317 2637 3388 1).

2272 3406 2496 3477 (BEDA.)
2527 3404 2858 3462 Conﬁtentes
2899 3415 3122 3478 peccata
3166 3422 3266 3463 sua
3305 3407 3665 3479 baptizantur.
3700 3409 3808 3464 De-

505 3479 708 3552 gnitate
741 3490 765 3534 τ’
790 3479 928 3570 idem
956 3487 1009 3535 εί
1037 3479 1365 3570 εθβθΐάοῐεεν
1401 3481 1470 3536 de
1499 3460 1696 3553 ᾇιιίῦιιέ
1726 3482 1923 3538 dieitur
1955 3501 1969 3537 ε
2000 3460 2176 3539 La-C'
2207 3460 2337 3550 bent
2376 3460 2521 3550 enim
2566 3494 2810 3550 melioris
2853 3460 2975 3552 vita
3003 3496 3297 3553 novitatem
3343 3460 3682 3567 promittere,
3717 3497 3809 3570 qui

504 3570 598 3628 bia
618 3568 923 3626 sacerdotis
944 3569 1274 3626 custodiunt
1293 3571 1615 3638 scientiam,
1640 3575 1697 3627 et
1718 3571 1892 3651 legem
1915 3574 2110 3645 exqui-

506 3660 651 3716 runt
674 3673 748 3716 ex
776 3673 869 3715 ore
896 3659 1034 3730 ejus,
1070 3659 1203 3731 quia
1233 3659 1468 3731 angelus
1494 3660 1725 3717 Domini
1746 3662 2107 3718 exercituum

511 3751 598 3804 est
622 3747 776 3819 (Mal.
808 3745 893 3818 11).
1866 3748 1869 3751 '

579 3861 711 3933 (In.)
737 3862 879 3917 Nota
907 3862 1052 3934 quod
1082 3862 1185 3919 hoc
1214 3862 1580 3919 testimonium
1607 3881 1619 3916 :
1650 3866 1789 3919 Ecce
1819 3880 1912 3934 ego
1940 3866 2107 3920 mitto

508 3952 793 4023 angelum,
827 3957 956 4017 etc.,
992 3950 1271 4006 Malachia
1302 3959 1401 4016 est,
1433 3959 1715 4022 utrumque
1760 3959 1941 4007 tamen
1981 3951 2111 4008 dicit

505 4039 662 4097 Isaia
699 4054 841 4107 esse,
875 4039 1020 4111 quia,
1071 4048 1197 4107 etc.,
1249 4055 1423 4111 usque
1469 4039 1542 4094 ad
1588 4054 1779 4094 omnes
1826 4041 2110 4111 propheta

505 4143 615 4185 uno
648 4127 839 4201 spiritu
868 4127 1031 4185 locuti
1062 4135 1185 4181 sunt
1217 4125 1375 4197 quasi
1402 4142 1512 4181 uno
1538 4141 1650 4182 ore.

578 4244 750 4299 Vens.
784 4246 835 4297 3.
870 4272 939 4283 —
972 4242 1307 4298 Clamantis.
1355 4241 1537 4311 (1310.)
1585 4240 1668 4296 Ad
1715 4241 1932 4297 Judaos
1982 4259 2109 4298 sur-

506 4332 608 4389 dos
654 4339 874 4403 propter
931 4336 1151 4401 peccata
1211 4328 1375 4400 longe
1433 4328 1673 4401 positos,
1724 4329 2110 4403 indignationis

508 4421 750 4478 clamore
800 4419 1016 4489 dignos.
1069 4418 1134 4472 In
1182 4416 1417 4473 deserto.
1452 4419 1513 4472 In
1542 4418 1760 4474 deserto
1806 4418 1862 4474 fit
1909 4435 2013 4476 vox
2061 4429 2113 4476 et

509 4511 715 4566 clamor
749 4525 762 4562 :
797 4506 924 4579 quia
952 4505 1168 4562 deserta
1214 4505 1407 4561 domus
1436 4506 1622 4562 Judaa
1649 4523 1846 4563 vacans
1893 4517 2115 4580 scopata

509 4598 630 4654 sine
659 4596 851 4668 spiritu
894 4595 1014 4662 Dei,
1065 4596 1350 4667 propheta,
1404 4612 1552 4667 rege,
1601 4596 1902 4653 sacerdote.
1956 4598 2112 4655 Unde

507 4686 667 4743 Jesus
696 4693 749 4741 et
777 4685 1014 4740 Joannes
1045 4692 1290 4756 quarunt
1337 4684 1480 4755 quod
1504 4684 1559 4739 in
1589 4684 1808 4741 deserto
1852 4685 2112 4741 amissum

504 4782 606 4832 est.
639 4772 744 4831 Ubi
770 4772 897 4829 vicit
925 4772 1189 4840 diabolus,
1224 4772 1295 4827 ibi
1326 4772 1555 4830 vincitur
1585 4792 1598 4828 :
1630 4774 1722 4829 ubi
1768 4774 1963 4830 cecidit
1990 4775 2095 4831 ho-

508 4879 618 4932 mo,
655 4861 731 4917 ibi
762 4861 1016 4935 resurgit.

580 4981 812 5035 Parate.
864 4977 1048 5049 (1311).)
1095 4975 1471 5033 Paenitentiam
1517 4978 1661 5054 agite
1710 4986 1760 5034 et
1804 4978 2111 5050 pradicate.

512 5066 674 5123 Unde
706 5066 1003 5123 Parasceve
1031 5073 1153 5122 ante
1196 5065 1495 5134 sabbatum,
1545 5076 1671 5137 etc.,
1722 5083 1894 5141 usque
1936 5068 2009 5125 ad
2058 5078 2115 5126 ut

509 5154 895 5228 possideamus
924 5153 1091 5227 quieti
1118 5163 1311 5210 terram
1340 5154 1778 5212 desiderabilem.

594 5270 749 5325 Viam
777 5270 1023 5327 Domini.
1058 5269 1270 5341 (H1en.)
1299 5268 1395 5323 Via
1440 5268 1656 5325 Domini
1685 5285 1789 5342 qua
1819 5268 1891 5325 ad
1928 5269 2110 5324 homi-

507 5374 608 5417 nes
637 5358 954 5432 ingreditur,
986 5357 1304 5430 poenitentia
1325 5365 1425 5423 est,
1450 5374 1548 5430 per
1567 5375 1727 5432 quam
1754 5358 1821 5411 ad
1843 5373 1943 5414 nos
1963 5359 2110 5413 Deus

505 5447 809 5517 descendit,
842 5454 893 5504 et
919 5462 1021 5504 nos
1049 5447 1118 5504 ad
1146 5447 1299 5502 illum
1340 5447 1704 5504 ascendimus.
1738 5446 1894 5503 Unde
1922 5446 2104 5519 angeli

510 5536 867 5594 ascendentes
895 5536 1402 5607 descendentesque
1439 5542 1806 5592 memorantur
1835 5550 1997 5606 super
2023 5533 2110 5589 Fi-

511 5625 646 5683 lium
676 5624 930 5681 hominis.

584 5715 781 5772 Rectus
811 5714 985 5785 facite
1015 5715 1265 5771 semitas.
1300 5711 1483 5781 (15111.)
1532 5710 1800 5782 Praecipit,
1855 5719 1912 5767 ut
1954 5712 2109 5782 regia

2203 3582 2549 3655 baptismum,
2587 3592 2714 3650 etc.,
2747 3601 2920 3658 usque
2948 3586 3022 3641 ad
3047 3594 3097 3641 et
3127 3585 3205 3641 sic
3232 3584 3523 3640 mundatos
3551 3585 3809 3641 Christia-

2206 3688 2333 3727 nam
2371 3672 2694 3747 religionem
2738 3673 3111 3744 promittentes
3158 3674 3214 3729 in
3259 3674 3522 3731 Ecclesia
3564 3675 3812 3731 membra

2208 3770 2501 3817 commuta.

2277 3851 2447 3905 Vens.
2478 3852 2529 3904 6.
2563 3879 2633 3891 —
2662 3851 2735 3905 Et
2760 3855 2884 3908 erat
2925 3853 3185 3919 Joannes,
3232 3858 3337 3906 etc.
3384 3851 3597 3923 (H1en.)
3625 3851 3807 3907 Vestis

2207 3939 2490 4010 pr0pheta
2518 3946 2570 3993 et
2597 3938 2751 3993 cibus
2797 3949 2849 3994 et
2892 3948 3070 4011 potus,
3121 3948 3289 3995 totam
3338 3947 3609 3996 austeram
3636 3940 3809 3995 vitam

2207 4025 2619 4098 pradicantium
2648 4025 2986 4098 signiﬁcant,
3021 4036 3074 4083 et
3102 4036 3295 4101 gentes
3316 4072 3329 4096 ,
3362 4036 3466 4085 etc.
3490 4072 3503 4094 ,
3535 4045 3711 4101 usque
3738 4029 3813 4085 ad

2210 4114 2333 4185 quia
2370 4115 2552 4170 omnia
2580 4130 2613 4169 a
2643 4115 2817 4188 gratia
2862 4116 3163 4188 Evangelii,
3218 4116 3275 4171 in
3322 4132 3431 4189 qua
3477 4130 3589 4173 non
3618 4126 3703 4172 est
3729 4117 3812 4172 di-

2211 4203 2427 4259 stinctio
2455 4203 2625 4260 Judaei
2656 4212 2709 4259 et
2740 4205 2938 4260 Graci.

2283 4293 2504 4363 (Benn.)
2541 4294 2780 4349 Vestitus
2807 4294 2944 4365 pilis
2972 4294 3195 4350 cameli.
3247 4292 3384 4363 Quia
3430 4302 3653 4365 peccata
3701 4310 3815 4350 non

2212 4380 2363 4449 fovit,
2387 4382 2484 4436 sed
2511 4397 2708 4453 aspere
2736 4381 3053 4452 increpavit,
3078 4382 3267 4439 dicens
3292 4399 3305 4437 :
3336 4384 3637 4440 Cenimina
3670 4386 3817 4455 vipe-

2212 4488 2428 4537 rarum,
2461 4478 2564 4527 etc.
2598 4472 2744 4526 Zona
2789 4470 3036 4541 pellicea,
3087 4478 3214 4538 etc.,
3262 4487 3435 4544 usque
3464 4470 3536 4527 ad
3564 4471 3621 4525 in
3650 4472 3817 4527 melle

2215 4558 2360 4614 enim
2388 4558 2639 4628 dulcedo,
2672 4558 2728 4614 in
2758 4559 2964 4615 locusta
2994 4559 3177 4617 alacer
3206 4559 3437 4625 volatus,
3471 4559 3569 4615 sed
3590 4559 3702 4616 cito
3726 4560 3820 4617 de

2216 4647 2429 4705 ciduus.

2286 4736 2456 4791 Vens.
2488 4737 2540 4791 ’7.
2574 4766 2643 4777 --
2671 4737 2890 4793 Fortior
2935 4752 3042 4792 me.
3092 4736 3304 4808 (litem)
3334 4735 3471 4806 Quis
3497 4735 3687 4793 fortior
3733 4747 3824 4793 est

2119 4825 2173 4886 D
2205 4826 2381 4897 gratia
2413 4840 2523 4896 qua
2553 4824 2842 4879 abluuntur
2868 4824 3137 4895 peccata?
3167 4824 3265 4880 Ille
3313 4825 3424 4898 qui,
3475 4834 3605 4893 etc.,
3639 4843 3826 4899 usque

2216 4914 2289 4969 ad
2319 4921 2372 4969 et
2404 4929 2577 4984 usque
2607 4913 2675 4967 ad
2707 4921 2923 4969 centum
2969 4913 3329 4985 quadraginta
3375 4920 3605 4986 quatuor
3649 4914 3829 4969 millia

2215 5001 2479 5075 pervenit.

2287 5091 2504 5148 Solvere
2533 5092 2856 5163 corrigiam.
2888 5091 3109 5162 (BEDA.)
3141 5090 3331 5146 Modus
3361 5090 3458 5146 fuit
3487 5090 3633 5162 apud
3668 5101 3830 5147 vete-

2212 5194 2324 5245 res,
2355 5186 2413 5233 ut
2443 5179 2490 5234 si
2517 5179 2638 5251 quis
2684 5195 2802 5235 eam
2843 5196 2964 5251 qua
3009 5179 3113 5234 sibi
3159 5186 3514 5250 competeret,
3562 5179 3832 5251 accipere

2211 5283 2434 5323 uxorem
2464 5267 2649 5334 nollet,
2683 5267 2794 5334 ille,
2827 5276 2953 5335 etc.,
3004 5283 3178 5340 usque
3204 5267 3276 5323 ad
3304 5267 3688 5338 Redemptoris
3719 5285 3833 5323 ve-

2214 5356 2370 5429 stigia
2417 5355 2622 5411 nudare
2669 5371 2779 5411 non
2825 5355 3001 5422 valeo,
3033 5355 3157 5428 quia
3198 5356 3384 5427 sponsi
3433 5371 3633 5411 nomen
3685 5357 3841 5413 mihi

2216 5461 2327 5501 non
2357 5460 2582 5516 usurpo.

2282 5533 2494 5605 (Hren.)
2544 5533 2796 5605 Corrigia
2841 5532 3323 5599 calcamentorum,
3376 5532 3431 5588 id
3479 5541 3561 5589 est
3605 5543 3838 5606 myste-

2212 5622 2349 5677 rium
2382 5621 2771 5677 Incarnationis
2802 5621 2923 5676 Dei.
2957 5620 3085 5676 Calx
3134 5620 3299 5687 enim,
3347 5629 3474 5689 etc.,
3526 5638 3704 5694 usque
3747 5627 3843 5681 ad

2212 5724 2412 5782 sponsa
2438 5709 2494 5767 in
2529 5708 2869 5782 patriarchis,
2905 5709 3080 5768 amica
3128 5708 3185 5766 in
3232 5710 3533 5785 prophetis,
3570 5711 3849 5782 proxima
