4000 6182
288 238 384 290 181

1235 228 1503 288 GLOSSA
1535 231 1949 290 ORDINARIA.
1973 261 2043 275 --
2076 231 2343 289 EVANG.
2367 232 2602 290 MARCI.

3505 236 3608 292 i82

290 358 347 412 in
377 356 553 412 Maria
582 363 634 412 et
663 356 887 428 Ioseph,
919 355 1120 412 dilecta
1160 355 1219 411 in
1258 354 1466 413 Joanne
1508 358 1765 430 Baptista,
1809 356 1974 419 (ιο-Α
2002 356 2259 413 mulatur.
2307 356 2511 427 Quater
2552 371 2685 414 vero
2729 356 2921 414 decem
2965 357 3333 431 quadraginta
3372 356 3601 416 faciunt.

291 445 477 502 lumba
502 446 559 500 in
585 445 803 501 Christo
835 452 887 501 et
918 444 1202 517 apostolis.

369 534 550 590 Vens.
609 538 659 589 8.
708 565 778 575 —
826 535 938 608 Ego
985 535 1267 608 baptimvi
1311 551 1403 593 vos
1447 553 1612 610 aqua.
1662 535 1904 609 (BEDA.)

289 623 554 681 Nondum
582 623 825 679 Ioannes
854 621 983 679 dicit
1030 623 1208 679 Deum
1254 631 1348 679 aut
1390 624 1491 680 Dei
1540 625 1733 680 Filium
1778 641 1902 681 esse

286 720 502 785 aperte,
558 711 686 785 quia
731 712 896 769 rudes
945 719 1097 768 erant
1146 712 1423 771 auditores
1456 731 1470 768 :
1501 714 1600 769 sed
1644 713 1903 786 paulatim

290 817 395 874 per
431 800 825 857 humanitatem
872 800 1237 875 glorificatam
1283 802 1352 857 ad
1398 800 1564 857 fidem
1610 802 1903 859 divinitatis

290 889 462 957 ducit,
488 890 680 947 dicens
702 908 716 944 :
739 891 843 947 Ille
863 905 989 947 vero
1010 889 1319 964 baptizabit
1336 907 1428 947 vos
1446 892 1667 964 Spiritu
1686 897 1901 950 sancto.

295 978 412 1035 Sed
438 986 637 1051 postea
667 993 792 1035 cum
821 978 1140 1050 capaciores
1158 979 1275 1048 jam
1303 978 1532 1049 videret,
1567 980 1669 1036 Dei
1710 981 1904 1036 Filium

275 1067 395 1137 jam
416 1075 603 1139 aperte
620 1067 883 1139 praedicat
902 1067 1093 1123 dicens
1117 1084 1131 1122 :
1162 1069 1577 1126 Testimonium
1590 1069 1897 1143 perhibuit,

287 1158 428 1232 quia
459 1157 553 1213 hic
586 1162 674 1213 est
696 1158 801 1213 Dei
831 1158 1013 1213 Filius
1043 1157 1226 1228 (Ioan.
1260 1156 1365 1229 tu).

360 1244 553 1316 (lsm.)
574 1247 684 1318 Ego
712 1247 932 1319 baptizo
963 1261 1054 1301 vos
1087 1263 1253 1320 aqua,
1284 1247 1407 1314 ille,
1441 1253 1547 1302 etc.
1578 1245 1681 1302 Dei
1708 1245 1904 1304 ﬂuvius

287 1349 517 1406 semper
543 1333 761 1406 plenus,
794 1350 1013 1406 semper
1050 1333 1298 1406 aequalis,
1333 1334 1401 1390 de
1432 1352 1540 1408 quo
1573 1353 1588 1390 :
1620 1337 1904 1393 Fluminis

288 1424 546 1496 impetus
580 1423 838 1493 icetiﬁcat
855 1424 1146 1481 civitatem
1166 1425 1270 1479 Dei
1289 1424 1464 1495 (Psal.
1489 1424 1645 1497 xcv).
1677 1425 1904 1481 Multum

281 1511 479 1578 distat,
516 1519 647 1581 etc.,
681 1528 857 1585 usque
885 1512 958 1567 ad
984 1511 1168 1568 unctio
1217 1511 1417 1567 Christi
1446 1512 1515 1569 de
1545 1513 1904 1571 amaritudine

280 1599 568 1671 passionis
596 1599 847 1672 pervenit
888 1600 959 1655 ad
1005 1600 1238 1675 gloriam
1285 1601 1729 1671 resurrectionis;
1759 1603 1904 1661 unde

287 1687 593 1781 apostolus
623 1706 638 1743 :
672 1690 780 1747 Hoc
809 1692 1018 1781 sentite
1045 1692 1110 1745 in
1131 1690 1301 1760 vobis,
1332 1690 1475 1781 quod
1504 1696 1562 1747 et
1580 1693 1642 1747 in
1674 1693 1892 1749 Christo
1916 1722 1970 1781 B

279 1778 435 1843 Iesu,
493 1785 627 1846 etc.,
672 1794 848 1850 usque
896 1796 911 1833 :

275 1866 567 1922 exultavit
596 1866 773 1937 (Phil.
804 1867 887 1937 ιι).

352 1972 529 2030 Vsus.
565 1975 619 2028 9.
643 1975 804 2030 —Et
839 1973 1157 2046 baptizatus
1186 1977 1274 2030 est
1297 1974 1361 2030 in
1409 1975 1669 2032 Iordane.
1702 1975 1899 2032 Tribus

278 2060 464 2119 causis
507 2079 522 2116 :
568 2062 639 2118 Ut
692 2062 959 2132 justitiam
1004 2070 1057 2118 et
1098 2061 1456 2119 humilitatem
1508 2063 1791 2135 impleret;
1841 2073 1899 2121 ut

281 2149 624 2221 baptismum
654 2151 881 2207 Joannis
910 2151 1321 2223 comprobaret;
1351 2159 1407 2207 ut
1432 2151 1682 2208 Iordanis
1725 2168 1897 2226 aquas

275 2226 634 2295 sanctificans
678 2256 778 2311 per
825 2240 1244 2297 descensionem
1308 2239 1576 2297 columba
1637 2241 1896 2314 Spiritum

280 2336 540 2384 sanctum
573 2328 628 2383 in
657 2328 926 2400 baptismo
956 2329 1149 2384 adesse
1180 2338 1533 2386 monstraret.

961 1780 1194 1854 Propter
1250 1778 1393 1853 quod
1436 1783 1494 1836 et
1535 1781 1681 1837 Deus
1732 1782 1902 1839 illum

352 2444 576 2515 (Ηιει.)
601 2444 822 2501 Marcus
857 2463 870 2499 :
905 2443 1056 2501 Sicut
1083 2460 1281 2501 cervus
1329 2444 1649 2501 desiderans
1679 2445 1747 2500 ad
1773 2444 1895 2501 fon-

277 2540 359 2588 tes
392 2548 669 2605 aquarum
715 2533 885 2589 saltus
934 2534 1046 2601 dat,
1097 2532 1333 2590 culmina
1378 2542 1664 2605 pratorum
1701 2534 1892 2606 carpit,

273 2620 492 2693 palmas
524 2622 583 2676 in
614 2621 820 2679 vertice
848 2630 1044 2694 portat,
1076 2622 1223 2679 velut
1265 2622 1381 2693 apis
1427 2622 1688 2679 melliilua
1734 2622 1896 2680 ﬂores

276 2711 395 2784 agri
426 2710 544 2781 (cui
575 2710 716 2767 odor
746 2710 865 2767 veri
911 2712 1064 2767 Isaac
1109 2711 1396 2783 similatur)
1444 2711 1753 2769 summatim
1794 2729 1896 2786 gu-

278 2807 400 2855 stat.
442 2799 605 2856 Unde
637 2815 670 2854 a
698 2800 973 2855 Nazareth
1005 2799 1263 2856 Galiliaem
1289 2800 1599 2857 venientem
1617 2802 1805 2857 Iesum
1827 2802 1897 2856 ad

276 2888 642 2959 baptismum,
678 2896 807 2954 etc.,
842 2904 1017 2962 usque
1048 2889 1160 2945 ad:
1190 2889 1446 2945 Vincenti
1476 2889 1613 2947 dabo
1644 2889 1807 2947 edere
1829 2890 1897 2947 de

286 2977 441 3049 ligno
473 2978 627 3044 vita,
659 2977 802 3050 quod
835 2982 919 3034 est
944 2980 1008 3034 in
1031 2977 1298 3051 paradiso
1326 2979 1428 3034 Dei
1452 2980 1567 3035 mei
1596 2978 1782 3052 (Apoc.
1808 2979 1892 3052 ιι).

357 3066 534 3119 Vsus.
582 3068 669 3120 10.
711 3095 782 3106 -
827 3065 974 3123 Vidit
1017 3069 1237 3140 apertos
1284 3068 1464 3133 caios,
1515 3074 1620 3124 etc.
1672 3066 1966 3150 (BEDA.)C

284 3153 613 3225 Mysterium
643 3153 924 3209 Trinitatis
948 3154 1005 3209 in
1030 3154 1298 3226 baptismo
1328 3155 1737 3211 demonstratur
1769 3173 1783 3211 :
1816 3155 1896 3212 Fi-

282 3241 389 3298 lius
432 3242 757 3315 baptizatur,
806 3242 1041 3314 Spiritus
1086 3251 1169 3299 est
1208 3243 1265 3299 in
1313 3243 1584 3314 columba,
1633 3243 1796 3301 Pater
1838 3244 1895 3299 in

286 3347 421 3388 voce
450 3340 632 3387 sonat.
667 3330 997 3403 Aperiantur
1039 3332 1182 3400 caeli,
1229 3339 1360 3399 etc.,
1409 3348 1584 3406 usque
1629 3333 1704 3389 ad
1749 3331 1895 3405 apud

282 3435 382 3476 nos
412 3419 659 3476 manebit
686 3427 741 3475 et
767 3419 825 3475 in
864 3419 1023 3476 nobis
1065 3421 1168 3476 erit
1210 3421 1361 3491 juxta
1401 3436 1720 3477 mensuram
1767 3420 1895 3477 ﬁdei

278 3508 535 3581 Spiritus.
565 3509 650 3565 De
679 3507 897 3565 Christo
927 3516 1109 3566 autem
1140 3509 1339 3566 dicitur
1371 3527 1385 3564 :
1417 3510 1660 3568 Plenum
1695 3512 1893 3584 gratiae

283 3603 339 3655 et
361 3599 629 3656 veritatis
663 3600 848 3669 (Ioan.
882 3597 944 3668 1).

347 3715 679 3771 lanentem
709 3714 773 3770 in
802 3713 941 3787 ipso.
972 3713 1154 3770 Manet
1190 3713 1247 3769 in
1287 3729 1355 3770 eo
1400 3712 1651 3786 Spiritus,
1683 3729 1795 3771 non
1824 3731 1892 3771 ex

278 3818 381 3876 quo
411 3801 739 3875 baptizatus,
774 3801 873 3858 sed
903 3818 969 3859 ex
1000 3817 1108 3876 quo
1140 3810 1457 3875 conceptus.
1502 3802 1664 3873 Quod
1708 3811 1892 3860 autem

275 3889 331 3946 in
357 3891 638 3963 baptismo
666 3891 970 3959 descendit,
1005 3890 1279 3965 signiﬁcat
1320 3891 1478 3947 nobis
1509 3891 1738 3964 gratiam
1781 3892 1892 3965 spi-

277 3979 531 4036 ritualem
570 3979 630 4034 in
672 3979 943 4051 baptismo
991 3980 1126 4047 dari,
1169 3979 1367 4052 quibus
1407 3979 1464 4034 in
1510 3980 1891 4037 remissionem

278 4075 638 4140 peccatorum
666 4083 733 4123 ex
763 4082 909 4139 aqua
940 4076 993 4124 et
1020 4067 1224 4140 Spiritu
1252 4068 1590 4142 regeneratis
1626 4069 1763 4126 solet
1784 4085 1888 4125 am-

274 4155 416 4228 plior
445 4155 687 4227 Spiritus
715 4156 890 4227 gratia
917 4172 1019 4230 per
1063 4156 1469 4229 impositionem
1516 4174 1708 4214 manus
1738 4158 1888 4232 epis-

279 4245 401 4317 capi
432 4242 653 4301 caelitus
684 4243 825 4301 dari.

347 4360 525 4415 Vens.
559 4362 646 4414 11.
679 4388 749 4400 -
785 4360 863 4415 Tu
889 4374 947 4416 es
974 4359 1154 4416 Filius
1184 4376 1343 4417 meus
1362 4360 1624 4419 dilectus.
1660 4361 1887 4433 (ΒευΑ.)

272 4449 398 4505 Non
428 4447 579 4520 quod
625 4447 907 4504 nesciebat
951 4448 1199 4515 docetur,
1233 4448 1331 4504 sed
1359 4448 1517 4504 nobis
1564 4450 1711 4523 quod
1757 4447 1958 4510 cre-D

276 4537 407 4593 dere
435 4536 740 4592 debeamus
761 4536 1082 4603 ostenditur,
1106 4536 1287 4609 ipsum
1309 4536 1537 4604 scilicet,
1561 4545 1689 4607 etc.,
1712 4554 1886 4612 usque

275 4626 348 4683 ad
376 4627 524 4682 bene
554 4631 738 4681 autem
766 4625 823 4681 in
853 4625 1035 4697 specie
1083 4625 1350 4682 columbae
1393 4626 1678 4683 descendit
1709 4626 1884 4698 Spiri-

274 4723 380 4783 tus,
415 4731 541 4788 quaa
570 4713 804 4786 simplex
841 4715 1040 4770 animal
1071 4723 1126 4771 et
1154 4714 1273 4771 sine
1301 4713 1426 4771 felle
1460 4733 1474 4770 :
1507 4715 1631 4787 quia
1677 4715 1885 4789 simpli-

274 4818 370 4860 ces
399 4804 613 4876 quaerit,
644 4819 747 4859 nec
771 4802 978 4858 habitat
1004 4804 1063 4859 in
1090 4804 1362 4860 mentibus
1390 4804 1637 4876 impuris.

344 4902 517 4957 Vsus.
550 4904 638 4958 12.
660 4900 1013 4974 —Spiritus.
1047 4900 1183 4974 (11).)
1212 4903 1295 4958 Ne
1324 4900 1550 4957 dubium
1580 4901 1704 4973 quis
1733 4902 1886 4974 spiri-

272 5000 379 5057 tus,
410 4991 587 5047 Lucas
621 4990 869 5046 consulte
899 4991 1179 5061 praemittit
1209 5009 1223 5046 :
1257 4993 1389 5048 Iesu
1430 4991 1638 5064 plenus
1667 4991 1883 5064 Spiritu

274 5084 468 5136 sancto
497 5095 785 5152 regressus
824 5083 911 5136 est
936 5098 972 5137 a
1001 5081 1279 5148 Iordane;
1326 5079 1525 5136 deinde
1571 5078 1750 5134 intulit
1781 5096 1794 5133 :
1827 5084 1885 5136 et

275 5168 545 5240 agebatur
574 5186 612 5224 a
650 5168 870 5241 Spiritu
913 5168 977 5224 in
1027 5170 1331 5238 desertum,
1381 5184 1455 5225 ne
1490 5172 1728 5242 putetur
1774 5169 1883 5224 im-

273 5258 523 5314 mundus
552 5255 779 5329 spiritus
811 5255 1109 5329 quidquam
1138 5265 1326 5313 contra
1356 5274 1481 5314 eum
1508 5258 1770 5330 potuisse.

342 5373 512 5429 Vsus.
539 5375 628 5428 13.
647 5402 720 5414 -
743 5371 1127 5445 Quadraginta
1148 5372 1359 5431 diebus.
1384 5374 1516 5446 (11).)
1536 5374 1730 5429 Totum
1752 5381 1883 5430 tem-

274 5477 373 5533 pus
402 5458 698 5535 signiﬁcat,
724 5476 834 5533 quo
852 5462 1097 5518 membra
1120 5463 1239 5532 ejus
1258 5462 1504 5519 diabolus
1532 5469 1717 5518 tentat.
1743 5461 1882 5532 Qua-

276 5549 590 5622 dripartitus
621 5547 771 5605 enim
813 5550 1050 5607 mundus
1092 5567 1192 5623 per
1238 5550 1639 5607 observantiam
1688 5551 1881 5608 decem

277 5646 670 5712 puceptorum
702 5646 888 5697 contra
917 5638 1190 5698 diabolum
1220 5639 1477 5698 certando
1524 5639 1757 5699 Domino
1794 5640 1878 5698 fa-

2003 446 2218 518 Ubique
2262 454 2317 501 ct
2359 462 2577 518 semper
2604 446 2759 502 adest
2801 447 3183 515 adversarius,
3228 447 3322 519 qui
3362 446 3466 504 iter
3506 461 3608 505 no-

2003 542 2179 590 strum
2208 534 2475 607 impedire
2504 550 2617 591 non
2644 542 2844 593 cessat.

2072 625 2318 698 Eratque
2366 640 2498 680 cum
2539 625 2749 681 bestiis.
2802 624 2919 681 Nos
2970 639 3189 698 quoque
3228 623 3275 680 si
3317 624 3375 681 in
3418 640 3605 684 eremo

2002 719 2206 769 sancta:
2232 712 2664 770 conversationis
2692 713 2952 769 bestiales
2980 714 3261 770 hominum
3286 727 3471 769 mores
3497 714 3604 769 im-

2000 800 2208 873 polluta
2233 809 2418 859 mente
2442 801 2761 870 toleramus,
2784 802 3107 875 mysterium
3137 802 3462 877 angelorum
3488 817 3601 859 me-

2000 905 2209 959 remur,
2242 906 2276 947 a
2302 891 2499 964 quibus
2528 906 2761 963 corpore
2790 890 3024 948 absoluti
3053 891 3110 947 in
3136 891 3335 949 caelum
3364 890 3603 950 transfe‘

2000 994 2207 1035 ramur.

2073 1068 2242 1124 Vnus.
2277 1068 2362 1123 14.
2386 1097 2455 1109 -
2475 1070 2776 1142 Postquam
2803 1072 3017 1126 autem.
3051 1069 3238 1141 (1311).)
3268 1068 3600 1141 Accepimus

2001 1158 2237 1231 gratiam
2264 1173 2367 1230 pro
2395 1157 2597 1231 gratia,
2629 1157 2871 1214 carnalia
2900 1158 3261 1228 decollantur,
3294 1158 3601 1230 spiritualia

2001 1245 2364 1304 vivificantur.
2397 1245 2660 1303 Cessante
2688 1246 2902 1313 umbra,
2927 1247 3083 1303 adest
3102 1248 3326 1303 veritas.
3357 1247 3599 1304 Joannes

2000 1334 2059 1391 in
2095 1350 2342 1404 carcere,
2372 1334 2460 1391 lex
2489 1335 2546 1391 in
2573 1335 2782 1404 Iudaea,
2812 1336 2970 1392 Iesus
2998 1335 3053 1391 in
3083 1334 3331 1407 Galilaea,
3365 1335 3513 1393 salus
3543 1336 3600 1393 in

2001 1424 2276 1498 gentibus.

2072 1513 2415 1580 Prwdicans,
2462 1520 2567 1569 etc.
2612 1512 2825 1584 (Ηιειι.)
2868 1513 3028 1570 Beati
3058 1528 3334 1587 pauperes
3370 1512 3593 1586 spiritu,

2002 1603 2268 1676 quoniam
2310 1602 2421 1675 ipsi
2453 1600 2823 1675 possidebunt
2863 1602 3085 1673 (Matth.
3118 1600 3221 1674 v.),
3256 1609 3363 1659 etc.
3408 1602 3604 1673 Regna

2002 1698 2224 1747 terreno
2268 1690 2511 1747 succedit
2554 1697 2870 1762 paupertas,
2912 1690 3219 1763 paupertati
3256 1689 3600 1747 Christiano-

2001 1795 2119 1835 rum
2149 1784 2383 1852 regnum
2427 1779 2848 1851 sempiternum;
2891 1779 3038 1838 unde
3070 1797 3083 1834 :
3115 1781 3367 1853 Regnum
3408 1795 3599 1836 meum

2000 1885 2116 1925 non
2146 1872 2232 1925 est
2259 1867 2327 1924 de
2358 1868 2457 1927 hoc
2500 1868 2713 1926 mundo
2756 1869 2939 1941 (Ioan.
2985 1868 3153 1941 xvm)
3184 1885 3199 1924 ε
3232 1869 3410 1925 omnis
3453 1868 3598 1925 enim

1998 1958 2177 2013 honor
2204 1965 2476 2025 terrenus,
2510 1972 2725 2028 spuma,
2756 1956 2957 2024 fumus,
2991 1972 3234 2015 somnus.

2069 2046 2242 2102 VEBS.
2278 2048 2365 2102 15.
2397 2076 2467 2088 -
2494 2046 2879 2103 Pcenitemini.
2914 2046 3127 2119 (Hraa.)
3165 2045 3597 2103 Amaritudinem

1998 2134 2201 2190 radicis
2244 2134 2479 2191 dulcedo
2521 2135 2670 2206 pomi
2713 2142 3031 2207 compensat
3077 2152 3090 2190 :
3136 2133 3384 2206 pericula
3425 2135 3597 2190 maris

1997 2238 2125 2294 spes
2154 2210 2349 2294 portus
2384 2222 2639 2290 delectat,
2672 2223 2919 2280 dolorem
2956 2223 3244 2280 medicinae
3283 2238 3411 2296 spes
3440 2222 3593 2281 salu-

1996 2311 2065 2366 tis
2093 2311 2326 2383 mitigat.
2362 2310 2469 2381 Qui
2498 2311 2776 2367 desiderat
2803 2311 3077 2379 nucleum,
3110 2328 3309 2369 nucem
3337 2312 3592 2386 frangat:

1994 2399 2371 2472 paenitentiam
2410 2408 2558 2471 agat,
2593 2400 2683 2470 qui
2712 2400 2827 2455 vult
2860 2407 3068 2455 aeterno
3105 2401 3390 2457 adhaerere
3427 2401 3593 2458 bono.

1995 2488 2277 2545 Praeconia
2315 2487 2518 2544 Christi
2555 2503 2787 2544 narrare
2828 2496 3077 2559 possunt,
3111 2488 3204 2560 qui
3241 2489 3314 2544 ad
3354 2489 3596 2561 palmam

1996 2577 2349 2650 indulgentiae
2377 2576 2668 2649 pervenire
2704 2583 3042 2633 meruerunt.
3075 2576 3232 2635 Unde
3259 2585 3385 2652 post
3411 2577 3594 2651 paeni-

1995 2666 2223 2722 tentiam
2249 2665 2639 2738 praedicatores
2669 2665 2963 2739 eliguntur.

2068 2755 2239 2811 Vens.
2274 2756 2361 2810 16.
2392 2783 2462 2794 -—
2497 2754 2642 2810 Vidit
2667 2754 2970 2811 Simonem.
3003 2753 3216 2826 (Hma.)
3244 2753 3452 2822 Simon,
3483 2755 3597 2813 obe-

1997 2843 2187 2912 diens;
2245 2842 2531 2909 Andrazas,
2592 2843 2809 2911 virilis;
2866 2842 3134 2911 Iacobus,
3165 2844 3598 2917 supplantator;

1996 2932 2255 2999 Ioannes,
2295 2933 2500 3005 gratia.
2543 2930 2639 2986 His
2668 2932 2996 3001 nominibus,
3030 2940 3158 3002 etc.,
3192 2949 3366 3007 usque
3394 2932 3468 2989 ad
3495 2948 3598 3004 per

1996 3020 2346 3095 prudentiam
2375 3020 2681 3087 obedimus,
2704 3036 2806 3094 per
2818 3021 3067 3091 justitam
3096 3021 3327 3077 viriliter
3353 3020 3591 3095 agimus,

1994 3126 2097 3184 per
2132 3110 2552 3182 temperantiam
2592 3119 2877 3182 serpentes
2914 3110 3213 3180 calcamus,
3244 3127 3345 3183 per
3374 3108 3596 3167 fortitu-

1995 3199 2181 3255 dinem
2208 3199 2311 3255 Dei
2339 3199 2578 3273 gratiam
2605 3215 2901 3256 meremur.

2066 3314 2198 3385 (1ο.)
2245 3312 2422 3383 Quem
2472 3327 2584 3368 non
2632 3313 2869 3369 inebriat
2921 3314 3234 3386 eloquentia
3275 3314 3598 3372 saecularis?

1993 3401 2224 3459 Diﬂicile
2271 3400 2521 3457 homines
2564 3408 2815 3473 potentes
2836 3449 2849 3469 ,
2895 3410 2950 3457 et
2991 3402 3223 3471 nobiles,
3270 3411 3324 3459 et
3366 3403 3592 3472 divites,

1995 3498 2048 3546 et
2075 3490 2245 3547 multo
2273 3490 2360 3545 his
2388 3489 2661 3546 difﬁcilius
2691 3490 3010 3563 eloquentes
3040 3493 3269 3548 credunt
3304 3492 3441 3549 Deo.
3476 3492 3595 3549 Ob-

1993 3587 2231 3637 caecatur
2255 3593 2413 3634 mens
2458 3594 2650 3634 eorum
2679 3578 2883 3635 divitiis
2913 3588 2967 3635 et
2995 3581 3191 3651 opibus
3232 3588 3397 3654 atque
3438 3580 3596 3639 luxu-

1992 3668 2095 3737 ria,
2130 3674 2183 3723 et
2211 3667 2533 3724 circumdati
2562 3667 2708 3723 vitiis
2736 3684 2847 3724 non
2865 3677 3097 3741 possunt
3125 3669 3310 3725 videre
3341 3670 3589 3741 virtutes,

1993 3755 2504 3828 simplicitatemque
2554 3755 2850 3828 Scriptum
2905 3764 3140 3827 sanctae,
3187 3773 3298 3813 non
3349 3773 3416 3814 ex
3467 3775 3591 3815 ma-

1984 3846 2181 3916 jestate
2224 3859 2484 3901 sensuum
2503 3886 2518 3913 ,
2552 3843 2652 3901 sed
2694 3859 2760 3901 ex
2803 3844 3099 3901 verborum
3147 3845 3395 3916 iudicant
3448 3846 3583 3903 utili-

1993 3942 2104 3991 tate
2115 3973 2131 3990 .

2061 4048 2193 4122 (In.)
2237 4047 2513 4106 Vocantur
2554 4054 2791 4122 quatuor
2842 4048 3165 4122 piscatores,
3212 4047 3399 4107 Simon
3418 4095 3433 4120 ,
3477 4052 3588 4108 An-

1990 4138 2188 4206 draeas,
2237 4137 2474 4195 Iacobus
2518 4144 2571 4193 et
2612 4137 2853 4193 Joannes
2900 4155 2913 4192 :
2959 4137 3165 4195 relictis
3207 4138 3461 4195 omnibus
3503 4156 3589 4196 se-

1991 4233 2250 4299 quuntur.
2297 4226 2415 4283 Hac
2456 4226 2725 4301 quadriga
2766 4226 3017 4283 vehimur
3060 4227 3130 4283 ad
3158 4228 3393 4296 aethera,
3441 4235 3547 4286 etc.
3570 4272 3584 4298 ,

1989 4332 2166 4389 usque
2191 4315 2265 4373 ad
2290 4315 2524 4388 pellibus
2556 4315 2863 4372 Salomonis
2885 4315 3138 4388 tegimur,
3165 4316 3361 4387 quibus
3383 4331 3587 4390 sponsa

1990 4419 2051 4461 se
2079 4403 2349 4478 gloriatur
2376 4402 2692 4460 formosam.

2060 4518 2283 4592 (Βευλ.)
2327 4518 2603 4590 Quaeritur
2660 4518 2932 4592 quomodo
2978 4517 3217 4591 primum
3270 4519 3487 4575 Petrum
3532 4527 3586 4575 et

1984 4608 2263 4665 Andream
2292 4616 2347 4664 et
2373 4616 2498 4680 post
2522 4608 2776 4680 pusillum
2814 4596 3077 4664 Iacobum
3106 4616 3160 4664 et
3187 4608 3454 4664 Joannem
3484 4622 3582 4665 vo-

1985 4698 2208 4765 caverit,
2243 4698 2384 4755 sicut
2424 4704 2629 4765 narrat,
2661 4704 2790 4764 etc.,
2821 4713 2995 4771 usque
3022 4696 3097 4753 ad
3125 4703 3255 4754 tunc
3293 4697 3440 4754 enim
3467 4713 3578 4753 non

1986 4785 2267 4844 subductis
2324 4785 2395 4840 ad
2423 4793 2623 4841 terram
2686 4784 2914 4841 navibus
2976 4793 3238 4858 tanquam
3294 4800 3427 4843 cura
3482 4801 3577 4844 re-

1983 4875 2205 4944 deundi,
2248 4874 2349 4932 sed
2388 4882 2650 4946 tanquam
2690 4882 2979 4932 vocantem
3007 4883 3062 4932 et
3081 4874 3366 4946 jubentem
3408 4874 3578 4933 secuti

1985 4972 2129 5020 sunt.

2054 5082 2124 5136 Et
2148 5079 2569 5153 ingrediuntur.
2612 5079 2823 5152 (Ηιειι.)
2850 5079 3068 5137 Marcus
3111 5079 3258 5138 dicta
3287 5079 3577 5155 Evangelii

1982 5168 2039 5226 in
2082 5169 2375 5241 semetipso
2418 5169 2732 5241 disponens,
2780 5169 3029 5225 ordinem
3070 5170 3316 5227 historias
3355 5186 3468 5227 non
3497 5185 3584 5226 se-

1942 5302 1946 5307 .
1982 5265 2161 5325 cutus,
2204 5258 2594 5330 mysteriorum
2636 5258 2885 5330 ordinem
2930 5266 3132 5327 servat,
3175 5259 3321 5315 unde
3362 5259 3419 5315 in
3449 5259 3580 5315 sab-

1982 5347 2124 5403 batis
2152 5347 2389 5419 primam
2415 5347 2673 5404 virtutem
2699 5354 2887 5404 narrat
2906 5347 3094 5406 dicens
3120 5365 3133 5403 :
3155 5349 3231 5405 Et
3253 5348 3579 5421 ingrediun-

1985 5441 2097 5504 tur,
2130 5442 2234 5492 etc.

2058 5552 2474 5626 Capharnaum.
2521 5551 2654 5624 (Ιυ.)
2684 5551 3064 5625 Capharnaum
3093 5552 3216 5610 villa
3245 5547 3573 5608 consolatio-

1980 5641 2085 5708 nis,
2135 5640 2421 5701 sabbatum
2463 5641 2701 5715 requies.
2749 5641 2923 5699 Homo
2953 5642 3010 5698 in
3041 5641 3226 5713 spiritu
3270 5635 3570 5702 immundo,
