4000 6182
479 318 581 376 183

1091 319 1492 378 WALAFRIDI
1522 317 1765 376 STRABI
1796 315 1996 375 FULD.
2030 314 2201 374 MON.
2237 315 2387 374 OPP.
2413 316 2588 376 PARS
2617 319 2659 373 1.
2688 348 2756 361 —
2777 317 3247 378 TIIEOLOGICA.

3669 329 3772 382 184

482 462 659 520 genus
705 448 1024 514 humanum,
1058 447 1114 503 in
1163 464 1271 519 quo
1324 445 1683 512 immunditia,
1724 453 1862 512 etc.,
1903 461 2077 518 usque
2098 446 2153 509 Α
2184 443 2425 500 membra
2457 461 2577 519 quae
2607 443 2899 503 servierant
2929 445 3299 515 immunditiaz,
3344 448 3585 510 serviant
3622 451 3784 523 justi-

481 535 554 590 ad
583 535 795 591 Pharao
826 536 1084 591 dimissus
1113 535 1183 591 ab
1213 536 1403 602 Israel,
1458 534 1847 608 persequimur
1936 548 2079 600 cum,

480 623 735 681 diabolus
764 632 1106 699 contemptus
1138 625 1313 699 surgit
1342 624 1397 680 in
1437 623 1719 682 scandala.

548 741 770 813 (Βεω.)
818 740 978 811 Quod
1035 741 1265 798 sabbato
1313 742 1549 797 maxime
1616 749 1773 797 curat
1801 749 1854 796 et
1884 741 2065 806 docet,

482 830 721 885 ostendit
749 845 810 885 se
829 845 940 886 non
968 830 1070 884 sub
1098 830 1224 903 lege
1253 846 1397 896 esse,
1432 830 1533 885 sed
1563 845 1731 901 supra
1763 847 1777 884 :
1821 837 1874 884 et
1920 829 2083 884 docet

482 933 594 973 non
622 934 813 974 verum
843 918 1153 983 sabbatum,
1185 926 1243 973 ut
1298 918 1457 973 saluti
1519 918 1728 975 scilicet
1776 918 2079 974 animarum

481 1006 782 1073 studentes,
818 1007 889 1062 ab
919 1007 1067 1062 omni
1095 1022 1264 1078 opere
1286 1006 1492 1075 servili,
1532 1007 1587 1063 id
1608 1015 1710 1074 est,
1736 1007 1804 1061 ab
1825 1006 2080 1062 omnibus

481 1093 686 1151 illicitis
723 1095 1115 1154 abstineamus.
1412 1094 1418 1104 “

550 1210 721 1267 Vens.
752 1217 842 1270 22.
875 1218 1103 1272 —Erat
1132 1217 1306 1282 enim,
1341 1223 1446 1271 etc.
1481 1214 1703 1287 (BEDA.)
1732 1213 1937 1269 Scribae
1986 1213 2075 1267 di-

483 1300 681 1356 cebant
721 1317 841 1372 quae
871 1304 1076 1374 scripta
1104 1313 1256 1359 erant
1284 1305 1340 1359 in
1361 1305 1548 1375 Moyse
1569 1312 1622 1358 et
1640 1302 1922 1373 prophetis
1948 1303 2076 1368 ;Je-

480 1406 594 1463 sua,
627 1404 685 1450 ut
717 1397 865 1452 Deus
895 1402 950 1450 et
979 1393 1262 1459 Dominus,
1296 1393 1468 1464 ipsius
1508 1392 1681 1464 Moysi
1733 1391 1905 1447 libere
1956 1405 2077 1463 quae

481 1484 712 1540 deerant
738 1483 850 1557 legi
878 1482 1117 1538 addebat
1145 1480 1233 1536 vel
1262 1481 1630 1537 commutabat
1654 1500 1668 1546 ;
1703 1480 1846 1534 unde
1866 1480 1922 1533 in
1941 1480 2077 1534 Mat-

478 1573 622 1629 thaeo
652 1593 672 1629 :
701 1572 927 1629 Audisti
954 1572 1087 1644 quia
1114 1570 1333 1626 dictum
1362 1573 1448 1625 est
1484 1571 1756 1642 antiquis,
1808 1577 1913 1624 etc.
1966 1569 2076 1639 Ego

480 1665 674 1718 autem
695 1661 817 1717 dico
828 1660 996 1716 vobis.

546 1749 717 1805 Vnns.
750 1749 841 1807 2L.
872 1778 943 1788 —
965 1746 1107 1815 Quid
1132 1747 1308 1813 nobis,
1343 1754 1448 1802 etc.
1472 1746 1604 1817 (11).)
1633 1746 1758 1800 Non
1778 1753 1861 1801 est
1881 1744 2075 1800 hicvo-

476 1838 698 1894 luntatis
726 1835 1021 1902 confessio,
1056 1836 1153 1890 sed
1183 1835 1525 1890 necessitatis
1574 1834 1815 1889 extorsio
1866 1852 1879 1887 :

480 1943 675 1983 servus
706 1925 966 2001 fugitivus
995 1924 1172 1980 visum
1201 1923 1482 1979 dominum
1522 1924 1692 1989 timet,
1727 1930 1780 1978 et
1826 1923 1895 1977 de
1943 1938 2072 1976 ver-

478 2015 702 2072 beribus
732 2015 1081 2086 deprecatur.
1115 2013 1404 2067 Daemones
1435 2012 1580 2067 enim
1610 2012 1666 2065 in
1693 2011 1856 2067 terris
1890 2010 2075 2065 Domi-

480 2118 613 2160 num
642 2111 949 2169 cernentes,
984 2118 1044 2158 se
1084 2101 1340 2158 continuo
1390 2100 1715 2171 judicandos
1776 2099 2077 2155 credebant

473 2208 618 2251 esse.

545 2283 718 2339 Vnns.
758 2285 952 2339 25.'—
973 2274 1313 2337 Obmutescc.
1349 2280 1481 2352 (11).)
1499 2279 1750 2349 Congruo
1770 2276 2079 2333 ordinelin-

478 2387 585 2446 gua
615 2370 926 2443 serpentina
971 2386 1092 2441 quas
1129 2369 1299 2439 prima
1364 2369 1514 2424 virus
1559 2367 1772 2439 sparsit,
1832 2383 1899 2421 ne
1942 2366 2078 2420 ultra

479 2468 698 2533 spargat
726 2459 901 2531 primo
929 2457 1248 2522 obcluditur,
1284 2457 1500 2527 deinde,
1534 2464 1662 2523 etc.,
1696 2471 1869 2528 usque
1899 2454 1975 2510 ad
2023 2461 2080 2509 ut

480 2548 551 2604 sit
578 2548 723 2603 idem
754 2547 887 2603 ordo
918 2546 1323 2602 restaurationis
1349 2545 1404 2600 in
1455 2545 1709 2611 Domino,
1764 2544 1854 2616 qui
1899 2542 2081 2615 perdi-

479 2637 642 2693 tionis
672 2636 727 2691 in
757 2636 1108 2708 protoplasto.

545 2755 716 2809 Vens.
752 2756 841 2811 26.
860 2782 930 2794 --
948 2753 1297 2825 Discerpens.
1326 2752 1457 2822 (11).)
1478 2749 1577 2805 Vel
1591 2764 1918 2814 convexans,
1944 2748 2083 2803 sicut

479 2841 698 2915 quidam
728 2840 945 2897 codices
979 2840 1197 2895 habent.
1229 2840 1399 2894 Lucas
1430 2847 1606 2893 autem
1639 2836 1767 2892 dicit
1798 2837 1922 2909 quia
1946 2836 2081 2891 nihil

484 2930 535 2987 ei
563 2929 763 2986 nocuit.
795 2929 903 2985 Sed
924 2928 1067 3001 quod
1086 2929 1293 2983 Marcus
1322 2928 1414 2995 ait,
1446 2928 1790 2999 discerpcns,
1828 2926 1977 2981 idem
1998 2933 2083 2980 est

483 3018 629 3092 quod
661 3018 865 3074 Lucas:
900 3034 1030 3075 cum
1044 3018 1373 3090 projecisset
1404 3032 1533 3071 eum
1551 3018 1611 3070 in
1634 3015 1903 3070 medium.
1924 3013 2081 3082 Quod

486 3123 615 3164 vero
645 3106 867 3173 addidit,
900 3106 1159 3178 nihilque
1206 3107 1405 3161 nocuit
1461 3122 1472 3159 :
1534 3103 1941 3176 intelligendum
1999 3110 2082 3157 est

483 3196 607 3267 quia
639 3194 728 3249 illa
750 3194 966 3264 jactatio
996 3209 1105 3250 non
1152 3210 1274 3249 eum
1314 3192 1609 3248 debilitavit
1651 3210 1664 3246 :
1703 3191 1840 3246 sicut
1885 3200 2082 3247 exeunt

479 3284 755 3341 daemones
784 3283 1070 3355 amputatis
1100 3283 1187 3338 vel
1234 3281 1435 3338 avulsis
1486 3280 1753 3354 aliquibus
1794 3279 2073 3336 membris.

549 3400 680 3471 (11).)
712 3399 899 3454 Vimm
928 3414 959 3452 a
991 3397 1258 3454 daemonio
1289 3397 1593 3460 liberatum,
1626 3395 1865 3450 animum
1898 3396 1965 3449 ab
1987 3396 2083 3449 im-

487 3488 686 3544 munda
714 3485 1039 3559 cogitatione
1068 3494 1353 3558 purgatum
1382 3484 1753 3556 intelligimus.
1805 3483 2083 3539 Feminam

492 3591 621 3632 vero
649 3591 684 3632 a
726 3576 968 3632 febribus
1019 3583 1414 3647 consequenter
1468 3581 1722 3639 curatam,
1781 3588 2000 3628 carnem
2052 3588 2083 3626 a

492 3664 943 3737 concupiscentia
973 3664 1182 3721 fervore
1209 3678 1308 3737 per
1331 3662 1674 3720 continentiae
1690 3671 1959 3734 praecepta
1984 3660 2091 3723 fre:

495 3762 692 3810 naunn.

559 3870 730 3927 Vnus.
762 3871 852 3927 27.
885 3899 954 3910 —
980 3868 1256 3938 Quidnam
1289 3866 1532 3924 est?Per
1557 3881 1620 3923 ea
1649 3882 1769 3939 quae
1796 3865 1987 3921 vident
2013 3865 2081 3920 ad

478 3959 884 4031 inquisitionem
909 3974 1095 4014 eorum
1135 3973 1256 4028 qua:
1300 3957 1576 4011 audierant
1618 3955 1949 4010 excitantur.
1998 3953 2082 4009 Ad

485 4048 589 4103 hoc
615 4047 761 4102 enim
789 4054 843 4102 et
863 4046 982 4116 ipse
1014 4045 1277 4101 Dominus
1317 4045 1473 4115 signa
1510 4042 1656 4109 facit,
1707 4050 1759 4097 et
1804 4042 2082 4113 discipulis

487 4134 669 4189 facere
694 4133 860 4199 dedit,
893 4142 951 4188 ut
978 4149 1076 4204 per
1104 4133 1206 4187 hoc
1233 4131 1535 4204 Evangelio
1570 4130 1767 4186 certius
1816 4130 2078 4185 credatur.

489 4222 623 4278 dum
640 4222 730 4293 qui
778 4220 1017 4277 coelestia
1072 4221 1381 4293 promittunt
1437 4219 1687 4287 terrenis,
1745 4218 1983 4275 coelestia
2032 4226 2085 4273 et

485 4310 667 4367 divina
696 4326 861 4383 opera
887 4317 1182 4382 operentur
1211 4308 1267 4363 in
1299 4308 1472 4364 terris.

561 4438 730 4494 Vsus.
764 4439 853 4492 30.
877 4465 947 4477 —
976 4436 1048 4492 Et
1070 4437 1272 4491 statim
1291 4433 1490 4489 dicunt
1511 4434 1584 4499 ei,
1619 4440 1723 4488 etc.
1776 4432 1945 4488 Lucas
1993 4432 2081 4487 di-

485 4529 558 4584 cit
586 4527 714 4598 quia
740 4532 1063 4597 rogaverunt
1091 4537 1190 4595 pro
1237 4521 1348 4578 illa.
1410 4521 1568 4577 Modo
1625 4520 1768 4575 enim
1826 4520 2073 4576 Salvator
2106 4531 2158 4593 Ι)

485 4624 721 4687 rogatus,
753 4615 919 4671 modo
946 4613 1083 4669 ultro
1113 4619 1280 4678 curat,
1311 4618 1369 4666 ut
1398 4619 1585 4666 contra
1614 4609 1893 4666 victiorum
1944 4624 2077 4682 quo-

488 4719 595 4776 que
613 4703 915 4774 passiones,
932 4712 984 4758 et
1005 4718 1065 4757 se
1081 4701 1336 4773 precibus
1354 4698 1594 4755 fidelium
1608 4714 1825 4769 semper
1854 4699 2069 4765 adesse,

489 4799 544 4847 et
568 4807 690 4863 quae
718 4806 829 4846 non
858 4790 1243 4863 intelliguntur,
1277 4789 1364 4846 vel
1392 4787 1741 4861 intelligenda
1789 4787 1936 4856 dare,
1989 4786 2077 4843 vel

488 4895 597 4937 non
634 4878 927 4948 intellecta,
980 4878 1248 4934 dimittere
1303 4878 1392 4950 pie
1446 4876 1750 4950 petentibus
1806 4874 2071 4930 ostendat.

491 4968 645 5025 Unde
678 4986 691 5021 :
751 4968 971 5024 Delicta
1000 4969 1123 5039 quis
1169 4968 1448 5040 intelligit
1488 4967 1605 5022 ?ab
1646 4967 1881 5033 ocpultis
1922 4966 2061 5020 meis

483 5057 698 5114 munda
724 5072 814 5113 me
843 5055 1019 5128 (Psal.
1071 5055 1259 5125 xvm).

552 5172 724 5230 Vens.
756 5176 845 5229 31.
868 5172 1331 5245 —Apprehcnsa.
1356 5170 1556 5227 Socrus
1588 5169 1732 5225 Petri
1763 5168 2073 5225 febricitans

479 5262 818 5335 apprehensa
858 5277 1020 5316 manu
1046 5260 1268 5316 levatur.
1303 5260 1491 5315 Febris
1525 5257 1937 5329 intemperantia
1970 5265 2070 5326 est,

486 5350 556 5408 de
585 5366 689 5424 qua
717 5366 818 5406 nos
849 5349 944 5405 ﬁlii
989 5351 1299 5422 Synagogaa
1352 5364 1450 5420 per
1501 5363 1719 5402 manum
1773 5345 2073 5417 disciplina:

486 5448 540 5497 et
567 5439 893 5497 levationem
919 5438 1178 5495 desiderii
1208 5452 1480 5505 sanamur,
1513 5444 1562 5492 et
1595 5436 1752 5505 hujus
1780 5435 1870 5509 qui
1921 5442 2071 5489 sanat

478 5546 581 5589 nos
610 5529 679 5587 ad
706 5543 994 5601 vesperam
1022 5525 1345 5583 declinantis
1370 5541 1401 5580 a
1421 5525 1581 5582 nobis
1601 5524 1966 5580 ministramus
1984 5538 2072 5579 vo-

477 5618 682 5678 luntati.

547 5724 903 5785 Ministrabat
963 5726 1060 5781 eis.
1104 5723 1345 5797 .(Bsmq
1374 5719 1730 5794 Trop010gice
1780 5738 1793 5773 ;
1853 5719 1913 5775 Id
1968 5726 2066 5787 est,

1931 1833 2070 1889 sicut
2090 1814 2143 1874 Β

2185 528 2291 586 tim.

2255 619 2423 675 Vens.
2454 623 2541 677 32.
2572 650 2640 660 —
2669 622 2894 692 Vespere
2916 627 3128 678 autem.
3167 622 3296 695 (11).)
3348 622 3587 681 Occasus
3641 622 3779 681 solis

2181 723 2328 764 mors
2357 708 2576 764 Christi.
2602 709 2922 781 Aﬂ'erebant
2948 711 3020 767 ad
3035 728 3165 767 eum
3185 728 3377 768 omnes
3400 714 3549 768 male
3567 712 3781 769 haben-

2182 801 2284 852 tes.
2310 797 2496 853 Plures
2524 797 2668 853 enim
2699 814 2797 868 per
2818 799 3091 870 apostolos
3148 808 3272 871 post
3327 809 3554 857 mortem
3600 816 3775 856 tsuam

2180 886 2404 952 sanavit,
2437 902 2597 958 quam
2625 903 2744 943 cum
2775 888 2829 941 in
2859 903 3022 945 carne
3071 888 3260 946 vivens
3312 889 3513 946 Iudaeis
3566 890 3776 963 pradi-

2179 975 2334 1030 cavit.

2250 1063 2420 1120 Vans.
2453 1066 2633 1118 33.—
2681 1065 2763 1120 Ad
2802 1068 3068 1138 januum.
3129 1067 3340 1137 (1111111.)
3392 1069 3562 1122 Janua
3618 1068 3779 1141 regni

2178 1153 2453 1207 moraliter
2478 1154 2793 1224 pmnitentia
2823 1162 2903 1210 est
2935 1169 3058 1211 cum
3089 1153 3213 1221 fide,
3247 1172 3369 1229 quae
3396 1164 3653 1227 operatur
3689 1173 3777 1211 sa-

2176 1240 2343 1295 lutum
2370 1242 2530 1296 variis
2558 1241 2931 1315 languoribus.
2965 1243 3126 1299 Varia
3156 1243 3300 1299 enim
3330 1253 3454 1300 sunt
3481 1245 3632 1315 vitia,
3658 1244 3780 1317 qui-

2175 1330 2276 1384 bus
2305 1329 2608 1402 languescit
2635 1331 2824 1386 civitas
2880 1332 3087 1387 mundi.

2248 1418 2417 1475 Vens.
2444 1420 2531 1474 34.
2551 1402 2620 1459 —’
2643 1420 2920 1486 Quoniam
2947 1421 3206 1477 sciebant
3231 1438 3362 1477 eum
3393 1422 3618 1494 (ΒευΑ.)
3665 1423 3778 1478 Lu-

2175 1523 2270 1564 cas
2298 1507 2426 1563 dicit
2454 1507 2723 1579 apertius:
2756 1510 3005 1565 Exibunt
3033 1509 3311 1566 daemonia
3338 1528 3373 1565 a
3394 1512 3615 1574 multis,
3643 1517 3777 1578 etc.,

2175 1598 2307 1670 quia
2317 1597 2571 1652 sciebant
2581 1614 2711 1653 eum
2722 1614 2841 1654 esse
2855 1598 3159 1654 Christum.
3176 1599 3452 1654 Damonis
3462 1615 3600 1670 ergo
3627 1600 3781 1655 Chri.

2176 1694 2315 1740 stum
2348 1701 2471 1740 esse
2493 1686 2665 1740 sciunt
2694 1694 2746 1742 et
2776 1685 2966 1742 Filium
2994 1686 3113 1753 Dei,
3145 1693 3271 1753 etc.,
3317 1704 3489 1760 usque
3520 1689 3592 1743 ad
3638 1689 3781 1744 unde

2176 1774 2373 1828 Paulus
2410 1792 2423 1828 :
2453 1775 2623 1831 Nemo
2636 1776 2988 1848 principium
3000 1775 3169 1847 hujus
3190 1777 3386 1831 saeculi
3414 1779 3691 1847 cognovit.
3719 1778 3781 1833 Si

2176 1864 2329 1918 enim
2350 1864 2755 1934 cognovissent,
2767 1881 3058 1937 nunquam
3070 1866 3373 1920 Dominum
3383 1866 3578 1936 gloria
3593 1868 3783 1922 cruci-

2174 1950 2441 2020 ﬁxissent
2472 1952 2526 2020 (I
2553 1952 2673 2008 Cor.
2727 1952 2806 2023 11).

2248 2040 2418 2094 Vens.
2454 2041 2540 2094 35.
2573 2070 2642 2080 —
2671 2042 2741 2096 Et
2763 2041 3032 2098 diluculo.
3050 2041 3183 2113 (11).)
3214 2040 3365 2097 Sicut
3393 2057 3493 2112 per
3513 2057 3778 2099 occasum

2178 2127 2310 2183 solis
2354 2144 2526 2193 mors,
2576 2128 2657 2184 sic
2701 2145 2802 2200 per
2847 2129 3145 2184 diluculum
3195 2130 3530 2186 resurrectio
3559 2131 3797 2187 Cbristi~

2177 2218 2334 2286 cujus
2363 2215 2654 2272 manifesta
2683 2216 2802 2274 luce
2833 2217 2965 2272 abiit
2992 2218 3049 2271 in
3085 2218 3365 2273 desertum
3425 2220 3674 2292 gentium
3724 2229 3779 2276 et

2179 2306 2236 2361 in
2265 2303 2517 2360 fidelibus
2546 2306 2759 2372 orabat,
2788 2306 2921 2384 quia
2952 2323 3143 2362 eorum
3174 2307 3345 2364 corda
3374 2308 3446 2362 ad
3466 2308 3778 2366 orationem

2180 2393 2472 2450 excitabat.

2254 2510 2423 2565 Vnns.
2459 2513 2544 2564 38.
2569 2539 2637 2548 -
2658 2510 2739 2565 Ad
2751 2510 2849 2566 hoc
2870 2514 3025 2566 enim
3041 2514 3187 2567 veni.
3221 2511 3400 2583 (Vter.
3427 2513 3598 2585 Arn.)
3620 2515 3778 2570 Com-

2182 2599 2343 2653 mode
2372 2600 2476 2653 hoc
2507 2598 2687 2653 subdit
2717 2600 3075 2672 evangelista.
3108 2601 3301 2672 Neque
3322 2601 3468 2655 enim
3486 2601 3606 2657 solo
3628 2603 3774 2659 illius

2180 2687 2477 2743 divinitatis
2513 2687 2819 2743 auctoritas
2866 2704 2965 2759 per
3009 2690 3115 2745 hoc
3158 2690 3529 2757 adumbratur,
3583 2708 3779 2747 verum

2182 2776 2343 2831 etiam
2375 2785 2688 2846 spontaneaz
2719 2778 3091 2833 evacuationis
3133 2778 3426 2834 humilitas.
3458 2779 3635 2835 Lucas
3683 2796 3782 2835 au-

2184 2872 2312 2929 tem,
2346 2881 2453 2936 quo
2484 2866 2638 2920 verbi
2667 2866 3027 2921 oeconomiam
3057 2866 3348 2937 exprimat,
3371 2869 3443 2923 ad
3483 2868 3582 2924 hoc
3621 2873 3778 2926 enim

2183 2956 2392 3010 missus
2422 2971 2569 3020 sum,
2603 2954 2811 3010 scribit.
2847 2953 3029 3024 Quare
3060 2954 3106 3009 is
3136 2955 3309 3010 Patris
3366 2956 3436 3012 de
3500 2956 3669 3012 Verbi
3724 2959 3781 3013 in

2184 3042 2496 3098 camatione
2527 3042 2929 3114 beneplacitum
2972 3043 3312 3115 apostolatus
3358 3044 3577 3101 nomine
3624 3046 3777 3103 desi-

2185 3139 2335 3205 gnaL
2418 3176 2424 3182 .

2255 3220 2424 3275 Vens.
2441 3222 2527 3274 39.
2544 3222 2693 3276 —Et
2706 3223 3154 3293 eratprazdicans
3166 3224 3228 3278 in
3239 3225 3556 3296 synagogis.
3572 3224 3774 3295 (Bson)

2184 3309 2243 3361 In
2264 3308 2364 3364 hac
2383 3308 2768 3380 praedicatione
2806 3308 3133 3381 intelligitur
3152 3310 3319 3366 etiam
3342 3326 3521 3368 sermo
3562 3312 3659 3368 ille
3678 3314 3775 3368 ha-

2184 3396 2327 3451 bitus
2356 3396 2412 3451 in
2441 3406 2622 3452 monte
2654 3413 2817 3469 quem
2862 3397 3030 3453 refert
3080 3399 3404 3465 Matthaeus;
3454 3415 3599 3466 nam,
3646 3411 3774 3467 etc.,

2182 3501 2356 3557 usque
2384 3486 2490 3541 ad:
2512 3487 2581 3540 Et
2593 3502 2716 3541 ecce
2739 3488 2987 3559 leprosus
3032 3489 3264 3543 veniens
3315 3489 3587 3545 adorabat
3619 3505 3770 3554 eum,

2182 3574 2374 3630 dicens
2406 3594 2423 3630 :
2453 3575 2688 3631 Domine
2716 3578 2766 3631 si
2796 3578 2894 3642 vis,
2924 3581 3082 3648 potes
3111 3593 3200 3633 me
3228 3577 3507 3633 mundare
3542 3577 3766 3650 (Matth.

2183 3666 2324 3734 vm).

2254 3779 2423 3835 Vens.
2458 3780 2543 3835 ιο.
2568 3781 2717 3835 —Et
2744 3796 2894 3851 genu
2920 3782 3088 3850 ﬂexo,
3122 3788 3227 3838 etc.
3281 3781 3503 3853 (ΒευΑ.)
3544 3783 3775 3839 Humilis

2180 3867 2549 3938 pudibundus.
2584 3867 2759 3925 Debet
2788 3868 2933 3925 enim
2976 3868 3205 3941 quisque
3254 3869 3323 3925 de
3369 3871 3604 3927 maculis
3655 3873 3776 3928 vita

2182 3972 2294 4010 suae
2324 3956 2670 4022 erubescere,
2708 3958 2805 4013 sed
2834 3956 3239 4014 confessionem
3285 3959 3623 4015 verecundia
3670 3976 3779 4016 non

2182 4044 2480 4114 reprimat:
2506 4045 2755 4101 ostendat
2782 4046 2996 4110 vulnus,
3033 4047 3330 4103 remedium
3348 4056 3558 4118 poscat.

2252 4134 2463 4203 (1111111.)
2505 4134 2775 4204 Leprosus
2819 4130 3109 4207 genuflexo
3159 4136 3377 4191 Domini
3436 4136 3774 4193 voluntatem

2182 4222 2488 4292 deprecans
2516 4222 2810 4278 mundatur
2840 4224 2931 4295 qui
2960 4239 3070 4280 non
3097 4223 3214 4280 vult
3242 4231 3475 4280 mortem
3514 4235 3774 4296 peccato-

2182 4309 2279 4376 ris,
2313 4311 2431 4375 sed,
2464 4318 2590 4375 etc.,
2616 4328 2787 4383 usque
2803 4313 2875 4367 ad
2890 4332 2909 4368 :
2927 4314 3066 4368 Date
3080 4314 3497 4386 eleemosynam
3518 4334 3537 4370 :
3572 4320 3634 4371 et
3649 4331 3774 4372 ecce

2181 4402 2375 4455 omnia
2401 4400 2618 4455 munda
2645 4405 2783 4455 sunt
2815 4400 2967 4469 (Luc.
3026 4401 3130 4470 χι).

2248 4514 2470 4585 (Bson)
2492 4515 2761 4585 Leprosus
2790 4531 2965 4587 genus
2990 4516 3284 4570 humanum
3316 4515 3605 4587 signiﬁcat,
3664 4516 3776 4588 qui,

2179 4603 2477 4660 secundum
2506 4604 2724 4671 Lucam,
2773 4603 2927 4674 lepra
2971 4603 3165 4674 plenus
3213 4603 3382 4673 fuisse
3430 4605 3773 4675 perhibetur.

2180 4693 2382 4749 Omnes
2440 4694 2611 4758 enim,
2645 4708 2819 4765 usque
2848 4693 2920 4748 ad
2949 4699 3002 4747 et
3059 4708 3188 4748 vere
3244 4692 3520 4749 sacerdoti
3573 4692 3778 4749 offerre

2177 4797 2408 4853 corpora
2425 4798 2527 4836 sua
2550 4782 2791 4836 hostiam
2808 4783 3108 4848 viventem,
3126 4787 3409 4850 sanctam,
3427 4784 3537 4840 Deo
3546 4783 3777 4856 placen-

2178 4875 2293 4925 tem
2323 4870 2501 4939 (Rom.
2537 4871 2663 4939 xu).

2246 4986 2306 5040 Si
2335 4987 2417 5040 vis
2442 4990 2617 5055 potes.
2642 4985 2772 5056 (11).)
2795 4986 2853 5039 In
2882 4984 3159 5041 voluntate
3202 4985 3391 5041 tribuit
3418 4994 3771 5059 potestatem,

2174 5086 2277 5129 nec
2300 5072 2511 5127 dubitat
2542 5080 2599 5127 ut
2627 5071 2943 5128 incredulus
2978 5073 3048 5128 de
3078 5074 3352 5129 voluntate
3383 5074 3633 5139 Domini,
3679 5074 3780 5131 sed

2177 5160 2499 5218 colluvionis
2530 5177 2642 5216 suae
2671 5161 2923 5217 conscius
2952 5177 3061 5217 non
3114 5164 3413 5233 praesumit.

2245 5276 2377 5347 (11).)
2397 5276 2502 5346 Qui
2530 5276 2784 5332 exclusus
2815 5294 2847 5332 a
2876 5277 2999 5349 lege
3030 5278 3247 5334 Domini
3279 5295 3339 5335 se
3370 5286 3641 5349 potestate
3671 5295 3777 5335 cu-

2176 5366 2289 5420 rari
2321 5366 2579 5436 postulat,
2621 5382 2785 5437 supra
2827 5366 3008 5438 legem
3031 5367 3238 5436 judicat
3259 5367 3490 5440 gratiam
3520 5384 3662 5423 esse.
3715 5368 3790 5425 Ut

2172 5453 2319 5508 enim
2351 5454 2403 5509 in
2425 5454 2656 5510 Domino
2684 5455 2970 5526 potestatis
2998 5455 3314 5524 auctoritas,
3340 5455 3420 5510 sic
3450 5455 3508 5510 in
3527 5455 3622 5511 illo
3642 5454 3773 5512 fidei

2176 5543 2494 5599 constantia.

2245 5631 2415 5688 Vens.
2449 5634 2535 5688 41.
2568 5662 2637 5673 -
2668 5632 2942 5689 Extendit
2984 5649 3241 5689 manum.
3289 5632 3421 5703 (11).)
3463 5632 3771 5705 Leprosum

2174 5720 2323 5792 tangi
2350 5720 2435 5777 lex
2464 5719 2737 5792 prohibet,
2772 5721 2871 5777 sed
2888 5722 3010 5793 quia
3039 5721 3303 5778 Dominus
3330 5721 3471 5793 legis
3501 5729 3605 5785 est,
3659 5736 3778 5779 non
