  <div class='ocr_page' id='page_1' title='image "/cluster/home/n/w/nwhite01/storage/ocr_20150623/114/hvd.32044052819893/098.png"; bbox 0 0 4000 6182; ppageno 0'>
   <div class='ocr_carea' id='block_1_1' title="bbox 332 295 431 348">
    <p class='ocr_par' dir='ltr' id='par_1_1' title="bbox 332 295 431 348">
     <span class='ocr_line' id='line_1_1' title="bbox 332 295 431 348; baseline -0.02 0"><span class='ocrx_word' id='word_1_1' title='bbox 332 295 431 348; x_wconf 80' lang='grc'><strong>185</strong></span> 
     </span>
    </p>
   </div>
   <div class='ocr_carea' id='block_1_2' title="bbox 1259 286 2631 346">
    <p class='ocr_par' dir='ltr' id='par_1_2' title="bbox 1259 286 2631 346">
     <span class='ocr_line' id='line_1_2' title="bbox 1259 286 2631 346; baseline -0.001 -2"><span class='ocrx_word' id='word_1_2' title='bbox 1259 289 1530 346; x_wconf 78' lang='lat' dir='ltr'><strong>GLOSSA</strong></span> <span class='ocrx_word' id='word_1_3' title='bbox 1558 287 1966 345; x_wconf 81' lang='lat' dir='ltr'><strong>ORDINARIA.</strong></span> <span class='ocrx_word' id='word_1_4' title='bbox 2000 314 2070 329; x_wconf 88' lang='lat'><strong>--</strong></span> <span class='ocrx_word' id='word_1_5' title='bbox 2098 286 2363 345; x_wconf 81' lang='lat' dir='ltr'><strong>EVANG.</strong></span> <span class='ocrx_word' id='word_1_6' title='bbox 2396 288 2631 346; x_wconf 81' lang='lat' dir='ltr'><strong>MARCI.</strong></span> 
     </span>
    </p>
   </div>
   <div class='ocr_carea' id='block_1_3' title="bbox 3522 291 3625 346">
    <p class='ocr_par' dir='ltr' id='par_1_3' title="bbox 3522 291 3625 346">
     <span class='ocr_line' id='line_1_3' title="bbox 3522 291 3625 346; baseline 0.01 -1"><span class='ocrx_word' id='word_1_7' title='bbox 3522 291 3625 346; x_wconf 78' lang='grc'><strong>168</strong></span> 
     </span>
    </p>
   </div>
   <div class='ocr_carea' id='block_1_4' title="bbox 338 413 3625 490">
    <p class='ocr_par' dir='ltr' id='par_1_4' title="bbox 338 413 3625 490">
     <span class='ocr_line' id='line_1_4' title="bbox 338 413 3625 490; baseline -0.002 -16"><span class='ocrx_word' id='word_1_8' title='bbox 338 417 654 490; x_wconf 76' lang='lat' dir='ltr'><strong>obsequitur</strong></span> <span class='ocrx_word' id='word_1_9' title='bbox 677 416 814 487; x_wconf 89' lang='lat' dir='ltr'><strong>legi,</strong></span> <span class='ocrx_word' id='word_1_10' title='bbox 849 415 946 472; x_wconf 89' lang='lat' dir='ltr'><strong>sed</strong></span> <span class='ocrx_word' id='word_1_11' title='bbox 985 415 1165 486; x_wconf 89' lang='lat' dir='ltr'><strong>legem</strong></span> <span class='ocrx_word' id='word_1_12' title='bbox 1213 413 1357 470; x_wconf 82' lang='lat' dir='ltr'><strong>facit.</strong></span> <span class='ocrx_word' id='word_1_13' title='bbox 1404 414 1526 470; x_wconf 92' lang='lat' dir='ltr'><strong>Non</strong></span> <span class='ocrx_word' id='word_1_14' title='bbox 1575 414 1698 470; x_wconf 91' lang='lat' dir='ltr'><strong>ideo</strong></span> <span class='ocrx_word' id='word_1_15' title='bbox 1744 415 1932 485; x_wconf 79' lang='lat' dir='ltr'><strong>tangit,</strong></span> <span class='ocrx_word' id='word_1_16' title='bbox 1962 416 2018 476; x_wconf 83' lang='lat' dir='ltr'><strong>A</strong></span> <span class='ocrx_word' id='word_1_17' title='bbox 2038 414 2245 469; x_wconf 88' lang='lat' dir='ltr'><strong>ritualis</strong></span> <span class='ocrx_word' id='word_1_18' title='bbox 2273 414 2492 487; x_wconf 82' lang='lat' dir='ltr'><strong>tegitur.</strong></span> <span class='ocrx_word' id='word_1_19' title='bbox 2520 415 2661 469; x_wconf 88' lang='lat' dir='ltr'><strong>Cum</strong></span> <span class='ocrx_word' id='word_1_20' title='bbox 2693 414 2923 485; x_wconf 79' lang='lat' dir='ltr'><strong>grabato</strong></span> <span class='ocrx_word' id='word_1_21' title='bbox 2955 420 3079 470; x_wconf 89' lang='lat' dir='ltr'><strong>ante</strong></span> <span class='ocrx_word' id='word_1_22' title='bbox 3105 415 3291 470; x_wconf 88' lang='lat' dir='ltr'><strong>Jesum</strong></span> <span class='ocrx_word' id='word_1_23' title='bbox 3321 414 3625 485; x_wconf 81' lang='lat' dir='ltr'><strong>deponitur,</strong></span> 
     </span>
    </p>
   </div>
   <div class='ocr_carea' id='block_1_5' title="bbox 339 503 1931 582">
    <p class='ocr_par' dir='ltr' id='par_1_5' title="bbox 339 503 1931 582">
     <span class='ocr_line' id='line_1_5' title="bbox 339 503 1931 582; baseline -0.004 -20"><span class='ocrx_word' id='word_1_24' title='bbox 339 507 462 582; x_wconf 85' lang='lat' dir='ltr'><strong>quia</strong></span> <span class='ocrx_word' id='word_1_25' title='bbox 491 506 614 561; x_wconf 88' lang='lat' dir='ltr'><strong>sine</strong></span> <span class='ocrx_word' id='word_1_26' title='bbox 643 513 783 561; x_wconf 90' lang='lat' dir='ltr'><strong>tactu</strong></span> <span class='ocrx_word' id='word_1_27' title='bbox 810 520 995 561; x_wconf 87' lang='lat' dir='ltr'><strong>curare</strong></span> <span class='ocrx_word' id='word_1_28' title='bbox 1023 519 1132 560; x_wconf 90' lang='lat' dir='ltr'><strong>non</strong></span> <span class='ocrx_word' id='word_1_29' title='bbox 1179 511 1405 575; x_wconf 85' lang='lat' dir='ltr'><strong>poterat,</strong></span> <span class='ocrx_word' id='word_1_30' title='bbox 1454 504 1551 559; x_wconf 90' lang='lat' dir='ltr'><strong>sed</strong></span> <span class='ocrx_word' id='word_1_31' title='bbox 1599 503 1678 559; x_wconf 91' lang='lat' dir='ltr'><strong>sic</strong></span> <span class='ocrx_word' id='word_1_32' title='bbox 1722 503 1931 577; x_wconf 81' lang='lat' dir='ltr'><strong>probat,</strong></span> 
     </span>
    </p>
   </div>
   <div class='ocr_carea' id='block_1_6' title="bbox 340 594 1219 669">
    <p class='ocr_par' dir='ltr' id='par_1_6' title="bbox 340 594 1219 669">
     <span class='ocr_line' id='line_1_6' title="bbox 340 594 1219 669; baseline -0.002 -18"><span class='ocrx_word' id='word_1_33' title='bbox 340 596 465 669; x_wconf 84' lang='lat' dir='ltr'><strong>quia</strong></span> <span class='ocrx_word' id='word_1_34' title='bbox 492 594 607 668; x_wconf 89' lang='lat' dir='ltr'><strong>legi</strong></span> <span class='ocrx_word' id='word_1_35' title='bbox 636 594 912 664; x_wconf 85' lang='lat' dir='ltr'><strong>subjectus</strong></span> <span class='ocrx_word' id='word_1_36' title='bbox 942 609 1050 648; x_wconf 92' lang='lat' dir='ltr'><strong>non</strong></span> <span class='ocrx_word' id='word_1_37' title='bbox 1088 601 1219 649; x_wconf 90' lang='lat' dir='ltr'><strong>erat.</strong></span> 
     </span>
    </p>
   </div>
   <div class='ocr_carea' id='block_1_7' title="bbox 414 681 1937 755">
    <p class='ocr_par' dir='ltr' id='par_1_7' title="bbox 414 681 1937 755">
     <span class='ocr_line' id='line_1_7' title="bbox 414 681 1937 755; baseline -0.002 -14"><span class='ocrx_word' id='word_1_38' title='bbox 414 686 557 750; x_wconf 78' lang='lat' dir='ltr'><strong>Volo,</strong></span> <span class='ocrx_word' id='word_1_39' title='bbox 580 683 885 740; x_wconf 84' lang='lat' dir='ltr'><strong>mundare.</strong></span> <span class='ocrx_word' id='word_1_40' title='bbox 917 682 1046 754; x_wconf 88' lang='lat' dir='ltr'><strong>(lo.)</strong></span> <span class='ocrx_word' id='word_1_41' title='bbox 1076 682 1212 737; x_wconf 91' lang='lat' dir='ltr'><strong>Illud</strong></span> <span class='ocrx_word' id='word_1_42' title='bbox 1242 681 1506 749; x_wconf 87' lang='lat' dir='ltr'><strong>mirabile,</strong></span> <span class='ocrx_word' id='word_1_43' title='bbox 1556 697 1662 755; x_wconf 91' lang='lat' dir='ltr'><strong>quo</strong></span> <span class='ocrx_word' id='word_1_44' title='bbox 1718 690 1937 754; x_wconf 82' lang='lat' dir='ltr'><strong>rogatur</strong></span> 
     </span>
    </p>
   </div>
   <div class='ocr_carea' id='block_1_8' title="bbox 340 770 1930 846">
    <p class='ocr_par' dir='ltr' id='par_1_8' title="bbox 340 770 1930 846">
     <span class='ocr_line' id='line_1_8' title="bbox 340 770 1930 846; baseline -0.003 -16"><span class='ocrx_word' id='word_1_45' title='bbox 340 789 410 830; x_wconf 89' lang='lat' dir='ltr'><strong>eo</strong></span> <span class='ocrx_word' id='word_1_46' title='bbox 435 781 590 829; x_wconf 89' lang='lat' dir='ltr'><strong>sanat</strong></span> <span class='ocrx_word' id='word_1_47' title='bbox 614 787 840 846; x_wconf 82' lang='lat' dir='ltr'><strong>genere.</strong></span> <span class='ocrx_word' id='word_1_48' title='bbox 884 772 1023 837; x_wconf 79' lang='lat' dir='ltr'><strong>Volo,</strong></span> <span class='ocrx_word' id='word_1_49' title='bbox 1056 772 1336 828; x_wconf 86' lang='lat' dir='ltr'><strong>mundare</strong></span> <span class='ocrx_word' id='word_1_50' title='bbox 1368 791 1386 828; x_wconf 89' lang='lat'><strong><em>:</em></strong></span> <span class='ocrx_word' id='word_1_51' title='bbox 1409 776 1467 827; x_wconf 90' lang='lat' dir='ltr'><strong>et</strong></span> <span class='ocrx_word' id='word_1_52' title='bbox 1493 787 1622 826; x_wconf 88' lang='lat' dir='ltr'><strong>cum</strong></span> <span class='ocrx_word' id='word_1_53' title='bbox 1670 770 1930 837; x_wconf 72' lang='lat' dir='ltr'><strong>dixisset,</strong></span> 
     </span>
    </p>
   </div>
   <div class='ocr_carea' id='block_1_9' title="bbox 334 858 1935 932">
    <p class='ocr_par' dir='ltr' id='par_1_9' title="bbox 334 858 1935 932">
     <span class='ocr_line' id='line_1_9' title="bbox 334 858 1935 932; baseline -0.002 -15"><span class='ocrx_word' id='word_1_54' title='bbox 334 863 541 918; x_wconf 87' lang='lat' dir='ltr'><strong>statim</strong></span> <span class='ocrx_word' id='word_1_55' title='bbox 560 861 821 917; x_wconf 75' lang='lat' dir='ltr'><strong>discessit</strong></span> <span class='ocrx_word' id='word_1_56' title='bbox 842 860 909 916; x_wconf 90' lang='lat' dir='ltr'><strong>ab</strong></span> <span class='ocrx_word' id='word_1_57' title='bbox 929 876 990 916; x_wconf 91' lang='lat' dir='ltr'><strong>eo</strong></span> <span class='ocrx_word' id='word_1_58' title='bbox 1014 860 1191 932; x_wconf 81' lang='lat' dir='ltr'><strong>lepra.</strong></span> <span class='ocrx_word' id='word_1_59' title='bbox 1214 858 1362 913; x_wconf 88' lang='lat' dir='ltr'><strong>Nihil</strong></span> <span class='ocrx_word' id='word_1_60' title='bbox 1380 859 1619 914; x_wconf 91' lang='lat' dir='ltr'><strong>medium</strong></span> <span class='ocrx_word' id='word_1_61' title='bbox 1640 858 1781 915; x_wconf 91' lang='lat' dir='ltr'><strong>inter</strong></span> <span class='ocrx_word' id='word_1_62' title='bbox 1800 875 1935 930; x_wconf 89' lang='lat' dir='ltr'><strong>opus</strong></span> 
     </span>
    </p>
   </div>
   <div class='ocr_carea' id='block_1_10' title="bbox 335 947 1936 1022">
    <p class='ocr_par' dir='ltr' id='par_1_10' title="bbox 335 947 1936 1022">
     <span class='ocr_line' id='line_1_10' title="bbox 335 947 1936 1022; baseline -0.003 -15"><span class='ocrx_word' id='word_1_63' title='bbox 335 960 390 1008; x_wconf 89' lang='lat' dir='ltr'><strong>et</strong></span> <span class='ocrx_word' id='word_1_64' title='bbox 407 957 761 1022; x_wconf 88' lang='lat' dir='ltr'><strong>praceptum.</strong></span> <span class='ocrx_word' id='word_1_65' title='bbox 776 949 944 1004; x_wconf 76' lang='lat' dir='ltr'><strong>Dixit</strong></span> <span class='ocrx_word' id='word_1_66' title='bbox 961 952 1017 1004; x_wconf 88' lang='lat' dir='ltr'><strong>et</strong></span> <span class='ocrx_word' id='word_1_67' title='bbox 1033 951 1193 1020; x_wconf 81' lang='lat' dir='ltr'><strong>facta</strong></span> <span class='ocrx_word' id='word_1_68' title='bbox 1203 948 1526 1019; x_wconf 87' lang='lat' dir='ltr'><strong>sunt(Psal.</strong></span> <span class='ocrx_word' id='word_1_69' title='bbox 1546 949 1759 1017; x_wconf 77' lang='lat' dir='ltr'><strong>xxxu).</strong></span> <span class='ocrx_word' id='word_1_70' title='bbox 1773 947 1936 1004; x_wconf 87' lang='lat' dir='ltr'><strong>Vides</strong></span> 
     </span>
    </p>
   </div>
   <div class='ocr_carea' id='block_1_11' title="bbox 334 1037 1933 1113">
    <p class='ocr_par' dir='ltr' id='par_1_11' title="bbox 334 1037 1933 1113">
     <span class='ocr_line' id='line_1_11' title="bbox 334 1037 1933 1113; baseline -0.002 -18"><span class='ocrx_word' id='word_1_71' title='bbox 334 1039 463 1113; x_wconf 88' lang='lat' dir='ltr'><strong>quia</strong></span> <span class='ocrx_word' id='word_1_72' title='bbox 492 1039 741 1095; x_wconf 82' lang='lat' dir='ltr'><strong>voluntas</strong></span> <span class='ocrx_word' id='word_1_73' title='bbox 770 1044 1011 1111; x_wconf 88' lang='lat' dir='ltr'><strong>potestas</strong></span> <span class='ocrx_word' id='word_1_74' title='bbox 1042 1045 1143 1093; x_wconf 90' lang='lat' dir='ltr'><strong>est.</strong></span> <span class='ocrx_word' id='word_1_75' title='bbox 1176 1037 1377 1109; x_wconf 90' lang='lat' dir='ltr'><strong>Itaque,</strong></span> <span class='ocrx_word' id='word_1_76' title='bbox 1413 1045 1541 1103; x_wconf 89' lang='lat' dir='ltr'><strong>etc.,</strong></span> <span class='ocrx_word' id='word_1_77' title='bbox 1583 1053 1756 1109; x_wconf 86' lang='lat' dir='ltr'><strong>usque</strong></span> <span class='ocrx_word' id='word_1_78' title='bbox 1803 1037 1874 1098; x_wconf 84' lang='lat' dir='ltr'><strong>ad</strong></span> <span class='ocrx_word' id='word_1_79' title='bbox 1918 1054 1933 1092; x_wconf 90' lang='lat'><strong>:</strong></span> 
     </span>
    </p>
   </div>
   <div class='ocr_carea' id='block_1_12' title="bbox 340 1126 1938 1199">
    <p class='ocr_par' dir='ltr' id='par_1_12' title="bbox 340 1126 1938 1199">
     <span class='ocr_line' id='line_1_12' title="bbox 340 1126 1938 1199; baseline -0.003 -14"><span class='ocrx_word' id='word_1_80' title='bbox 340 1130 466 1185; x_wconf 83' lang='lat' dir='ltr'><strong>Volo</strong></span> <span class='ocrx_word' id='word_1_81' title='bbox 498 1127 646 1183; x_wconf 91' lang='lat' dir='ltr'><strong>enim</strong></span> <span class='ocrx_word' id='word_1_82' title='bbox 686 1126 817 1183; x_wconf 89' lang='lat' dir='ltr'><strong>dicit</strong></span> <span class='ocrx_word' id='word_1_83' title='bbox 860 1133 1080 1198; x_wconf 90' lang='lat' dir='ltr'><strong>propter</strong></span> <span class='ocrx_word' id='word_1_84' title='bbox 1127 1126 1394 1193; x_wconf 91' lang='lat' dir='ltr'><strong>Potinum,</strong></span> <span class='ocrx_word' id='word_1_85' title='bbox 1449 1127 1675 1198; x_wconf 90' lang='lat' dir='ltr'><strong>imperat</strong></span> <span class='ocrx_word' id='word_1_86' title='bbox 1717 1134 1938 1199; x_wconf 88' lang='lat' dir='ltr'><strong>propter</strong></span> 
     </span>
    </p>
   </div>
   <div class='ocr_carea' id='block_1_13' title="bbox 332 1214 1437 1288">
    <p class='ocr_par' dir='ltr' id='par_1_13' title="bbox 332 1214 1437 1288">
     <span class='ocr_line' id='line_1_13' title="bbox 332 1214 1437 1288; baseline -0.004 -16"><span class='ocrx_word' id='word_1_87' title='bbox 332 1217 547 1287; x_wconf 79' lang='lat' dir='ltr'><strong>Arium,</strong></span> <span class='ocrx_word' id='word_1_88' title='bbox 580 1215 751 1288; x_wconf 82' lang='lat' dir='ltr'><strong>tangit</strong></span> <span class='ocrx_word' id='word_1_89' title='bbox 793 1223 1012 1288; x_wconf 91' lang='lat' dir='ltr'><strong>pr0pter</strong></span> <span class='ocrx_word' id='word_1_90' title='bbox 1064 1214 1437 1270; x_wconf 83' lang='lat' dir='ltr'><strong>Manichaum.</strong></span> 
     </span>
    </p>
   </div>
   <div class='ocr_carea' id='block_1_14' title="bbox 405 1302 1937 1376">
    <p class='ocr_par' dir='ltr' id='par_1_14' title="bbox 405 1302 1937 1376">
     <span class='ocr_line' id='line_1_14' title="bbox 405 1302 1937 1376; baseline -0.002 -15"><span class='ocrx_word' id='word_1_91' title='bbox 405 1304 586 1361; x_wconf 74' lang='lat' dir='ltr'><strong>VERS.</strong></span> <span class='ocrx_word' id='word_1_92' title='bbox 620 1306 707 1360; x_wconf 87' lang='grc'><strong>44.</strong></span> <span class='ocrx_word' id='word_1_93' title='bbox 739 1334 809 1345; x_wconf 90' lang='grc'><strong><em>-</em></strong></span> <span class='ocrx_word' id='word_1_94' title='bbox 838 1304 980 1371; x_wconf 86' lang='lat' dir='ltr'><strong>Vide,</strong></span> <span class='ocrx_word' id='word_1_95' title='bbox 1014 1311 1116 1359; x_wconf 90' lang='lat' dir='ltr'><strong>etc.</strong></span> <span class='ocrx_word' id='word_1_96' title='bbox 1142 1302 1272 1375; x_wconf 77' lang='lat'><strong>(11).)</strong></span> <span class='ocrx_word' id='word_1_97' title='bbox 1292 1304 1412 1359; x_wconf 92' lang='lat' dir='ltr'><strong>Non</strong></span> <span class='ocrx_word' id='word_1_98' title='bbox 1443 1302 1566 1376; x_wconf 89' lang='lat' dir='ltr'><strong>quia</strong></span> <span class='ocrx_word' id='word_1_99' title='bbox 1600 1304 1766 1360; x_wconf 87' lang='lat' dir='ltr'><strong>voluit</strong></span> <span class='ocrx_word' id='word_1_100' title='bbox 1793 1304 1937 1376; x_wconf 87' lang='lat' dir='ltr'><strong>quod</strong></span> 
     </span>
    </p>
   </div>
   <div class='ocr_carea' id='block_1_15' title="bbox 328 1393 1933 1467">
    <p class='ocr_par' dir='ltr' id='par_1_15' title="bbox 328 1393 1933 1467">
     <span class='ocr_line' id='line_1_15' title="bbox 328 1393 1933 1467; baseline -0.001 -16"><span class='ocrx_word' id='word_1_101' title='bbox 328 1410 441 1451; x_wconf 90' lang='lat' dir='ltr'><strong>non</strong></span> <span class='ocrx_word' id='word_1_102' title='bbox 471 1393 669 1466; x_wconf 90' lang='lat' dir='ltr'><strong>potuit,</strong></span> <span class='ocrx_word' id='word_1_103' title='bbox 703 1393 827 1466; x_wconf 88' lang='lat' dir='ltr'><strong>quia</strong></span> <span class='ocrx_word' id='word_1_104' title='bbox 841 1395 1034 1450; x_wconf 84' lang='lat' dir='ltr'><strong>omnia</strong></span> <span class='ocrx_word' id='word_1_105' title='bbox 1053 1409 1395 1467; x_wconf 73' lang='lat' dir='ltr'><strong>quacunque</strong></span> <span class='ocrx_word' id='word_1_106' title='bbox 1416 1394 1593 1449; x_wconf 83' lang='lat' dir='ltr'><strong>voluit</strong></span> <span class='ocrx_word' id='word_1_107' title='bbox 1608 1393 1933 1464; x_wconf 86' lang='lat' dir='ltr'><strong>fecit(Psal.</strong></span> 
     </span>
    </p>
   </div>
   <div class='ocr_carea' id='block_1_16' title="bbox 320 1479 1939 1553">
    <p class='ocr_par' dir='ltr' id='par_1_16' title="bbox 320 1479 1939 1553">
     <span class='ocr_line' id='line_1_16' title="bbox 320 1479 1939 1553; baseline -0.001 -15"><span class='ocrx_word' id='word_1_108' title='bbox 320 1483 509 1553; x_wconf 79' lang='lat' dir='ltr'><strong>ann).</strong></span> <span class='ocrx_word' id='word_1_109' title='bbox 546 1482 657 1539; x_wconf 88' lang='lat' dir='ltr'><strong>Sed</strong></span> <span class='ocrx_word' id='word_1_110' title='bbox 686 1482 845 1537; x_wconf 91' lang='lat' dir='ltr'><strong>docet</strong></span> <span class='ocrx_word' id='word_1_111' title='bbox 871 1489 1052 1537; x_wconf 88' lang='lat' dir='ltr'><strong>nostra</strong></span> <span class='ocrx_word' id='word_1_112' title='bbox 1080 1479 1341 1537; x_wconf 79' lang='lat' dir='ltr'><strong>beneﬁcia</strong></span> <span class='ocrx_word' id='word_1_113' title='bbox 1369 1482 1607 1553; x_wconf 87' lang='lat' dir='ltr'><strong>reprimi,</strong></span> <span class='ocrx_word' id='word_1_114' title='bbox 1672 1497 1780 1537; x_wconf 91' lang='lat' dir='ltr'><strong>non</strong></span> <span class='ocrx_word' id='word_1_115' title='bbox 1825 1488 1939 1536; x_wconf 89' lang='lat' dir='ltr'><strong>tan-</strong></span> 
     </span>
    </p>
   </div>
   <div class='ocr_carea' id='block_1_17' title="bbox 327 1569 1651 1643">
    <p class='ocr_par' dir='ltr' id='par_1_17' title="bbox 327 1569 1651 1643">
     <span class='ocr_line' id='line_1_17' title="bbox 327 1569 1651 1643; baseline -0.002 -15"><span class='ocrx_word' id='word_1_116' title='bbox 327 1582 445 1628; x_wconf 90' lang='lat' dir='ltr'><strong>tum</strong></span> <span class='ocrx_word' id='word_1_117' title='bbox 476 1588 509 1625; x_wconf 90' lang='lat' dir='ltr'><strong>a</strong></span> <span class='ocrx_word' id='word_1_118' title='bbox 537 1570 791 1627; x_wconf 85' lang='lat' dir='ltr'><strong>mercede</strong></span> <span class='ocrx_word' id='word_1_119' title='bbox 816 1570 1082 1643; x_wconf 87' lang='lat' dir='ltr'><strong>pecunia,</strong></span> <span class='ocrx_word' id='word_1_120' title='bbox 1113 1571 1212 1626; x_wconf 93' lang='lat' dir='ltr'><strong>sed</strong></span> <span class='ocrx_word' id='word_1_121' title='bbox 1241 1569 1401 1625; x_wconf 87' lang='lat' dir='ltr'><strong>etiam</strong></span> <span class='ocrx_word' id='word_1_122' title='bbox 1444 1570 1651 1641; x_wconf 88' lang='lat' dir='ltr'><strong>gratia.</strong></span> 
     </span>
    </p>
   </div>
   <div class='ocr_carea' id='block_1_18' title="bbox 402 1658 1938 1731">
    <p class='ocr_par' dir='ltr' id='par_1_18' title="bbox 402 1658 1938 1731">
     <span class='ocr_line' id='line_1_18' title="bbox 402 1658 1938 1731; baseline -0.002 -14"><span class='ocrx_word' id='word_1_123' title='bbox 402 1661 651 1717; x_wconf 81' lang='lat' dir='ltr'><strong>Ostende</strong></span> <span class='ocrx_word' id='word_1_124' title='bbox 683 1665 755 1727; x_wconf 87' lang='lat' dir='ltr'><strong>te,</strong></span> <span class='ocrx_word' id='word_1_125' title='bbox 789 1668 893 1715; x_wconf 89' lang='lat' dir='ltr'><strong>etc.</strong></span> <span class='ocrx_word' id='word_1_126' title='bbox 926 1659 1057 1731; x_wconf 80' lang='grc' dir='ltr'><strong>(Ιο.)</strong></span> <span class='ocrx_word' id='word_1_127' title='bbox 1083 1659 1151 1714; x_wconf 90' lang='lat' dir='ltr'><strong>Ut</strong></span> <span class='ocrx_word' id='word_1_128' title='bbox 1200 1658 1464 1730; x_wconf 84' lang='lat' dir='ltr'><strong>intelligat</strong></span> <span class='ocrx_word' id='word_1_129' title='bbox 1509 1675 1618 1715; x_wconf 91' lang='lat' dir='ltr'><strong>non</strong></span> <span class='ocrx_word' id='word_1_130' title='bbox 1660 1658 1800 1729; x_wconf 81' lang='lat' dir='ltr'><strong>legis</strong></span> <span class='ocrx_word' id='word_1_131' title='bbox 1844 1673 1938 1714; x_wconf 91' lang='lat' dir='ltr'><strong>or-</strong></span> 
     </span>
    </p>
   </div>
   <div class='ocr_carea' id='block_1_19' title="bbox 2037 502 3625 575">
    <p class='ocr_par' dir='ltr' id='par_1_19' title="bbox 2037 502 3625 575">
     <span class='ocr_line' id='line_1_19' title="bbox 2037 502 3625 575; baseline 0.001 -17"><span class='ocrx_word' id='word_1_132' title='bbox 2037 504 2162 575; x_wconf 88' lang='lat' dir='ltr'><strong>quia</strong></span> <span class='ocrx_word' id='word_1_133' title='bbox 2191 519 2525 575; x_wconf 82' lang='lat' dir='ltr'><strong>cognoscere</strong></span> <span class='ocrx_word' id='word_1_134' title='bbox 2567 503 2751 559; x_wconf 85' lang='lat' dir='ltr'><strong>Jesum</strong></span> <span class='ocrx_word' id='word_1_135' title='bbox 2797 503 2960 560; x_wconf 89' lang='lat' dir='ltr'><strong>debet</strong></span> <span class='ocrx_word' id='word_1_136' title='bbox 3003 503 3161 565; x_wconf 87' lang='lat' dir='ltr'><strong>etiam</strong></span> <span class='ocrx_word' id='word_1_137' title='bbox 3211 502 3267 558; x_wconf 90' lang='lat' dir='ltr'><strong>in</strong></span> <span class='ocrx_word' id='word_1_138' title='bbox 3316 519 3477 561; x_wconf 88' lang='lat' dir='ltr'><strong>carne</strong></span> <span class='ocrx_word' id='word_1_139' title='bbox 3523 505 3625 560; x_wconf 87' lang='lat' dir='ltr'><strong>hac</strong></span> 
     </span>
    </p>
   </div>
   <div class='ocr_carea' id='block_1_20' title="bbox 2035 594 2377 648">
    <p class='ocr_par' dir='ltr' id='par_1_20' title="bbox 2035 594 2377 648">
     <span class='ocr_line' id='line_1_20' title="bbox 2035 594 2377 648; baseline 0.003 -1"><span class='ocrx_word' id='word_1_140' title='bbox 2035 594 2377 648; x_wconf 88' lang='lat' dir='ltr'><strong>constitutus.</strong></span> 
     </span>
    </p>
   </div>
   <div class='ocr_carea' id='block_1_21' title="bbox 2112 680 3629 753">
    <p class='ocr_par' dir='ltr' id='par_1_21' title="bbox 2112 680 3629 753">
     <span class='ocr_line' id='line_1_21' title="bbox 2112 680 3629 753; baseline 0 -17"><span class='ocrx_word' id='word_1_141' title='bbox 2112 682 2282 737; x_wconf 78' lang='lat' dir='ltr'><strong>Vens.</strong></span> <span class='ocrx_word' id='word_1_142' title='bbox 2316 684 2369 737; x_wconf 83' lang='lat'><strong>5.</strong></span> <span class='ocrx_word' id='word_1_143' title='bbox 2405 713 2475 722; x_wconf 92' lang='lat'>—</span> <span class='ocrx_word' id='word_1_144' title='bbox 2507 683 2646 738; x_wconf 85' lang='lat' dir='ltr'><strong>Cum</strong></span> <span class='ocrx_word' id='word_1_145' title='bbox 2660 686 2853 739; x_wconf 85' lang='lat' dir='ltr'><strong>autem</strong></span> <span class='ocrx_word' id='word_1_146' title='bbox 2870 681 3123 739; x_wconf 80' lang='lat' dir='ltr'><strong>vidisset.</strong></span> <span class='ocrx_word' id='word_1_147' title='bbox 3143 680 3512 753; x_wconf 83' lang='lat' dir='ltr'><strong>(In.)Multum</strong></span> <span class='ocrx_word' id='word_1_148' title='bbox 3539 696 3629 737; x_wconf 88' lang='lat' dir='ltr'><strong>va-</strong></span> 
     </span>
    </p>
   </div>
   <div class='ocr_carea' id='block_1_22' title="bbox 2035 770 3627 842">
    <p class='ocr_par' dir='ltr' id='par_1_22' title="bbox 2035 770 3627 842">
     <span class='ocr_line' id='line_1_22' title="bbox 2035 770 3627 842; baseline 0.001 -18"><span class='ocrx_word' id='word_1_149' title='bbox 2035 770 2109 826; x_wconf 88' lang='lat' dir='ltr'><strong>let</strong></span> <span class='ocrx_word' id='word_1_150' title='bbox 2138 771 2281 841; x_wconf 89' lang='lat' dir='ltr'><strong>apud</strong></span> <span class='ocrx_word' id='word_1_151' title='bbox 2329 772 2503 826; x_wconf 90' lang='lat' dir='ltr'><strong>Deum</strong></span> <span class='ocrx_word' id='word_1_152' title='bbox 2560 770 2699 827; x_wconf 87' lang='lat' dir='ltr'><strong>fides</strong></span> <span class='ocrx_word' id='word_1_153' title='bbox 2750 772 2989 842; x_wconf 89' lang='lat' dir='ltr'><strong>propria,</strong></span> <span class='ocrx_word' id='word_1_154' title='bbox 3047 770 3139 826; x_wconf 90' lang='lat' dir='ltr'><strong>ubi</strong></span> <span class='ocrx_word' id='word_1_155' title='bbox 3197 778 3408 826; x_wconf 89' lang='lat' dir='ltr'><strong>tantum</strong></span> <span class='ocrx_word' id='word_1_156' title='bbox 3462 770 3627 826; x_wconf 88' lang='lat' dir='ltr'><strong>valuit</strong></span> 
     </span>
    </p>
   </div>
   <div class='ocr_carea' id='block_1_23' title="bbox 2036 859 3623 930">
    <p class='ocr_par' dir='ltr' id='par_1_23' title="bbox 2036 859 3623 930">
     <span class='ocr_line' id='line_1_23' title="bbox 2036 859 3623 930; baseline 0 -16"><span class='ocrx_word' id='word_1_157' title='bbox 2036 859 2213 914; x_wconf 86' lang='lat' dir='ltr'><strong>aliena</strong></span> <span class='ocrx_word' id='word_1_158' title='bbox 2244 878 2259 926; x_wconf 92' lang='lat'><strong>;</strong></span> <span class='ocrx_word' id='word_1_159' title='bbox 2291 868 2349 914; x_wconf 90' lang='lat' dir='ltr'><strong>ut</strong></span> <span class='ocrx_word' id='word_1_160' title='bbox 2376 860 2538 915; x_wconf 89' lang='lat' dir='ltr'><strong>homo</strong></span> <span class='ocrx_word' id='word_1_161' title='bbox 2567 860 2791 915; x_wconf 86' lang='lat' dir='ltr'><strong>interius</strong></span> <span class='ocrx_word' id='word_1_162' title='bbox 2821 868 2874 914; x_wconf 90' lang='lat' dir='ltr'><strong>et</strong></span> <span class='ocrx_word' id='word_1_163' title='bbox 2891 860 3129 915; x_wconf 85' lang='lat' dir='ltr'><strong>exterius</strong></span> <span class='ocrx_word' id='word_1_164' title='bbox 3144 866 3366 914; x_wconf 88' lang='lat' dir='ltr'><strong>sanatus</strong></span> <span class='ocrx_word' id='word_1_165' title='bbox 3395 866 3623 930; x_wconf 87' lang='lat' dir='ltr'><strong>repente</strong></span> 
     </span>
    </p>
   </div>
   <div class='ocr_carea' id='block_1_24' title="bbox 2036 947 3627 1021">
    <p class='ocr_par' dir='ltr' id='par_1_24' title="bbox 2036 947 3627 1021">
     <span class='ocr_line' id='line_1_24' title="bbox 2036 947 3627 1021; baseline 0 -18"><span class='ocrx_word' id='word_1_166' title='bbox 2036 956 2372 1021; x_wconf 84' lang='lat' dir='ltr'><strong>exsurgeret,</strong></span> <span class='ocrx_word' id='word_1_167' title='bbox 2404 948 2741 1020; x_wconf 89' lang='lat' dir='ltr'><strong>aliorumque</strong></span> <span class='ocrx_word' id='word_1_168' title='bbox 2768 948 2980 1004; x_wconf 86' lang='lat' dir='ltr'><strong>meritis</strong></span> <span class='ocrx_word' id='word_1_169' title='bbox 3008 962 3110 1003; x_wconf 89' lang='lat' dir='ltr'><strong>sua</strong></span> <span class='ocrx_word' id='word_1_170' title='bbox 3151 947 3203 1002; x_wconf 92' lang='lat' dir='ltr'><strong>ei</strong></span> <span class='ocrx_word' id='word_1_171' title='bbox 3247 947 3627 1003; x_wconf 82' lang='lat' dir='ltr'><strong>relaxarentur</strong></span> 
     </span>
    </p>
   </div>
   <div class='ocr_carea' id='block_1_25' title="bbox 2036 1045 2235 1092">
    <p class='ocr_par' dir='ltr' id='par_1_25' title="bbox 2036 1045 2235 1092">
     <span class='ocr_line' id='line_1_25' title="bbox 2036 1045 2235 1092; baseline 0.005 -1"><span class='ocrx_word' id='word_1_172' title='bbox 2036 1045 2235 1092; x_wconf 89' lang='lat' dir='ltr'><strong>errata.</strong></span> 
     </span>
    </p>
   </div>
   <div class='ocr_carea' id='block_1_26' title="bbox 2108 1124 3627 1197">
    <p class='ocr_par' dir='ltr' id='par_1_26' title="bbox 2108 1124 3627 1197">
     <span class='ocr_line' id='line_1_26' title="bbox 2108 1124 3627 1197; baseline -0.001 -16"><span class='ocrx_word' id='word_1_173' title='bbox 2108 1127 2236 1181; x_wconf 83' lang='lat' dir='ltr'><strong>Fili.</strong></span> <span class='ocrx_word' id='word_1_174' title='bbox 2268 1124 2401 1180; x_wconf 82' lang='lat' dir='ltr'><strong>Mira</strong></span> <span class='ocrx_word' id='word_1_175' title='bbox 2431 1124 2726 1192; x_wconf 85' lang='lat' dir='ltr'><strong>humilitas,</strong></span> <span class='ocrx_word' id='word_1_176' title='bbox 2759 1125 3076 1197; x_wconf 88' lang='lat' dir='ltr'><strong>despectum</strong></span> <span class='ocrx_word' id='word_1_177' title='bbox 3107 1124 3179 1179; x_wconf 91' lang='lat' dir='ltr'><strong>ab</strong></span> <span class='ocrx_word' id='word_1_178' title='bbox 3207 1125 3482 1192; x_wconf 89' lang='lat' dir='ltr'><strong>omnibus,</strong></span> <span class='ocrx_word' id='word_1_179' title='bbox 3513 1124 3627 1179; x_wconf 89' lang='lat' dir='ltr'><strong>dis-</strong></span> 
     </span>
    </p>
   </div>
   <div class='ocr_carea' id='block_1_27' title="bbox 2039 1212 3622 1281">
    <p class='ocr_par' dir='ltr' id='par_1_27' title="bbox 2039 1212 3622 1281">
     <span class='ocr_line' id='line_1_27' title="bbox 2039 1212 3622 1281; baseline 0.001 -13"><span class='ocrx_word' id='word_1_180' title='bbox 2039 1213 2274 1270; x_wconf 88' lang='lat' dir='ltr'><strong>solutum</strong></span> <span class='ocrx_word' id='word_1_181' title='bbox 2304 1213 2429 1269; x_wconf 89' lang='lat' dir='ltr'><strong>totis</strong></span> <span class='ocrx_word' id='word_1_182' title='bbox 2459 1214 2706 1281; x_wconf 82' lang='lat' dir='ltr'><strong>artubus,</strong></span> <span class='ocrx_word' id='word_1_183' title='bbox 2740 1212 2910 1268; x_wconf 87' lang='lat' dir='ltr'><strong>filium</strong></span> <span class='ocrx_word' id='word_1_184' title='bbox 2940 1221 3118 1270; x_wconf 89' lang='lat' dir='ltr'><strong>vocat.</strong></span> <span class='ocrx_word' id='word_1_185' title='bbox 3151 1216 3258 1269; x_wconf 84' lang='lat' dir='ltr'><strong>Aut</strong></span> <span class='ocrx_word' id='word_1_186' title='bbox 3287 1220 3434 1270; x_wconf 90' lang='lat' dir='ltr'><strong>certe</strong></span> <span class='ocrx_word' id='word_1_187' title='bbox 3477 1212 3622 1279; x_wconf 90' lang='lat' dir='ltr'><strong>ideo,</strong></span> 
     </span>
    </p>
   </div>
   <div class='ocr_carea' id='block_1_28' title="bbox 2038 1302 2910 1377">
    <p class='ocr_par' dir='ltr' id='par_1_28' title="bbox 2038 1302 2910 1377">
     <span class='ocr_line' id='line_1_28' title="bbox 2038 1302 2910 1377; baseline -0.001 -19"><span class='ocrx_word' id='word_1_188' title='bbox 2038 1303 2165 1377; x_wconf 84' lang='lat' dir='ltr'><strong>quia</strong></span> <span class='ocrx_word' id='word_1_189' title='bbox 2193 1302 2536 1357; x_wconf 89' lang='lat' dir='ltr'><strong>dimittuntur</strong></span> <span class='ocrx_word' id='word_1_190' title='bbox 2574 1302 2624 1358; x_wconf 91' lang='lat' dir='ltr'><strong>ei</strong></span> <span class='ocrx_word' id='word_1_191' title='bbox 2668 1310 2910 1374; x_wconf 87' lang='lat' dir='ltr'><strong>peccata.</strong></span> 
     </span>
    </p>
   </div>
   <div class='ocr_carea' id='block_1_29' title="bbox 2108 1418 3621 1492">
    <p class='ocr_par' dir='ltr' id='par_1_29' title="bbox 2108 1418 3621 1492">
     <span class='ocr_line' id='line_1_29' title="bbox 2108 1418 3621 1492; baseline -0.001 -17"><span class='ocrx_word' id='word_1_192' title='bbox 2108 1420 2278 1475; x_wconf 73' lang='lat' dir='ltr'><strong>Vsus.</strong></span> <span class='ocrx_word' id='word_1_193' title='bbox 2298 1423 2349 1475; x_wconf 88' lang='lat'><strong>6.</strong></span> <span class='ocrx_word' id='word_1_194' title='bbox 2386 1448 2457 1460; x_wconf 90' lang='lat'><strong>--</strong></span> <span class='ocrx_word' id='word_1_195' title='bbox 2493 1420 2881 1476; x_wconf 86' lang='lat' dir='ltr'><strong>Dimittuntur</strong></span> <span class='ocrx_word' id='word_1_196' title='bbox 2926 1419 3027 1475; x_wconf 86' lang='lat' dir='ltr'><strong>tibi</strong></span> <span class='ocrx_word' id='word_1_197' title='bbox 3064 1423 3318 1492; x_wconf 89' lang='lat' dir='ltr'><strong>peccata.</strong></span> <span class='ocrx_word' id='word_1_198' title='bbox 3366 1418 3621 1475; x_wconf 83' lang='lat' dir='ltr'><strong>Ostendit</strong></span> 
     </span>
    </p>
   </div>
   <div class='ocr_carea' id='block_1_30' title="bbox 2037 1507 3628 1581">
    <p class='ocr_par' dir='ltr' id='par_1_30' title="bbox 2037 1507 3628 1581">
     <span class='ocr_line' id='line_1_30' title="bbox 2037 1507 3628 1581; baseline -0.001 -18"><span class='ocrx_word' id='word_1_199' title='bbox 2037 1517 2257 1581; x_wconf 88' lang='lat' dir='ltr'><strong>propter</strong></span> <span class='ocrx_word' id='word_1_200' title='bbox 2280 1516 2509 1581; x_wconf 90' lang='lat' dir='ltr'><strong>peccata</strong></span> <span class='ocrx_word' id='word_1_201' title='bbox 2537 1508 2705 1564; x_wconf 90' lang='lat' dir='ltr'><strong>fuisse</strong></span> <span class='ocrx_word' id='word_1_202' title='bbox 2736 1508 2926 1564; x_wconf 88' lang='lat' dir='ltr'><strong>morbo</strong></span> <span class='ocrx_word' id='word_1_203' title='bbox 2941 1523 3285 1579; x_wconf 87' lang='lat' dir='ltr'><strong>percussum,</strong></span> <span class='ocrx_word' id='word_1_204' title='bbox 3307 1514 3361 1563; x_wconf 89' lang='lat' dir='ltr'><strong>et</strong></span> <span class='ocrx_word' id='word_1_205' title='bbox 3375 1507 3500 1563; x_wconf 93' lang='lat' dir='ltr'><strong>ideo</strong></span> <span class='ocrx_word' id='word_1_206' title='bbox 3518 1522 3628 1563; x_wconf 90' lang='lat' dir='ltr'><strong>non</strong></span> 
     </span>
    </p>
   </div>
   <div class='ocr_carea' id='block_1_31' title="bbox 2035 1595 3627 1670">
    <p class='ocr_par' dir='ltr' id='par_1_31' title="bbox 2035 1595 3627 1670">
     <span class='ocr_line' id='line_1_31' title="bbox 2035 1595 3627 1670; baseline -0.001 -17"><span class='ocrx_word' id='word_1_207' title='bbox 2035 1613 2201 1670; x_wconf 91' lang='lat' dir='ltr'><strong>posse</strong></span> <span class='ocrx_word' id='word_1_208' title='bbox 2231 1598 2409 1653; x_wconf 88' lang='lat' dir='ltr'><strong>sanari</strong></span> <span class='ocrx_word' id='word_1_209' title='bbox 2439 1598 2545 1652; x_wconf 91' lang='lat' dir='ltr'><strong>nisi</strong></span> <span class='ocrx_word' id='word_1_210' title='bbox 2574 1598 2725 1669; x_wconf 88' lang='lat' dir='ltr'><strong>prius</strong></span> <span class='ocrx_word' id='word_1_211' title='bbox 2757 1597 2843 1652; x_wconf 91' lang='lat' dir='ltr'><strong>his</strong></span> <span class='ocrx_word' id='word_1_212' title='bbox 2874 1596 3136 1652; x_wconf 88' lang='lat' dir='ltr'><strong>dimissis.</strong></span> <span class='ocrx_word' id='word_1_213' title='bbox 3161 1596 3310 1652; x_wconf 89' lang='lat' dir='ltr'><strong>Sicut</strong></span> <span class='ocrx_word' id='word_1_214' title='bbox 3329 1595 3627 1667; x_wconf 85' lang='lat' dir='ltr'><strong>paralytico</strong></span> 
     </span>
    </p>
   </div>
   <div class='ocr_carea' id='block_1_32' title="bbox 2038 1687 3624 1758">
    <p class='ocr_par' dir='ltr' id='par_1_32' title="bbox 2038 1687 3624 1758">
     <span class='ocr_line' id='line_1_32' title="bbox 2038 1687 3624 1758; baseline 0 -17"><span class='ocrx_word' id='word_1_215' title='bbox 2038 1687 2109 1742; x_wconf 88' lang='lat' dir='ltr'><strong>ad</strong></span> <span class='ocrx_word' id='word_1_216' title='bbox 2126 1687 2393 1758; x_wconf 86' lang='lat' dir='ltr'><strong>piscinam</strong></span> <span class='ocrx_word' id='word_1_217' title='bbox 2414 1704 2427 1741; x_wconf 88' lang='lat'><strong>:</strong></span> <span class='ocrx_word' id='word_1_218' title='bbox 2447 1689 2585 1743; x_wconf 86' lang='lat' dir='ltr'><strong>Ecce</strong></span> <span class='ocrx_word' id='word_1_219' title='bbox 2600 1703 2776 1743; x_wconf 87' lang='lat' dir='ltr'><strong>sanus</strong></span> <span class='ocrx_word' id='word_1_220' title='bbox 2787 1689 2979 1757; x_wconf 84' lang='lat' dir='ltr'><strong>factus</strong></span> <span class='ocrx_word' id='word_1_221' title='bbox 2999 1702 3075 1752; x_wconf 87' lang='lat' dir='ltr'><strong>es,</strong></span> <span class='ocrx_word' id='word_1_222' title='bbox 3088 1688 3216 1757; x_wconf 88' lang='lat' dir='ltr'><strong>jam</strong></span> <span class='ocrx_word' id='word_1_223' title='bbox 3230 1687 3351 1741; x_wconf 85' lang='lat' dir='ltr'><strong>noli</strong></span> <span class='ocrx_word' id='word_1_224' title='bbox 3366 1700 3624 1757; x_wconf 79' lang='lat' dir='ltr'><strong>peccare,</strong></span> 
     </span>
    </p>
   </div>
   <div class='ocr_carea' id='block_1_33' title="bbox 328 1748 3629 1849">
    <p class='ocr_par' dir='ltr' id='par_1_33' title="bbox 328 1748 3629 1849">
     <span class='ocr_line' id='line_1_33' title="bbox 328 1748 3629 1849; baseline -0.006 -1"><span class='ocrx_word' id='word_1_225' title='bbox 328 1751 484 1849; x_wconf 45' lang='lat' dir='ltr'><strong>gige’</strong></span> <span class='ocrx_word' id='word_1_226' title='bbox 520 1749 621 1849; x_wconf 55' lang='grc'><strong>⁵⁸9</strong></span> <span class='ocrx_word' id='word_1_227' title='bbox 636 1748 820 1849; x_wconf 44' lang='lat' dir='ltr'><strong>ﬂia“?</strong></span> <span class='ocrx_word' id='word_1_228' title='bbox 848 1764 968 1849; x_wconf 39' lang='lat' dir='ltr'><strong>quin</strong></span> <span class='ocrx_word' id='word_1_229' title='bbox 995 1763 1162 1849; x_wconf 37' lang='lat' dir='ltr'><strong>59p,“</strong></span> <span class='ocrx_word' id='word_1_230' title='bbox 1188 1748 1239 1847; x_wconf 59' lang='lat'><strong>1.6</strong></span> <span class='ocrx_word' id='word_1_231' title='bbox 1241 1764 1367 1818; x_wconf 66' lang='lat' dir='ltr'><strong>gem</strong></span> <span class='ocrx_word' id='word_1_232' title='bbox 1398 1755 1482 1849; x_wconf 50' lang='lat'><strong>8,“</strong></span> <span class='ocrx_word' id='word_1_233' title='bbox 1508 1763 1631 1803; x_wconf 70' lang='lat' dir='ltr'><strong>esse</strong></span> <span class='ocrx_word' id='word_1_234' title='bbox 1669 1755 1929 1849; x_wconf 39' lang='lat' dir='ltr'><strong>“Fidum:</strong></span> <span class='ocrx_word' id='word_1_235' title='bbox 1952 1774 2006 1836; x_wconf 91' lang='lat' dir='ltr'>B</span> <span class='ocrx_word' id='word_1_236' title='bbox 2035 1792 2107 1832; x_wconf 89' lang='lat' dir='ltr'><strong>ne</strong></span> <span class='ocrx_word' id='word_1_237' title='bbox 2126 1748 2387 1832; x_wconf 44' lang='lat' dir='ltr'><strong>.deterius</strong></span> <span class='ocrx_word' id='word_1_238' title='bbox 2418 1748 3024 1848; x_wconf 59' lang='lat' dir='ltr'><strong>tibicontingatann.</strong></span> <span class='ocrx_word' id='word_1_239' title='bbox 3045 1748 3629 1845; x_wconf 42' lang='lat' dir='ltr'><strong>(Brimo-Quinque</strong></span> 
     </span>
    </p>
   </div>
   <div class='ocr_carea' id='block_1_34' title="bbox 329 1836 3631 1919">
    <p class='ocr_par' dir='ltr' id='par_1_34' title="bbox 329 1836 3631 1919">
     <span class='ocr_line' id='line_1_34' title="bbox 329 1836 3631 1919; baseline -0.002 3"><span class='ocrx_word' id='word_1_240' title='bbox 329 1838 550 1897; x_wconf 43' lang='lat' dir='ltr'><strong>058m;</strong></span> <span class='ocrx_word' id='word_1_241' title='bbox 574 1838 745 1907; x_wconf 57' lang='lat' dir='ltr'><strong>iube&quot;</strong></span> <span class='ocrx_word' id='word_1_242' title='bbox 768 1845 826 1892; x_wconf 65' lang='grc' dir='ltr'>ω</span> <span class='ocrx_word' id='word_1_243' title='bbox 855 1837 1107 1893; x_wconf 54' lang='lat' dir='ltr'><strong>“tendat</strong></span> <span class='ocrx_word' id='word_1_244' title='bbox 1127 1837 1251 1909; x_wconf 68' lang='lat' dir='ltr'>quia</span> <span class='ocrx_word' id='word_1_245' title='bbox 1282 1851 1390 1891; x_wconf 72' lang='lat' dir='ltr'><strong>non</strong></span> <span class='ocrx_word' id='word_1_246' title='bbox 1418 1836 1599 1907; x_wconf 69' lang='lat' dir='ltr'><strong>legem</strong></span> <span class='ocrx_word' id='word_1_247' title='bbox 1625 1837 1802 1903; x_wconf 62' lang='grc' dir='ltr'><strong>δοινίίν</strong></span> <span class='ocrx_word' id='word_1_248' title='bbox 1837 1837 1934 1893; x_wconf 69' lang='lat' dir='ltr'><strong>sed</strong></span> <span class='ocrx_word' id='word_1_249' title='bbox 2038 1864 2106 1919; x_wconf 90' lang='lat' dir='ltr'><strong>de</strong></span> <span class='ocrx_word' id='word_1_250' title='bbox 2134 1864 2315 1919; x_wconf 87' lang='lat' dir='ltr'><strong>causis</strong></span> <span class='ocrx_word' id='word_1_251' title='bbox 2344 1836 2648 1919; x_wconf 71' lang='lat' dir='ltr'><strong>afficiuntur</strong></span> <span class='ocrx_word' id='word_1_252' title='bbox 2678 1836 2927 1919; x_wconf 72' lang='lat' dir='ltr'><strong>homines</strong></span> <span class='ocrx_word' id='word_1_253' title='bbox 2957 1836 3224 1919; x_wconf 76' lang='lat' dir='ltr'><strong>molestiis</strong></span> <span class='ocrx_word' id='word_1_254' title='bbox 3270 1836 3471 1919; x_wconf 73' lang='lat' dir='ltr'><strong>carnis.</strong></span> <span class='ocrx_word' id='word_1_255' title='bbox 3521 1836 3631 1917; x_wconf 71' lang='grc' dir='ltr'><strong>Ᾱιιι</strong></span> 
     </span>
    </p>
   </div>
   <div class='ocr_carea' id='block_1_35' title="bbox 327 1924 1935 1999">
    <p class='ocr_par' dir='ltr' id='par_1_35' title="bbox 327 1924 1935 1999">
     <span class='ocr_line' id='line_1_35' title="bbox 327 1924 1935 1999; baseline -0.002 -15"><span class='ocrx_word' id='word_1_256' title='bbox 327 1928 544 1999; x_wconf 87' lang='lat' dir='ltr'><strong>implet,</strong></span> <span class='ocrx_word' id='word_1_257' title='bbox 578 1926 706 1981; x_wconf 90' lang='lat' dir='ltr'><strong>dum</strong></span> <span class='ocrx_word' id='word_1_258' title='bbox 732 1925 1028 1981; x_wconf 90' lang='lat' dir='ltr'><strong>secundum</strong></span> <span class='ocrx_word' id='word_1_259' title='bbox 1058 1925 1239 1997; x_wconf 84' lang='lat' dir='ltr'><strong>legem</strong></span> <span class='ocrx_word' id='word_1_260' title='bbox 1264 1924 1522 1997; x_wconf 90' lang='lat' dir='ltr'><strong>gradiens</strong></span> <span class='ocrx_word' id='word_1_261' title='bbox 1553 1941 1713 1995; x_wconf 89' lang='lat' dir='ltr'><strong>supra</strong></span> <span class='ocrx_word' id='word_1_262' title='bbox 1754 1926 1935 1998; x_wconf 87' lang='lat' dir='ltr'><strong>legem</strong></span> 
     </span>
    </p>
   </div>
   <div class='ocr_carea' id='block_1_36' title="bbox 328 2013 1937 2088">
    <p class='ocr_par' dir='ltr' id='par_1_36' title="bbox 328 2013 1937 2088">
     <span class='ocr_line' id='line_1_36' title="bbox 328 2013 1937 2088; baseline -0.002 -15"><span class='ocrx_word' id='word_1_263' title='bbox 328 2024 508 2083; x_wconf 88' lang='lat' dir='ltr'><strong>sanat,</strong></span> <span class='ocrx_word' id='word_1_264' title='bbox 541 2030 681 2088; x_wconf 90' lang='lat' dir='ltr'><strong>quos</strong></span> <span class='ocrx_word' id='word_1_265' title='bbox 706 2013 947 2070; x_wconf 87' lang='lat' dir='ltr'><strong>remedia</strong></span> <span class='ocrx_word' id='word_1_266' title='bbox 972 2013 1112 2085; x_wconf 87' lang='lat' dir='ltr'><strong>legis</strong></span> <span class='ocrx_word' id='word_1_267' title='bbox 1140 2029 1248 2069; x_wconf 90' lang='lat' dir='ltr'><strong>non</strong></span> <span class='ocrx_word' id='word_1_268' title='bbox 1279 2014 1559 2069; x_wconf 89' lang='lat' dir='ltr'><strong>sanabant.</strong></span> <span class='ocrx_word' id='word_1_269' title='bbox 1606 2015 1722 2070; x_wconf 90' lang='lat' dir='ltr'><strong>Nec</strong></span> <span class='ocrx_word' id='word_1_270' title='bbox 1773 2014 1937 2070; x_wconf 84' lang='lat' dir='ltr'><strong>sacri-</strong></span> 
     </span>
    </p>
   </div>
   <div class='ocr_carea' id='block_1_37' title="bbox 325 2101 1934 2177">
    <p class='ocr_par' dir='ltr' id='par_1_37' title="bbox 325 2101 1934 2177">
     <span class='ocr_line' id='line_1_37' title="bbox 325 2101 1934 2177; baseline -0.002 -16"><span class='ocrx_word' id='word_1_271' title='bbox 325 2105 521 2161; x_wconf 85' lang='lat' dir='ltr'><strong>ﬁcium</strong></span> <span class='ocrx_word' id='word_1_272' title='bbox 550 2101 867 2177; x_wconf 86' lang='lat' dir='ltr'><strong>significans</strong></span> <span class='ocrx_word' id='word_1_273' title='bbox 893 2117 1108 2157; x_wconf 88' lang='lat' dir='ltr'><strong>cessare</strong></span> <span class='ocrx_word' id='word_1_274' title='bbox 1140 2102 1392 2169; x_wconf 88' lang='lat' dir='ltr'><strong>debebat,</strong></span> <span class='ocrx_word' id='word_1_275' title='bbox 1426 2119 1550 2157; x_wconf 90' lang='lat' dir='ltr'><strong>cum</strong></span> <span class='ocrx_word' id='word_1_276' title='bbox 1582 2103 1823 2158; x_wconf 91' lang='lat' dir='ltr'><strong>nondum</strong></span> <span class='ocrx_word' id='word_1_277' title='bbox 1868 2103 1934 2158; x_wconf 90' lang='lat' dir='ltr'><strong>si-</strong></span> 
     </span>
    </p>
   </div>
   <div class='ocr_carea' id='block_1_38' title="bbox 326 2190 1934 2267">
    <p class='ocr_par' dir='ltr' id='par_1_38' title="bbox 326 2190 1934 2267">
     <span class='ocr_line' id='line_1_38' title="bbox 326 2190 1934 2267; baseline 0 -19"><span class='ocrx_word' id='word_1_278' title='bbox 326 2192 655 2267; x_wconf 86' lang='lat' dir='ltr'><strong>gniﬁcatum</strong></span> <span class='ocrx_word' id='word_1_279' title='bbox 684 2190 1059 2247; x_wconf 86' lang='lat' dir='ltr'><strong>conﬁrmatum</strong></span> <span class='ocrx_word' id='word_1_280' title='bbox 1087 2198 1203 2247; x_wconf 88' lang='lat' dir='ltr'><strong>erat</strong></span> <span class='ocrx_word' id='word_1_281' title='bbox 1231 2190 1611 2247; x_wconf 88' lang='lat' dir='ltr'><strong>constitutione</strong></span> <span class='ocrx_word' id='word_1_282' title='bbox 1657 2191 1934 2263; x_wconf 88' lang='lat' dir='ltr'><strong>apostolo-</strong></span> 
     </span>
    </p>
   </div>
   <div class='ocr_carea' id='block_1_39' title="bbox 322 2279 1078 2337">
    <p class='ocr_par' dir='ltr' id='par_1_39' title="bbox 322 2279 1078 2337">
     <span class='ocr_line' id='line_1_39' title="bbox 322 2279 1078 2337; baseline -0.004 1"><span class='ocrx_word' id='word_1_283' title='bbox 322 2298 452 2337; x_wconf 88' lang='lat' dir='ltr'><strong>rum</strong></span> <span class='ocrx_word' id='word_1_284' title='bbox 482 2290 539 2337; x_wconf 90' lang='lat' dir='ltr'><strong>et</strong></span> <span class='ocrx_word' id='word_1_285' title='bbox 569 2280 677 2336; x_wconf 88' lang='lat' dir='ltr'><strong>fide</strong></span> <span class='ocrx_word' id='word_1_286' title='bbox 721 2279 1078 2336; x_wconf 89' lang='lat' dir='ltr'><strong>credentium.</strong></span> 
     </span>
    </p>
   </div>
   <div class='ocr_carea' id='block_1_40' title="bbox 398 2393 1934 2467">
    <p class='ocr_par' dir='ltr' id='par_1_40' title="bbox 398 2393 1934 2467">
     <span class='ocr_line' id='line_1_40' title="bbox 398 2393 1934 2467; baseline -0.001 -15"><span class='ocrx_word' id='word_1_287' title='bbox 398 2399 582 2452; x_wconf 73' lang='lat' dir='ltr'><strong>Vnus.</strong></span> <span class='ocrx_word' id='word_1_288' title='bbox 615 2398 702 2451; x_wconf 85' lang='grc'><strong>45.</strong></span> <span class='ocrx_word' id='word_1_289' title='bbox 734 2425 806 2436; x_wconf 93' lang='grc'><strong><em>-</em></strong></span> <span class='ocrx_word' id='word_1_290' title='bbox 832 2397 905 2452; x_wconf 84' lang='lat' dir='ltr'><strong>At</strong></span> <span class='ocrx_word' id='word_1_291' title='bbox 932 2396 1032 2451; x_wconf 89' lang='lat' dir='ltr'><strong>ille</strong></span> <span class='ocrx_word' id='word_1_292' title='bbox 1048 2410 1325 2467; x_wconf 86' lang='lat' dir='ltr'><strong>egressus.</strong></span> <span class='ocrx_word' id='word_1_293' title='bbox 1349 2395 1481 2467; x_wconf 78' lang='lat'><strong>(10.)</strong></span> <span class='ocrx_word' id='word_1_294' title='bbox 1513 2393 1688 2450; x_wconf 89' lang='lat' dir='ltr'><strong>Unius</strong></span> <span class='ocrx_word' id='word_1_295' title='bbox 1711 2394 1934 2450; x_wconf 85' lang='lat' dir='ltr'><strong>salvatio</strong></span> 
     </span>
    </p>
   </div>
   <div class='ocr_carea' id='block_1_41' title="bbox 327 2481 1938 2556">
    <p class='ocr_par' dir='ltr' id='par_1_41' title="bbox 327 2481 1938 2556">
     <span class='ocr_line' id='line_1_41' title="bbox 327 2481 1938 2556; baseline -0.002 -15"><span class='ocrx_word' id='word_1_296' title='bbox 327 2486 534 2542; x_wconf 89' lang='lat' dir='ltr'><strong>multos</strong></span> <span class='ocrx_word' id='word_1_297' title='bbox 565 2485 634 2540; x_wconf 88' lang='lat' dir='ltr'><strong>ad</strong></span> <span class='ocrx_word' id='word_1_298' title='bbox 655 2484 948 2540; x_wconf 89' lang='lat' dir='ltr'><strong>Dominum</strong></span> <span class='ocrx_word' id='word_1_299' title='bbox 977 2483 1143 2556; x_wconf 87' lang='lat' dir='ltr'><strong>cogit.</strong></span> <span class='ocrx_word' id='word_1_300' title='bbox 1172 2484 1295 2539; x_wconf 91' lang='lat' dir='ltr'><strong>Non</strong></span> <span class='ocrx_word' id='word_1_301' title='bbox 1325 2491 1503 2554; x_wconf 91' lang='lat' dir='ltr'><strong>potest</strong></span> <span class='ocrx_word' id='word_1_302' title='bbox 1535 2492 1713 2539; x_wconf 88' lang='lat' dir='ltr'><strong>tacere</strong></span> <span class='ocrx_word' id='word_1_303' title='bbox 1734 2481 1938 2538; x_wconf 85' lang='lat' dir='ltr'><strong>beneﬁ-</strong></span> 
     </span>
    </p>
   </div>
   <div class='ocr_carea' id='block_1_42' title="bbox 328 2571 1935 2643">
    <p class='ocr_par' dir='ltr' id='par_1_42' title="bbox 328 2571 1935 2643">
     <span class='ocr_line' id='line_1_42' title="bbox 328 2571 1935 2643; baseline -0.003 -12"><span class='ocrx_word' id='word_1_304' title='bbox 328 2576 498 2639; x_wconf 86' lang='lat' dir='ltr'><strong>cium,</strong></span> <span class='ocrx_word' id='word_1_305' title='bbox 532 2574 698 2630; x_wconf 89' lang='lat' dir='ltr'><strong>etiam</strong></span> <span class='ocrx_word' id='word_1_306' title='bbox 714 2574 902 2642; x_wconf 90' lang='lat' dir='ltr'><strong>jussus</strong></span> <span class='ocrx_word' id='word_1_307' title='bbox 947 2573 1017 2627; x_wconf 90' lang='lat' dir='ltr'><strong>ab</strong></span> <span class='ocrx_word' id='word_1_308' title='bbox 1059 2587 1126 2627; x_wconf 90' lang='lat' dir='ltr'><strong>eo</strong></span> <span class='ocrx_word' id='word_1_309' title='bbox 1160 2572 1253 2643; x_wconf 89' lang='lat' dir='ltr'><strong>qui</strong></span> <span class='ocrx_word' id='word_1_310' title='bbox 1295 2572 1464 2627; x_wconf 88' lang='lat' dir='ltr'><strong>dedit.</strong></span> <span class='ocrx_word' id='word_1_311' title='bbox 1513 2571 1779 2642; x_wconf 86' lang='lat' dir='ltr'><strong>Pracepit</strong></span> <span class='ocrx_word' id='word_1_312' title='bbox 1825 2571 1935 2627; x_wconf 89' lang='lat' dir='ltr'><strong>Do-</strong></span> 
     </span>
    </p>
   </div>
   <div class='ocr_carea' id='block_1_43' title="bbox 320 2659 1936 2733">
    <p class='ocr_par' dir='ltr' id='par_1_43' title="bbox 320 2659 1936 2733">
     <span class='ocr_line' id='line_1_43' title="bbox 320 2659 1936 2733; baseline -0.002 -15"><span class='ocrx_word' id='word_1_313' title='bbox 320 2664 509 2718; x_wconf 86' lang='lat' dir='ltr'><strong>minus</strong></span> <span class='ocrx_word' id='word_1_314' title='bbox 538 2662 821 2718; x_wconf 89' lang='lat' dir='ltr'><strong>abscondi.</strong></span> <span class='ocrx_word' id='word_1_315' title='bbox 853 2662 980 2717; x_wconf 86' lang='lat' dir='ltr'><strong>Vult</strong></span> <span class='ocrx_word' id='word_1_316' title='bbox 1007 2661 1173 2726; x_wconf 87' lang='lat' dir='ltr'><strong>enim,</strong></span> <span class='ocrx_word' id='word_1_317' title='bbox 1205 2668 1264 2715; x_wconf 92' lang='lat' dir='ltr'><strong>ut</strong></span> <span class='ocrx_word' id='word_1_318' title='bbox 1294 2661 1348 2715; x_wconf 88' lang='lat' dir='ltr'><strong>in</strong></span> <span class='ocrx_word' id='word_1_319' title='bbox 1374 2661 1532 2716; x_wconf 91' lang='lat' dir='ltr'><strong>bonis</strong></span> <span class='ocrx_word' id='word_1_320' title='bbox 1560 2677 1683 2732; x_wconf 86' lang='lat' dir='ltr'><strong>qua</strong></span> <span class='ocrx_word' id='word_1_321' title='bbox 1721 2659 1936 2733; x_wconf 89' lang='lat' dir='ltr'><strong>agimus</strong></span> 
     </span>
    </p>
   </div>
   <div class='ocr_carea' id='block_1_44' title="bbox 323 2749 1938 2822">
    <p class='ocr_par' dir='ltr' id='par_1_44' title="bbox 323 2749 1938 2822">
     <span class='ocr_line' id='line_1_44' title="bbox 323 2749 1938 2822; baseline -0.002 -15"><span class='ocrx_word' id='word_1_322' title='bbox 323 2753 496 2807; x_wconf 90' lang='lat' dir='ltr'><strong>latere</strong></span> <span class='ocrx_word' id='word_1_323' title='bbox 525 2752 781 2818; x_wconf 86' lang='lat' dir='ltr'><strong>velimus,</strong></span> <span class='ocrx_word' id='word_1_324' title='bbox 814 2751 963 2822; x_wconf 90' lang='lat' dir='ltr'><strong>quod</strong></span> <span class='ocrx_word' id='word_1_325' title='bbox 993 2759 1076 2805; x_wconf 81' lang='lat' dir='ltr'><strong>est</strong></span> <span class='ocrx_word' id='word_1_326' title='bbox 1106 2750 1421 2805; x_wconf 89' lang='lat' dir='ltr'><strong>humilitatis</strong></span> <span class='ocrx_word' id='word_1_327' title='bbox 1455 2768 1470 2816; x_wconf 90' lang='lat'><strong>;</strong></span> <span class='ocrx_word' id='word_1_328' title='bbox 1517 2758 1570 2804; x_wconf 91' lang='lat' dir='ltr'><strong>et</strong></span> <span class='ocrx_word' id='word_1_329' title='bbox 1618 2749 1769 2804; x_wconf 86' lang='lat' dir='ltr'><strong>inviti</strong></span> <span class='ocrx_word' id='word_1_330' title='bbox 1812 2764 1938 2819; x_wconf 84' lang='lat' dir='ltr'><strong>pro-</strong></span> 
     </span>
    </p>
   </div>
   <div class='ocr_carea' id='block_1_45' title="bbox 325 2837 1934 2911">
    <p class='ocr_par' dir='ltr' id='par_1_45' title="bbox 325 2837 1934 2911">
     <span class='ocr_line' id='line_1_45' title="bbox 325 2837 1934 2911; baseline -0.002 -16"><span class='ocrx_word' id='word_1_331' title='bbox 325 2842 526 2897; x_wconf 88' lang='lat' dir='ltr'><strong>damur</strong></span> <span class='ocrx_word' id='word_1_332' title='bbox 552 2849 613 2895; x_wconf 90' lang='lat' dir='ltr'><strong>ut</strong></span> <span class='ocrx_word' id='word_1_333' title='bbox 641 2840 762 2894; x_wconf 89' lang='lat' dir='ltr'><strong>aliis</strong></span> <span class='ocrx_word' id='word_1_334' title='bbox 790 2840 1084 2911; x_wconf 89' lang='lat' dir='ltr'><strong>prosimus,</strong></span> <span class='ocrx_word' id='word_1_335' title='bbox 1121 2840 1267 2911; x_wconf 91' lang='lat' dir='ltr'><strong>quod</strong></span> <span class='ocrx_word' id='word_1_336' title='bbox 1299 2855 1512 2911; x_wconf 89' lang='lat' dir='ltr'><strong>magna</strong></span> <span class='ocrx_word' id='word_1_337' title='bbox 1527 2846 1609 2893; x_wconf 90' lang='lat' dir='ltr'><strong>est</strong></span> <span class='ocrx_word' id='word_1_338' title='bbox 1628 2837 1934 2892; x_wconf 88' lang='lat' dir='ltr'><strong>sublimita-</strong></span> 
     </span>
    </p>
   </div>
   <div class='ocr_carea' id='block_1_46' title="bbox 326 2927 1937 2999">
    <p class='ocr_par' dir='ltr' id='par_1_46' title="bbox 326 2927 1937 2999">
     <span class='ocr_line' id='line_1_46' title="bbox 326 2927 1937 2999; baseline -0.002 -15"><span class='ocrx_word' id='word_1_339' title='bbox 326 2929 417 2999; x_wconf 88' lang='lat' dir='ltr'><strong>tis,</strong></span> <span class='ocrx_word' id='word_1_340' title='bbox 470 2944 596 2985; x_wconf 88' lang='lat' dir='ltr'><strong>cum</strong></span> <span class='ocrx_word' id='word_1_341' title='bbox 642 2928 856 2984; x_wconf 88' lang='lat' dir='ltr'><strong>etiamsi</strong></span> <span class='ocrx_word' id='word_1_342' title='bbox 896 2928 1002 2999; x_wconf 89' lang='lat' dir='ltr'><strong>ipsi</strong></span> <span class='ocrx_word' id='word_1_343' title='bbox 1046 2927 1277 2983; x_wconf 87' lang='lat' dir='ltr'><strong>velimus</strong></span> <span class='ocrx_word' id='word_1_344' title='bbox 1325 2942 1491 2998; x_wconf 88' lang='lat' dir='ltr'><strong>opera</strong></span> <span class='ocrx_word' id='word_1_345' title='bbox 1537 2941 1646 2983; x_wconf 90' lang='lat' dir='ltr'><strong>non</strong></span> <span class='ocrx_word' id='word_1_346' title='bbox 1706 2933 1937 2998; x_wconf 89' lang='lat' dir='ltr'><strong>possunt</strong></span> 
     </span>
    </p>
   </div>
   <div class='ocr_carea' id='block_1_47' title="bbox 324 3018 517 3074">
    <p class='ocr_par' dir='ltr' id='par_1_47' title="bbox 324 3018 517 3074">
     <span class='ocr_line' id='line_1_47' title="bbox 324 3018 517 3074; baseline -0.016 0"><span class='ocrx_word' id='word_1_347' title='bbox 324 3018 517 3074; x_wconf 83' lang='lat' dir='ltr'><strong>taceri.</strong></span> 
     </span>
    </p>
   </div>
   <div class='ocr_carea' id='block_1_48' title="bbox 326 3104 2874 3207">
    <p class='ocr_par' dir='ltr' id='par_1_48' title="bbox 326 3104 2874 3207">
     <span class='ocr_line' id='line_1_48' title="bbox 326 3104 2874 3207; baseline 0.013 -51"><span class='ocrx_word' id='word_1_348' title='bbox 326 3118 353 3175; x_wconf 56' lang='grc' dir='ltr'>ξ</span> <span class='ocrx_word' id='word_1_349' title='bbox 396 3108 489 3207; x_wconf 55' lang='lat' dir='ltr'><strong>Ita</strong></span> <span class='ocrx_word' id='word_1_350' title='bbox 518 3110 588 3162; x_wconf 87' lang='lat' dir='ltr'><strong>ut</strong></span> <span class='ocrx_word' id='word_1_351' title='bbox 606 3108 756 3203; x_wconf 68' lang='lat' dir='ltr'><strong>jam,</strong></span> <span class='ocrx_word' id='word_1_352' title='bbox 789 3113 897 3207; x_wconf 65' lang='lat' dir='ltr'><strong>etc.</strong></span> <span class='ocrx_word' id='word_1_353' title='bbox 919 3105 1269 3207; x_wconf 51' lang='lat' dir='ltr'><strong>(HtBR.)N?Il</strong></span> <span class='ocrx_word' id='word_1_354' title='bbox 1287 3104 1541 3203; x_wconf 60' lang='grc' dir='ltr'><strong>οπιξιίδῑιε</strong></span> <span class='ocrx_word' id='word_1_355' title='bbox 1557 3104 1933 3207; x_wconf 56' lang='grc' dir='ltr'><strong>φωίῆειθειξε</strong></span> <span class='ocrx_word' id='word_1_356' title='bbox 1954 3130 2004 3193; x_wconf 87' lang='lat' dir='ltr'><strong>C</strong></span> <span class='ocrx_word' id='word_1_357' title='bbox 2044 3104 2047 3105; x_wconf 11' lang='grc' dir='ltr'><em>ν</em></span> <span class='ocrx_word' id='word_1_358' title='bbox 2108 3138 2275 3193; x_wconf 76' lang='lat' dir='ltr'><strong>Vens.</strong></span> <span class='ocrx_word' id='word_1_359' title='bbox 2306 3140 2360 3191; x_wconf 90' lang='lat'><strong>9.</strong></span> <span class='ocrx_word' id='word_1_360' title='bbox 2386 3167 2452 3177; x_wconf 87' lang='lat'><strong>-—</strong></span> <span class='ocrx_word' id='word_1_361' title='bbox 2472 3136 2613 3204; x_wconf 84' lang='lat' dir='ltr'><strong>Quid</strong></span> <span class='ocrx_word' id='word_1_362' title='bbox 2633 3104 2738 3193; x_wconf 51' lang='lat' dir='ltr'><strong>esi:</strong></span> <span class='ocrx_word' id='word_1_363' title='bbox 2771 3136 2874 3207; x_wconf 86' lang='lat' dir='ltr'><strong>(In.</strong></span> 
     </span>
    </p>
   </div>
   <div class='ocr_carea' id='block_1_49' title="bbox 321 3165 1930 3265">
    <p class='ocr_par' dir='ltr' id='par_1_49' title="bbox 321 3165 1930 3265">
     <span class='ocr_line' id='line_1_49' title="bbox 321 3165 1930 3265; baseline -0.002 -15"><span class='ocrx_word' id='word_1_364' title='bbox 321 3165 406 3251; x_wconf 70' lang='lat' dir='ltr'><strong>est</strong></span> <span class='ocrx_word' id='word_1_365' title='bbox 433 3165 627 3261; x_wconf 62' lang='lat' dir='ltr'><strong>Iesus:</strong></span> <span class='ocrx_word' id='word_1_366' title='bbox 659 3165 754 3265; x_wconf 85' lang='lat' dir='ltr'><strong>qui</strong></span> <span class='ocrx_word' id='word_1_367' title='bbox 794 3165 1120 3264; x_wconf 41' lang='lat' dir='ltr'><strong>latis‘atque’</strong></span> <span class='ocrx_word' id='word_1_368' title='bbox 1160 3192 1431 3264; x_wconf 88' lang='lat' dir='ltr'><strong>plataneis</strong></span> <span class='ocrx_word' id='word_1_369' title='bbox 1462 3188 1704 3248; x_wconf 85' lang='lat' dir='ltr'><strong>serviunt</strong></span> <span class='ocrx_word' id='word_1_370' title='bbox 1747 3191 1930 3253; x_wconf 76' lang='lat' dir='ltr'><strong>laudi-</strong></span> 
     </span>
    </p>
   </div>
   <div class='ocr_carea' id='block_1_50' title="bbox 328 3281 1951 3355">
    <p class='ocr_par' dir='ltr' id='par_1_50' title="bbox 328 3281 1951 3355">
     <span class='ocr_line' id='line_1_50' title="bbox 328 3281 1951 3355; baseline 0.001 -18"><span class='ocrx_word' id='word_1_371' title='bbox 328 3284 436 3339; x_wconf 88' lang='lat' dir='ltr'><strong>bus</strong></span> <span class='ocrx_word' id='word_1_372' title='bbox 464 3291 521 3339; x_wconf 91' lang='lat' dir='ltr'><strong>et</strong></span> <span class='ocrx_word' id='word_1_373' title='bbox 550 3281 787 3354; x_wconf 88' lang='lat' dir='ltr'><strong>propriis</strong></span> <span class='ocrx_word' id='word_1_374' title='bbox 814 3281 1202 3353; x_wconf 88' lang='lat' dir='ltr'><strong>voluptatibus,</strong></span> <span class='ocrx_word' id='word_1_375' title='bbox 1235 3282 1332 3337; x_wconf 90' lang='lat' dir='ltr'><strong>sed</strong></span> <span class='ocrx_word' id='word_1_376' title='bbox 1365 3283 1470 3352; x_wconf 90' lang='lat' dir='ltr'><strong>his,</strong></span> <span class='ocrx_word' id='word_1_377' title='bbox 1502 3289 1630 3348; x_wconf 92' lang='lat' dir='ltr'><strong>etc.,</strong></span> <span class='ocrx_word' id='word_1_378' title='bbox 1668 3281 1951 3355; x_wconf 79' lang='lat' dir='ltr'><strong>usquead</strong></span> 
     </span>
    </p>
   </div>
   <div class='ocr_carea' id='block_1_51' title="bbox 327 3370 1644 3445">
    <p class='ocr_par' dir='ltr' id='par_1_51' title="bbox 327 3370 1644 3445">
     <span class='ocr_line' id='line_1_51' title="bbox 327 3370 1644 3445; baseline -0.002 -17"><span class='ocrx_word' id='word_1_379' title='bbox 327 3386 470 3445; x_wconf 86' lang='lat' dir='ltr'><strong>quos</strong></span> <span class='ocrx_word' id='word_1_380' title='bbox 498 3370 636 3427; x_wconf 88' lang='lat' dir='ltr'><strong>nihil</strong></span> <span class='ocrx_word' id='word_1_381' title='bbox 665 3377 845 3442; x_wconf 90' lang='lat' dir='ltr'><strong>potest</strong></span> <span class='ocrx_word' id='word_1_382' title='bbox 874 3385 1127 3442; x_wconf 89' lang='lat' dir='ltr'><strong>separare</strong></span> <span class='ocrx_word' id='word_1_383' title='bbox 1156 3386 1186 3424; x_wconf 90' lang='lat' dir='ltr'><strong>a</strong></span> <span class='ocrx_word' id='word_1_384' title='bbox 1218 3371 1484 3427; x_wconf 88' lang='lat' dir='ltr'><strong>charitate</strong></span> <span class='ocrx_word' id='word_1_385' title='bbox 1524 3370 1644 3426; x_wconf 89' lang='lat' dir='ltr'><strong>Dei.</strong></span> 
     </span>
    </p>
   </div>
   <div class='ocr_carea' id='block_1_52' title="bbox 969 3511 1312 3568">
    <p class='ocr_par' dir='ltr' id='par_1_52' title="bbox 969 3511 1312 3568">
     <span class='ocr_line' id='line_1_52' title="bbox 969 3511 1312 3568; baseline -0.003 -2"><span class='ocrx_word' id='word_1_386' title='bbox 969 3511 1194 3568; x_wconf 80' lang='lat' dir='ltr'><strong>CAPUT</strong></span> <span class='ocrx_word' id='word_1_387' title='bbox 1245 3512 1312 3566; x_wconf 87' lang='lat' dir='ltr'><strong>Il.</strong></span> 
     </span>
    </p>
   </div>
   <div class='ocr_carea' id='block_1_53' title="bbox 399 3654 1935 3727">
    <p class='ocr_par' dir='ltr' id='par_1_53' title="bbox 399 3654 1935 3727">
     <span class='ocr_line' id='line_1_53' title="bbox 399 3654 1935 3727; baseline 0.001 -17"><span class='ocrx_word' id='word_1_388' title='bbox 399 3657 575 3710; x_wconf 75' lang='lat' dir='ltr'><strong>Vnus.</strong></span> <span class='ocrx_word' id='word_1_389' title='bbox 609 3658 667 3712; x_wconf 78' lang='lat'><strong>2.</strong></span> <span class='ocrx_word' id='word_1_390' title='bbox 700 3655 873 3710; x_wconf 85' lang='lat' dir='ltr'><strong>—Ita</strong></span> <span class='ocrx_word' id='word_1_391' title='bbox 901 3658 968 3709; x_wconf 87' lang='lat' dir='ltr'><strong>ut</strong></span> <span class='ocrx_word' id='word_1_392' title='bbox 998 3670 1115 3710; x_wconf 83' lang='lat' dir='ltr'><strong>non</strong></span> <span class='ocrx_word' id='word_1_393' title='bbox 1145 3659 1388 3727; x_wconf 85' lang='lat' dir='ltr'><strong>caperet,</strong></span> <span class='ocrx_word' id='word_1_394' title='bbox 1424 3662 1527 3711; x_wconf 91' lang='lat' dir='ltr'><strong>etc.</strong></span> <span class='ocrx_word' id='word_1_395' title='bbox 1559 3654 1935 3724; x_wconf 74' lang='lat' dir='ltr'><strong>(BanA.)Pra-</strong></span> 
     </span>
    </p>
   </div>
   <div class='ocr_carea' id='block_1_54' title="bbox 322 3742 1935 3815">
    <p class='ocr_par' dir='ltr' id='par_1_54' title="bbox 322 3742 1935 3815">
     <span class='ocr_line' id='line_1_54' title="bbox 322 3742 1935 3815; baseline -0.002 -14"><span class='ocrx_word' id='word_1_396' title='bbox 322 3744 547 3801; x_wconf 70' lang='lat' dir='ltr'><strong>dicente</strong></span> <span class='ocrx_word' id='word_1_397' title='bbox 576 3742 831 3808; x_wconf 86' lang='lat' dir='ltr'><strong>Domino,</strong></span> <span class='ocrx_word' id='word_1_398' title='bbox 866 3742 921 3796; x_wconf 91' lang='lat' dir='ltr'><strong>in</strong></span> <span class='ocrx_word' id='word_1_399' title='bbox 952 3742 1116 3798; x_wconf 90' lang='lat' dir='ltr'><strong>domo</strong></span> <span class='ocrx_word' id='word_1_400' title='bbox 1147 3759 1258 3797; x_wconf 90' lang='lat' dir='ltr'><strong>non</strong></span> <span class='ocrx_word' id='word_1_401' title='bbox 1290 3742 1594 3814; x_wconf 89' lang='lat' dir='ltr'><strong>capiuntur,</strong></span> <span class='ocrx_word' id='word_1_402' title='bbox 1644 3758 1823 3815; x_wconf 90' lang='lat' dir='ltr'><strong>neque</strong></span> <span class='ocrx_word' id='word_1_403' title='bbox 1866 3743 1935 3798; x_wconf 89' lang='lat' dir='ltr'><strong>ad</strong></span> 
     </span>
    </p>
   </div>
   <div class='ocr_carea' id='block_1_55' title="bbox 321 3830 1935 3903">
    <p class='ocr_par' dir='ltr' id='par_1_55' title="bbox 321 3830 1935 3903">
     <span class='ocr_line' id='line_1_55' title="bbox 321 3830 1935 3903; baseline 0 -17"><span class='ocrx_word' id='word_1_404' title='bbox 321 3832 550 3899; x_wconf 74' lang='lat' dir='ltr'><strong>ianuam</strong></span> <span class='ocrx_word' id='word_1_405' title='bbox 578 3848 593 3885; x_wconf 90' lang='lat'><strong>:</strong></span> <span class='ocrx_word' id='word_1_406' title='bbox 624 3831 754 3903; x_wconf 88' lang='lat' dir='ltr'><strong>quia</strong></span> <span class='ocrx_word' id='word_1_407' title='bbox 783 3830 1116 3902; x_wconf 87' lang='lat' dir='ltr'><strong>pradicante</strong></span> <span class='ocrx_word' id='word_1_408' title='bbox 1144 3831 1198 3885; x_wconf 90' lang='lat' dir='ltr'><strong>in</strong></span> <span class='ocrx_word' id='word_1_409' title='bbox 1224 3831 1413 3887; x_wconf 88' lang='lat' dir='ltr'><strong>Judaa</strong></span> <span class='ocrx_word' id='word_1_410' title='bbox 1442 3831 1658 3887; x_wconf 89' lang='lat' dir='ltr'><strong>Christo</strong></span> <span class='ocrx_word' id='word_1_411' title='bbox 1702 3831 1935 3902; x_wconf 87' lang='lat' dir='ltr'><strong>gentiles</strong></span> 
     </span>
    </p>
   </div>
   <div class='ocr_carea' id='block_1_56' title="bbox 325 3918 1935 3992">
    <p class='ocr_par' dir='ltr' id='par_1_56' title="bbox 325 3918 1935 3992">
     <span class='ocr_line' id='line_1_56' title="bbox 325 3918 1935 3992; baseline 0.001 -18"><span class='ocrx_word' id='word_1_412' title='bbox 325 3920 393 3975; x_wconf 87' lang='lat' dir='ltr'><strong>ad</strong></span> <span class='ocrx_word' id='word_1_413' title='bbox 424 3918 762 3976; x_wconf 79' lang='lat' dir='ltr'><strong>audiendum</strong></span> <span class='ocrx_word' id='word_1_414' title='bbox 799 3919 1042 3974; x_wconf 89' lang='lat' dir='ltr'><strong>nondum</strong></span> <span class='ocrx_word' id='word_1_415' title='bbox 1084 3920 1282 3974; x_wconf 88' lang='lat' dir='ltr'><strong>intrare</strong></span> <span class='ocrx_word' id='word_1_416' title='bbox 1326 3919 1627 3986; x_wconf 90' lang='lat' dir='ltr'><strong>voluerunt,</strong></span> <span class='ocrx_word' id='word_1_417' title='bbox 1679 3920 1747 3974; x_wconf 91' lang='lat' dir='ltr'><strong>ad</strong></span> <span class='ocrx_word' id='word_1_418' title='bbox 1797 3934 1935 3992; x_wconf 87' lang='lat' dir='ltr'><strong>quos</strong></span> 
     </span>
    </p>
   </div>
   <div class='ocr_carea' id='block_1_57' title="bbox 327 4007 1935 4079">
    <p class='ocr_par' dir='ltr' id='par_1_57' title="bbox 327 4007 1935 4079">
     <span class='ocr_line' id='line_1_57' title="bbox 327 4007 1935 4079; baseline -0.001 -15"><span class='ocrx_word' id='word_1_419' title='bbox 327 4018 510 4064; x_wconf 83' lang='lat' dir='ltr'><strong>tamen</strong></span> <span class='ocrx_word' id='word_1_420' title='bbox 540 4009 669 4079; x_wconf 89' lang='lat' dir='ltr'><strong>(etsi</strong></span> <span class='ocrx_word' id='word_1_421' title='bbox 698 4007 831 4063; x_wconf 88' lang='lat' dir='ltr'><strong>foris</strong></span> <span class='ocrx_word' id='word_1_422' title='bbox 856 4008 1090 4079; x_wconf 90' lang='lat' dir='ltr'><strong>positos)</strong></span> <span class='ocrx_word' id='word_1_423' title='bbox 1121 4008 1381 4064; x_wconf 88' lang='lat' dir='ltr'><strong>doctrina</strong></span> <span class='ocrx_word' id='word_1_424' title='bbox 1411 4024 1523 4064; x_wconf 89' lang='lat' dir='ltr'><strong>sua</strong></span> <span class='ocrx_word' id='word_1_425' title='bbox 1549 4007 1714 4064; x_wconf 89' lang='lat' dir='ltr'><strong>verba</strong></span> <span class='ocrx_word' id='word_1_426' title='bbox 1741 4008 1935 4065; x_wconf 81' lang='lat' dir='ltr'><strong>direxit</strong></span> 
     </span>
    </p>
   </div>
   <div class='ocr_carea' id='block_1_58' title="bbox 328 4096 1038 4169">
    <p class='ocr_par' dir='ltr' id='par_1_58' title="bbox 328 4096 1038 4169">
     <span class='ocr_line' id='line_1_58' title="bbox 328 4096 1038 4169; baseline -0.003 -16"><span class='ocrx_word' id='word_1_427' title='bbox 328 4113 429 4169; x_wconf 88' lang='lat' dir='ltr'><strong>per</strong></span> <span class='ocrx_word' id='word_1_428' title='bbox 454 4096 843 4168; x_wconf 77' lang='lat' dir='ltr'><strong>praedicatores</strong></span> <span class='ocrx_word' id='word_1_429' title='bbox 889 4111 1038 4152; x_wconf 91' lang='lat' dir='ltr'><strong>suos.</strong></span> 
     </span>
    </p>
   </div>
   <div class='ocr_carea' id='block_1_59' title="bbox 398 4184 1936 4257">
    <p class='ocr_par' dir='ltr' id='par_1_59' title="bbox 398 4184 1936 4257">
     <span class='ocr_line' id='line_1_59' title="bbox 398 4184 1936 4257; baseline 0.001 -17"><span class='ocrx_word' id='word_1_430' title='bbox 398 4185 574 4241; x_wconf 73' lang='lat' dir='ltr'><strong>Vnus.</strong></span> <span class='ocrx_word' id='word_1_431' title='bbox 607 4189 662 4240; x_wconf 87' lang='lat'><strong>3.</strong></span> <span class='ocrx_word' id='word_1_432' title='bbox 697 4187 1193 4257; x_wconf 77' lang='lat' dir='ltr'><strong>—Paralyticum.</strong></span> <span class='ocrx_word' id='word_1_433' title='bbox 1229 4184 1444 4256; x_wconf 74' lang='grc' dir='ltr'><strong>(Ηιειι.)</strong></span> <span class='ocrx_word' id='word_1_434' title='bbox 1471 4184 1744 4255; x_wconf 88' lang='lat' dir='ltr'><strong>Paralysis</strong></span> <span class='ocrx_word' id='word_1_435' title='bbox 1774 4193 1936 4256; x_wconf 85' lang='lat' dir='ltr'><strong>typus</strong></span> 
     </span>
    </p>
   </div>
   <div class='ocr_carea' id='block_1_60' title="bbox 326 4273 1935 4347">
    <p class='ocr_par' dir='ltr' id='par_1_60' title="bbox 326 4273 1935 4347">
     <span class='ocr_line' id='line_1_60' title="bbox 326 4273 1935 4347; baseline -0.001 -17"><span class='ocrx_word' id='word_1_436' title='bbox 326 4282 415 4330; x_wconf 86' lang='lat' dir='ltr'><strong>est</strong></span> <span class='ocrx_word' id='word_1_437' title='bbox 444 4274 700 4345; x_wconf 88' lang='lat' dir='ltr'><strong>torporis,</strong></span> <span class='ocrx_word' id='word_1_438' title='bbox 731 4289 841 4347; x_wconf 91' lang='lat' dir='ltr'><strong>quo</strong></span> <span class='ocrx_word' id='word_1_439' title='bbox 868 4274 1028 4347; x_wconf 86' lang='lat' dir='ltr'><strong>piger</strong></span> <span class='ocrx_word' id='word_1_440' title='bbox 1046 4275 1190 4343; x_wconf 89' lang='lat' dir='ltr'><strong>jacet</strong></span> <span class='ocrx_word' id='word_1_441' title='bbox 1221 4274 1275 4328; x_wconf 90' lang='lat' dir='ltr'><strong>in</strong></span> <span class='ocrx_word' id='word_1_442' title='bbox 1316 4273 1541 4329; x_wconf 89' lang='lat' dir='ltr'><strong>mollitie</strong></span> <span class='ocrx_word' id='word_1_443' title='bbox 1584 4274 1786 4341; x_wconf 88' lang='lat' dir='ltr'><strong>carnis,</strong></span> <span class='ocrx_word' id='word_1_444' title='bbox 1833 4275 1935 4329; x_wconf 89' lang='lat' dir='ltr'><strong>ha-</strong></span> 
     </span>
    </p>
   </div>
   <div class='ocr_carea' id='block_1_61' title="bbox 327 4356 1938 4435">
    <p class='ocr_par' dir='ltr' id='par_1_61' title="bbox 327 4356 1938 4435">
     <span class='ocr_line' id='line_1_61' title="bbox 327 4356 1938 4435; baseline 0.001 -16"><span class='ocrx_word' id='word_1_445' title='bbox 327 4363 467 4419; x_wconf 85' lang='lat' dir='ltr'><strong>bens</strong></span> <span class='ocrx_word' id='word_1_446' title='bbox 495 4356 833 4420; x_wconf 83' lang='lat' dir='ltr'><strong>desiderium</strong></span> <span class='ocrx_word' id='word_1_447' title='bbox 865 4362 1051 4418; x_wconf 89' lang='lat' dir='ltr'><strong>salutis</strong></span> <span class='ocrx_word' id='word_1_448' title='bbox 1084 4380 1097 4416; x_wconf 92' lang='lat'><strong>:</strong></span> <span class='ocrx_word' id='word_1_449' title='bbox 1133 4362 1231 4418; x_wconf 89' lang='lat' dir='ltr'><strong>sed</strong></span> <span class='ocrx_word' id='word_1_450' title='bbox 1260 4362 1452 4431; x_wconf 89' lang='lat' dir='ltr'><strong>turbis,</strong></span> <span class='ocrx_word' id='word_1_451' title='bbox 1485 4370 1614 4428; x_wconf 91' lang='lat' dir='ltr'><strong>etc.,</strong></span> <span class='ocrx_word' id='word_1_452' title='bbox 1648 4379 1823 4435; x_wconf 86' lang='lat' dir='ltr'><strong>usque</strong></span> <span class='ocrx_word' id='word_1_453' title='bbox 1866 4363 1938 4420; x_wconf 86' lang='lat' dir='ltr'><strong>ad</strong></span> 
     </span>
    </p>
   </div>
   <div class='ocr_carea' id='block_1_62' title="bbox 2035 1953 3630 2027">
    <p class='ocr_par' dir='ltr' id='par_1_62' title="bbox 2035 1953 3630 2027">
     <span class='ocr_line' id='line_1_62' title="bbox 2035 1953 3630 2027; baseline -0.001 -19"><span class='ocrx_word' id='word_1_454' title='bbox 2035 1961 2257 2026; x_wconf 89' lang='lat' dir='ltr'><strong>propter</strong></span> <span class='ocrx_word' id='word_1_455' title='bbox 2283 1953 2477 2007; x_wconf 88' lang='lat' dir='ltr'><strong>merita</strong></span> <span class='ocrx_word' id='word_1_456' title='bbox 2518 1954 2791 2027; x_wconf 88' lang='lat' dir='ltr'><strong>augenda,</strong></span> <span class='ocrx_word' id='word_1_457' title='bbox 2840 1961 2898 2008; x_wconf 87' lang='lat' dir='ltr'><strong>ut</strong></span> <span class='ocrx_word' id='word_1_458' title='bbox 2939 1954 3043 2008; x_wconf 80' lang='lat' dir='ltr'><strong>Job</strong></span> <span class='ocrx_word' id='word_1_459' title='bbox 3089 1960 3142 2008; x_wconf 91' lang='lat' dir='ltr'><strong>et</strong></span> <span class='ocrx_word' id='word_1_460' title='bbox 3182 1960 3473 2023; x_wconf 86' lang='lat' dir='ltr'><strong>martyres.</strong></span> <span class='ocrx_word' id='word_1_461' title='bbox 3522 1954 3630 2007; x_wconf 86' lang='lat' dir='ltr'><strong>Aut</strong></span> 
     </span>
    </p>
   </div>
   <div class='ocr_carea' id='block_1_63' title="bbox 2035 2040 3628 2115">
    <p class='ocr_par' dir='ltr' id='par_1_63' title="bbox 2035 2040 3628 2115">
     <span class='ocr_line' id='line_1_63' title="bbox 2035 2040 3628 2115; baseline -0.001 -18"><span class='ocrx_word' id='word_1_462' title='bbox 2035 2051 2257 2115; x_wconf 89' lang='lat' dir='ltr'><strong>propter</strong></span> <span class='ocrx_word' id='word_1_463' title='bbox 2285 2042 2663 2108; x_wconf 88' lang='lat' dir='ltr'><strong>humilitatem,</strong></span> <span class='ocrx_word' id='word_1_464' title='bbox 2696 2049 2825 2109; x_wconf 92' lang='lat' dir='ltr'><strong>etc.,</strong></span> <span class='ocrx_word' id='word_1_465' title='bbox 2855 2058 3030 2115; x_wconf 85' lang='lat' dir='ltr'><strong>usque</strong></span> <span class='ocrx_word' id='word_1_466' title='bbox 3061 2042 3133 2099; x_wconf 86' lang='lat' dir='ltr'><strong>ad</strong></span> <span class='ocrx_word' id='word_1_467' title='bbox 3163 2042 3421 2110; x_wconf 88' lang='lat' dir='ltr'><strong>Lazarus,</strong></span> <span class='ocrx_word' id='word_1_468' title='bbox 3474 2040 3628 2109; x_wconf 86' lang='lat' dir='ltr'><strong>cujus</strong></span> 
     </span>
    </p>
   </div>
   <div class='ocr_carea' id='block_1_64' title="bbox 2036 2128 3626 2203">
    <p class='ocr_par' dir='ltr' id='par_1_64' title="bbox 2036 2128 3626 2203">
     <span class='ocr_line' id='line_1_64' title="bbox 2036 2128 3626 2203; baseline -0.001 -17"><span class='ocrx_word' id='word_1_469' title='bbox 2036 2131 2316 2186; x_wconf 89' lang='lat' dir='ltr'><strong>infirmitas</strong></span> <span class='ocrx_word' id='word_1_470' title='bbox 2346 2147 2453 2186; x_wconf 91' lang='lat' dir='ltr'><strong>non</strong></span> <span class='ocrx_word' id='word_1_471' title='bbox 2485 2130 2584 2185; x_wconf 90' lang='lat' dir='ltr'><strong>fuit</strong></span> <span class='ocrx_word' id='word_1_472' title='bbox 2612 2131 2683 2185; x_wconf 93' lang='lat' dir='ltr'><strong>ad</strong></span> <span class='ocrx_word' id='word_1_473' title='bbox 2713 2138 2965 2197; x_wconf 90' lang='lat' dir='ltr'><strong>mortem,</strong></span> <span class='ocrx_word' id='word_1_474' title='bbox 2998 2131 3098 2186; x_wconf 91' lang='lat' dir='ltr'><strong>sed</strong></span> <span class='ocrx_word' id='word_1_475' title='bbox 3140 2147 3238 2202; x_wconf 91' lang='lat' dir='ltr'><strong>pro</strong></span> <span class='ocrx_word' id='word_1_476' title='bbox 3283 2130 3459 2203; x_wconf 85' lang='lat' dir='ltr'><strong>gloria</strong></span> <span class='ocrx_word' id='word_1_477' title='bbox 3505 2128 3626 2196; x_wconf 88' lang='lat' dir='ltr'><strong>Dei,</strong></span> 
     </span>
    </p>
   </div>
   <div class='ocr_carea' id='block_1_65' title="bbox 2037 2219 3519 2285">
    <p class='ocr_par' dir='ltr' id='par_1_65' title="bbox 2037 2219 3519 2285">
     <span class='ocr_line' id='line_1_65' title="bbox 2037 2219 3519 2285; baseline -0.001 -10"><span class='ocrx_word' id='word_1_478' title='bbox 2037 2228 2131 2276; x_wconf 91' lang='lat' dir='ltr'><strong>aut</strong></span> <span class='ocrx_word' id='word_1_479' title='bbox 2157 2221 2229 2275; x_wconf 91' lang='lat' dir='ltr'><strong>ad</strong></span> <span class='ocrx_word' id='word_1_480' title='bbox 2258 2219 2469 2275; x_wconf 91' lang='lat' dir='ltr'><strong>initium</strong></span> <span class='ocrx_word' id='word_1_481' title='bbox 2498 2227 2718 2275; x_wconf 89' lang='lat' dir='ltr'><strong>aterna</strong></span> <span class='ocrx_word' id='word_1_482' title='bbox 2745 2219 3128 2285; x_wconf 88' lang='lat' dir='ltr'><strong>damnationis,</strong></span> <span class='ocrx_word' id='word_1_483' title='bbox 3166 2226 3227 2274; x_wconf 89' lang='lat' dir='ltr'><strong>ut</strong></span> <span class='ocrx_word' id='word_1_484' title='bbox 3256 2219 3519 2274; x_wconf 88' lang='lat' dir='ltr'><strong>Herodes.</strong></span> 
     </span>
    </p>
   </div>
   <div class='ocr_carea' id='block_1_66' title="bbox 2109 2341 3631 2415">
    <p class='ocr_par' dir='ltr' id='par_1_66' title="bbox 2109 2341 3631 2415">
     <span class='ocr_line' id='line_1_66' title="bbox 2109 2341 3631 2415; baseline 0 -16"><span class='ocrx_word' id='word_1_485' title='bbox 2109 2344 2429 2400; x_wconf 80' lang='lat' dir='ltr'><strong>Vans.7.—</strong></span> <span class='ocrx_word' id='word_1_486' title='bbox 2478 2344 2609 2412; x_wconf 88' lang='lat' dir='ltr'><strong>Quis</strong></span> <span class='ocrx_word' id='word_1_487' title='bbox 2645 2346 2831 2415; x_wconf 84' lang='lat' dir='ltr'><strong>potest</strong></span> <span class='ocrx_word' id='word_1_488' title='bbox 2884 2343 3191 2399; x_wconf 83' lang='lat' dir='ltr'><strong>dimittere.</strong></span> <span class='ocrx_word' id='word_1_489' title='bbox 3248 2342 3380 2413; x_wconf 77' lang='grc' dir='ltr'><strong>(Ιυ.)</strong></span> <span class='ocrx_word' id='word_1_490' title='bbox 3426 2341 3631 2399; x_wconf 80' lang='lat' dir='ltr'><strong>Verum</strong></span> 
     </span>
    </p>
   </div>
   <div class='ocr_carea' id='block_1_67' title="bbox 2036 2430 3633 2502">
    <p class='ocr_par' dir='ltr' id='par_1_67' title="bbox 2036 2430 3633 2502">
     <span class='ocr_line' id='line_1_67' title="bbox 2036 2430 3633 2502; baseline -0.001 -14"><span class='ocrx_word' id='word_1_491' title='bbox 2036 2433 2223 2488; x_wconf 89' lang='lat' dir='ltr'><strong>dicunt</strong></span> <span class='ocrx_word' id='word_1_492' title='bbox 2249 2448 2262 2486; x_wconf 90' lang='lat'><strong>:</strong></span> <span class='ocrx_word' id='word_1_493' title='bbox 2288 2430 2447 2486; x_wconf 91' lang='lat' dir='ltr'><strong>Solus</strong></span> <span class='ocrx_word' id='word_1_494' title='bbox 2476 2431 2626 2485; x_wconf 89' lang='lat' dir='ltr'><strong>Deus</strong></span> <span class='ocrx_word' id='word_1_495' title='bbox 2659 2432 2761 2486; x_wconf 90' lang='lat' dir='ltr'><strong>hoc</strong></span> <span class='ocrx_word' id='word_1_496' title='bbox 2790 2438 2985 2501; x_wconf 89' lang='lat' dir='ltr'><strong>potest,</strong></span> <span class='ocrx_word' id='word_1_497' title='bbox 3020 2430 3170 2485; x_wconf 91' lang='lat' dir='ltr'><strong>solus</strong></span> <span class='ocrx_word' id='word_1_498' title='bbox 3204 2431 3369 2485; x_wconf 90' lang='lat' dir='ltr'><strong>etiam</strong></span> <span class='ocrx_word' id='word_1_499' title='bbox 3403 2446 3505 2502; x_wconf 89' lang='lat' dir='ltr'><strong>per</strong></span> <span class='ocrx_word' id='word_1_500' title='bbox 3536 2445 3633 2487; x_wconf 87' lang='lat' dir='ltr'><strong>eos</strong></span> 
     </span>
    </p>
   </div>
   <div class='ocr_carea' id='block_1_68' title="bbox 2031 2518 3634 2592">
    <p class='ocr_par' dir='ltr' id='par_1_68' title="bbox 2031 2518 3634 2592">
     <span class='ocr_line' id='line_1_68' title="bbox 2031 2518 3634 2592; baseline -0.001 -16"><span class='ocrx_word' id='word_1_501' title='bbox 2031 2520 2247 2576; x_wconf 88' lang='lat' dir='ltr'><strong>dimittit</strong></span> <span class='ocrx_word' id='word_1_502' title='bbox 2300 2519 2499 2591; x_wconf 89' lang='lat' dir='ltr'><strong>quibus</strong></span> <span class='ocrx_word' id='word_1_503' title='bbox 2525 2527 2847 2592; x_wconf 89' lang='lat' dir='ltr'><strong>potestatem</strong></span> <span class='ocrx_word' id='word_1_504' title='bbox 2877 2518 3181 2573; x_wconf 90' lang='lat' dir='ltr'><strong>dimittendi</strong></span> <span class='ocrx_word' id='word_1_505' title='bbox 3208 2526 3431 2591; x_wconf 88' lang='lat' dir='ltr'><strong>peccata</strong></span> <span class='ocrx_word' id='word_1_506' title='bbox 3449 2519 3634 2576; x_wconf 86' lang='lat' dir='ltr'><strong>tribuit</strong></span> 
     </span>
    </p>
   </div>
   <div class='ocr_carea' id='block_1_69' title="bbox 2034 2601 3631 2675">
    <p class='ocr_par' dir='ltr' id='par_1_69' title="bbox 2034 2601 3631 2675">
     <span class='ocr_line' id='line_1_69' title="bbox 2034 2601 3631 2675; baseline -0.001 -16"><span class='ocrx_word' id='word_1_507' title='bbox 2034 2605 2160 2659; x_wconf 90' lang='lat' dir='ltr'><strong>ideo</strong></span> <span class='ocrx_word' id='word_1_508' title='bbox 2187 2619 2316 2659; x_wconf 91' lang='lat' dir='ltr'><strong>vere</strong></span> <span class='ocrx_word' id='word_1_509' title='bbox 2339 2601 2530 2662; x_wconf 28' lang='lat' dir='ltr'><strong>Deus“</strong></span> <span class='ocrx_word' id='word_1_510' title='bbox 2549 2604 2750 2659; x_wconf 88' lang='lat' dir='ltr'><strong>Verum</strong></span> <span class='ocrx_word' id='word_1_511' title='bbox 2816 2611 3093 2671; x_wconf 86' lang='lat' dir='ltr'><strong>testantur,</strong></span> <span class='ocrx_word' id='word_1_512' title='bbox 3175 2603 3274 2659; x_wconf 89' lang='lat' dir='ltr'><strong>sed</strong></span> <span class='ocrx_word' id='word_1_513' title='bbox 3339 2618 3631 2675; x_wconf 87' lang='lat' dir='ltr'><strong>personam</strong></span> 
     </span>
    </p>
   </div>
   <div class='ocr_carea' id='block_1_70' title="bbox 2037 2691 3632 2766">
    <p class='ocr_par' dir='ltr' id='par_1_70' title="bbox 2037 2691 3632 2766">
     <span class='ocr_line' id='line_1_70' title="bbox 2037 2691 3632 2766; baseline -0.001 -19"><span class='ocrx_word' id='word_1_514' title='bbox 2037 2693 2238 2748; x_wconf 86' lang='lat' dir='ltr'><strong>Christi</strong></span> <span class='ocrx_word' id='word_1_515' title='bbox 2273 2691 2525 2766; x_wconf 90' lang='lat' dir='ltr'><strong>negando</strong></span> <span class='ocrx_word' id='word_1_516' title='bbox 2579 2691 2854 2747; x_wconf 88' lang='lat' dir='ltr'><strong>falluntur.</strong></span> <span class='ocrx_word' id='word_1_517' title='bbox 2900 2692 3098 2746; x_wconf 89' lang='lat' dir='ltr'><strong>Errant</strong></span> <span class='ocrx_word' id='word_1_518' title='bbox 3142 2692 3324 2764; x_wconf 88' lang='lat' dir='ltr'><strong>igitur,</strong></span> <span class='ocrx_word' id='word_1_519' title='bbox 3387 2691 3513 2763; x_wconf 91' lang='lat' dir='ltr'><strong>quia</strong></span> <span class='ocrx_word' id='word_1_520' title='bbox 3571 2699 3632 2747; x_wconf 90' lang='lat' dir='ltr'><strong>ut</strong></span> 
     </span>
    </p>
   </div>
   <div class='ocr_carea' id='block_1_71' title="bbox 2037 2778 3626 2852">
    <p class='ocr_par' dir='ltr' id='par_1_71' title="bbox 2037 2778 3626 2852">
     <span class='ocr_line' id='line_1_71' title="bbox 2037 2778 3626 2852; baseline -0.003 -15"><span class='ocrx_word' id='word_1_521' title='bbox 2037 2782 2213 2837; x_wconf 90' lang='lat' dir='ltr'><strong>Deum</strong></span> <span class='ocrx_word' id='word_1_522' title='bbox 2241 2797 2382 2849; x_wconf 90' lang='lat' dir='ltr'><strong>esse,</strong></span> <span class='ocrx_word' id='word_1_523' title='bbox 2419 2789 2471 2835; x_wconf 92' lang='lat' dir='ltr'><strong>et</strong></span> <span class='ocrx_word' id='word_1_524' title='bbox 2491 2788 2717 2852; x_wconf 87' lang='lat' dir='ltr'><strong>peccata</strong></span> <span class='ocrx_word' id='word_1_525' title='bbox 2745 2780 3016 2836; x_wconf 89' lang='lat' dir='ltr'><strong>dimittere</strong></span> <span class='ocrx_word' id='word_1_526' title='bbox 3073 2780 3323 2836; x_wconf 89' lang='lat' dir='ltr'><strong>credunt.</strong></span> <span class='ocrx_word' id='word_1_527' title='bbox 3349 2778 3626 2833; x_wconf 87' lang='lat' dir='ltr'><strong>Christum</strong></span> 
     </span>
    </p>
   </div>
   <div class='ocr_carea' id='block_1_72' title="bbox 2036 2868 3629 2934">
    <p class='ocr_par' dir='ltr' id='par_1_72' title="bbox 2036 2868 3629 2934">
     <span class='ocr_line' id='line_1_72' title="bbox 2036 2868 3629 2934; baseline -0.003 -8"><span class='ocrx_word' id='word_1_528' title='bbox 2036 2879 2216 2926; x_wconf 89' lang='lat' dir='ltr'><strong>tamen</strong></span> <span class='ocrx_word' id='word_1_529' title='bbox 2239 2886 2362 2926; x_wconf 90' lang='lat' dir='ltr'><strong>esse</strong></span> <span class='ocrx_word' id='word_1_530' title='bbox 2392 2885 2514 2925; x_wconf 89' lang='lat' dir='ltr'><strong>eum</strong></span> <span class='ocrx_word' id='word_1_531' title='bbox 2542 2885 2652 2924; x_wconf 89' lang='lat' dir='ltr'><strong>non</strong></span> <span class='ocrx_word' id='word_1_532' title='bbox 2690 2870 2940 2925; x_wconf 90' lang='lat' dir='ltr'><strong>credunt.</strong></span> <span class='ocrx_word' id='word_1_533' title='bbox 2974 2868 3083 2925; x_wconf 91' lang='lat' dir='ltr'><strong>Sed</strong></span> <span class='ocrx_word' id='word_1_534' title='bbox 3099 2868 3408 2924; x_wconf 90' lang='lat' dir='ltr'><strong>dementius</strong></span> <span class='ocrx_word' id='word_1_535' title='bbox 3424 2868 3629 2934; x_wconf 86' lang='lat' dir='ltr'><strong>Ariani,</strong></span> 
     </span>
    </p>
   </div>
   <div class='ocr_carea' id='block_1_73' title="bbox 2036 2958 3634 3033">
    <p class='ocr_par' dir='ltr' id='par_1_73' title="bbox 2036 2958 3634 3033">
     <span class='ocr_line' id='line_1_73' title="bbox 2036 2958 3634 3033; baseline -0.003 -18"><span class='ocrx_word' id='word_1_536' title='bbox 2036 2961 2126 3033; x_wconf 90' lang='lat' dir='ltr'><strong>qui</strong></span> <span class='ocrx_word' id='word_1_537' title='bbox 2156 2968 2209 3015; x_wconf 91' lang='lat' dir='ltr'><strong>et</strong></span> <span class='ocrx_word' id='word_1_538' title='bbox 2237 2959 2510 3014; x_wconf 88' lang='lat' dir='ltr'><strong>Christum</strong></span> <span class='ocrx_word' id='word_1_539' title='bbox 2540 2974 2663 3015; x_wconf 89' lang='lat' dir='ltr'><strong>esse</strong></span> <span class='ocrx_word' id='word_1_540' title='bbox 2693 2966 2747 3014; x_wconf 90' lang='lat' dir='ltr'><strong>et</strong></span> <span class='ocrx_word' id='word_1_541' title='bbox 2774 2965 2994 3031; x_wconf 90' lang='lat' dir='ltr'><strong>peccata</strong></span> <span class='ocrx_word' id='word_1_542' title='bbox 3011 2958 3283 3014; x_wconf 88' lang='lat' dir='ltr'><strong>dimittere</strong></span> <span class='ocrx_word' id='word_1_543' title='bbox 3297 2973 3502 3029; x_wconf 88' lang='lat' dir='ltr'><strong>negare</strong></span> <span class='ocrx_word' id='word_1_544' title='bbox 3522 2971 3634 3013; x_wconf 89' lang='lat' dir='ltr'><strong>non</strong></span> 
     </span>
    </p>
   </div>
   <div class='ocr_carea' id='block_1_74' title="bbox 2036 3046 3234 3119">
    <p class='ocr_par' dir='ltr' id='par_1_74' title="bbox 2036 3046 3234 3119">
     <span class='ocr_line' id='line_1_74' title="bbox 2036 3046 3234 3119; baseline -0.004 -14"><span class='ocrx_word' id='word_1_545' title='bbox 2036 3050 2236 3105; x_wconf 89' lang='lat' dir='ltr'><strong>audent</strong></span> <span class='ocrx_word' id='word_1_546' title='bbox 2261 3049 2464 3104; x_wconf 90' lang='lat' dir='ltr'><strong>:Deum</strong></span> <span class='ocrx_word' id='word_1_547' title='bbox 2483 3064 2606 3103; x_wconf 91' lang='lat' dir='ltr'><strong>esse</strong></span> <span class='ocrx_word' id='word_1_548' title='bbox 2623 3064 2828 3119; x_wconf 89' lang='lat' dir='ltr'><strong>negare</strong></span> <span class='ocrx_word' id='word_1_549' title='bbox 2871 3063 2978 3103; x_wconf 88' lang='lat' dir='ltr'><strong>non</strong></span> <span class='ocrx_word' id='word_1_550' title='bbox 3026 3046 3234 3102; x_wconf 88' lang='lat' dir='ltr'><strong>timent.</strong></span> 
     </span>
    </p>
   </div>
   <div class='ocr_carea' id='block_1_75' title="bbox 2882 3133 3696 3206">
    <p class='ocr_par' dir='ltr' id='par_1_75' title="bbox 2882 3133 3696 3206">
     <span class='ocr_line' id='line_1_75' title="bbox 2882 3133 3696 3206; baseline -0.001 -16"><span class='ocrx_word' id='word_1_551' title='bbox 2882 3136 2901 3206; x_wconf 94' lang='lat'>)</span> <span class='ocrx_word' id='word_1_552' title='bbox 2931 3135 3102 3205; x_wconf 88' lang='lat' dir='ltr'><strong>Quasi</strong></span> <span class='ocrx_word' id='word_1_553' title='bbox 3132 3134 3279 3190; x_wconf 89' lang='lat' dir='ltr'><strong>dicat</strong></span> <span class='ocrx_word' id='word_1_554' title='bbox 3311 3151 3325 3189; x_wconf 91' lang='lat'>:</span> <span class='ocrx_word' id='word_1_555' title='bbox 3378 3133 3500 3203; x_wconf 86' lang='lat' dir='ltr'><strong>Qua</strong></span> <span class='ocrx_word' id='word_1_556' title='bbox 3526 3148 3631 3206; x_wconf 87' lang='lat' dir='ltr'><strong>po-</strong></span> <span class='ocrx_word' id='word_1_557' title='bbox 3690 3180 3696 3189; x_wconf 94' lang='lat'><strong>.</strong></span> 
     </span>
    </p>
   </div>
   <div class='ocr_carea' id='block_1_76' title="bbox 2032 3221 3627 3295">
    <p class='ocr_par' dir='ltr' id='par_1_76' title="bbox 2032 3221 3627 3295">
     <span class='ocr_line' id='line_1_76' title="bbox 2032 3221 3627 3295; baseline -0.001 -14"><span class='ocrx_word' id='word_1_558' title='bbox 2032 3226 2200 3282; x_wconf 88' lang='lat' dir='ltr'><strong>tentia</strong></span> <span class='ocrx_word' id='word_1_559' title='bbox 2227 3225 2406 3282; x_wconf 87' lang='lat' dir='ltr'><strong>cordis</strong></span> <span class='ocrx_word' id='word_1_560' title='bbox 2436 3226 2645 3281; x_wconf 88' lang='lat' dir='ltr'><strong>occulta</strong></span> <span class='ocrx_word' id='word_1_561' title='bbox 2671 3225 2902 3289; x_wconf 87' lang='lat' dir='ltr'><strong>intueor,</strong></span> <span class='ocrx_word' id='word_1_562' title='bbox 2936 3225 3126 3279; x_wconf 88' lang='lat' dir='ltr'><strong>eadem</strong></span> <span class='ocrx_word' id='word_1_563' title='bbox 3155 3229 3380 3295; x_wconf 88' lang='lat' dir='ltr'><strong>peccata</strong></span> <span class='ocrx_word' id='word_1_564' title='bbox 3396 3221 3627 3279; x_wconf 90' lang='lat' dir='ltr'><strong>dimitto.</strong></span> 
     </span>
    </p>
   </div>
   <div class='ocr_carea' id='block_1_77' title="bbox 2033 3311 3630 3385">
    <p class='ocr_par' dir='ltr' id='par_1_77' title="bbox 2033 3311 3630 3385">
     <span class='ocr_line' id='line_1_77' title="bbox 2033 3311 3630 3385; baseline -0.001 -16"><span class='ocrx_word' id='word_1_565' title='bbox 2033 3314 2202 3384; x_wconf 88' lang='lat' dir='ltr'><strong>Quasi</strong></span> <span class='ocrx_word' id='word_1_566' title='bbox 2229 3314 2371 3372; x_wconf 84' lang='lat' dir='ltr'><strong>dicat</strong></span> <span class='ocrx_word' id='word_1_567' title='bbox 2403 3333 2417 3369; x_wconf 90' lang='lat'><strong>:</strong></span> <span class='ocrx_word' id='word_1_568' title='bbox 2448 3314 2530 3369; x_wconf 86' lang='lat' dir='ltr'><strong>Ex</strong></span> <span class='ocrx_word' id='word_1_569' title='bbox 2559 3313 2717 3369; x_wconf 91' lang='lat' dir='ltr'><strong>vobis</strong></span> <span class='ocrx_word' id='word_1_570' title='bbox 2747 3312 3033 3385; x_wconf 89' lang='lat' dir='ltr'><strong>intelligite</strong></span> <span class='ocrx_word' id='word_1_571' title='bbox 3081 3311 3212 3385; x_wconf 90' lang='lat' dir='ltr'><strong>quid</strong></span> <span class='ocrx_word' id='word_1_572' title='bbox 3263 3317 3630 3385; x_wconf 86' lang='lat' dir='ltr'><strong>consequatur</strong></span> 
     </span>
    </p>
   </div>
   <div class='ocr_carea' id='block_1_78' title="bbox 2032 3404 2380 3477">
    <p class='ocr_par' dir='ltr' id='par_1_78' title="bbox 2032 3404 2380 3477">
     <span class='ocr_line' id='line_1_78' title="bbox 2032 3404 2380 3477; baseline -0.006 -17"><span class='ocrx_word' id='word_1_573' title='bbox 2032 3404 2380 3477; x_wconf 83' lang='lat' dir='ltr'><strong>paralyticus.</strong></span> 
     </span>
    </p>
   </div>
   <div class='ocr_carea' id='block_1_79' title="bbox 2104 3502 3632 3575">
    <p class='ocr_par' dir='ltr' id='par_1_79' title="bbox 2104 3502 3632 3575">
     <span class='ocr_line' id='line_1_79' title="bbox 2104 3502 3632 3575; baseline -0.003 -12"><span class='ocrx_word' id='word_1_574' title='bbox 2104 3507 2273 3563; x_wconf 74' lang='lat' dir='ltr'><strong>VERS.</strong></span> <span class='ocrx_word' id='word_1_575' title='bbox 2311 3509 2396 3561; x_wconf 80' lang='lat' dir='ltr'><strong>to.</strong></span> <span class='ocrx_word' id='word_1_576' title='bbox 2416 3535 2485 3547; x_wconf 95' lang='lat'>—</span> <span class='ocrx_word' id='word_1_577' title='bbox 2507 3506 2686 3562; x_wconf 84' lang='lat' dir='ltr'><strong>Filius</strong></span> <span class='ocrx_word' id='word_1_578' title='bbox 2717 3506 2982 3562; x_wconf 84' lang='lat' dir='ltr'><strong>hominis.</strong></span> <span class='ocrx_word' id='word_1_579' title='bbox 3017 3504 3149 3575; x_wconf 76' lang='lat'><strong>(10.)</strong></span> <span class='ocrx_word' id='word_1_580' title='bbox 3179 3503 3340 3560; x_wconf 91' lang='lat' dir='ltr'><strong>Solus</strong></span> <span class='ocrx_word' id='word_1_581' title='bbox 3371 3502 3520 3560; x_wconf 90' lang='lat' dir='ltr'><strong>Deus</strong></span> <span class='ocrx_word' id='word_1_582' title='bbox 3550 3502 3632 3559; x_wconf 87' lang='lat' dir='ltr'><strong>di-</strong></span> 
     </span>
    </p>
   </div>
   <div class='ocr_carea' id='block_1_80' title="bbox 2034 3592 3635 3667">
    <p class='ocr_par' dir='ltr' id='par_1_80' title="bbox 2034 3592 3635 3667">
     <span class='ocr_line' id='line_1_80' title="bbox 2034 3592 3635 3667; baseline -0.002 -16"><span class='ocrx_word' id='word_1_583' title='bbox 2034 3595 2195 3651; x_wconf 89' lang='lat' dir='ltr'><strong>mittit</strong></span> <span class='ocrx_word' id='word_1_584' title='bbox 2220 3603 2464 3667; x_wconf 87' lang='lat' dir='ltr'><strong>peccata,</strong></span> <span class='ocrx_word' id='word_1_585' title='bbox 2517 3603 2570 3649; x_wconf 92' lang='lat' dir='ltr'><strong>et</strong></span> <span class='ocrx_word' id='word_1_586' title='bbox 2615 3594 2782 3649; x_wconf 92' lang='lat' dir='ltr'><strong>Filius</strong></span> <span class='ocrx_word' id='word_1_587' title='bbox 2822 3592 3059 3649; x_wconf 89' lang='lat' dir='ltr'><strong>hominis</strong></span> <span class='ocrx_word' id='word_1_588' title='bbox 3099 3592 3264 3649; x_wconf 88' lang='lat' dir='ltr'><strong>habet</strong></span> <span class='ocrx_word' id='word_1_589' title='bbox 3309 3598 3635 3664; x_wconf 88' lang='lat' dir='ltr'><strong>potestatem</strong></span> 
     </span>
    </p>
   </div>
   <div class='ocr_carea' id='block_1_81' title="bbox 2033 3679 3624 3756">
    <p class='ocr_par' dir='ltr' id='par_1_81' title="bbox 2033 3679 3624 3756">
     <span class='ocr_line' id='line_1_81' title="bbox 2033 3679 3624 3756; baseline -0.003 -17"><span class='ocrx_word' id='word_1_590' title='bbox 2033 3684 2338 3739; x_wconf 90' lang='lat' dir='ltr'><strong>dimittendi</strong></span> <span class='ocrx_word' id='word_1_591' title='bbox 2366 3691 2591 3756; x_wconf 88' lang='lat' dir='ltr'><strong>peccata</strong></span> <span class='ocrx_word' id='word_1_592' title='bbox 2625 3701 2639 3738; x_wconf 91' lang='lat'><strong>:</strong></span> <span class='ocrx_word' id='word_1_593' title='bbox 2672 3697 2805 3755; x_wconf 89' lang='lat' dir='ltr'><strong>ergo</strong></span> <span class='ocrx_word' id='word_1_594' title='bbox 2834 3682 2981 3737; x_wconf 88' lang='lat' dir='ltr'><strong>idem</strong></span> <span class='ocrx_word' id='word_1_595' title='bbox 3011 3681 3159 3736; x_wconf 90' lang='lat' dir='ltr'><strong>Deus</strong></span> <span class='ocrx_word' id='word_1_596' title='bbox 3188 3688 3242 3736; x_wconf 87' lang='lat' dir='ltr'><strong>et</strong></span> <span class='ocrx_word' id='word_1_597' title='bbox 3265 3680 3433 3736; x_wconf 89' lang='lat' dir='ltr'><strong>Filius</strong></span> <span class='ocrx_word' id='word_1_598' title='bbox 3455 3679 3624 3737; x_wconf 89' lang='lat' dir='ltr'><strong>homi-</strong></span> 
     </span>
    </p>
   </div>
   <div class='ocr_carea' id='block_1_82' title="bbox 2034 3767 3632 3841">
    <p class='ocr_par' dir='ltr' id='par_1_82' title="bbox 2034 3767 3632 3841">
     <span class='ocr_line' id='line_1_82' title="bbox 2034 3767 3632 3841; baseline -0.003 -13"><span class='ocrx_word' id='word_1_599' title='bbox 2034 3774 2119 3828; x_wconf 89' lang='lat' dir='ltr'><strong>nis</strong></span> <span class='ocrx_word' id='word_1_600' title='bbox 2148 3782 2248 3829; x_wconf 91' lang='lat' dir='ltr'><strong>est.</strong></span> <span class='ocrx_word' id='word_1_601' title='bbox 2282 3775 2359 3829; x_wconf 91' lang='lat' dir='ltr'><strong>Ita</strong></span> <span class='ocrx_word' id='word_1_602' title='bbox 2390 3773 2551 3829; x_wconf 89' lang='lat' dir='ltr'><strong>homo</strong></span> <span class='ocrx_word' id='word_1_603' title='bbox 2582 3771 2827 3827; x_wconf 89' lang='lat' dir='ltr'><strong>Christus</strong></span> <span class='ocrx_word' id='word_1_604' title='bbox 2870 3767 2971 3841; x_wconf 86' lang='lat' dir='ltr'><strong>per</strong></span> <span class='ocrx_word' id='word_1_605' title='bbox 3019 3769 3365 3825; x_wconf 83' lang='lat' dir='ltr'><strong>divinitatem</strong></span> <span class='ocrx_word' id='word_1_606' title='bbox 3410 3767 3632 3825; x_wconf 90' lang='lat' dir='ltr'><strong>dimittit</strong></span> 
     </span>
    </p>
   </div>
   <div class='ocr_carea' id='block_1_83' title="bbox 2031 3852 3631 3929">
    <p class='ocr_par' dir='ltr' id='par_1_83' title="bbox 2031 3852 3631 3929">
     <span class='ocr_line' id='line_1_83' title="bbox 2031 3852 3631 3929; baseline -0.004 -15"><span class='ocrx_word' id='word_1_607' title='bbox 2031 3865 2277 3929; x_wconf 89' lang='lat' dir='ltr'><strong>peccata,</strong></span> <span class='ocrx_word' id='word_1_608' title='bbox 2310 3873 2410 3928; x_wconf 87' lang='lat' dir='ltr'><strong>per</strong></span> <span class='ocrx_word' id='word_1_609' title='bbox 2438 3855 2829 3911; x_wconf 89' lang='lat' dir='ltr'><strong>humanitatem</strong></span> <span class='ocrx_word' id='word_1_610' title='bbox 2877 3868 2975 3926; x_wconf 89' lang='lat' dir='ltr'><strong>pro</strong></span> <span class='ocrx_word' id='word_1_611' title='bbox 3022 3852 3405 3926; x_wconf 88' lang='lat' dir='ltr'><strong>peccatoribus</strong></span> <span class='ocrx_word' id='word_1_612' title='bbox 3452 3859 3631 3924; x_wconf 89' lang='lat' dir='ltr'><strong>potest</strong></span> 
     </span>
    </p>
   </div>
   <div class='ocr_carea' id='block_1_84' title="bbox 2033 3961 3415 4011">
    <p class='ocr_par' dir='ltr' id='par_1_84' title="bbox 2033 3961 3415 4011">
     <span class='ocr_line' id='line_1_84' title="bbox 2033 3961 3415 4011; baseline 0.009 -12"><span class='ocrx_word' id='word_1_613' title='bbox 2033 3961 2172 4001; x_wconf 83' lang='lat' dir='ltr'><strong>mOl‘l</strong></span> <span class='ocrx_word' id='word_1_614' title='bbox 2182 3989 2193 4001; x_wconf 90' lang='lat'><strong>.</strong></span> <span class='ocrx_word' id='word_1_615' title='bbox 3400 3998 3415 4011; x_wconf 59' lang='grc' dir='ltr'>κ</span> 
     </span>
    </p>
   </div>
   <div class='ocr_carea' id='block_1_85' title="bbox 2105 4028 3628 4101">
    <p class='ocr_par' dir='ltr' id='par_1_85' title="bbox 2105 4028 3628 4101">
     <span class='ocr_line' id='line_1_85' title="bbox 2105 4028 3628 4101; baseline -0.005 -10"><span class='ocrx_word' id='word_1_616' title='bbox 2105 4035 2277 4091; x_wconf 77' lang='lat' dir='ltr'><strong>Vnus.</strong></span> <span class='ocrx_word' id='word_1_617' title='bbox 2315 4037 2401 4089; x_wconf 77' lang='lat' dir='ltr'><strong>tl.</strong></span> <span class='ocrx_word' id='word_1_618' title='bbox 2424 4063 2492 4076; x_wconf 90' lang='lat'><strong>—</strong></span> <span class='ocrx_word' id='word_1_619' title='bbox 2532 4034 2670 4090; x_wconf 80' lang='lat' dir='ltr'><strong>Vade</strong></span> <span class='ocrx_word' id='word_1_620' title='bbox 2699 4036 2764 4089; x_wconf 90' lang='lat' dir='ltr'><strong>in</strong></span> <span class='ocrx_word' id='word_1_621' title='bbox 2791 4032 3019 4089; x_wconf 87' lang='lat' dir='ltr'><strong>domum</strong></span> <span class='ocrx_word' id='word_1_622' title='bbox 3041 4034 3220 4087; x_wconf 86' lang='lat' dir='ltr'><strong>tuam.</strong></span> <span class='ocrx_word' id='word_1_623' title='bbox 3243 4029 3375 4101; x_wconf 79' lang='lat'><strong>(10.)</strong></span> <span class='ocrx_word' id='word_1_624' title='bbox 3396 4028 3501 4098; x_wconf 86' lang='lat' dir='ltr'><strong>Qui</strong></span> <span class='ocrx_word' id='word_1_625' title='bbox 3515 4029 3628 4085; x_wconf 83' lang='lat' dir='ltr'><strong>lan-</strong></span> 
     </span>
    </p>
   </div>
   <div class='ocr_carea' id='block_1_86' title="bbox 2035 4118 3626 4199">
    <p class='ocr_par' dir='ltr' id='par_1_86' title="bbox 2035 4118 3626 4199">
     <span class='ocr_line' id='line_1_86' title="bbox 2035 4118 3626 4199; baseline -0.004 -18"><span class='ocrx_word' id='word_1_626' title='bbox 2035 4133 2249 4199; x_wconf 87' lang='lat' dir='ltr'><strong>guerat,</strong></span> <span class='ocrx_word' id='word_1_627' title='bbox 2283 4123 2572 4197; x_wconf 88' lang='lat' dir='ltr'><strong>grabatum</strong></span> <span class='ocrx_word' id='word_1_628' title='bbox 2603 4123 2825 4178; x_wconf 90' lang='lat' dir='ltr'><strong>domum</strong></span> <span class='ocrx_word' id='word_1_629' title='bbox 2855 4128 3091 4192; x_wconf 88' lang='lat' dir='ltr'><strong>reporta,</strong></span> <span class='ocrx_word' id='word_1_630' title='bbox 3127 4134 3253 4176; x_wconf 92' lang='lat' dir='ltr'><strong>cum</strong></span> <span class='ocrx_word' id='word_1_631' title='bbox 3283 4118 3460 4173; x_wconf 88' lang='lat' dir='ltr'><strong>anima</strong></span> <span class='ocrx_word' id='word_1_632' title='bbox 3490 4133 3626 4190; x_wconf 85' lang='lat' dir='ltr'><strong>pec-</strong></span> 
     </span>
    </p>
   </div>
   <div class='ocr_carea' id='block_1_87' title="bbox 2037 4206 3628 4275">
    <p class='ocr_par' dir='ltr' id='par_1_87' title="bbox 2037 4206 3628 4275">
     <span class='ocr_line' id='line_1_87' title="bbox 2037 4206 3628 4275; baseline -0.004 -6"><span class='ocrx_word' id='word_1_633' title='bbox 2037 4222 2281 4269; x_wconf 88' lang='lat' dir='ltr'><strong>catorum</strong></span> <span class='ocrx_word' id='word_1_634' title='bbox 2313 4212 2635 4268; x_wconf 87' lang='lat' dir='ltr'><strong>remissione</strong></span> <span class='ocrx_word' id='word_1_635' title='bbox 2664 4218 2871 4275; x_wconf 89' lang='lat' dir='ltr'><strong>curata,</strong></span> <span class='ocrx_word' id='word_1_636' title='bbox 2905 4226 2966 4265; x_wconf 89' lang='lat' dir='ltr'><strong>se</strong></span> <span class='ocrx_word' id='word_1_637' title='bbox 2995 4208 3065 4264; x_wconf 90' lang='lat' dir='ltr'><strong>ad</strong></span> <span class='ocrx_word' id='word_1_638' title='bbox 3095 4208 3404 4264; x_wconf 88' lang='lat' dir='ltr'><strong>diuturnam</strong></span> <span class='ocrx_word' id='word_1_639' title='bbox 3428 4206 3513 4262; x_wconf 91' lang='lat' dir='ltr'><strong>sui</strong></span> <span class='ocrx_word' id='word_1_640' title='bbox 3535 4221 3628 4263; x_wconf 87' lang='lat' dir='ltr'><strong>cu-</strong></span> 
     </span>
    </p>
   </div>
   <div class='ocr_carea' id='block_1_88' title="bbox 2037 4296 3626 4373">
    <p class='ocr_par' dir='ltr' id='par_1_88' title="bbox 2037 4296 3626 4373">
     <span class='ocr_line' id='line_1_88' title="bbox 2037 4296 3626 4373; baseline -0.004 -15"><span class='ocrx_word' id='word_1_641' title='bbox 2037 4303 2269 4358; x_wconf 91' lang='lat' dir='ltr'><strong>stodiam</strong></span> <span class='ocrx_word' id='word_1_642' title='bbox 2299 4316 2425 4357; x_wconf 90' lang='lat' dir='ltr'><strong>cum</strong></span> <span class='ocrx_word' id='word_1_643' title='bbox 2452 4302 2573 4373; x_wconf 88' lang='lat' dir='ltr'><strong>ipso</strong></span> <span class='ocrx_word' id='word_1_644' title='bbox 2602 4315 2830 4371; x_wconf 91' lang='lat' dir='ltr'><strong>corpore</strong></span> <span class='ocrx_word' id='word_1_645' title='bbox 2861 4298 3030 4354; x_wconf 86' lang='lat' dir='ltr'><strong>refert</strong></span> <span class='ocrx_word' id='word_1_646' title='bbox 3076 4315 3089 4351; x_wconf 92' lang='lat'><strong>:</strong></span> <span class='ocrx_word' id='word_1_647' title='bbox 3141 4313 3211 4353; x_wconf 90' lang='lat' dir='ltr'><strong>ne</strong></span> <span class='ocrx_word' id='word_1_648' title='bbox 3263 4296 3393 4369; x_wconf 89' lang='lat' dir='ltr'><strong>quid</strong></span> <span class='ocrx_word' id='word_1_649' title='bbox 3435 4296 3626 4354; x_wconf 87' lang='lat' dir='ltr'><strong>iterum</strong></span> 
     </span>
    </p>
   </div>
   <div class='ocr_carea' id='block_1_89' title="bbox 2035 4389 2733 4447">
    <p class='ocr_par' dir='ltr' id='par_1_89' title="bbox 2035 4389 2733 4447">
     <span class='ocr_line' id='line_1_89' title="bbox 2035 4389 2733 4447; baseline -0.003 -1"><span class='ocrx_word' id='word_1_650' title='bbox 2035 4392 2181 4447; x_wconf 89' lang='lat' dir='ltr'><strong>unde</strong></span> <span class='ocrx_word' id='word_1_651' title='bbox 2208 4389 2433 4447; x_wconf 85' lang='lat' dir='ltr'><strong>feriatur</strong></span> <span class='ocrx_word' id='word_1_652' title='bbox 2470 4389 2733 4444; x_wconf 89' lang='lat' dir='ltr'><strong>admittat.</strong></span> 
     </span>
    </p>
   </div>
   <div class='ocr_carea' id='block_1_90' title="bbox 322 4451 3630 4565">
    <p class='ocr_par' dir='ltr' id='par_1_90' title="bbox 322 4451 3630 4565">
     <span class='ocr_line' id='line_1_90' title="bbox 322 4451 3630 4565; baseline -0.001 -33"><span class='ocrx_word' id='word_1_653' title='bbox 322 4460 514 4565; x_wconf 37' lang='lat'><strong>2339&#39;</strong></span> <span class='ocrx_word' id='word_1_654' title='bbox 540 4452 701 4508; x_wconf 67' lang='lat' dir='ltr'><strong>aliam</strong></span> <span class='ocrx_word' id='word_1_655' title='bbox 732 4454 875 4509; x_wconf 69' lang='lat' dir='ltr'><strong>Viam</strong></span> <span class='ocrx_word' id='word_1_656' title='bbox 904 4468 1029 4509; x_wconf 71' lang='lat' dir='ltr'><strong>cum</strong></span> <span class='ocrx_word' id='word_1_657' title='bbox 1061 4451 1234 4523; x_wconf 62' lang='lat' dir='ltr'><strong>Magis</strong></span> <span class='ocrx_word' id='word_1_658' title='bbox 1263 4452 1320 4506; x_wconf 68' lang='lat' dir='ltr'><strong>in</strong></span> <span class='ocrx_word' id='word_1_659' title='bbox 1351 4467 1500 4506; x_wconf 68' lang='lat' dir='ltr'><strong>suam</strong></span> <span class='ocrx_word' id='word_1_660' title='bbox 1532 4451 1814 4522; x_wconf 57' lang='lat' dir='ltr'><strong>regionem</strong></span> <span class='ocrx_word' id='word_1_661' title='bbox 1845 4468 1998 4565; x_wconf 40' lang='grc' dir='ltr'><strong>’ΨΒ</strong></span> <span class='ocrx_word' id='word_1_662' title='bbox 2100 4481 2270 4535; x_wconf 76' lang='lat' dir='ltr'><strong>Vnus.</strong></span> <span class='ocrx_word' id='word_1_663' title='bbox 2298 4483 2458 4534; x_wconf 81' lang='lat' dir='ltr'><strong>t3.—</strong></span> <span class='ocrx_word' id='word_1_664' title='bbox 2478 4479 2549 4533; x_wconf 85' lang='lat' dir='ltr'><strong>Et</strong></span> <span class='ocrx_word' id='word_1_665' title='bbox 2569 4492 2837 4548; x_wconf 87' lang='lat' dir='ltr'><strong>egressus,</strong></span> <span class='ocrx_word' id='word_1_666' title='bbox 2862 4483 2963 4531; x_wconf 89' lang='lat' dir='ltr'><strong>etc.</strong></span> <span class='ocrx_word' id='word_1_667' title='bbox 2984 4474 3254 4545; x_wconf 84' lang='lat' dir='ltr'><strong>(lo.)Post</strong></span> <span class='ocrx_word' id='word_1_668' title='bbox 3297 4473 3630 4529; x_wconf 89' lang='lat' dir='ltr'><strong>curationem</strong></span> 
     </span>
    </p>
   </div>
   <div class='ocr_carea' id='block_1_91' title="bbox 325 4539 471 4596">
    <p class='ocr_par' dir='ltr' id='par_1_91' title="bbox 325 4539 471 4596">
     <span class='ocr_line' id='line_1_91' title="bbox 325 4539 471 4596; baseline 0.014 -3"><span class='ocrx_word' id='word_1_669' title='bbox 325 4539 471 4596; x_wconf 85' lang='lat' dir='ltr'><strong>deat.</strong></span> 
     </span>
    </p>
   </div>
   <div class='ocr_carea' id='block_1_92' title="bbox 407 4654 1932 4734">
    <p class='ocr_par' dir='ltr' id='par_1_92' title="bbox 407 4654 1932 4734">
     <span class='ocr_line' id='line_1_92' title="bbox 407 4654 1932 4734; baseline -0.007 -15"><span class='ocrx_word' id='word_1_670' title='bbox 407 4665 451 4719; x_wconf 79' lang='grc' dir='ltr'><em>Α</em></span> <span class='ocrx_word' id='word_1_671' title='bbox 483 4664 687 4734; x_wconf 84' lang='lat' dir='ltr'><strong>quater</strong></span> <span class='ocrx_word' id='word_1_672' title='bbox 714 4656 1066 4730; x_wconf 85' lang='lat' dir='ltr'><strong>portabatur.</strong></span> <span class='ocrx_word' id='word_1_673' title='bbox 1101 4656 1324 4727; x_wconf 73' lang='grc' dir='ltr'><strong>(ΒευΑ.)</strong></span> <span class='ocrx_word' id='word_1_674' title='bbox 1343 4654 1478 4725; x_wconf 89' lang='lat' dir='ltr'><strong>Quia</strong></span> <span class='ocrx_word' id='word_1_675' title='bbox 1509 4662 1742 4727; x_wconf 88' lang='lat' dir='ltr'><strong>quatuor</strong></span> <span class='ocrx_word' id='word_1_676' title='bbox 1769 4655 1932 4710; x_wconf 89' lang='lat' dir='ltr'><strong>virtu-</strong></span> 
     </span>
    </p>
   </div>
   <div class='ocr_carea' id='block_1_93' title="bbox 327 4743 1934 4816">
    <p class='ocr_par' dir='ltr' id='par_1_93' title="bbox 327 4743 1934 4816">
     <span class='ocr_line' id='line_1_93' title="bbox 327 4743 1934 4816; baseline -0.005 -11"><span class='ocrx_word' id='word_1_677' title='bbox 327 4753 476 4807; x_wconf 86' lang='lat' dir='ltr'><strong>tibus</strong></span> <span class='ocrx_word' id='word_1_678' title='bbox 505 4748 577 4804; x_wconf 86' lang='lat' dir='ltr'><strong>ad</strong></span> <span class='ocrx_word' id='word_1_679' title='bbox 608 4746 900 4802; x_wconf 89' lang='lat' dir='ltr'><strong>Dominum</strong></span> <span class='ocrx_word' id='word_1_680' title='bbox 927 4743 1121 4800; x_wconf 88' lang='lat' dir='ltr'><strong>fiducia</strong></span> <span class='ocrx_word' id='word_1_681' title='bbox 1153 4744 1355 4800; x_wconf 89' lang='lat' dir='ltr'><strong>mentis</strong></span> <span class='ocrx_word' id='word_1_682' title='bbox 1404 4744 1645 4816; x_wconf 85' lang='lat' dir='ltr'><strong>erigitur.</strong></span> <span class='ocrx_word' id='word_1_683' title='bbox 1692 4744 1773 4799; x_wconf 90' lang='lat' dir='ltr'><strong>De</strong></span> <span class='ocrx_word' id='word_1_684' title='bbox 1815 4743 1934 4815; x_wconf 91' lang='lat' dir='ltr'><strong>qui-</strong></span> 
     </span>
    </p>
   </div>
   <div class='ocr_carea' id='block_1_94' title="bbox 329 4832 1932 4904">
    <p class='ocr_par' dir='ltr' id='par_1_94' title="bbox 329 4832 1932 4904">
     <span class='ocr_line' id='line_1_94' title="bbox 329 4832 1932 4904; baseline -0.006 -8"><span class='ocrx_word' id='word_1_685' title='bbox 329 4842 439 4895; x_wconf 89' lang='lat' dir='ltr'><strong>bus</strong></span> <span class='ocrx_word' id='word_1_686' title='bbox 470 4837 667 4893; x_wconf 91' lang='lat' dir='ltr'><strong>dicitur</strong></span> <span class='ocrx_word' id='word_1_687' title='bbox 696 4834 752 4889; x_wconf 91' lang='lat' dir='ltr'><strong>in</strong></span> <span class='ocrx_word' id='word_1_688' title='bbox 784 4833 925 4889; x_wconf 89' lang='lat' dir='ltr'><strong>libro</strong></span> <span class='ocrx_word' id='word_1_689' title='bbox 954 4833 1286 4904; x_wconf 89' lang='lat' dir='ltr'><strong>Sapientia:</strong></span> <span class='ocrx_word' id='word_1_690' title='bbox 1329 4832 1701 4889; x_wconf 88' lang='lat' dir='ltr'><strong>Sobrietatem</strong></span> <span class='ocrx_word' id='word_1_691' title='bbox 1744 4837 1801 4889; x_wconf 89' lang='lat' dir='ltr'><strong>et</strong></span> <span class='ocrx_word' id='word_1_692' title='bbox 1842 4849 1932 4888; x_wconf 86' lang='lat' dir='ltr'><strong>sa-</strong></span> 
     </span>
    </p>
   </div>
   <div class='ocr_carea' id='block_1_95' title="bbox 327 4920 1930 5003">
    <p class='ocr_par' dir='ltr' id='par_1_95' title="bbox 327 4920 1930 5003">
     <span class='ocr_line' id='line_1_95' title="bbox 327 4920 1930 5003; baseline -0.008 -17"><span class='ocrx_word' id='word_1_693' title='bbox 327 4930 621 5003; x_wconf 84' lang='lat' dir='ltr'><strong>pientiam</strong></span> <span class='ocrx_word' id='word_1_694' title='bbox 647 4923 827 4988; x_wconf 85' lang='lat' dir='ltr'><strong>docet,</strong></span> <span class='ocrx_word' id='word_1_695' title='bbox 861 4922 919 4977; x_wconf 76' lang='lat' dir='ltr'><strong>et</strong></span> <span class='ocrx_word' id='word_1_696' title='bbox 930 4923 1233 4978; x_wconf 81' lang='lat' dir='ltr'><strong>scientiam</strong></span> <span class='ocrx_word' id='word_1_697' title='bbox 1254 4926 1311 4977; x_wconf 90' lang='lat' dir='ltr'><strong>et</strong></span> <span class='ocrx_word' id='word_1_698' title='bbox 1324 4922 1597 4977; x_wconf 81' lang='lat' dir='ltr'><strong>virtutem</strong></span> <span class='ocrx_word' id='word_1_699' title='bbox 1617 4922 1766 4993; x_wconf 86' lang='lat' dir='ltr'><strong>(Sap.</strong></span> <span class='ocrx_word' id='word_1_700' title='bbox 1787 4920 1930 4991; x_wconf 82' lang='lat' dir='ltr'><strong>vni),</strong></span> 
     </span>
    </p>
   </div>
   <div class='ocr_carea' id='block_1_96' title="bbox 322 5009 1932 5091">
    <p class='ocr_par' dir='ltr' id='par_1_96' title="bbox 322 5009 1932 5091">
     <span class='ocr_line' id='line_1_96' title="bbox 322 5009 1932 5091; baseline -0.006 -18"><span class='ocrx_word' id='word_1_701' title='bbox 322 5033 466 5091; x_wconf 87' lang='lat' dir='ltr'><strong>quas</strong></span> <span class='ocrx_word' id='word_1_702' title='bbox 506 5014 601 5071; x_wconf 89' lang='lat' dir='ltr'><strong>alii</strong></span> <span class='ocrx_word' id='word_1_703' title='bbox 652 5010 1025 5085; x_wconf 88' lang='lat' dir='ltr'><strong>prudentiam,</strong></span> <span class='ocrx_word' id='word_1_704' title='bbox 1059 5009 1454 5076; x_wconf 82' lang='lat' dir='ltr'><strong>fortitudinem,</strong></span> <span class='ocrx_word' id='word_1_705' title='bbox 1520 5009 1932 5082; x_wconf 89' lang='lat' dir='ltr'><strong>temperantiam</strong></span> 
     </span>
    </p>
   </div>
   <div class='ocr_carea' id='block_1_97' title="bbox 325 5104 1077 5176">
    <p class='ocr_par' dir='ltr' id='par_1_97' title="bbox 325 5104 1077 5176">
     <span class='ocr_line' id='line_1_97' title="bbox 325 5104 1077 5176; baseline -0.012 -13"><span class='ocrx_word' id='word_1_706' title='bbox 325 5117 381 5163; x_wconf 92' lang='lat' dir='ltr'><strong>et</strong></span> <span class='ocrx_word' id='word_1_707' title='bbox 418 5104 688 5176; x_wconf 84' lang='lat' dir='ltr'><strong>justitiam</strong></span> <span class='ocrx_word' id='word_1_708' title='bbox 748 5106 1077 5171; x_wconf 89' lang='lat' dir='ltr'><strong>nuncupant.</strong></span> 
     </span>
    </p>
   </div>
   <div class='ocr_carea' id='block_1_98' title="bbox 398 5212 1933 5277">
    <p class='ocr_par' dir='ltr' id='par_1_98' title="bbox 398 5212 1933 5277">
     <span class='ocr_line' id='line_1_98' title="bbox 398 5212 1933 5277; baseline -0.005 -1"><span class='ocrx_word' id='word_1_709' title='bbox 398 5220 576 5277; x_wconf 77' lang='lat' dir='ltr'><strong>Vnus.</strong></span> <span class='ocrx_word' id='word_1_710' title='bbox 615 5218 666 5272; x_wconf 88' lang='grc'><strong>4.</strong></span> <span class='ocrx_word' id='word_1_711' title='bbox 699 5246 767 5258; x_wconf 90' lang='grc'><strong><em>-</em></strong></span> <span class='ocrx_word' id='word_1_712' title='bbox 791 5214 1160 5271; x_wconf 84' lang='lat' dir='ltr'><strong>Nadaverunt</strong></span> <span class='ocrx_word' id='word_1_713' title='bbox 1190 5217 1404 5271; x_wconf 88' lang='lat' dir='ltr'><strong>tectum</strong></span> <span class='ocrx_word' id='word_1_714' title='bbox 1432 5213 1529 5270; x_wconf 83' lang='lat' dir='ltr'><strong>ubi</strong></span> <span class='ocrx_word' id='word_1_715' title='bbox 1548 5218 1691 5270; x_wconf 84' lang='lat' dir='ltr'><strong>erat.</strong></span> <span class='ocrx_word' id='word_1_716' title='bbox 1710 5212 1933 5270; x_wconf 87' lang='lat' dir='ltr'><strong>Tectum</strong></span> 
     </span>
    </p>
   </div>
   <div class='ocr_carea' id='block_1_99' title="bbox 322 5302 1931 5379">
    <p class='ocr_par' dir='ltr' id='par_1_99' title="bbox 322 5302 1931 5379">
     <span class='ocr_line' id='line_1_99' title="bbox 322 5302 1931 5379; baseline -0.004 -14"><span class='ocrx_word' id='word_1_717' title='bbox 322 5310 526 5365; x_wconf 88' lang='lat' dir='ltr'><strong>domus</strong></span> <span class='ocrx_word' id='word_1_718' title='bbox 557 5308 617 5361; x_wconf 87' lang='lat' dir='ltr'><strong>in</strong></span> <span class='ocrx_word' id='word_1_719' title='bbox 644 5320 751 5379; x_wconf 90' lang='lat' dir='ltr'><strong>qua</strong></span> <span class='ocrx_word' id='word_1_720' title='bbox 780 5303 1029 5360; x_wconf 90' lang='lat' dir='ltr'><strong>Christus</strong></span> <span class='ocrx_word' id='word_1_721' title='bbox 1070 5303 1251 5368; x_wconf 90' lang='lat' dir='ltr'><strong>docet,</strong></span> <span class='ocrx_word' id='word_1_722' title='bbox 1303 5303 1611 5358; x_wconf 90' lang='lat' dir='ltr'><strong>sublimitas</strong></span> <span class='ocrx_word' id='word_1_723' title='bbox 1655 5310 1739 5358; x_wconf 87' lang='lat' dir='ltr'><strong>est</strong></span> <span class='ocrx_word' id='word_1_724' title='bbox 1778 5302 1931 5359; x_wconf 89' lang='lat' dir='ltr'><strong>Scri-</strong></span> 
     </span>
    </p>
   </div>
   <div class='ocr_carea' id='block_1_100' title="bbox 319 5391 1933 5471">
    <p class='ocr_par' dir='ltr' id='par_1_100' title="bbox 319 5391 1933 5471">
     <span class='ocr_line' id='line_1_100' title="bbox 319 5391 1933 5471; baseline -0.004 -18"><span class='ocrx_word' id='word_1_725' title='bbox 319 5407 518 5471; x_wconf 88' lang='lat' dir='ltr'><strong>ptura,</strong></span> <span class='ocrx_word' id='word_1_726' title='bbox 553 5399 619 5452; x_wconf 86' lang='lat' dir='ltr'><strong>in</strong></span> <span class='ocrx_word' id='word_1_727' title='bbox 648 5411 758 5468; x_wconf 86' lang='lat' dir='ltr'><strong>qua</strong></span> <span class='ocrx_word' id='word_1_728' title='bbox 778 5395 1016 5463; x_wconf 82' lang='lat' dir='ltr'><strong>corrigit</strong></span> <span class='ocrx_word' id='word_1_729' title='bbox 1042 5391 1459 5450; x_wconf 82' lang='lat' dir='ltr'><strong>adolescentior</strong></span> <span class='ocrx_word' id='word_1_730' title='bbox 1485 5393 1636 5448; x_wconf 86' lang='lat' dir='ltr'><strong>viam</strong></span> <span class='ocrx_word' id='word_1_731' title='bbox 1666 5408 1834 5449; x_wconf 89' lang='lat' dir='ltr'><strong>suam</strong></span> <span class='ocrx_word' id='word_1_732' title='bbox 1867 5391 1933 5447; x_wconf 86' lang='lat' dir='ltr'><strong>in</strong></span> 
     </span>
    </p>
   </div>
   <div class='ocr_carea' id='block_1_101' title="bbox 322 5481 1608 5551">
    <p class='ocr_par' dir='ltr' id='par_1_101' title="bbox 322 5481 1608 5551">
     <span class='ocr_line' id='line_1_101' title="bbox 322 5481 1608 5551; baseline -0.007 -8"><span class='ocrx_word' id='word_1_733' title='bbox 322 5484 696 5543; x_wconf 83' lang='lat' dir='ltr'><strong>custodiendo</strong></span> <span class='ocrx_word' id='word_1_734' title='bbox 718 5496 1008 5539; x_wconf 86' lang='lat' dir='ltr'><strong>sermones</strong></span> <span class='ocrx_word' id='word_1_735' title='bbox 1042 5484 1167 5537; x_wconf 84' lang='lat' dir='ltr'><strong>tuos</strong></span> <span class='ocrx_word' id='word_1_736' title='bbox 1190 5481 1365 5551; x_wconf 83' lang='lat' dir='ltr'><strong>(Psal.</strong></span> <span class='ocrx_word' id='word_1_737' title='bbox 1390 5481 1608 5549; x_wconf 75' lang='lat' dir='ltr'><strong>cxvm).</strong></span> 
     </span>
    </p>
   </div>
   <div class='ocr_carea' id='block_1_102' title="bbox 394 5594 1932 5668">
    <p class='ocr_par' dir='ltr' id='par_1_102' title="bbox 394 5594 1932 5668">
     <span class='ocr_line' id='line_1_102' title="bbox 394 5594 1932 5668; baseline -0.002 -13"><span class='ocrx_word' id='word_1_738' title='bbox 394 5599 623 5668; x_wconf 69' lang='grc' dir='ltr'><strong>(Βεω.)</strong></span> <span class='ocrx_word' id='word_1_739' title='bbox 655 5598 863 5653; x_wconf 88' lang='lat' dir='ltr'><strong>Domus</strong></span> <span class='ocrx_word' id='word_1_740' title='bbox 882 5595 1012 5653; x_wconf 82' lang='lat' dir='ltr'><strong>Jesu</strong></span> <span class='ocrx_word' id='word_1_741' title='bbox 1030 5596 1330 5653; x_wconf 90' lang='lat' dir='ltr'><strong>secundum</strong></span> <span class='ocrx_word' id='word_1_742' title='bbox 1348 5595 1514 5652; x_wconf 89' lang='lat' dir='ltr'><strong>alium</strong></span> <span class='ocrx_word' id='word_1_743' title='bbox 1534 5594 1932 5667; x_wconf 87' lang='lat' dir='ltr'><strong>evangelistam</strong></span> 
     </span>
    </p>
   </div>
   <div class='ocr_carea' id='block_1_103' title="bbox 323 5684 1932 5763">
    <p class='ocr_par' dir='ltr' id='par_1_103' title="bbox 323 5684 1932 5763">
     <span class='ocr_line' id='line_1_103' title="bbox 323 5684 1932 5763; baseline -0.001 -18"><span class='ocrx_word' id='word_1_744' title='bbox 323 5688 542 5763; x_wconf 85' lang='lat' dir='ltr'><strong>regulis</strong></span> <span class='ocrx_word' id='word_1_745' title='bbox 572 5694 712 5745; x_wconf 86' lang='lat' dir='ltr'><strong>tecta</strong></span> <span class='ocrx_word' id='word_1_746' title='bbox 741 5685 957 5754; x_wconf 86' lang='lat' dir='ltr'><strong>dicitur,</strong></span> <span class='ocrx_word' id='word_1_747' title='bbox 991 5686 1119 5759; x_wconf 88' lang='lat' dir='ltr'><strong>quia</strong></span> <span class='ocrx_word' id='word_1_748' title='bbox 1146 5685 1350 5743; x_wconf 86' lang='lat' dir='ltr'><strong>vilitate</strong></span> <span class='ocrx_word' id='word_1_749' title='bbox 1378 5684 1567 5743; x_wconf 86' lang='lat' dir='ltr'><strong>littera</strong></span> <span class='ocrx_word' id='word_1_750' title='bbox 1600 5699 1793 5742; x_wconf 90' lang='lat' dir='ltr'><strong>sensus</strong></span> <span class='ocrx_word' id='word_1_751' title='bbox 1823 5686 1932 5758; x_wconf 84' lang='lat' dir='ltr'><strong>spi-</strong></span> 
     </span>
    </p>
   </div>
   <div class='ocr_carea' id='block_1_104' title="bbox 2031 4561 3628 4642">
    <p class='ocr_par' dir='ltr' id='par_1_104' title="bbox 2031 4561 3628 4642">
     <span class='ocr_line' id='line_1_104' title="bbox 2031 4561 3628 4642; baseline -0.003 -17"><span class='ocrx_word' id='word_1_752' title='bbox 2031 4568 2320 4642; x_wconf 89' lang='lat' dir='ltr'><strong>paralytici</strong></span> <span class='ocrx_word' id='word_1_753' title='bbox 2348 4568 2402 4622; x_wconf 89' lang='lat' dir='ltr'><strong>in</strong></span> <span class='ocrx_word' id='word_1_754' title='bbox 2432 4567 2812 4637; x_wconf 88' lang='lat' dir='ltr'><strong>Capharnaum</strong></span> <span class='ocrx_word' id='word_1_755' title='bbox 2839 4563 2908 4617; x_wconf 91' lang='lat' dir='ltr'><strong>ad</strong></span> <span class='ocrx_word' id='word_1_756' title='bbox 2954 4578 3107 4618; x_wconf 85' lang='lat' dir='ltr'><strong>mare</strong></span> <span class='ocrx_word' id='word_1_757' title='bbox 3154 4561 3448 4634; x_wconf 88' lang='lat' dir='ltr'><strong>egreditur,</strong></span> <span class='ocrx_word' id='word_1_758' title='bbox 3499 4562 3628 4634; x_wconf 84' lang='lat' dir='ltr'><strong>quia</strong></span> 
     </span>
    </p>
   </div>
   <div class='ocr_carea' id='block_1_105' title="bbox 2032 4650 3630 4719">
    <p class='ocr_par' dir='ltr' id='par_1_105' title="bbox 2032 4650 3630 4719">
     <span class='ocr_line' id='line_1_105' title="bbox 2032 4650 3630 4719; baseline -0.004 -6"><span class='ocrx_word' id='word_1_759' title='bbox 2032 4675 2141 4714; x_wconf 91' lang='lat' dir='ltr'><strong>non</strong></span> <span class='ocrx_word' id='word_1_760' title='bbox 2175 4658 2352 4713; x_wconf 90' lang='lat' dir='ltr'><strong>solum</strong></span> <span class='ocrx_word' id='word_1_761' title='bbox 2380 4655 2550 4719; x_wconf 89' lang='lat' dir='ltr'><strong>cives,</strong></span> <span class='ocrx_word' id='word_1_762' title='bbox 2585 4653 2682 4709; x_wconf 89' lang='lat' dir='ltr'><strong>sed</strong></span> <span class='ocrx_word' id='word_1_763' title='bbox 2713 4661 2765 4708; x_wconf 93' lang='lat' dir='ltr'><strong>et</strong></span> <span class='ocrx_word' id='word_1_764' title='bbox 2792 4652 2963 4706; x_wconf 88' lang='lat' dir='ltr'><strong>maris</strong></span> <span class='ocrx_word' id='word_1_765' title='bbox 3011 4650 3345 4707; x_wconf 89' lang='lat' dir='ltr'><strong>habitatores</strong></span> <span class='ocrx_word' id='word_1_766' title='bbox 3392 4651 3630 4719; x_wconf 89' lang='lat' dir='ltr'><strong>instruit,</strong></span> 
     </span>
    </p>
   </div>
   <div class='ocr_carea' id='block_1_106' title="bbox 2032 4738 3635 4816">
    <p class='ocr_par' dir='ltr' id='par_1_106' title="bbox 2032 4738 3635 4816">
     <span class='ocr_line' id='line_1_106' title="bbox 2032 4738 3635 4816; baseline -0.003 -13"><span class='ocrx_word' id='word_1_767' title='bbox 2032 4756 2085 4803; x_wconf 90' lang='lat' dir='ltr'><strong>et</strong></span> <span class='ocrx_word' id='word_1_768' title='bbox 2101 4747 2424 4816; x_wconf 87' lang='lat' dir='ltr'><strong>ﬂuctivagos</strong></span> <span class='ocrx_word' id='word_1_769' title='bbox 2457 4741 2643 4797; x_wconf 90' lang='lat' dir='ltr'><strong>mundi</strong></span> <span class='ocrx_word' id='word_1_770' title='bbox 2661 4748 2847 4796; x_wconf 89' lang='lat' dir='ltr'><strong>motus</strong></span> <span class='ocrx_word' id='word_1_771' title='bbox 2867 4739 2996 4795; x_wconf 86' lang='lat' dir='ltr'><strong>ﬁdei</strong></span> <span class='ocrx_word' id='word_1_772' title='bbox 3024 4738 3294 4807; x_wconf 88' lang='lat' dir='ltr'><strong>firmitate,</strong></span> <span class='ocrx_word' id='word_1_773' title='bbox 3314 4746 3442 4807; x_wconf 90' lang='lat' dir='ltr'><strong>etc.,</strong></span> <span class='ocrx_word' id='word_1_774' title='bbox 3462 4757 3635 4813; x_wconf 83' lang='lat' dir='ltr'><strong>usque</strong></span> 
     </span>
    </p>
   </div>
   <div class='ocr_carea' id='block_1_107' title="bbox 2032 4828 3625 4901">
    <p class='ocr_par' dir='ltr' id='par_1_107' title="bbox 2032 4828 3625 4901">
     <span class='ocr_line' id='line_1_107' title="bbox 2032 4828 3625 4901; baseline -0.006 -8"><span class='ocrx_word' id='word_1_775' title='bbox 2032 4837 2104 4893; x_wconf 87' lang='lat' dir='ltr'><strong>ad</strong></span> <span class='ocrx_word' id='word_1_776' title='bbox 2122 4843 2174 4892; x_wconf 91' lang='lat' dir='ltr'><strong>et</strong></span> <span class='ocrx_word' id='word_1_777' title='bbox 2204 4835 2275 4890; x_wconf 89' lang='lat' dir='ltr'><strong>ab</strong></span> <span class='ocrx_word' id='word_1_778' title='bbox 2304 4832 2465 4888; x_wconf 87' lang='lat' dir='ltr'><strong>undis</strong></span> <span class='ocrx_word' id='word_1_779' title='bbox 2495 4830 2848 4901; x_wconf 86' lang='lat' dir='ltr'><strong>cupiditatum</strong></span> <span class='ocrx_word' id='word_1_780' title='bbox 2866 4836 3149 4901; x_wconf 89' lang='lat' dir='ltr'><strong>separatos</strong></span> <span class='ocrx_word' id='word_1_781' title='bbox 3170 4829 3241 4885; x_wconf 90' lang='lat' dir='ltr'><strong>ad</strong></span> <span class='ocrx_word' id='word_1_782' title='bbox 3256 4828 3625 4897; x_wconf 88' lang='lat' dir='ltr'><strong>solitudinem,</strong></span> 
     </span>
    </p>
   </div>
   <div class='ocr_carea' id='block_1_108' title="bbox 2033 4917 3630 4997">
    <p class='ocr_par' dir='ltr' id='par_1_108' title="bbox 2033 4917 3630 4997">
     <span class='ocr_line' id='line_1_108' title="bbox 2033 4917 3630 4997; baseline -0.004 -17"><span class='ocrx_word' id='word_1_783' title='bbox 2033 4924 2212 4997; x_wconf 91' lang='lat' dir='ltr'><strong>quiete</strong></span> <span class='ocrx_word' id='word_1_784' title='bbox 2232 4919 2658 4979; x_wconf 86' lang='lat' dir='ltr'><strong>conversationis</strong></span> <span class='ocrx_word' id='word_1_785' title='bbox 2688 4935 2810 4991; x_wconf 90' lang='lat' dir='ltr'><strong>qua</strong></span> <span class='ocrx_word' id='word_1_786' title='bbox 2839 4926 2922 4974; x_wconf 89' lang='lat' dir='ltr'><strong>est</strong></span> <span class='ocrx_word' id='word_1_787' title='bbox 2948 4919 3005 4974; x_wconf 90' lang='lat' dir='ltr'><strong>iu</strong></span> <span class='ocrx_word' id='word_1_788' title='bbox 3031 4933 3128 4989; x_wconf 89' lang='lat' dir='ltr'><strong>spe</strong></span> <span class='ocrx_word' id='word_1_789' title='bbox 3156 4917 3478 4986; x_wconf 81' lang='lat' dir='ltr'><strong>calestium,</strong></span> <span class='ocrx_word' id='word_1_790' title='bbox 3502 4932 3630 4990; x_wconf 87' lang='lat' dir='ltr'><strong>per-</strong></span> 
     </span>
    </p>
   </div>
   <div class='ocr_carea' id='block_1_109' title="bbox 2032 5013 2214 5068">
    <p class='ocr_par' dir='ltr' id='par_1_109' title="bbox 2032 5013 2214 5068">
     <span class='ocr_line' id='line_1_109' title="bbox 2032 5013 2214 5068; baseline -0.005 0"><span class='ocrx_word' id='word_1_791' title='bbox 2032 5013 2214 5068; x_wconf 90' lang='lat' dir='ltr'><strong>trahit.</strong></span> 
     </span>
    </p>
   </div>
   <div class='ocr_carea' id='block_1_110' title="bbox 2102 5124 3631 5198">
    <p class='ocr_par' dir='ltr' id='par_1_110' title="bbox 2102 5124 3631 5198">
     <span class='ocr_line' id='line_1_110' title="bbox 2102 5124 3631 5198; baseline -0.001 -15"><span class='ocrx_word' id='word_1_792' title='bbox 2102 5128 2274 5183; x_wconf 67' lang='lat' dir='ltr'><strong>Vans.</strong></span> <span class='ocrx_word' id='word_1_793' title='bbox 2309 5127 2484 5182; x_wconf 80' lang='grc'>14.-</span> <span class='ocrx_word' id='word_1_794' title='bbox 2512 5127 2661 5183; x_wconf 86' lang='lat' dir='ltr'><strong>Levi.</strong></span> <span class='ocrx_word' id='word_1_795' title='bbox 2711 5126 2922 5198; x_wconf 62' lang='lat' dir='ltr'><strong>(Hum)</strong></span> <span class='ocrx_word' id='word_1_796' title='bbox 2969 5125 3099 5182; x_wconf 90' lang='lat' dir='ltr'><strong>Levi</strong></span> <span class='ocrx_word' id='word_1_797' title='bbox 3140 5124 3376 5191; x_wconf 90' lang='lat' dir='ltr'><strong>additus,</strong></span> <span class='ocrx_word' id='word_1_798' title='bbox 3429 5125 3557 5197; x_wconf 89' lang='lat' dir='ltr'><strong>quia</strong></span> <span class='ocrx_word' id='word_1_799' title='bbox 3597 5140 3631 5181; x_wconf 73' lang='grc' dir='ltr'>ι</span> 
     </span>
    </p>
   </div>
   <div class='ocr_carea' id='block_1_111' title="bbox 2032 5213 3632 5290">
    <p class='ocr_par' dir='ltr' id='par_1_111' title="bbox 2032 5213 3632 5290">
     <span class='ocr_line' id='line_1_111' title="bbox 2032 5213 3632 5290; baseline -0.002 -17"><span class='ocrx_word' id='word_1_800' title='bbox 2032 5216 2237 5274; x_wconf 90' lang='lat' dir='ltr'><strong>telonio</strong></span> <span class='ocrx_word' id='word_1_801' title='bbox 2265 5216 2609 5290; x_wconf 88' lang='lat' dir='ltr'><strong>negotiorum</strong></span> <span class='ocrx_word' id='word_1_802' title='bbox 2641 5214 2982 5272; x_wconf 90' lang='lat' dir='ltr'><strong>sacularium</strong></span> <span class='ocrx_word' id='word_1_803' title='bbox 3011 5213 3255 5287; x_wconf 87' lang='lat' dir='ltr'><strong>sequitur</strong></span> <span class='ocrx_word' id='word_1_804' title='bbox 3283 5213 3462 5270; x_wconf 88' lang='lat' dir='ltr'><strong>solum</strong></span> <span class='ocrx_word' id='word_1_805' title='bbox 3510 5228 3632 5271; x_wconf 85' lang='lat' dir='ltr'><strong>ver-</strong></span> 
     </span>
    </p>
   </div>
   <div class='ocr_carea' id='block_1_112' title="bbox 2033 5304 3631 5378">
    <p class='ocr_par' dir='ltr' id='par_1_112' title="bbox 2033 5304 3631 5378">
     <span class='ocr_line' id='line_1_112' title="bbox 2033 5304 3631 5378; baseline -0.002 -16"><span class='ocrx_word' id='word_1_806' title='bbox 2033 5307 2162 5362; x_wconf 90' lang='lat' dir='ltr'><strong>bum</strong></span> <span class='ocrx_word' id='word_1_807' title='bbox 2180 5306 2326 5378; x_wconf 89' lang='lat' dir='ltr'><strong>quod</strong></span> <span class='ocrx_word' id='word_1_808' title='bbox 2344 5305 2473 5361; x_wconf 92' lang='lat' dir='ltr'><strong>dicit</strong></span> <span class='ocrx_word' id='word_1_809' title='bbox 2491 5322 2505 5359; x_wconf 92' lang='lat'><strong>:</strong></span> <span class='ocrx_word' id='word_1_810' title='bbox 2528 5304 2654 5377; x_wconf 91' lang='lat' dir='ltr'><strong>quia</strong></span> <span class='ocrx_word' id='word_1_811' title='bbox 2670 5306 2768 5377; x_wconf 85' lang='lat' dir='ltr'><strong>qui</strong></span> <span class='ocrx_word' id='word_1_812' title='bbox 2787 5320 2902 5361; x_wconf 83' lang='lat' dir='ltr'><strong>non</strong></span> <span class='ocrx_word' id='word_1_813' title='bbox 2923 5305 3227 5361; x_wconf 88' lang='lat' dir='ltr'><strong>renuntiat</strong></span> <span class='ocrx_word' id='word_1_814' title='bbox 3240 5304 3499 5360; x_wconf 84' lang='lat' dir='ltr'><strong>omnibus</strong></span> <span class='ocrx_word' id='word_1_815' title='bbox 3510 5316 3631 5374; x_wconf 65' lang='lat' dir='ltr'><strong>qua</strong></span> 
     </span>
    </p>
   </div>
   <div class='ocr_carea' id='block_1_113' title="bbox 2031 5389 3625 5467">
    <p class='ocr_par' dir='ltr' id='par_1_113' title="bbox 2031 5389 3625 5467">
     <span class='ocr_line' id='line_1_113' title="bbox 2031 5389 3625 5467; baseline -0.006 -15"><span class='ocrx_word' id='word_1_816' title='bbox 2031 5394 2296 5467; x_wconf 85' lang='lat' dir='ltr'><strong>possidet,</strong></span> <span class='ocrx_word' id='word_1_817' title='bbox 2320 5410 2439 5451; x_wconf 82' lang='lat' dir='ltr'><strong>non</strong></span> <span class='ocrx_word' id='word_1_818' title='bbox 2455 5398 2643 5467; x_wconf 89' lang='lat' dir='ltr'><strong>potest</strong></span> <span class='ocrx_word' id='word_1_819' title='bbox 2662 5409 2824 5451; x_wconf 86' lang='lat' dir='ltr'><strong>meus</strong></span> <span class='ocrx_word' id='word_1_820' title='bbox 2846 5409 2966 5450; x_wconf 91' lang='lat' dir='ltr'><strong>esse</strong></span> <span class='ocrx_word' id='word_1_821' title='bbox 2980 5392 3467 5466; x_wconf 82' lang='lat' dir='ltr'><strong>discipulus(Luc.</strong></span> <span class='ocrx_word' id='word_1_822' title='bbox 3484 5389 3625 5459; x_wconf 81' lang='lat' dir='ltr'><strong>xiv).</strong></span> 
     </span>
    </p>
   </div>
   <div class='ocr_carea' id='block_1_114' title="bbox 2104 5503 3629 5581">
    <p class='ocr_par' dir='ltr' id='par_1_114' title="bbox 2104 5503 3629 5581">
     <span class='ocr_line' id='line_1_114' title="bbox 2104 5503 3629 5581; baseline -0.004 -16"><span class='ocrx_word' id='word_1_823' title='bbox 2104 5509 2329 5581; x_wconf 79' lang='lat' dir='ltr'><strong>(BEDA.)</strong></span> <span class='ocrx_word' id='word_1_824' title='bbox 2359 5509 2576 5565; x_wconf 86' lang='lat' dir='ltr'><strong>Marcus</strong></span> <span class='ocrx_word' id='word_1_825' title='bbox 2606 5516 2660 5565; x_wconf 89' lang='lat' dir='ltr'><strong>et</strong></span> <span class='ocrx_word' id='word_1_826' title='bbox 2688 5510 2863 5566; x_wconf 89' lang='lat' dir='ltr'><strong>Lucas</strong></span> <span class='ocrx_word' id='word_1_827' title='bbox 2893 5508 3235 5566; x_wconf 86' lang='lat' dir='ltr'><strong>verecundia</strong></span> <span class='ocrx_word' id='word_1_828' title='bbox 3262 5519 3426 5563; x_wconf 87' lang='lat' dir='ltr'><strong>causa</strong></span> <span class='ocrx_word' id='word_1_829' title='bbox 3451 5510 3506 5559; x_wconf 90' lang='lat' dir='ltr'><strong>et</strong></span> <span class='ocrx_word' id='word_1_830' title='bbox 3531 5503 3629 5559; x_wconf 83' lang='lat' dir='ltr'><strong>ho-</strong></span> 
     </span>
    </p>
   </div>
   <div class='ocr_carea' id='block_1_115' title="bbox 2032 5590 3628 5672">
    <p class='ocr_par' dir='ltr' id='par_1_115' title="bbox 2032 5590 3628 5672">
     <span class='ocr_line' id='line_1_115' title="bbox 2032 5590 3628 5672; baseline -0.005 -17"><span class='ocrx_word' id='word_1_831' title='bbox 2032 5614 2164 5655; x_wconf 88' lang='lat' dir='ltr'><strong>nore</strong></span> <span class='ocrx_word' id='word_1_832' title='bbox 2194 5597 2551 5672; x_wconf 86' lang='lat' dir='ltr'><strong>evangelista</strong></span> <span class='ocrx_word' id='word_1_833' title='bbox 2579 5613 2781 5656; x_wconf 89' lang='lat' dir='ltr'><strong>nomen</strong></span> <span class='ocrx_word' id='word_1_834' title='bbox 2810 5597 3092 5670; x_wconf 86' lang='lat' dir='ltr'><strong>vulgatum</strong></span> <span class='ocrx_word' id='word_1_835' title='bbox 3120 5610 3230 5651; x_wconf 91' lang='lat' dir='ltr'><strong>non</strong></span> <span class='ocrx_word' id='word_1_836' title='bbox 3246 5599 3472 5664; x_wconf 90' lang='lat' dir='ltr'><strong>ponunt.</strong></span> <span class='ocrx_word' id='word_1_837' title='bbox 3505 5590 3628 5662; x_wconf 88' lang='lat' dir='ltr'><strong>Ipse</strong></span> 
     </span>
    </p>
   </div>
   <div class='ocr_carea' id='block_1_116' title="bbox 2033 5678 3627 5761">
    <p class='ocr_par' dir='ltr' id='par_1_116' title="bbox 2033 5678 3627 5761">
     <span class='ocr_line' id='line_1_116' title="bbox 2033 5678 3627 5761; baseline -0.006 -17"><span class='ocrx_word' id='word_1_838' title='bbox 2033 5678 2356 5761; x_wconf 73' lang='lat' dir='ltr'><strong>(secundum</strong></span> <span class='ocrx_word' id='word_1_839' title='bbox 2385 5688 2491 5745; x_wconf 89' lang='lat' dir='ltr'><strong>hoc</strong></span> <span class='ocrx_word' id='word_1_840' title='bbox 2522 5687 2669 5760; x_wconf 87' lang='lat' dir='ltr'><strong>quod</strong></span> <span class='ocrx_word' id='word_1_841' title='bbox 2691 5686 2948 5758; x_wconf 88' lang='lat' dir='ltr'><strong>scriptum</strong></span> <span class='ocrx_word' id='word_1_842' title='bbox 2969 5691 3053 5739; x_wconf 91' lang='lat' dir='ltr'><strong>est</strong></span> <span class='ocrx_word' id='word_1_843' title='bbox 3076 5700 3089 5738; x_wconf 92' lang='lat'><strong>:</strong></span> <span class='ocrx_word' id='word_1_844' title='bbox 3112 5684 3308 5739; x_wconf 83' lang='lat' dir='ltr'><strong>Justus</strong></span> <span class='ocrx_word' id='word_1_845' title='bbox 3327 5682 3391 5736; x_wconf 87' lang='lat' dir='ltr'><strong>in</strong></span> <span class='ocrx_word' id='word_1_846' title='bbox 3424 5679 3627 5751; x_wconf 82' lang='lat' dir='ltr'><strong>primis</strong></span> 
     </span>
    </p>
   </div>
  </div>
