4006 6178
419 262 521 319 187

1023 263 1425 319 WALAFRIDI
1452 263 1694 320 STRABI
1723 263 1924 318 FULD.
1958 259 2131 318 MON.
2165 259 2320 319 OPP.
2352 265 2527 322 PARS
2563 264 2610 320 Ι.
2652 292 2723 308 —-
2747 264 3218 321 THEOLOGICA.

3609 273 3712 324 188

433 392 734 446 accusator
762 392 847 443 est
874 390 968 444 sui
995 389 1179 459 (Prov.
1213 390 1378 459 xvm)
1403 408 1416 455 ;
1440 389 1744 448 Matthaeum
1776 403 1834 443 se
1872 395 1926 443 et
1949 403 2023 458 pu
2050 386 2108 448 A
2198 388 2369 444 Vens.
2392 393 2482 446 21.
2506 421 2576 432 -
2595 391 2764 448 Nemo
2793 396 3207 448 assumentum.
3237 390 3368 464 (10.)
3390 391 3724 464 Discipulos,

427 477 696 532 blicanum
727 477 968 531 nominat
1000 495 1013 531 :
1051 486 1110 532 ut
1152 478 1402 534 ostendat
1442 477 1643 535 nullum
1700 492 2024 534 conversum

424 565 625 621 debere
655 564 724 619 de
753 565 921 620 salute
949 563 1195 621 difﬁdere
1226 581 1349 620 cum
1377 566 1652 637 apostolus
1680 574 1735 622 et
1783 581 2023 639 evange-

424 653 546 709 lista
574 653 642 709 de
668 653 954 725 publicano
984 653 1052 708 sit
1080 653 1248 709 factus
1295 663 1536 725 repente.

497 771 732 826 Secutus
763 773 849 824 est
879 785 1028 825 eum.
1064 769 1194 840 (10.)
1227 770 1399 826 Lucas
1426 769 1640 841 plenius
1665 786 1678 824 :
1703 771 1777 825 Et
1803 770 2024 826 relictis

428 859 686 916 omnibus
717 862 945 915 secutus
976 861 1060 913 est
1091 874 1220 916 eum
1251 858 1403 929 (Luc.
1439 858 1518 930 v).
1556 857 1825 930 Sequitur,
1859 858 1950 930 qui
1970 864 2026 913 ut
2071 885 2080 889 -

425 963 717 1020 pauperem
748 945 1019 1003 Christum
1048 961 1158 1002 non
1189 955 1297 1001 tam
1325 947 1568 1018 corporis
1621 963 1817 1019 gressu
1864 945 2025 1018 quam

435 1036 634 1091 mentis
662 1034 855 1092 aﬁ‘ectu
904 1036 1076 1106 possit
1121 1037 1296 1107 sequi,
1347 1035 1526 1090 omnia
1570 1035 1841 1107 relinquit,
1894 1044 2022 1103 etc.,

426 1141 602 1198 usque
631 1125 703 1180 ad
735 1125 930 1180 merito
959 1139 1097 1195 ergo
1126 1124 1218 1195 qui
1250 1123 1557 1179 obediendo
1601 1125 1837 1180 humana
1885 1140 2023 1180 con-

425 1215 645 1284 tempsit
675 1212 911 1284 negotia,
959 1212 1261 1269 divinorum
1318 1213 1669 1284 dispensator
1724 1212 1898 1270 factus
1946 1221 2028 1269 est

433 1302 779 1358 talentorum.

495 1401 666 1456 Vens.
703 1403 788 1454 15.
820 1403 973 1457 -Ει
989 1406 1211 1474 factum
1231 1407 1333 1459 est.
1357 1402 1488 1472 (10.)
1508 1403 1678 1459 Lucas
1710 1419 1723 1456 :
1747 1403 1916 1457 Fecit
1946 1403 2026 1457 eis

436 1491 751 1546 convivium
782 1507 1056 1562 magnum
1083 1493 1209 1547 Levi
1250 1492 1315 1545 in
1334 1491 1492 1547 domo
1515 1507 1618 1546 sua
1639 1493 1795 1561 (Luc.
1821 1492 1900 1561 v).
1923 1487 2030 1558 Qui

423 1579 567 1633 enim
599 1578 866 1632 Christum
893 1580 1034 1634 intus
1065 1581 1288 1651 recepit,
1338 1579 1684 1651 {voluptatum
1731 1577 2030 1635 delectatur

423 1667 680 1736 ubertate,
715 1670 1045 1724 etDominus
1065 1670 1297 1724 libenter
1347 1669 1666 1741 ingreditur,
1721 1675 1771 1724 et
1819 1669 1876 1722 in
1911 1668 2028 1735 ejus

2121 477 2442 534 vestimenta
2472 487 2662 535 vetera
2691 480 2839 547 dicit,
2872 480 2927 534 id
2956 487 3057 547 est,
3093 480 3272 536 adhuc
3293 480 3564 551 carnales,
3589 497 3718 539 nec-

2123 565 2251 620 dum
2279 567 2562 623 innovatos
2592 567 2718 623 ﬁdei
2747 567 3021 636 ﬁrmitate,
3047 577 3176 637 etc.,
3219 585 3392 644 usque
3405 570 3478 625 ad
3507 570 3714 640 vinum,

2123 653 2305 710 fervor
2334 654 2480 722 ﬁdei,
2516 656 2633 728 spei
2661 665 2713 712 et
2743 657 3040 724 charitatis,
3073 673 3179 730 quo
3210 657 3265 713 in
3295 667 3592 730 conspectu
3617 660 3720 717 Dei

2123 743 2269 799 intus
2300 761 2496 801 sensus
2526 745 2763 802 novitate
2792 745 3178 802 reformamur.

2198 833 2368 888 Vens.
2400 838 2490 892 22.
2524 865 2593 875 -
2632 835 2736 890 Sed
2794 837 2991 892 vinum
3047 852 3273 892 novum.
3334 836 3502 892 Erant
3546 844 3728 893 autem

2124 922 2269 989 novi,
2304 939 2427 978 cum
2456 932 2580 994 post
2611 924 2988 980 ascensionem
3018 923 3293 980 desiderio
3325 925 3716 982 consolationis

2126 1011 2242 1080 ejus
2275 1014 2547 1083 sperando
2577 1021 2630 1069 et
2660 1013 2866 1068 orando
2897 1013 3296 1070 innovabantur
3328 1031 3341 1068 :
3374 1022 3500 1069 tunc
3546 1015 3726 1086 Spiri-

2125 1108 2238 1155 tum
2270 1109 2513 1158 sanctum
2545 1110 2896 1174 acceperunt,
2959 1118 3065 1176 quo
3124 1102 3279 1175 quasi
3337 1117 3480 1158 novo
3540 1111 3722 1159 musto

2126 1190 2255 1245 novi
2287 1198 2437 1245 utres
2469 1192 2657 1262 repleti
2689 1200 2833 1247 sunt.

2203 1279 2373 1335 Vens.
2399 1284 2488 1336 23.
2513 1310 2582 1320 —-
2609 1282 2744 1336 Cum
2781 1281 3045 1337 sabbatis.
3088 1280 3308 1351 (BEDA.)
3355 1279 3495 1335 Nota
3545 1280 3724 1352 primo

2125 1368 2402 1441 apostolos
2448 1369 2682 1424 litteram
2730 1368 2941 1424 sabbati
2991 1369 3275 1424 destruere
3324 1376 3512 1424 contra
3559 1370 3730 1425 Ebio-

2126 1459 2286 1527 nitas,
2338 1457 2450 1530 qui,
2501 1472 2625 1514 cum
2671 1457 2808 1513 alios
2856 1457 3154 1528 discipulos
3207 1457 3486 1528 recipiant,
3510 1456 3732 1513 Paulum

2129 1546 2282 1620 quasi
2310 1555 2777 1620 transgressorem
2808 1547 2950 1619 legis
2980 1546 3287 1617 repudiant.

2201 1638 2270 1693 Et
2294 1638 2498 1693 vellere
2517 1638 2753 1708 espicas.
2777 1635 3038 1691 Esuriunt
3059 1642 3117 1689 ut
3144 1634 3410 1704 homines,
3435 1650 3550 1706 prae
3576 1636 3737 1691 turba

424 1722 686 1812 recumbit
716 1756 930 1814 affectu.
964 1760 1081 1814 Hoc
1108 1768 1190 1813 est
1221 1722 1499 1829 spirituZle
1521 1722 1828 1813 convivium
1865 1722 2102 1812 bono-B
2129 1725 2493 1829 maéd‘waf‘di
2521 1724 2898 1829 EPa‘iumPOI?
2945 1723 3224 1779 habentes°
3273 1722 3384 1829 sed.
3403 1725 3729 1829 _exemp!“m

431 1861 551 1900 rum
580 1862 897 1917 pauperum,
933 1863 1040 1918 quo
1066 1848 1220 1903 dives
1250 1855 1409 1919 eget,
1429 1863 1636 1918 pauper
1691 1846 1956 1917 epulatur.

506 1935 825 1991 Publioani.
859 1935 964 2005 Qui
992 1937 1208 2008 publica
1238 1936 1521 2007 vectigalia
1553 1935 1799 2008 exigunt,
1821 1935 1907 1990 vel
1939 1949 2034 1990 saa-

428 2025 539 2083 culi
566 2024 715 2078 lucra
743 2032 1031 2091 sectantes,
1059 2025 1149 2098 qui
1179 2026 1426 2097 exemplo
1458 2025 1735 2096 publicani
1777 2025 2032 2080 conversi

427 2115 538 2183 jam
567 2114 635 2169 de
670 2113 840 2168 salute
870 2123 1221 2185 praesumunt,
1264 2131 1365 2170 nec
1407 2123 1464 2169 ut
1514 2113 1776 2168 Phariszei
1825 2112 2032 2169 calum-

430 2204 647 2260 niantur
676 2203 730 2258 in
763 2203 906 2260 vit-iis
936 2212 1339 2275 permanentes,
1376 2204 1474 2260 sed
1502 2203 1850 2274 ptenitentes.

507 2293 729 2366 (BenA.)
760 2293 844 2347 Ad
871 2293 1178 2349 convivium
1206 2301 1552 2365 peccatorum
1601 2291 1749 2347 vadit
1779 2308 1792 2346 :
1823 2298 1883 2345 ut
1926 2291 2029 2346 do-

437 2383 599 2441 cendi
628 2380 973 2438 occasionem
1005 2384 1219 2447 habeat,
1255 2391 1306 2438 et
1329 2381 1635 2454 spirituales
1657 2380 1808 2436 cibos
1828 2380 2032 2451 imper-

432 2474 550 2528 tiat.
583 2473 778 2528 Eundo
800 2473 867 2526 ad
896 2480 1235 2545 peccatores,
1271 2470 1488 2526 Domini
1518 2469 1794 2524 humilitas
1845 2476 2032 2523 osten-

426 2562 610 2619 ditur:
643 2565 699 2619 in
728 2563 1086 2622 conversione
1136 2559 1518 2632 pmnitentium
1575 2565 1726 2632 patet
1775 2557 2034 2614 doctrinm

434 2653 551 2722 ejus
581 2655 847 2725 potentia.

503 2756 634 2828 (1b.)
670 2757 776 2812 Per
805 2755 1148 2812 vocationem
1180 2750 1413 2805 Matthaai
1443 2748 1580 2804 ﬁdes
1601 2747 1845 2821 gentium
1870 2766 1883 2802 :
1907 2765 2029 2820 quae

438 2843 649 2899 relictis
669 2844 837 2900 lucris
868 2842 1074 2910 saeculi,
1107 2840 1282 2911 epulis
1313 2838 1594 2894 charitatis
1625 2845 1677 2891 et
1698 2852 1919 2907 operum
1937 2837 2033 2892 bo-

440 2949 634 2988 norum
665 2949 788 2989 cum
809 2931 1041 2987 Domino
1071 2928 1447 2986 convivantur.
1493 2927 1596 2980 Per
1640 2925 2034 2996 pbarisaeorum

438 3006 804 3092 supercilium,
835 3021 917 3077 -de
971 3019 1144 3074 salute
1201 3017 1443 3088 gentium
1495 3012 1804 3070 Judmorum
1834 3015 2035 3070 invidia

2132 1813 2451 1870 austerioris
2482 1813 2605 1868 vitae
2651 1813 2917 1885 praebent,
2969 1828 3079 1869 non
3124 1819 3457 1885 praeparatas
3505 1813 3720 1884 epulas,

2133 1904 2230 1959 sed
2272 1902 2548 1974 simplices
2606 1910 2873 1975 quaerunt.

2205 2020 2426 2090 (BEDA.)
2457 2018 2719 2090 Discipuli
2748 2034 2849 2089 per
2879 2023 2998 2072 sata
3026 2024 3326 2083 transeunt,
3376 2031 3503 2073 cum
3521 2017 3733 2089 praelati

2135 2107 2380 2163 subditos
2411 2108 2498 2178 pia
2527 2107 2888 2162 sollicitudine
2917 2106 3381 2177 circumspiciunt,
3413 2114 3466 2162 et
3496 2107 3735 2178 qualiter

2135 2213 2406 2268 quemque
2435 2196 2504 2250 ad
2534 2194 2698 2250 ﬁdem
2731 2197 2965 2261 trahant,
3003 2195 3212 2262 sedule,
3265 2203 3392 2263 etc.,
3441 2211 3615 2267 usque
3664 2197 3737 2252 ad

2132 2286 2236 2340 hoc
2268 2285 2532 2340 Dominus
2565 2284 2778 2339 sabbati
2809 2285 3022 2355 probat,
3056 2283 3202 2339 stulti
3233 2282 3552 2338 defensores
3603 2283 3734 2337 sab-

2133 2375 2245 2428 bati
2275 2374 2605 2445 improbant,
2641 2375 2732 2446 qui
2763 2374 2938 2428 solam
2967 2373 3157 2428 littera:
3205 2370 3550 2444 superficiem
3603 2372 3735 2427 dili-

2133 2472 2288 2537 gunt,
2323 2463 2520 2519 mentis
2551 2462 2904 2520 refectionem
2933 2462 3202 2531 nesciunt,
3236 2461 3481 2535 requiem
3527 2461 3736 2517 anima-

2133 2569 2255 2608 rum
2285 2569 2395 2608 non
2437 2560 2655 2608 norunt.

2206 2669 2375 2725 Vens.
2409 2671 2498 2725 25.
2524 2697 2592 2708 -
2616 2669 2918 2741 Nunquam
2951 2666 3188 2740 legistis,
3221 2673 3327 2722 etc.
3377 2666 3498 2722 Prae
3519 2665 3736 2721 caeteris

2133 2757 2188 2811 in
2217 2759 2456 2813 medium
2485 2757 2643 2812 affert
2690 2757 2976 2823 Davidem,
3029 2757 3122 2828 qui
3166 2756 3306 2829 legis
3353 2754 3730 2811 sanctimoniae

2132 2847 2453 2902 adversatus
2484 2847 2659 2902 videri
2693 2845 2887 2917 potuit.
2921 2845 3066 2902 Facit
3094 2852 3272 2900 autem
3321 2845 3424 2900 hoc
3472 2859 3539 2899 eo
3581 2858 3722 2898 con-

2133 2935 2254 2990 silio
2285 2952 2392 3008 quo
2419 2952 2520 3006 per
2550 2937 2815 2991 honorem
2847 2942 2900 2990 et
2929 2933 3295 2989 reverentiam
3331 2949 3494 3006 quam
3530 2931 3728 2986 Davidi

2132 3024 2469 3092 deferebant,
2523 3033 2834 3095 compescat
2876 3023 3244 3094 impudentem
3293 3020 3724 3094 schpbantiam,

441 3109 778 3181 designatur,
817 3110 1013 3181 quibus
1041 3108 1233 3163 dicitur
1265 3105 1599 3162 :Publicani
1633 3109 1688 3159 et
1707 3107 2032 3161 meretrices
2055 3112 2104 3175 ζ]
2131 3130 2296 3185 quam
2328 3113 2590 3186 apostolis
2619 3113 2859 3186 maligne
2907 3112 3258 3167 intentarent.
3304 3109 3472 3178 Quasi
3494 3110 3729 3166 diceret:

437 3200 758 3272 prcecedent
788 3216 878 3255 vos
909 3201 973 3254 in
1003 3213 1170 3268 regno
1200 3196 1301 3252 Dei
1331 3193 1554 3265 (Matth.
1597 3195 1744 3263 xxi).

513 3288 682 3343 Vnus.
719 3289 803 3342 17.
840 3288 1048 3342 -Νοη
1066 3301 1310 3341 necesse.
1337 3282 1468 3353 (1b.)
1513 3281 1569 3336 Si
1585 3281 1857 3337 medicum
1904 3282 2033 3338 dicit

441 3377 533 3449 qui
560 3377 702 3432 miro
747 3375 1054 3432 medicandi
1096 3389 1299 3446 genere
1337 3371 1654 3427 vulneratus
1695 3379 1775 3425 est
1811 3379 2032 3443 propter

431 3467 775 3538 iniquitates
805 3469 1051 3529 nostras,
1102 3467 1160 3519 et
1191 3464 1361 3520 livore
1418 3463 1540 3534 ejus
1585 3461 1779 3514 sanati
1833 3477 2028 3518 sumus

435 3554 566 3624 (Isa.
600 3555 738 3622 un).

503 3655 670 3711 Vens.
705 3658 792 3710 18.
822 3655 979 3709 —Et
995 3658 1161 3710 erant
1228 3653 1508 3728 discipuli.
1533 3657 1664 3729 (19.)
1683 3657 2032 3728 Alii'evange-

425 3744 566 3800 listae
595 3744 782 3801 dicunt
837 3743 1136 3814 pharisaeos
1197 3750 1246 3798 et
1313 3745 1615 3817 discipulos
1675 3747 1898 3802 Joannis
1926 3745 2032 3800 hoc

429 3832 769 3907 quaesivisse.
801 3833 901 3889 Hic
930 3831 1143 3888 videtur
1171 3831 1373 3900 dicere,
1402 3835 1548 3906 quod
1586 3835 1677 3890 alii
1701 3835 2034 3908 quaesierunt

426 3938 564 3994 quos
594 3922 841 3991 ejusdem
866 3921 946 3978 rei
978 3937 1108 3978 cura
1132 3922 1413 3977 movisset.
1446 3924 1602 3979 Unde
1630 3924 1908 3994 colligitur
1928 3923 2032 3977 hoc

425 4026 460 4067 a
487 4011 732 4082 pluribus
762 4009 929 4064 fuisse
970 4010 1264 4079 objectum,
1298 4024 1331 4064 a
1359 4011 1664 4081 phariszeis,
1697 4027 1731 4066 a
1750 4008 2030 4082 discipulis

423 4099 666 4164 Joannis,
701 4115 731 4151 a
770 4097 1032 4163 convivis,
1083 4097 1168 4151 vel
1199 4097 1531 4168 quibuslibet
1569 4098 1708 4152 aliis.

505 4186 640 4257 (10.)
682 4185 947 4256 Discipuli
993 4185 1216 4240 Joannis
1257 4193 1309 4240 et
1351 4186 2027 4256 Pharisaeorumjejunant,

437 4276 562 4349 quia
591 4275 683 4348 qui
712 4275 965 4346 operibus
994 4273 1132 4345 legis
1164 4274 1489 4346 gloriantur,
1522 4274 1609 4331 vel
1656 4276 1825 4348 (quod
1871 4274 2027 4346 pejus

434 4365 538 4434 est)
567 4363 884 4419 traditiones
916 4370 1232 4433 sequuntur,
1263 4370 1390 4428 etc.,
1427 4379 1600 4436 usque
1633 4364 1704 4419 ad
1727 4364 2028 4420 manduca-

2132 3209 2218 3261 An
2247 3194 2356 3260 nea
2385 3203 2650 3258 Davidem
2679 3202 2822 3274 legis
2863 3201 3124 3256 servitute
3169 3200 3485 3255 obstrictum
3531 3199 3732 3253 memi-

2132 3293 2290 3348 nistis
2311 3293 2338 3347 ?
2370 3294 2490 3365 Ego
2521 3300 2723 3359 autem,
2757 3291 2859 3347 etsi
2881 3289 3304 3362 Filius'ihominis
3325 3288 3497 3358 dicar,
3518 3286 3733 3344 sabbati

2132 3381 2398 3439 Dominus
2450 3397 2592 3435 sum.

2202 3497 2373 3552 Vens.
2416 3499 2507 3552 26.
2545 3495 2742 3552 —Sub
2790 3493 3082 3560 Abiathar,
3134 3501 3239 3549 etc.
3287 3494 3411 3549 Non
3460 3500 3513 3547 te
3544 3491 3732 3548 turbet

2134 3586 2280 3658 quod
2309 3584 2398 3639 alii
2429 3584 2615 3639 dicunt
2643 3583 3011 3650 Achimelech,
3045 3581 3216 3637 ambo
3265 3581 3409 3636 enim
3453 3588 3581 3636 tunc
3629 3579 3743 3635 illic

2131 3675 2375 3730 aderant.
2407 3673 2756 3729 Achimelech
2783 3679 2957 3743 pater,
2993 3680 3046 3727 et
3121 3671 3382 3726 Abiathar
3427 3667 3602 3724 ﬁlius:
3647 3669 3740 3741 qui

2133 3763 2316 3820 occiso
2346 3771 2499 3834 patre
2529 3779 2559 3816 a
2590 3761 2771 3830 Saule,
2807 3775 2992 3816 comes
3022 3759 3199 3815 exsilii
3228 3757 3404 3814 David
3434 3757 3606 3813 factus
3627 3765 3732 3823 est,

2132 3861 2185 3908 et
2213 3869 2278 3908 eo
2309 3857 2577 3924 regnante
2608 3865 2854 3905 summus
2908 3847 3150 3920 pontifex
3203 3847 3428 3917 majoris
3485 3845 3724 3903 nominis

2132 3955 2296 4013 quam
2325 3947 2479 4011 pater
2510 3957 2524 3993 :
2558 3946 2610 3993 et
2639 3937 2764 3994 ideo
2815 3937 3017 4011 dignus
3060 3937 3214 4006 cujus
3262 3935 3528 3992 Dominus
3572 3950 3737 3991 men-

2131 4029 2333 4083 tionem
2364 4027 2585 4095 faceret,
2611 4026 2768 4099 quasi
2799 4025 2997 4082 summi
3026 4025 3346 4094 sacerdotis,
3382 4024 3543 4081 etiam
3571 4030 3729 4096 patre

2131 4117 2364 4173 vivente.
2422 4141 2436 4154 -

2200 4208 2385 4261 Panes
2403 4204 2828 4278 propositionis.
2849 4202 3070 4276 (ΒΕοΑ.)
3099 4201 3266 4271 Quasi
3288 4201 3464 4258 dicat:
3486 4200 3543 4257 Si
3562 4200 3739 4256 David

2133 4303 2184 4350 et
2205 4293 2554 4350 Achimelech
2584 4309 2615 4348 a
2645 4292 2804 4349 nobis
2835 4307 2944 4348 non
2976 4291 3470 4364 reprehenduntur,
3506 4290 3606 4346 sed
3633 4304 3738 4361 pro

2132 4381 2271 4438 fame
2299 4389 2655 4449 excusantur,
2715 4397 2814 4438 cur
2872 4381 2930 4435 in
2986 4380 3072 4435 his
3133 4395 3351 4436 causam
3407 4377 3728 4450 improbatis

433 4453 510 4509 vit
539 4468 663 4509 cum
691 4451 1085 4524 peccatoribus,
1119 4458 1178 4505 ut
1223 4451 1457 4524 gratiam
1505 4466 1739 4509 cernens
1783 4459 2027 4525 potesta-

2145 4488 2291 4546 juam
2323 4472 2379 4526 in
2410 4471 2621 4527 caeteris
2650 4470 2892 4541 probatis
2921 4471 2949 4525 ‘2
2982 4469 3228 4541 quamvis
3259 4469 3346 4534 sit,
3380 4475 3509 4534 etc.,
3557 4482 3736 4539 usque

433 4551 543 4598 tem
581 4555 937 4614 agnosceres.

499 4657 668 4729 Vens.
705 4660 791 4710 19.
823 4685 892 4696 -
954 4654 1212 4728 Nonquid
1259 4660 1516 4727 possunt.
1570 4654 1850 4711 Matthmus
1909 4656 2028 4711 ita:

429 4744 692 4816 Nunquid
709 4747 948 4816 possunt
973 4744 1084 4812 ﬁlii
1100 4744 1289 4816 sponsi
1331 4746 1518 4816 lugere
1535 4744 1788 4818 quandiu
1803 4761 1933 4800 cum
1961 4745 2031 4800 il-

432 4835 502 4889 lis
533 4837 620 4889 est
671 4849 926 4905 sponsus,
960 4840 1064 4888 etc.
1101 4833 1322 4902 (Matth.
1358 4834 1462 4904 ix.)
1495 4833 1738 4904 Sponsus
1767 4832 2032 4901 Christus,

427 4937 629 4994 sponsa
658 4921 922 4986 Ecclesia,
958 4922 1026 4977 de
1061 4937 1168 4994 quo
1200 4921 1467 4993 spirituali
1491 4922 1764 4978 connubio
1798 4921 2030 4993 apostoli

431 5010 600 5066 creati
629 5018 771 5079 sunt,
836 5010 927 5080 qui
985 5010 1179 5082 lugere
1235 5017 1288 5065 et
1337 5011 1591 5079 jejunare
1645 5025 1755 5065 non
1776 5019 2026 5083 possunt,

436 5098 678 5170 quandiu
723 5114 986 5171 sponsum
1033 5113 1156 5154 cum
1232 5113 1440 5168 sponsa
1518 5098 1723 5154 vident.
1802 5097 2030 5168 Quando

430 5186 746 5242 transierint
772 5187 992 5259 nuptiae,
1054 5201 1121 5242 ac
1171 5185 1445 5258 passionis
1500 5195 1554 5242 et
1612 5187 2030 5244 resurrectionis

432 5283 644 5347 tempus
674 5275 978 5341 advenerit,
1015 5282 1140 5330 tunc
1155 5273 1493 5344 jejunabunt.

505 5386 726 5456 (BEDA.)
757 5385 1010 5456 Quandiu
1041 5401 1275 5458 sponsus
1306 5386 1592 5444 nobiscum
1621 5393 1723 5455 est,
1758 5386 1815 5442 in
1845 5385 2028 5445 laetitia

435 5491 641 5544 sumus,
665 5491 767 5532 nec
783 5475 1035 5545 jejunare
1054 5490 1365 5546 possumus,
1392 5491 1494 5533 nec
1514 5476 1706 5549 lugere
1735 5491 1890 5543 ;cum
1901 5492 2031 5532 vero

434 5580 537 5636 pro
566 5571 794 5636 peccato
825 5564 1033 5621 recedit
1063 5572 1115 5620 et
1145 5564 1343 5629 avolat,
1394 5572 1520 5621 tunc
1569 5564 1833 5634 jejunium
1883 5565 2030 5619 indi-

439 5654 693 5722 cendum,
726 5661 856 5710 tunc
878 5653 1053 5711 luctus
1108 5652 1564 5725 multiplicandus.

2131 4563 2204 4617 ad
2232 4569 2284 4616 et
2313 4576 2502 4616 omnes
2531 4559 2625 4614 ﬁlii
2644 4559 2906 4615 Ecclesiae
2935 4557 3249 4613 sacerdotes
3279 4565 3421 4622 sunt,
3451 4553 3622 4625 juncti
3671 4555 3730 4608 in

2132 4649 2500 4706 sacerdotium
2530 4655 2793 4714 sanctum,
2841 4645 3135 4702 offerentes
3179 4645 3393 4717 seipsos
3412 4641 3727 4716 spirituales

2132 4739 2336 4794 hostias
2373 4739 2508 4794 Deo.

2203 4830 2273 4883 Et
2302 4827 2455 4884 dedit
2483 4828 2582 4882 eis.
2612 4825 2727 4881 Hoc
2757 4831 2992 4880 secutus.
3023 4822 3463 4880 Misericordiam
3491 4821 3632 4886 volo,
3659 4825 3718 4876 et

2130 4933 2246 4973 non
2281 4915 2627 4984 sacriﬁcium
2656 4914 2801 4984 (Ose.
2836 4913 2916 4980 v1)
2953 4929 2966 4966 :
2997 4912 3203 4968 melius
3227 4909 3490 4980 judicavit
3519 4925 3550 4962 a
3579 4907 3740 4963 famis

2128 5004 2371 5077 periculo
2401 5003 2647 5058 homines
2668 5001 2902 5057 liberare
2933 5016 3094 5072 quam
3126 4998 3453 5056 sacriﬁcium
3518 4995 3740 5052 offerre.

2130 5093 2324 5150 Hostia
2352 5092 2467 5146 Deo
2495 5089 2800 5163 placabilis,
2829 5089 3108 5144 hominum
3131 5088 3301 5144 salus.

2202 5211 2372 5266 Vens.
2407 5212 2495 5266 27.
2529 5239 2597 5249 ——
2621 5211 2787 5266 Homo
2813 5212 3044 5282 propter
3072 5207 3386 5263 sabbatum.
3411 5202 3633 5276 (BEDA.)
3652 5202 3737 5258 Ita

2133 5299 2418 5355 sabbatum
2448 5297 2706 5354 custodiri
2735 5303 3065 5368 praeceptum
3095 5303 3196 5364 est,
3230 5302 3288 5350 ut
3328 5293 3375 5349 si
3426 5291 3735 5349 necessitas

2084 5454 2090 5458 _
2130 5388 2309 5455 fuerit,
2371 5403 2483 5444 non
2540 5386 2609 5442 sit
2664 5403 2812 5453 reus,
2880 5401 3052 5459 usque
3081 5385 3153 5440 ad
3210 5382 3256 5439 si
3304 5381 3426 5455 quis
3466 5380 3735 5451 jejunium

2130 5477 2360 5551 fregerit
2401 5483 2662 5550 aegrotus,
2695 5492 2820 5532 reus
2847 5490 2957 5531 non
2993 5480 3227 5530 tenetur.

2202 5566 2578 5622 Vens.28.—
2614 5567 2804 5636 Itaque
2852 5563 3142 5621 Dominus.
3196 5559 3365 5630 Quasi
3416 5557 3563 5614 dicat
3611 5574 3624 5612 :
3674 5558 3734 5613 Si

2135 5655 2310 5713 David
2334 5671 2428 5712 rex
2460 5662 2511 5710 et
2545 5653 2863 5711 sacerdotes
2919 5651 3242 5721 (secundum
3273 5648 3440 5706 alium
3490 5659 3732 5718 evange-
