4006 6178
316 302 420 355 189

1280 289 1549 347 GLOSSA
1580 287 1989 347 ORDINARIA.
2011 316 2081 331 —
2099 286 2364 345 EVANG.
2397 288 2632 346 MARCI.

3523 294 3625 349 190

324 420 533 491 listam)
576 425 803 493 propter
848 414 1034 488 templi
1082 387 1445 470 ministerium
1477 407 1766 470 sabbatum
1813 414 1927 472 vio-
1957 412 2231 477 Amultos
2261 413 2332 468 ad
2361 430 2420 469 se
2448 412 2731 470 venientes
2761 412 3019 487 suscepit,
3052 420 3105 470 et
3141 413 3507 472 desideratam
3534 430 3596 472 sa
3621 452 3643 462 ς

318 512 518 579 lantes,
570 506 798 564 crimine
818 512 1026 574 carent,
1075 511 1280 576 quanto
1318 503 1497 577 magis
1544 502 1711 558 Filius
1759 504 1938 585 homi-.

324 600 415 656 nis
443 613 610 655 verus
636 597 754 654 Rex
783 603 837 651 et
868 592 1141 651 Sacerdos
1165 592 1180 666 ι
1203 600 1259 649 et
1278 592 1403 648 ideo
1424 591 1690 648 Dominus
1719 592 1940 648 sabbatx

318 689 381 745 in
411 688 641 744 sabbato
670 684 954 745 vulsarum
998 682 1278 757 spicarum
1316 681 1545 740 crimine
1573 697 1684 740 non
1715 689 1935 741 tenetur

326 793 481 840 reus.

964 898 1188 957 CAPUT
1220 899 1314 954 ῙῙῙ.

402 1047 572 1103 Vnus.
622 1049 673 1099 1.
705 1072 776 1088 -
805 1043 1034 1100 Manum
1084 1044 1328 1100 aridam.
1390 1040 1608 1115 (Bnnx).
1672 1041 1809 1110 Qum
1872 1040 1944 1096 ad

327 1136 572 1192 fructum
619 1134 847 1190 vetitum
894 1140 1122 1188 extensa
1169 1140 1273 1202 est,
1325 1148 1359 1188 a
1390 1131 1535 1186 bono
1582 1146 1751 1201 opere
1780 1129 1942 1198 aruit,

329 1240 434 1296 per
467 1239 666 1281 manus
696 1221 899 1279 Christi
926 1221 984 1277 in
1013 1237 1180 1280 cruce
1210 1228 1484 1291 extensas,
1517 1219 1787 1277 bonorum
1816 1234 1948 1292 ope-

338 1330 466 1369 rum
496 1312 679 1369 succis
708 1312 985 1368 restituta.

412 1402 629 1475 (Hum)
659 1401 836 1457 Homo
865 1400 970 1456 iste
1001 1398 1276 1474 signiﬁcat
1304 1414 1521 1469 avaros,
1558 1400 1670 1472 qui,
1702 1400 1951 1455 nolentes

346 1492 506 1561 dare,
539 1490 728 1546 volunt
754 1489 1030 1561 accipere,
1064 1489 1302 1560 praedari
1333 1496 1387 1544 et
1416 1504 1526 1544 non
1555 1487 1748 1561 largiri
1782 1504 1794 1543 :
1830 1486 1950 1559 qui-

342 1580 452 1636 bus
481 1579 682 1636 dicitur
709 1587 769 1634 ut
798 1579 1092 1633 extendant
1106 1592 1304 1632 manus
1336 1592 1484 1647 suas,
1515 1576 1570 1632 id
1600 1586 1703 1646 est,
1737 1576 1829 1649 qui
1856 1580 1953 1649 fu-

330 1670 576 1727 rabatur
592 1672 721 1742 jam
739 1684 854 1725 non
875 1670 1125 1739 furetur,
1158 1668 1337 1738 magis
1362 1671 1557 1722 autem
1584 1666 1799 1722 laboret
1831 1681 1951 1738 ope-

331 1776 475 1816 rans
503 1758 768 1815 manibus
795 1758 916 1813 suis
945 1757 1087 1829 quod
1117 1757 1322 1813 bonum
1342 1760 1447 1822 est,
1474 1759 1539 1811 ut
1562 1756 1765 1811 habeat
1798 1754 1948 1812 unde
1977 1778 2031 1839 B

332 1848 555 1904 tribuat
582 1848 980 1903 necessitatem
1008 1846 1257 1918 patienti
1286 1844 1510 1917 (Ephes.
1542 1843 1640 1915 tv).

406 1937 584 1991 Vnus.
616 1939 669 1992 2.
702 1965 772 1976 —
800 1935 870 1989 Et
911 1934 1294 1991 observabant.
1341 1932 1562 2005 (ΒευΑ.)
1606 1930 1747 2001 Quia
1776 1931 1947 1989 disci-

332 2025 500 2099 pulos
558 2022 918 2095 probabiliter
964 2030 1323 2079 excusaverat
1356 2038 1368 2077 :
1403 2021 1582 2093 ipsum
1628 2021 1943 2089 observant,

334 2124 396 2170 ut
430 2113 478 2172 si
506 2113 564 2168 in
596 2112 827 2167 sabbato
847 2120 1019 2179 curet,
1045 2109 1502 2184 transgressionis
1526 2130 1540 2167 :
1566 2109 1612 2165 si
1640 2125 1752 2165 non
1773 2117 1946 2179 curet,

339 2201 687 2260 crudelitatis
719 2209 813 2257 aut
841 2200 1226 2257 imbecillitatis
1257 2206 1511 2273 arguant.

415 2294 576 2349 Licet
605 2291 850 2347 sabbatis
871 2290 1215 2361 benefacere.
1238 2288 1370 2363 (10.)
1400 2287 1613 2361 Arguit,
1639 2287 1785 2359 quod
1812 2287 1953 2360 legis

341 2389 628 2455 praecepta
656 2394 831 2452 prava
860 2377 1306 2449 interpretatione
1353 2376 1578 2447 violant,
1623 2376 1954 2433 aestimantes

338 2472 400 2528 in
433 2469 667 2526 sabbato
698 2484 733 2523 a
776 2469 923 2523 bono
974 2465 1300 2535 feriundum,
1344 2481 1469 2522 cum
1498 2466 1586 2521 lex
1624 2465 1787 2535 dicat,
1822 2474 1951 2537 etc.,

349 2575 534 2632 usque
562 2559 635 2614 ad
682 2555 1089 2613 similitudinem
1134 2555 1433 2627 praeposuit
1478 2554 1547 2611 de
1577 2570 1699 2625 ove,
1744 2563 1798 2611 et
1825 2569 1956 2611 con-

351 2647 521 2706 clusit
552 2647 700 2719 quod
733 2638 864 2704 licet
893 2646 1115 2702 sabbato
1145 2645 1491 2715 benefacere.

418 2764 710 2818 Animam.
744 2761 875 2833 (ln.)
906 2760 1193 2815 Hominem
1220 2766 1393 2815 totum
1413 2775 1515 2830 per
1542 2766 1756 2829 partem
1788 2756 1959 2831 signi-

346 2850 499 2907 ﬁcat.
553 2850 653 2907 Vel
702 2849 831 2921 quia
876 2857 1101 2921 propter
1148 2848 1387 2903 animam
1434 2848 1539 2903 hoc
1586 2846 1837 2915 faciebat,
1873 2847 1961 2902 vel

357 2939 511 3012 quod
541 2940 659 2995 haec
688 2954 886 2993 manus
916 2937 1128 2992 sanatio
1172 2937 1368 2992 animae
1398 2935 1630 2991 salutem
1661 2934 1956 3008 significat.

423 3029 683 3086 Perdere.
716 3026 849 3099 (10.)
877 3027 1001 3082 Non
1045 3025 1191 3097 quod
1230 3040 1441 3080 summe
1469 3024 1592 3096 pius
1630 3034 1962 3096 quemquam

355 3117 535 3189 possit
563 3117 821 3188 perdere,
872 3116 971 3171 sed
1015 3114 1132 3183 ejus
1162 3130 1273 3169 non
1313 3113 1527 3169 salvare
1576 3121 1660 3168 est
1704 3113 1961 3184 perdere.
1985 3144 2035 3208 Ο

353 3206 507 3263 Sicut
554 3204 756 3261 dicitur
802 3204 1091 3259 indurasse
1138 3217 1236 3258 cor
1284 3201 1603 3272 Pharaonis,
1652 3217 1764 3257 non
1818 3201 1965 3273 quod

355 3294 673 3362 obduravit,
709 3293 808 3347 sed
835 3292 1163 3347 obduratum
1189 3306 1301 3346 non
1330 3289 1607 3346 emollivit.

439 3402 612 3457 Vnus.
650 3404 702 3455 5.
726 3429 796 3440 —
816 3399 1074 3455 Extende
1092 3415 1350 3454 manum.
1374 3396 1595 3469 (ΒιιυΑ.)
1626 3395 1970 3452 Infructuosa

370 3490 625 3546 debilitas
673 3488 870 3545 animae
914 3503 1025 3542 non
1053 3487 1249 3542 melius
1277 3493 1502 3542 curatur
1539 3501 1704 3557 quam
1734 3484 1969 3540 eleemo—

375 3595 529 3651 syria:
557 3577 886 3650 largitione;
910 3576 1054 3632 unde
1079 3592 1091 3632 :
1120 3577 1223 3645 Qui
1243 3576 1405 3631 habet
1426 3575 1564 3631 duas
1598 3577 1845 3643 tunicas,
1876 3574 1970 3629 det

360 3685 479 3725 non
508 3668 742 3723 habenti
775 3682 788 3721 :
822 3670 879 3722 et
922 3667 1018 3738 qui
1061 3665 1225 3720 habet
1267 3679 1440 3733 escas,
1484 3664 1754 3719 similiter
1790 3664 1971 3734 faciat

379 3755 537 3815 (Luc.
570 3754 674 3826 ιιι).
709 3754 778 3809 Et
807 3753 862 3808 in
892 3752 1282 3809 Ecclesiastico
1316 3768 1327 3807 :
1363 3753 1491 3818 Fili,
1516 3768 1631 3808 non
1660 3752 1737 3806 sit
1763 3767 1971 3807 manus

372 3850 471 3901 tua
498 3847 765 3917 porrecta
795 3843 868 3898 ad
896 3842 1236 3914 capiendum
1263 3844 1320 3895 et
1348 3841 1419 3895 ad
1448 3841 1699 3896 dandum
1735 3840 1973 3897 collecta

362 3932 539 4004 (Eccl.
572 3931 676 4003 tv).
712 3931 940 3986 Frustra
969 3930 1115 3986 enim
1157 3928 1214 3984 in
1256 3928 1501 3995 oratione
1530 3944 1726 3983 manus
1765 3928 1835 3983 ad
1864 3929 1974 3982 Do-

362 4021 573 4077 minum
607 4019 885 4092 expandit,
918 4020 1010 4091 qui
1041 4034 1138 4073 eas
1183 4018 1255 4073 ad
1283 4025 1573 4090 rogantem
1615 4017 1836 4073 viduam
1864 4031 1975 4072 non

364 4110 628 4166 extendit.

435 4209 506 4262 Et
535 4208 811 4263 restituta
842 4208 927 4261 est
954 4219 1162 4259 manus
1182 4204 1293 4259 illi.
1326 4204 1586 4275 Magnum
1606 4200 1847 4256 studium
1879 4216 1976 4255 ne-

370 4294 553 4366 quitiae
581 4295 641 4349 in
697 4292 909 4349 crimen
954 4300 1228 4363 reputant,
1272 4291 1419 4363 quod
1466 4291 1539 4346 ad
1566 4290 1797 4346 verbum
1833 4289 1979 4344 illius

371 4392 565 4438 sanata
593 4389 681 4437 est
708 4397 926 4438 manus.
957 4382 1152 4452 Neque
1183 4388 1237 4436 et
1267 4380 1496 4435 sabbato
1517 4387 1699 4451 potest
1730 4377 1981 4435 convinci

370 4471 678 4541 laborasse,
712 4470 806 4543 qui
834 4470 967 4525 dixit
995 4478 1049 4525 et
1076 4468 1220 4526 facta
1267 4477 1392 4524 sunt
1426 4484 1438 4523 :
1472 4483 1596 4525 cum
1635 4467 1740 4538 ipsi
1769 4467 1827 4522 in
1855 4467 1984 4522 sab-

374 4561 514 4615 batis
546 4559 702 4616 cibos
733 4566 968 4631 portent,
995 4557 1196 4615 calices
1216 4558 1522 4630 porrigant,
1557 4564 1611 4613 et
1631 4564 1832 4613 caetera
1860 4556 1973 4611 vic-

376 4651 453 4706 tui
479 4647 820 4706 necessaria.

446 4767 616 4821 Vsus.
654 4768 705 4820 6.
739 4794 809 4805 —
837 4765 1125 4821 Exeuntes
1145 4767 1357 4819 autem.
1382 4760 1486 4831 Qui
1517 4777 1617 4833 per
1637 4777 1696 4816 se
1717 4775 1828 4816 non
1845 4776 1975 4833 pos-

378 4862 521 4922 sunt,
555 4852 741 4909 socios
788 4852 1088 4924 iniquitatis
1137 4859 1407 4923 quaerunt.
1444 4852 1582 4907 Cum
1620 4850 1970 4907 Herodianis.

376 4942 606 4999 Ministri
635 4940 871 4997 Herodis
899 4948 1125 5012 propter
1171 4938 1479 4995 inimicitias
1526 4954 1664 5011 quas
1709 4938 1827 5009 ipse
1874 4938 1977 4993 ad-

378 5048 571 5087 versus
613 5029 893 5087 hominem
935 5028 1247 5098 exercebat,
1292 5029 1480 5083 Jesum
1517 5026 1729 5083 insidiis
1758 5034 1812 5084 et
1839 5026 1980 5084 odiis

379 5119 856 5192 persequebantur
883 5134 1047 5191 quem
1075 5119 1315 5174 Joannes
1344 5116 1699 5189 praedicabat.

453 5245 623 5300 Vnus.
658 5247 713 5300 7.
748 5274 817 5285 -—
836 5244 1092 5301 Secessit.
1116 5241 1277 5314 Fugit
1296 5249 1355 5296 ut
1374 5242 1557 5311 homo,
1583 5240 1711 5313 quia
1739 5240 1982 5296 nondum

381 5340 606 5389 venerat
637 5333 777 5389 hora
803 5332 942 5401 ejus,
975 5341 1028 5387 et
1056 5330 1328 5402 passionis
1348 5330 1466 5398 ejus
1497 5337 1650 5385 extra
1677 5328 1982 5385 Jerusalem

383 5437 495 5477 non
522 5430 642 5478 erat
669 5422 843 5478 locus.

458 5532 677 5605 (ΒευΑ.)
698 5534 777 5589 De
800 5546 1085 5605 synagoga
1104 5532 1311 5588 secedit
1326 5531 1395 5585 ad
1411 5546 1583 5600 mare,
1603 5538 1708 5585 etc.
1730 5529 1980 5586 Iudaeam

386 5621 660 5694 relinquit,
712 5621 782 5676 ad
829 5629 1024 5694 gentes
1071 5620 1219 5676 venit
1262 5636 1386 5676 cum
1431 5618 1730 5690 discipulis,
1780 5617 1986 5676 scilicet

388 5709 811 5781 praedicantibus
841 5709 1102 5784 apostolis
1134 5709 1305 5769 corda
1332 5708 1578 5782 gentium
1614 5707 1745 5765 adiit
1781 5724 1791 5763 :
1827 5714 1881 5765 et
1908 5707 1986 5764 sic

2045 500 2213 558 lutem
2239 502 2408 558 dedit.

2112 618 2184 674 Et
2211 617 2399 673 multa
2429 616 2612 674 turba.
2669 615 2802 691 (11).)
2830 616 3079 691 Magistri
3121 616 3297 690 plebis
3327 624 3381 674 et
3408 617 3644 675 ministri

2042 705 2192 779 regis
2238 705 2365 762 odio
2420 714 2829 780 persequuntur
2874 705 3117 780 :vulgus
3172 705 3453 764 indoctum
3508 706 3645 765 dile-

2045 794 2224 851 ctione
2255 795 2518 868 sequitur,
2553 804 2607 852 et
2636 794 2856 868 plurimi
2885 795 3068 850 sanari
3098 803 3400 853 merentur.

2116 883 2289 940 Vens.
2323 886 2377 941 9.
2409 914 2479 926 —
2508 885 2799 941 Navicula.
2840 883 3092 941 Ecclesia
3122 885 3191 941 de
3223 885 3479 959 gentibus
3508 900 3646 944 con-

2046 980 2281 1047 gregata
2337 972 2533 1029 ﬂuctus
2584 973 2769 1029 saeculi
2814 981 2996 1028 mente
3045 981 3401 1045 transgressa
3450 991 3464 1030 :
3527 992 3651 1047 qua:

2047 1069 2249 1134 quanto
2281 1060 2459 1116 sinum
2482 1061 2665 1118 cordis
2690 1061 2883 1134 gratiae
2906 1060 3239 1133 recipiendae
3261 1062 3469 1133 dilatat,
3494 1071 3646 1119 tanto

2050 1148 2247 1206 ﬂuctus
2294 1149 2479 1206 saeculi
2528 1150 2775 1205 securius
2822 1150 3014 1206 calcat.
3056 1152 3135 1208 Nc
3183 1153 3642 1224 comprimerent.

2052 1238 2447 1310 Comprimunt,
2483 1238 2574 1311 qui
2593 1237 2858 1295 Ecclesiae
2877 1253 3071 1310 pacem
3091 1240 3334 1296 turbant.
3372 1240 3645 1314 Tangunt,

2054 1327 2147 1401 qui
2190 1326 2353 1384 fidem
2388 1343 2520 1383 vero
2569 1327 2736 1383 corde
2779 1335 2832 1382 et
2874 1326 3163 1385 dilectione
3196 1327 3522 1400 suscipiunt,
3556 1328 3650 1400 qui

2054 1417 2286 1490 tetigere
2317 1416 2493 1473 sanati
2523 1431 2646 1472 esse
2683 1416 3042 1487 perhibentur
3077 1433 3090 1473 :
3147 1415 3365 1492 fugiens
3412 1416 3650 1489 compri-

2055 1514 2266 1562 mentes
2296 1505 2604 1562 naviculam
2635 1504 2899 1562 ascendit.

2128 1622 2278 1677 Vens
2311 1625 2395 1675 11.
2429 1651 2499 1662 -
2528 1623 2597 1677 Et
2645 1623 2883 1694 spiritus
2920 1622 3223 1689 immundi,
3284 1628 3391 1679 etc.
3432 1623 3652 1697 (ΒειιΑ.)

2058 1711 2299 1781 Uterque
2358 1718 2411 1765 et
2458 1709 2652 1783 plagas
2702 1710 2986 1778 habentes,
3021 1718 3073 1765 et
3102 1709 3366 1765 immundi
3410 1711 3650 1782 spiritus.

2060 1797 2167 1853 Sed
2197 1796 2398 1853 infirmi
2437 1798 2530 1870 pia
2569 1798 2865 1853 intentione
2911 1797 3101 1853 salutis
3136 1814 3149 1853 :
3192 1798 3532 1871 daemoniaci,
3567 1801 3657 1856 vel

2047 1887 2231 1960 potius
2260 1887 2316 1942 in
2346 1886 2425 1943 eis
2456 1887 2733 1943 daemones
2759 1904 2770 1943 :
2805 1903 2916 1943 non
2947 1887 3124 1943 solum
3151 1887 3348 1944 timore
3378 1889 3555 1946 coacti
3574 1890 3647 1946 ad

2047 1976 2463 2049 procidendum,
2491 1993 2682 2032 verum
2714 1977 2878 2032 etiam
2901 1977 2970 2033 ad
2991 1976 3360 2034 confitendum
3389 1980 3647 2048 majesta-

2051 2073 2160 2122 tem
2191 2066 2330 2135 ejus.
2362 2066 2659 2122 Praesentia
2688 2066 2832 2120 enim
2878 2068 2997 2135 ejus
3027 2066 3323 2138 perterriti,
3360 2084 3525 2139 quem
3554 2067 3641 2122 Fi-

2048 2155 2181 2210 lium
2210 2154 2310 2210 Dei
2340 2171 2463 2210 esse
2488 2155 2824 2226 jamjamque
2863 2161 3147 2225 noverant,
3199 2155 3380 2211 celare
3408 2170 3518 2210 non
3544 2171 3643 2226 po-

2050 2250 2247 2299 terant.
2301 2243 2559 2299 Saniores
2607 2243 2842 2312 Arianis,
2895 2243 2987 2315 qui
3034 2243 3199 2299 etiam
3245 2243 3407 2300 hodie
3442 2252 3645 2316 negant

2053 2333 2249 2389 Filium
2282 2332 2383 2388 Dei
2412 2348 2556 2388 esse.

2123 2423 2301 2477 Vens.
2337 2425 2423 2479 12.
2456 2451 2525 2461 —
2554 2422 2631 2477 Ne
2659 2423 3121 2492 manifestarent.
3143 2422 3274 2493 (Ιυ.)
3312 2423 3437 2478 Νοιι
3476 2422 3654 2478 solum

2057 2510 2355 2579 daemones,
2390 2509 2482 2581 qui
2512 2509 2681 2579 inviti,
2724 2509 2811 2565 vel
2860 2510 2932 2564 ab
2979 2525 3046 2565 eo
3087 2510 3283 2579 sanati,
3337 2510 3431 2581 qui
3459 2520 3658 2581 sponte

2057 2599 2384 2656 confitentur
2418 2614 2429 2653 :
2464 2598 2562 2653 sed
2595 2606 2649 2653 et
2693 2598 2926 2669 apostoli
2966 2605 3080 2653 toto
3122 2599 3258 2654 orbe
3286 2606 3413 2670 post
3437 2600 3657 2669 passio-

2056 2704 2184 2743 nem
2210 2686 2580 2759 praedicaturi,
2634 2694 2758 2742 ante
2801 2687 3115 2757 passionem
3157 2694 3339 2743 tacere
3364 2687 3646 2757 jubentur,

2059 2793 2127 2831 ne
2155 2776 2340 2831 divina
2368 2776 2654 2845 majestate
2681 2775 2977 2848 praedicata
3014 2775 3200 2847 passio
3229 2774 3562 2845 differretur,
3597 2784 3651 2832 et

2060 2865 2140 2922 sic
2171 2864 2320 2920 salus
2350 2864 2557 2919 mundi.
3220 2858 3241 2875 ‘

2131 2981 2303 3037 Vens.
2330 2983 2415 3035 13.
2439 3010 2508 3020 -
2528 2981 2598 3036 Et
2618 2980 2944 3037 ascendens.
2969 2979 3100 3051 (In.)
3120 2979 3415 3051 Postquam
3434 2979 3663 3036 immun-

2062 3071 2164 3126 dos
2195 3069 2419 3142 spiritus
2450 3086 2509 3125 se
2542 3069 2845 3140 praedicare
2886 3067 3181 3139 prohibuit,
3225 3075 3442 3125 sanctos
3472 3068 3657 3142 elegit,

2068 3159 2161 3232 qui
2191 3176 2316 3215 eum
2344 3158 2711 3230 praedicarent
2740 3165 2793 3213 et
2820 3156 3087 3212 nefandos
3120 3157 3342 3229 spiritus
3372 3157 3655 3227 ejicerent.

2138 3249 2294 3311 Mons
2342 3248 2445 3304 iste
2494 3247 2767 3320 significat
2796 3246 3134 3301 altitudinem
3166 3245 3406 3316 justitias,
3443 3261 3552 3319 qua
3578 3246 3661 3301 in-

2069 3335 2332 3405 struendi,
2393 3343 2447 3391 et
2494 3351 2660 3407 quam
2706 3335 3056 3406 praedicaturi
3103 3343 3278 3405 erant,
3326 3351 3427 3406 per
3481 3335 3663 3391 locum

2068 3425 2326 3481 admonet
2381 3424 2452 3479 ad
2499 3424 2743 3481 coelestia
2793 3424 2952 3497 erigi,
2988 3423 3067 3480 sic
3095 3431 3148 3479 et
3174 3424 3355 3497 legem
3397 3423 3454 3479 in
3479 3431 3665 3481 monte

2070 3513 2239 3569 dedit.

2142 3601 2353 3673 (Ηιιςιι.)
2383 3600 2731 3657 Consuetudo
2774 3599 2972 3657 divinae
3003 3600 3301 3672 Scripturae
3344 3609 3428 3657 est
3454 3601 3661 3675 allego-

2070 3691 2184 3747 rice
2213 3689 2361 3762 loqui
2396 3706 2409 3744 :
2444 3690 2541 3745 sed
2570 3705 2672 3745 nos
2702 3689 2782 3746 sic
2812 3690 3030 3746 excelsa
3058 3689 3312 3745 sensibus
3340 3691 3542 3746 nostris
3571 3705 3668 3762 ap-

2070 3779 2357 3852 plicemus,
2405 3786 2465 3833 ut
2493 3777 2734 3835 historiae
2780 3778 3084 3846 veritatem,
3127 3786 3256 3846 etc.,
3304 3795 3480 3852 usque
3510 3780 3582 3835 ad
3610 3779 3668 3835 in

2072 3876 2312 3924 montem
2342 3876 2608 3924 vocantur
2649 3866 2852 3924 excelsi
2880 3875 2934 3923 et
2974 3865 3170 3922 merito
3199 3874 3253 3923 et
3281 3867 3469 3935 verbo,
3503 3875 3562 3923 ut
3588 3867 3668 3923 lo-

2074 3973 2171 4014 cus
2200 3964 2472 4030 congruat
2498 3957 2707 4013 meritis
2737 3955 2879 4012 altis.

2148 4087 2318 4142 Vens.
2355 4087 2440 4141 14.
2475 4117 2545 4127 -
2578 4088 2641 4145 Ut
2671 4090 2858 4143 essent
2879 4085 3188 4142 duodecim.
3221 4083 3470 4156 Speciem
3498 4083 3670 4140 Iacob

2077 4175 2260 4231 dilexit
2290 4176 2437 4230 Deus
2481 4158 2606 4231 cum
2644 4175 2855 4231 videret
2891 4174 3141 4231 excelsus
3171 4182 3383 4248 gentes,
3430 4181 3484 4229 et
3514 4187 3672 4244 sepa-

2078 4272 2227 4320 raret
2256 4263 2396 4319 ﬁlios
2425 4263 2621 4319 Adam.
2654 4264 2852 4319 Statuit
2880 4264 3141 4319 terminos
3170 4263 3497 4335 populorum
3521 4263 3675 4332 juxta

2079 4369 2367 4409 numerum
2396 4352 2634 4408 filiorum
2663 4353 2852 4421 Israel,
2876 4360 2935 4408 ut
2964 4352 3069 4407 sint
3100 4368 3265 4423 super
3285 4351 3510 4407 thronos
3538 4350 3673 4406 duo-

2081 4442 2277 4512 decim,
2319 4442 2629 4512 judicantes
2678 4441 2966 4497 duodecim
3010 4440 3185 4496 tribus
3229 4440 3417 4497 Israel.
3464 4438 3675 4508 Quibus

2081 4531 2210 4586 data
2239 4538 2322 4587 est
2348 4537 2612 4604 potestas,
2647 4546 2812 4603 quam
2858 4529 3023 4586 Filius
3064 4528 3276 4601 accepit
3314 4544 3348 4583 a
3388 4529 3546 4584 Patre
3577 4544 3671 4583 se-

2083 4620 2323 4676 cundum
2354 4634 2597 4687 carnem,
2630 4626 2689 4673 ut
2718 4634 2888 4690 opera
2918 4634 3039 4690 qua:
3068 4617 3185 4690 ipse
3216 4615 3341 4674 fecit
3371 4624 3425 4674 et
3453 4615 3556 4689 ipsi
3584 4615 3671 4671 fa-

2081 4708 2244 4778 ciant,
2279 4714 2329 4763 et
2358 4707 2569 4777 majora
2597 4707 2794 4761 horum
2823 4706 3042 4763 faciant.

2166 4804 2387 4878 (ΒειιΑ.)
2435 4804 2595 4860 Dedit
2633 4802 2797 4859 etiam
2838 4812 3163 4877 potestatem
3209 4812 3454 4861 mortuos
3503 4802 3676 4861 susci-

2082 4894 2251 4965 tandi,
2303 4893 2445 4949 sicut
2488 4894 2771 4949 Matthaeus
2819 4893 2969 4964 dicit,
3021 4903 3079 4950 ut
3126 4894 3298 4952 virtus
3346 4901 3567 4949 ostensa
3608 4892 3671 4948 ﬁ-

2083 4984 2227 5051 dem,
2262 4990 2391 5052 etc.,
2424 4998 2599 5056 usque
2644 4984 2717 5038 ad
2766 4983 2893 5054 quia
2942 4984 3148 5055 linguae
3176 4986 3242 5040 in
3271 4985 3498 5056 signum
3537 4987 3675 5040 sunt

2081 5089 2197 5129 non
2226 5072 2503 5142 ﬁdelibus,
2535 5072 2630 5127 sed
2659 5071 2978 5141 inﬁdelibus
3009 5072 3060 5144 (I
3088 5073 3207 5130 Cor.
3240 5072 3383 5144 xiv).

2155 5192 2324 5248 Vnus.
2365 5195 2450 5247 16.
2491 5221 2561 5233 -
2596 5193 2668 5248 Et
2706 5194 2993 5265 imposuit.
3025 5191 3157 5265 (10.)
3194 5194 3318 5249 Non
3362 5193 3529 5251 modo
3565 5192 3678 5266 pri-

2083 5296 2255 5349 mum,
2288 5281 2386 5336 sed
2415 5295 2539 5337 cum
2569 5280 2806 5337 adducto
2836 5281 2906 5336 ab
2935 5280 3172 5338 Andrma
3197 5280 3335 5337 dixit
3366 5298 3378 5338 :
3417 5284 3496 5339 Tu
3524 5299 3678 5341 voca-

2084 5370 2229 5427 beris
2264 5369 2493 5443 Cephas,
2527 5370 2669 5444 quod
2698 5371 3116 5443 interpretatur
3154 5372 3358 5428 Petrus
3388 5370 3571 5442 (Joan.
3604 5371 3667 5441 ι).

2086 5457 2194 5513 Sed
2222 5457 2311 5515 hic
2330 5459 2669 5534 evangelista
2688 5466 2741 5515 te
2770 5465 3035 5515 attentum
3064 5458 3243 5516 reddit
3270 5459 3479 5529 dicens,
3503 5459 3671 5530 quod,

2085 5554 2212 5617 etc.,
2248 5564 2420 5622 usque
2448 5549 2519 5604 ad
2548 5548 2635 5603 vel
2664 5548 2893 5604 audiens
2922 5546 3194 5604 tristitiam
3222 5547 3431 5614 mortis,
3465 5545 3677 5603 scilicet

2085 5652 2210 5692 cum
2241 5637 2291 5692 ei
2322 5636 2521 5693 dicitur
2555 5653 2566 5691 :
2602 5637 2760 5693 Alius
2784 5642 2838 5693 te
2859 5638 3045 5707 cinget
3072 5641 3128 5694 et
3158 5637 3320 5693 ducet
3348 5649 3451 5707 quo
3481 5638 3545 5691 tu
3564 5651 3673 5692 non

2086 5710 2167 5766 vis
2197 5708 2249 5780 (Ι
2276 5708 2398 5765 Cor.
2432 5708 2529 5779 ιν).
