4000 6182
370 279 469 336 191

974 274 1380 338 WALAFRIDI
1420 276 1664 337 STRABI
1707 274 1903 335 FULD.
1936 272 2109 335 MON.
2148 274 2300 335 OPP.
2336 275 2512 337 PARS
2541 277 2583 336 Ι.
2616 305 2685 321 —-
2716 276 3192 337 THEOLOGICA.

3564 287 3671 343 192

444 406 614 463 Vsus.
650 408 735 461 1⁸7.
770 434 839 446 --
868 406 939 460 Et
966 407 1250 463 Iacobum.
1282 404 1387 475 Qui
1425 406 1772 477 supplantata
1801 404 1969 460 habet
1995 404 2210 466 Acitur
2243 423 2256 461 :
2292 405 2420 477 quia
2448 406 2621 461 Maria
2648 407 2858 478 Alphzei
2888 406 2986 462 fuit
3014 423 3191 476 soror,
3225 413 3356 479 etc.,
3389 424 3566 482 usque
3592 412 3669 467 ad

372 494 648 551 desideria
694 494 896 549 carnis.
948 494 1017 548 Et
1061 496 1346 561 Joannem,
1407 494 1499 565 qui
1546 493 1727 565 gratia
1756 493 1968 564 accepit

374 583 521 655 quod
550 582 641 638 alii
668 599 770 654 per
798 582 1064 638 laborem.
1098 585 1166 637 Et
1186 584 1455 655 imposuit
1484 584 1565 637 eis
1593 598 1801 638 nomen
1832 584 1967 638 Boa-

372 687 589 744 nerges,
621 672 763 746 quod
791 677 876 728 est
904 672 1014 741 ﬁlii
1035 673 1295 728 tonitrui.
1319 670 1567 739 Quorum
1597 671 1829 725 sublime
1859 686 1969 726 me-

370 760 537 816 ritum
583 761 639 815 in
685 769 869 817 monte
916 768 1159 816 meretur
1205 760 1395 815 audire
1443 760 1741 815 tonitruum
1788 758 1966 815 Patris

370 864 474 921 per
500 849 701 909 nubem
730 849 798 905 de
848 849 983 904 Filio
1010 849 1248 905 tonantis
1282 864 1294 903 :
1327 850 1425 904 Hic
1464 853 1549 905 est
1591 850 1770 905 Filius
1806 865 1966 905 meus

372 937 613 995 dilectus
641 939 861 1010 (Matth.
892 938 1077 1008 xvm),
1112 945 1170 991 ut
1197 953 1299 1009 per
1329 938 1533 992 nubem
1561 937 1745 993 carnis
1776 946 1830 992 et
1861 937 1967 1009 ipsi

372 1025 571 1081 Christi
599 1026 784 1099 ignem
813 1042 880 1082 ac
911 1025 1131 1099 fulgura
1159 1027 1216 1081 in
1244 1026 1486 1098 pluviam
1528 1033 1855 1099 spargerent
1910 1026 1966 1081 in

369 1115 552 1183 terris,
587 1115 844 1187 quoniam
891 1115 1157 1170 Dominus
1204 1115 1260 1169 in
1287 1114 1529 1186 pluviam
1568 1114 1786 1187 fulgura
1814 1114 1960 1185 fecit,

367 1210 427 1258 ut
456 1203 766 1276 exstinguat
812 1203 1194 1260 misericordia
1240 1202 1387 1274 quod
1427 1202 1691 1271 judicium
1747 1204 1962 1269 exurit;

369 1290 514 1347 unde
548 1308 560 1347 :
593 1293 1032 1351 Misericordiam
1052 1297 1108 1349 et
1128 1292 1415 1365 judicium
1442 1293 1676 1349 cantabo
1708 1293 1829 1361 tibi,
1860 1294 1965 1349 Do-

367 1382 526 1437 mine
554 1382 728 1453 (Psal.
762 1383 834 1453 c).

439 1472 721 1527 Iacobum.
755 1470 861 1539 Qui
891 1486 1083 1526 curam
1103 1471 1287 1527 carnis
1307 1470 1540 1526 Domino
1570 1479 1798 1527 vocante
1827 1487 1964 1543 sup-

369 1558 652 1632 plantavit,
687 1568 740 1615 et
768 1560 945 1631 ipsam
974 1575 1199 1616 carnem
1243 1560 1460 1617 Herode
1491 1559 1797 1618 trucidante
1826 1576 1963 1616 con-

368 1648 606 1720 tempsit.

439 1768 734 1822 Joannem.
767 1765 987 1835 (BEDA.)
1020 1765 1080 1819 In
1126 1779 1235 1836 quo
1263 1772 1348 1821 est
1393 1765 1590 1838 gratia,
1625 1766 1712 1821 vel
1739 1768 1966 1823 Domini
1986 1774 2038 1833 Β

368 1857 574 1925 gratia,
607 1854 700 1926 qui
729 1855 801 1909 ob
830 1854 1035 1909 amoris
1064 1854 1325 1925 precipui
1345 1855 1582 1927 gratiam
1604 1870 1770 1926 quam
1799 1856 1968 1928 virgi-

370 1943 480 1999 nali
508 1943 687 2016 gloria
701 1943 1023 2014 promcruit,
1058 1957 1226 2016 supra
1246 1943 1627 2015 Redemptoris
1659 1944 1742 1998 sui
1775 1951 1967 2016 pectus

373 2033 430 2088 in
460 2047 617 2088 ccena
644 2032 911 2088 recubuit.

441 2137 593 2191 Filii.
627 2134 759 2207 (10.)
790 2133 1037 2204 Quorum
1058 2151 1198 2191 unus
1227 2135 1499 2203 intonans,
1535 2150 1729 2192 vocem
1758 2135 1967 2190 theolo-

373 2238 503 2296 gam
531 2224 719 2296 (quam
748 2240 909 2280 nemo
952 2225 1103 2295 prius
1150 2224 1315 2279 edere
1362 2224 1612 2297 noverat)
1644 2223 1825 2280 emisit
1857 2240 1869 2278 :
1903 2225 1968 2280 In

372 2315 654 2387 principio
683 2319 808 2369 erat
844 2314 1089 2381 Verbum,
1126 2322 1230 2369 etc.
1280 2313 1462 2384 (Joan.
1506 2313 1572 2385 ι.)
1602 2312 1779 2382 Quam
1818 2320 1967 2369 tanto

374 2402 618 2475 pondere
647 2401 936 2475 gravidam
964 2401 1202 2474 reliquit,
1235 2409 1294 2456 ut
1313 2402 1359 2456 si
1379 2402 1657 2474 aliquanto
1675 2402 1799 2474 plus
1828 2402 1968 2457 into-

373 2505 508 2557 nare
536 2490 816 2557 voluisset,
850 2506 953 2546 nec
983 2491 1100 2561 ipse
1128 2491 1365 2546 mundus
1394 2506 1593 2562 capere
1622 2493 1908 2562 potuisset.

444 2606 613 2661 Vnus.
650 2609 733 2660 t8.
768 2635 835 2648 -—
865 2607 935 2660 Et
979 2605 1284 2661 Andream.
1335 2604 1545 2677 (litem)
1575 2603 1682 2673 Qui
1739 2604 1968 2660 viriliter

374 2695 486 2751 vim
514 2694 642 2751 facit
670 2694 992 2766 perditionis
1022 2710 1136 2749 suae
1165 2701 1224 2747 ut
1251 2708 1578 2765 responsum
1605 2693 1799 2748 mortis
1830 2708 1970 2748 sem-

372 2799 473 2855 per
502 2785 558 2838 in
605 2799 664 2839 se
711 2784 911 2838 habeat
958 2791 1012 2837 et
1058 2782 1298 2837 animam
1345 2797 1565 2853 semper
1611 2782 1667 2835 in
1714 2783 1968 2839 manibus

378 2871 509 2928 suis.

445 2964 517 3018 Et
543 2961 892 3034 Philippum.
926 2959 1057 3031 (11).)
1079 2958 1184 3028 Qui
1214 2976 1272 3016 os
1296 2959 1571 3032 lampadis
1593 2967 1695 3028 est,
1731 2959 1824 3031 qui
1853 2960 1969 3015 illu-

372 3051 544 3108 minat
571 3065 668 3105 ore
718 3049 862 3121 quod
908 3048 1138 3120 accepit,
1189 3048 1278 3104 cui
1324 3048 1510 3103 datum
1558 3055 1642 3104 est
1687 3064 1826 3120 opus
1855 3048 1967 3104 oris

372 3138 677 3195 illuminati.

374 3234 786 3294 commemorat,
808 3226 1027 3297 quando
1058 3226 1279 3280 nomina
1300 3233 1527 3297 propter
1556 3226 1821 3296 mysteria
1851 3234 1982 3281 sunt

372 3316 552 3388 posita
586 3331 597 3370 :
632 3314 778 3386 quod
800 3329 945 3370 nunc
966 3314 1323 3387 evangelista,
1352 3330 1419 3369 ex
1439 3314 1541 3369 Dei
1561 3329 1799 3385 persona
1822 3315 1981 3371 vehe-

371 3412 585 3461 menter
612 3402 877 3460 affectans
908 3403 1209 3459 interserit.

441 3522 512 3577 Et
541 3519 1032 3575 Bartholomwum.
1055 3517 1185 3588 (10.)
1208 3516 1314 3586 Qui
1344 3525 1427 3573 est
1449 3516 1592 3572 ﬁlius
1624 3516 1965 3589 suspenden-

372 3610 441 3665 tis
470 3623 662 3680 aquas,
697 3607 842 3662 illius
872 3606 1081 3663 scilicet
1100 3608 1192 3679 qui
1212 3606 1385 3661 dixit:
1420 3607 1686 3663 Mandabo
1741 3608 1979 3663 nubibus

371 3700 512 3756 meis
540 3713 614 3754 ne
639 3695 999 3770 pluantXIsa.
1023 3696 1099 3768 v).
1124 3696 1337 3751 Nomen
1359 3712 1490 3752 vero
1511 3694 1607 3751 ﬁlii
1627 3697 1727 3751 Dei
1756 3712 1857 3768 per
1875 3711 1977 3768 pa-

372 3803 493 3845 cem
522 3794 576 3842 et
603 3786 954 3843 dilectionem
984 3786 1289 3857 acquiritur
1322 3803 1334 3840 :
1369 3787 1528 3842 Beati
1552 3785 1699 3841 enim
1729 3786 1976 3857 paciﬁci,

375 3879 643 3951 quoniam
669 3876 779 3945 ﬁlii
809 3876 909 3931 Dei
939 3876 1289 3931 vocabuntur
1319 3875 1537 3945 (Matth.
1573 3874 1651 3944 v).
1684 3874 1755 3928 Et
1791 3890 1802 3928 :
1838 3875 1977 3930 Dili-

375 3969 499 4038 gite.
516 3967 776 4022 inimicos
807 3968 1019 4020 vestros
1049 3970 1108 4017 ut
1136 3964 1255 4017 sitis
1284 3963 1394 4032 ﬁlii
1422 3965 1523 4018 Dei
1552 3963 1709 4033 (Luc.
1743 3962 1841 4034 vt).

448 4057 518 4111 Et
549 4054 893 4109 Matthwum.
929 4051 1034 4120 Qui
1074 4060 1158 4106 est
1206 4052 1445 4106 donatus
1479 4066 1496 4100 :
1529 4051 1622 4121 qui
1663 4066 1772 4106 non
1801 4050 1978 4106 solum

376 4142 635 4198 remissio
656 4148 1027 4211 peccatorum,
1063 4138 1161 4195 sed
1191 4139 1355 4194 etiam
1387 4140 1443 4193 in
1472 4138 1845 4210 apostolorum
1878 4156 1977 4195 nu-

376 4245 531 4288 mero
562 4245 684 4285 esse
714 4230 893 4295 datur,
928 4232 994 4283 ut
1026 4228 1108 4283 leo
1151 4232 1208 4283 et
1237 4228 1326 4284 bos
1358 4227 1531 4283 simul
1574 4228 1888 4297 comedunt,
1920 4233 1978 4285 et

381 4321 548 4393 lupus
578 4335 709 4376 cum
735 4334 878 4389 agno
909 4316 1039 4388 (Isa.
1074 4315 1171 4388 χι).

444 4409 605 4477 Nota,
642 4406 789 4479 quod
809 4406 900 4461 alii
922 4402 1275 4478 evangelista:
1295 4404 1607 4461 Matthmum
1628 4414 1971 4477 praeponunt,

376 4504 430 4553 et
455 4496 811 4568 publicanum
840 4509 948 4550 non
979 4494 1185 4549 dicunt.
1220 4493 1341 4566 Ipse
1370 4501 1492 4565 post
1512 4494 1770 4550 Thomam
1801 4511 1859 4551 se
1878 4503 2047 4568 po—D

376 4584 470 4651 nit,
505 4594 560 4641 et
588 4584 931 4656 publicanum
963 4599 1023 4639 se
1060 4582 1215 4638 dicit.

445 4674 515 4728 Et
548 4675 829 4729 Thomam.
879 4673 1011 4744 (10.)
1063 4670 1167 4741 Qui
1216 4680 1300 4727 est
1345 4672 1593 4743 abyssus.
1644 4671 1795 4727 Multi
1826 4672 1970 4727 enim

375 4761 647 4833 profunda
677 4762 872 4829 sciunt,
907 4761 1005 4815 sed
1032 4776 1141 4815 non
1161 4760 1463 4832 proferunt.
1494 4761 1642 4819 Unde
1661 4763 1775 4817 scio
1795 4761 1971 4817 homi-

380 4866 512 4907 nem
540 4853 605 4906 in
636 4850 873 4917 Christo,
907 4856 1033 4913 etc.,
1070 4864 1246 4920 usque
1273 4866 1285 4903 :
1320 4866 1443 4923 qua:
1463 4865 1578 4905 non
1603 4851 1734 4906 licet
1755 4849 1972 4907 homini

382 4942 530 5012 loqui
560 4938 635 5009 (II
664 4939 784 4995 Cor.
819 4936 938 5009 xu).

444 5026 666 5099 (Bson)
694 5026 931 5081 Thomas
960 5025 1195 5096 abyssus
1229 5043 1241 5081 :
1278 5027 1405 5099 quia
1433 5025 1773 5082 altitudinem
1803 5026 1972 5082 virtu-

374 5115 446 5170 tis
474 5115 532 5170 in
560 5115 965 5171 resurrectione
993 5115 1319 5186 penetravit.
1353 5114 1453 5170 Vel
1481 5115 1755 5186 geminus,
1788 5131 1972 5188 graece

378 5204 526 5277 quod
554 5203 753 5261 dicitur
780 5203 1057 5276 didymus,
1081 5203 1137 5259 id
1157 5210 1260 5273 est,
1281 5202 1481 5258 dubius
1499 5212 1726 5276 propter
1745 5204 1972 5260 dubium

375 5309 492 5365 cor,
527 5292 656 5366 quia
682 5293 1144 5349 resurrectionem
1173 5292 1264 5347 vix
1293 5291 1544 5349 credidit.

446 5415 517 5471 Et
545 5412 808 5471 Iacobum
846 5412 1080 5484 Alphei.
1133 5409 1195 5466 Id
1223 5417 1324 5478 est,
1376 5409 1522 5466 docti
1550 5408 1639 5467 vel
1674 5408 1969 5480 millesimi,

380 5503 535 5573 cujus
574 5520 611 5559 a
658 5501 837 5558 latere
881 5499 1087 5556 cadent
1132 5499 1314 5564 mille,
1365 5501 1421 5554 et
1468 5499 1658 5556 decem
1703 5499 1894 5557 millia
1937 5515 1975 5557 a

379 5592 602 5650 dextris
634 5593 748 5648 tuis
781 5588 958 5661 (Psal.
992 5588 1101 5658 xc).

451 5690 670 5762 (ΒευΑ.)
702 5686 971 5746 Iacobum
1001 5685 1229 5761 Alphaei,
1255 5685 1348 5758 qui
1378 5692 1433 5742 et
1447 5685 1618 5743 frater
1648 5685 1865 5745 Domini
1892 5684 1975 5744 di-

2066 502 2189 565 post
2218 495 2678 552 resurrectionem
2709 496 2890 550 statim
2937 496 3409 568 Jerosolymorum
3437 499 3664 556 ordina-

2068 590 2156 637 tur
2183 583 2494 655 episcopus,
2528 591 2789 654 tanquam
2816 583 3009 640 doctus
3038 585 3127 640 vel
3156 585 3304 642 docti
3335 585 3500 643 ﬁlius.

2138 686 2490 742 Thaddteum.
2525 686 2722 741 Custos
2741 686 2944 742 cordis.
2979 687 3135 743 Hunc
3180 688 3357 743 Lucas
3395 689 3451 743 in
3480 689 3666 746 Evan—

2066 773 2229 845 gelio,
2263 782 2317 829 et
2344 774 2399 828 in
2428 774 2652 830 Actibus
2683 774 3056 845 apostolorum
3097 776 3298 831 Judam
3327 777 3519 834 Jacobi
3565 795 3668 836 no-

2066 862 2254 931 minat,
2287 863 2415 933 quia
2442 862 2613 918 frater
2658 864 2849 918 Jacobi
2882 862 3068 918 fratris
3100 864 3337 920 Domini.
3381 866 3539 923 Unde
3569 868 3661 925 di-

2066 950 2207 1006 citur
2235 950 2377 1005 ﬁlius
2406 950 2590 1007 Mariae
2617 952 2808 1006 matris
2864 952 3055 1009 Jacobi
3086 960 3140 1008 et
3188 953 3389 1026 Ioseph
3422 962 3477 1010 et
3505 956 3666 1014 Judas

2066 1047 2120 1093 et
2150 1039 2407 1096 Simonis.

2137 1153 2348 1226 (Hum)
2394 1156 2465 1210 Et
2515 1155 2866 1224 Thaddazum,
2917 1156 3009 1227 qui
3038 1164 3122 1212 est
3162 1158 3439 1229 corculus,
3474 1159 3530 1215 id
3561 1169 3666 1230 est,

2066 1243 2248 1298 cordis
2277 1243 2453 1299 cultor
2500 1244 2592 1315 qui
2640 1252 2823 1300 servat
2868 1260 2967 1301 cor
3008 1261 3168 1300 suum
3211 1248 3361 1302 omni
3390 1249 3662 1304 custodia.

2065 1332 2326 1388 Munditia
2354 1348 2591 1405 namque
2622 1333 2805 1389 cordis
2825 1333 3041 1390 videtur
3069 1335 3217 1390 Deus
3246 1344 3305 1391 ut
3333 1352 3434 1409 per
3463 1337 3667 1395 vitrum

2065 1421 2349 1478 mundum.

2135 1539 2205 1592 Et
2260 1538 2562 1595 Simonem.
2616 1539 2836 1612 (ΒευΑ.)
2885 1541 3073 1596 Simon
3115 1540 3421 1598 Cananzeus
3450 1557 3485 1597 a
3514 1542 3669 1600 Cana

2067 1626 2186 1682 vico
2218 1625 2474 1691 Galilaeaa,
2510 1627 2603 1699 qui
2634 1636 2687 1684 et
2718 1629 2907 1685 Simon
2934 1631 3183 1701 Zelotes,
3216 1630 3273 1686 id
3303 1637 3405 1702 est,
3438 1632 3667 1689 aemula-

2067 1721 2171 1771 tor.
2206 1715 2373 1784 Cana,
2405 1716 2594 1783 Zelus;
2629 1717 2949 1787 Cananaeus,
2984 1719 3217 1776 Zelotes.

2138 1834 2207 1887 Et
2244 1833 2527 1889 Simonem
2577 1836 2942 1891 Cananazum.
2989 1834 3095 1906 Qui
3136 1845 3191 1892 et
3232 1838 3447 1895 Zelotes
3476 1840 3669 1897 Simon

2067 1937 2275 1992 ponens
2306 1923 2390 1976 vel
2420 1923 2630 1978 habens
2660 1923 2954 1979 tristitiam.
2987 1927 3148 1982 Beati
3178 1942 3416 1999 namque
3444 1932 3541 2001 qui
3572 1930 3668 1984 lu-

2065 2015 2217 2082 gent,
2252 2014 2519 2084 quoniam
2548 2014 2661 2084 ipsi
2689 2014 3134 2070 consolabuntur
3179 2015 3399 2085 (Matth.
3435 2017 3511 2087 v).
3543 2016 3668 2073 Tri-

2067 2114 2198 2154 num
2228 2099 2433 2155 luctum
2463 2100 2652 2173 implet
2698 2102 2790 2173 qui
2820 2101 3251 2159 consolationem
3281 2106 3479 2175 quaerit
3516 2105 3669 2162 futu-

2066 2204 2205 2244 ram.
2238 2188 2413 2244 Deﬂet
2458 2190 2683 2261 propria
2729 2199 2957 2261 peccata
3001 2206 3127 2247 cum
3171 2193 3347 2249 David
3386 2202 3440 2249 et
3469 2195 3665 2253 Maria.

2068 2277 2205 2333 Cum
2236 2277 2402 2333 Paulo
2448 2278 2540 2333 ﬂet
2588 2294 2714 2335 cum
2744 2278 3018 2335 ﬂentibus.
3051 2280 3122 2335 Et
3150 2280 3242 2337 ﬂet
3270 2281 3514 2352 imultum
3542 2300 3671 2341 cum

2066 2366 2275 2423 Joanne
2306 2368 2398 2440 qui
2426 2367 2643 2425 dicebat
2677 2385 2689 2424 :
2724 2370 2795 2424 Et
2824 2385 2918 2441 ego
2964 2370 3166 2439 ﬂebam
3203 2372 3455 2427 multum
3488 2392 3507 2427 :
3536 2377 3670 2446 quia

2067 2472 2232 2513 nemo
2261 2458 2461 2528 dignus
2494 2460 2758 2514 inventus
2790 2463 2874 2514 est
2903 2461 3125 2531 aperire
3147 2461 3352 2516 librum
3372 2465 3429 2517 et
3455 2463 3672 2520 solvere

2068 2546 2361 2615 signacula
2390 2547 2710 2617 ejus(Apoc.
2745 2547 2820 2617 v).
2844 2548 3056 2603 Zelotes
3076 2556 3259 2604 autem
3278 2549 3479 2606 dicitur
3507 2567 3673 2623 quem

2068 2632 2303 2687 comedit
2333 2632 2481 2688 zelus
2510 2633 2707 2689 domus
2747 2636 2867 2706 Dei,
2902 2643 2961 2692 ut
3004 2636 3237 2694 Phinees
3272 2653 3284 2693 :
3316 2639 3389 2696 Et
3429 2643 3673 2698 cessavit

2067 2724 2350 2794 quassatio
2380 2724 2567 2793 (Num.
2605 2723 2767 2796 xxv).

2138 2836 2307 2891 Vsus.
2345 2840 2430 2892 19.
2465 2866 2532 2877 -
2563 2839 2633 2894 Et
2662 2839 2866 2894 Iudam
2888 2840 3217 2897 Scariotem.
3250 2841 3358 2910 Qui
3386 2859 3499 2898 non
3526 2844 3679 2901 delet

2065 2932 2350 2995 peccatum
2380 2942 2538 2979 suum
2581 2942 2681 2997 per
2724 2927 3119 2998 paenitentiam,
3152 2946 3255 2986 nec
3292 2930 3427 2988 illud
3454 2932 3675 2990 deletur

2064 3028 2165 3083 per
2190 3013 2534 3069 memoriam.
2560 3014 2714 3071 Unde
2741 3032 2753 3070 :
2777 3019 2849 3071 Et
2867 3022 3166 3090 peccatum
3184 3022 3390 3076 matris
3413 3024 3534 3093 ejus
3554 3039 3673 3079 non

729 3102 861 3193 iis;
908 3102 1211 3193 natos.
1244 3153 1421 3209 genus
1486 3102 1630 3208 saepe
1688 3102 2038 3208 ScripturaC
2067 3102 3467 3209 άθιῗαξυν·ηαξξοηίναροῖηίτιωηεεζηρετᾳέαι.
3491 3112 3669 3209 cmi).

2148 3190 2317 3245 Judas
2345 3192 2619 3259 conﬁtens
2648 3192 2735 3248 vel
2761 3195 3070 3265 gloriosus;
3103 3196 3356 3252 Scarioth
3391 3203 3670 3258 memoria

2079 3281 2298 3335 mortis.
2330 3279 2688 3337 Confessores
2707 3282 2863 3337 multi
2884 3292 3008 3338 sunt
3028 3284 3084 3338 in
3102 3284 3356 3341 Ecclesia
3374 3289 3598 3358 superbi
3620 3298 3678 3345 et

2079 3367 2307 3441 gloriosi
2336 3384 2571 3440 quorum
2598 3371 2807 3440 primus
2836 3372 3025 3427 Simon
3053 3374 3264 3445 Magus,
3300 3382 3354 3429 et
3382 3375 3475 3432 alii
3504 3376 3679 3433 haere-

2079 3456 2189 3525 tici,
2224 3472 2456 3528 quorum
2484 3459 2751 3515 memoria
2778 3461 3025 3517 mortalis
3053 3462 3110 3517 in
3136 3462 3390 3520 Ecclesia
3416 3465 3676 3522 celebra-

2079 3552 2169 3600 tur
2201 3562 2213 3601 :
2246 3553 2305 3600 ut
2332 3546 2599 3603 deleatur.

2151 3662 2364 3733 (Hum)
2391 3662 2562 3717 Judas
2593 3664 2845 3719 Scarioth
2873 3679 2905 3719 a
2935 3665 3057 3721 vico
3085 3666 3142 3720 in
3170 3682 3280 3738 quo
3311 3675 3484 3735 ortus,
3517 3677 3613 3724 aut
3641 3685 3679 3725 a

2080 3750 2223 3805 tribu
2274 3752 2541 3807 lssacbar.
2603 3753 2855 3809 Issachar
2910 3759 3141 3822 merces,
3191 3755 3427 3826 pretium
3466 3757 3682 3815 scilicet

2080 3839 2445 3911 perditionis:
2481 3840 2748 3909 Scarioth,
2801 3850 2928 3907 etc.,
2989 3860 3162 3916 usque
3216 3846 3289 3901 ad
3335 3862 3474 3916 quos
3514 3847 3683 3902 unius

2081 3928 2388 3998 exemplum
2418 3929 2488 3983 ad
2519 3929 2770 3985 timorem
2799 3931 3063 3999 humiliat,
3096 3941 3156 3988 ut
3203 3934 3431 4006 angelos
3459 3934 3678 3991 luciferi

2079 4031 2261 4085 casus,
2312 4025 2370 4071 ut
2415 4019 2535 4074 Non
2580 4019 2856 4090 glorietur
2900 4023 3127 4093 sapiens
3155 4024 3218 4077 in
3256 4025 3542 4095 sapientia
3570 4041 3681 4081 sua

2080 4106 2213 4176 (Jer.
2264 4105 2361 4175 ιχ),
2414 4105 2513 4162 sed
2558 4108 2654 4180 qui
2698 4108 2995 4180 gloriatur,
3031 4112 3093 4166 in
3121 4112 3355 4168 Domino
3397 4112 3679 4182 glorietur

2079 4193 2127 4264 (I
2158 4194 2279 4251 Cor.
2305 4193 2364 4264 ι).

2148 4303 2219 4357 Et
2247 4303 2502 4369 veniunt,
2536 4310 2639 4359 etc.
2672 4304 2894 4375 (ΒΕυΑ.)
2925 4303 3031 4373 Qui
3061 4304 3295 4362 aliorum
3324 4322 3517 4364 curam
3545 4323 3678 4363 sus-

2078 4398 2359 4461 ceperunt,
2393 4390 2624 4447 sollicite
2654 4393 2930 4448 custodire
2961 4393 3163 4450 debent
3191 4396 3544 4453 conscientiae
3573 4396 3677 4453 do-

2078 4494 2227 4548 num,
2261 4487 2319 4534 ut
2350 4495 2409 4535 se
2438 4480 2609 4550 prius,
2644 4481 2769 4537 inde
2791 4481 2927 4536 alios
2957 4491 3169 4555 regant.

2144 4604 2311 4659 Vnus.
2344 4607 2431 4662 20.
2465 4636 2533 4645 —
2565 4606 2776 4678 (Ηιειι.)
2819 4607 3027 4662 Domus
3069 4607 3125 4662 in
3174 4622 3282 4680 qua
3320 4608 3677 4677 conveniunt,

2074 4692 2346 4764 primitiva
2373 4694 2623 4749 Ecclesia
2655 4704 2754 4749 est.
2790 4696 2986 4752 Turbae
3008 4713 3130 4767 quae
3150 4698 3453 4768 impediunt
3473 4713 3682 4769 panem

2072 4782 2427 4852 manducare,
2458 4791 2684 4855 peccata
2713 4792 2766 4838 et
2795 4785 2926 4839 vitia
2957 4793 3100 4854 sunt,
3137 4786 3267 4857 quia
3297 4789 3393 4860 qui
3421 4787 3676 4842 mandu-

2073 4875 2165 4925 cat
2195 4887 2395 4943 corpus
2417 4873 2641 4927 Domini
2661 4872 2909 4944 indigne,
2924 4874 3212 4944 judicium
3233 4876 3338 4931 sibi
3358 4875 3676 4932 manducat

2074 4963 2129 5014 et
2158 4960 2310 5024 bibit,
2342 4976 2459 5017 non
2488 4961 2806 5032 dijudicans
2851 4978 3052 5035 corpus
3082 4964 3310 5019 Domini
3339 4965 3390 5035 (Ι
3416 4964 3536 5020 Cor.
3573 4963 3680 5036 χι).

2073 5047 2228 5102 Unde
2257 5047 2519 5103 Dominus
2551 5049 2606 5103 in
2650 5049 2894 5105 furorem
2923 5051 3154 5106 vertitur
3183 5066 3310 5107 cum
3340 5051 3470 5107 dicit
3503 5067 3515 5106 :
3552 5053 3685 5108 Nisi

2073 5137 2551 5193 manducaveritis
2600 5154 2833 5194 carnem
2875 5140 3009 5194 Filii
3051 5140 3297 5196 hominis
3341 5144 3398 5198 et
3427 5140 3688 5198 biberitis

2073 5228 2194 5296 ejus
2222 5226 2578 5298 sanguinem,
2610 5242 2725 5283 non
2756 5227 3024 5284 habebitis
3057 5230 3235 5285 vitam
3265 5228 3449 5300 (Joan.
3482 5228 3583 5302 v1).

2144 5331 2311 5386 Vnus.
2343 5334 2432 5389 21.
2467 5360 2537 5372 -
2566 5333 2636 5389 Et
2682 5350 2813 5390 cum
2860 5334 3173 5403 audissent,
3207 5342 3314 5393 etc.
3347 5335 3532 5391 Turba
3560 5334 3688 5392 fre-

2074 5427 2297 5492 quentat
2326 5436 2471 5489 eum,
2507 5421 2591 5476 sui
2639 5430 2899 5495 tanquam
2946 5422 3214 5479 furiosum
3258 5424 3587 5497 despiciunt,
3622 5424 3688 5483 in

2075 5524 2183 5581 quo
2214 5508 2362 5566 salus
2389 5510 2637 5584 gentium
2664 5519 2901 5581 notatur,
2927 5519 2982 5568 et
2999 5511 3206 5568 invidia
3240 5512 3557 5571 Judteorum
3588 5529 3684 5570 re-

2073 5598 2355 5669 probatur,
2388 5598 2458 5656 de
2488 5590 2733 5674 quibus?
2768 5602 2833 5657 In
2867 5604 3102 5675 propria
3129 5604 3306 5672 venit,
3339 5607 3396 5660 et
3424 5604 3515 5660 sui
3548 5618 3689 5662 eum

2078 5703 2195 5744 non
2223 5693 2559 5760 receperunt
2590 5690 2775 5759 (Joan.
2809 5692 2904 5757 v1).
