4000 6182
248 233 345 284 193

1211 226 1481 282 GLOSSA
1510 225 1920 282 ORDINARLA.
1950 257 2014 271 —
2052 225 2317 282 EVANG.
2351 226 2585 282 MARCI.

3439 225 3543 279 196

321 353 493 407 Vnus.
527 356 621 408 εἰ.
664 381 734 390 -
766 353 835 406 Et
867 352 1090 406 Scribce.
1145 349 1368 420 (Βιζω.)
1399 351 1456 405 Si
1487 351 1578 422 qui
1611 351 1849 405 tarditate
1879 353 1934 413 Α
1955 354 2511 424 matremplusquam
2531 367 2620 406 me
2639 367 2756 406 non
2793 355 2880 406 est
2906 366 2996 406 me
3016 350 3218 421 dignus
3238 350 3434 405 Matth.
3458 350 3542 419 χ).

252 441 450 496 mentis
479 454 590 495 non
631 439 939 510 intelligunt
983 439 1204 494 verbum
1233 439 1353 505 Dei,
1411 447 1651 494 remanet
1676 447 1852 495 tamen

253 546 382 602 spes
412 528 640 594 salutis;
677 529 724 583 si
756 528 890 583 forte
947 527 1265 598 intelligant,
1299 528 1462 584 nulla.
1513 527 1618 595 Qui
1666 537 1852 584 autem

252 618 562 689 intelligere
592 617 781 673 nolunt
803 624 852 672 et
874 617 1141 671 invertunt
1163 617 1307 688 quod
1331 617 1658 687 intelligunt,
1710 617 1854 671 nulla

255 722 384 778 spes
436 715 539 762 est.
595 705 770 773 Unde,
819 705 1040 770 Scriba,
1073 704 1128 759 id
1160 713 1240 760 est
1283 707 1576 776 sapientes,
1621 714 1724 760 etc.
1779 706 1856 760 Ab

253 796 677 867 Hierosolymis.
721 793 879 862 Quod
925 792 1194 865 signiﬁcat
1234 810 1355 850 eum
1404 811 1433 848 a
1481 794 1689 849 civibus
1745 793 1857 848 suis

257 901 385 940 esse
408 884 854 956 persequendum
885 899 1058 955 usque
1084 883 1154 937 ad
1184 892 1431 938 mortem.
1483 883 1738 954 Legimus
1769 899 1859 937 su-

253 990 354 1046 pra
385 975 512 1046 quia
547 980 731 1029 secuta
763 980 845 1028 est
873 989 994 1028 eum
1024 972 1175 1027 turba
1203 989 1233 1026 a
1272 972 1500 1027 Galilrea
1529 980 1583 1027 et
1634 974 1859 1028 ieroso-

256 1062 420 1134 lymis
479 1072 532 1118 et
554 1070 701 1116 trans
731 1062 1020 1117 Jordanem
1053 1069 1104 1116 et
1130 1062 1272 1116 circa
1294 1062 1493 1132 Tyrum
1517 1069 1570 1118 et
1592 1061 1849 1117 Sidonem

256 1169 382 1223 qua:
407 1160 538 1206 sunt
579 1151 826 1206 civitates
872 1149 1154 1223 gentilium
1189 1169 1202 1204 :
1237 1157 1291 1205 et
1315 1151 1517 1206 Scriba:
1539 1152 1605 1205 ab
1635 1151 1859 1206 Jeroso-

257 1240 420 1311 lymis
453 1240 905 1310 blasphemabant
939 1257 952 1293 :
989 1239 1112 1310 quia
1141 1240 1297 1293 turba
1325 1239 1510 1310 populi
1555 1239 1861 1294 Judseorum

257 1329 408 1384 illum
440 1344 567 1385 cum
596 1328 789 1399 palmis
822 1336 875 1382 et
905 1327 1159 1381 laudibus
1192 1327 1480 1398 perduxit;
1512 1327 1741 1399 gentiles
1761 1328 1863 1382 de-

258 1417 610 1482 siderabant;
649 1417 846 1472 scribta
873 1425 928 1470 et
956 1415 1199 1472 seniores
1230 1415 1418 1486 populi
1447 1416 1515 1470 de
1557 1433 1690 1472 nece
1746 1416 1862 1484 ejus

259 1505 588 1563 tractabant.
622 1505 922 1560 Beelzebub
950 1505 1133 1560 habet.
1166 1503 1260 1559 Vir
1288 1521 1588 1560 muscarum
1634 1505 1750 1560 sive
1781 1505 1866 1558 ha-

266 1595 405 1650 bens
436 1609 662 1650 muscas
694 1611 707 1648 :
741 1608 850 1666 quo
899 1593 1118 1648 nomine
1157 1592 1458 1664 principem
1479 1592 1866 1649 daemoniorum

2019 449 2134 504 Nec
2165 448 2361 504 fratres
2413 449 2673 518 injuriose
2718 447 3036 513 contemnit,
3086 447 3184 502 sed
3212 461 3350 518 opus
3381 447 3544 517 spiri-

1955 537 2097 593 tuale
2126 536 2354 609 praeﬁcit
2382 537 2714 609 cognationi,
2750 537 2957 592 docens
2994 534 3275 591 meliorem
3305 550 3428 592 esse
3455 549 3547 591 co-

1957 627 2143 696 pulam
2173 627 2419 683 cordium
2448 642 2608 697 quam
2640 641 2948 696 corporum.

2030 742 2562 798 Vaus.3t.—Ecce
2617 745 2806 796 mater
2861 756 3006 805 mea,
3069 749 3172 795 etc.
3231 739 3445 809 (HIER.)
3482 739 3550 794 Ut

1958 830 2197 886 sciamus
2224 846 2324 884 nos
2354 845 2476 886 esse
2509 837 2562 885 et
2586 829 2785 884 fratres
2813 829 2931 898 ejus
2957 836 3012 883 et
3039 835 3269 883 matrem
3291 828 3338 882 si
3358 827 3548 882 volun-

1959 926 2120 974 tatem
2179 919 2352 972 Patris
2409 919 2526 986 ejus
2575 918 2882 985 fecerimus,
2933 924 2989 972 ut
3015 916 3335 972 cohaeredes
3357 915 3548 985 simus,

1959 1007 2082 1079 quia
2111 1021 2220 1062 non
2264 1008 2323 1061 in
2369 1007 2608 1074 sexibus,
2641 1006 2740 1062 sed
2787 1007 2843 1060 in
2874 1005 3030 1060 factis
3077 1005 3328 1060 dicernit.
3378 1005 3549 1060 Soror

1959 1105 2014 1152 et
2067 1095 2235 1151 frater
2281 1095 2556 1151 credendo
2581 1137 2594 1159 ,
2629 1103 2802 1150 mater
2844 1093 3212 1165 praedicando,
3273 1094 3403 1148 dum
3449 1107 3550 1163 per

1965 1185 2404 1256 praedicationem
2435 1199 2588 1239 amor
2635 1183 2836 1238 Christi
2867 1183 3019 1255 quasi
3048 1184 3164 1254 ipse
3213 1182 3464 1238 Christus
3494 1182 3549 1235 in

1963 1273 2132 1330 corde
2161 1273 2421 1329 auditoris
2451 1280 2760 1345 generatur.

2530 1435 2757 1496 CAPUT
2795 1437 2884 1493 IV.

2038 1589 2205 1644 Vsus.
2271 1593 2322 1642 1.
2375 1619 2442 1629 -
2475 1591 2542 1643 Et
2589 1589 2802 1644 iterum
2858 1591 3022 1661 ccepit
3081 1589 3298 1646 docere.
3331 1589 3554 1662 (ΒευΑ.)

267 1683 744 1758 cognominabant
767 1690 987 1754 propter
1014 1681 1203 1738 sordes
1237 1682 1554 1737 immolatitii
1587 1683 1808 1738 cruoris.
1883 1711 1936 1770 Β
1965 1677 2166 1732 Exiens
2195 1677 2265 1732 de
2294 1677 2456 1733 domo
2489 1677 2580 1732 ubi
2609 1677 2937 1733 daemonium
2968 1677 3169 1734 habere
3199 1678 3416 1748 dicitur,
3450 1679 3554 1734 do-

332 1801 511 1855 Vaas.
532 1803 623 1856 23.
649 1829 719 1840 —
741 1798 1016 1866 Quomodo
1033 1803 1216 1870 potest
1235 1799 1497 1864 Satanas,
1518 1805 1621 1853 etc.
1645 1798 1865 1869 (BBDA.)

261 1890 488 1961 Eligant
516 1888 666 1960 quod
695 1887 901 1944 volunt.
937 1887 994 1942 Si
1023 1887 1248 1942 Satanas
1278 1887 1529 1942 Satanam
1561 1902 1668 1942 non
1690 1894 1868 1957 potest

262 1975 482 2043 ejicere,
518 1972 655 2027 nihil
683 1981 867 2028 contra
896 1971 1185 2026 Dominum
1212 1971 1414 2026 dicunt.
1465 1971 1523 2026 Si
1556 1979 1738 2025 autem
1769 1986 1866 2042 po-

261 2071 383 2128 test,
420 2061 688 2118 recedant
713 2077 746 2115 a
775 2073 945 2133 regno
976 2060 1111 2128 ejus,
1144 2059 1287 2131 quod
1325 2059 1560 2115 divisum
1589 2068 1727 2114 stare
1759 2076 1868 2116 non

263 2159 464 2222 potest.

345 2269 526 2322 Vsus.
552 2268 644 2324 2‘7.
682 2296 752 2306 —
788 2266 858 2320 Et
900 2270 1035 2321 tunc
1075 2264 1301 2320 domum
1317 2266 1440 2335 ejus
1477 2263 1708 2334 diripiet
1737 2262 1867 2332 ([0,)

265 2357 506 2411 Domum
537 2354 777 2424 diripuit,
811 2354 938 2425 quia
965 2368 1155 2408 omnes
1185 2351 1369 2406 mundi
1394 2360 1577 2422 partes
1600 2367 1632 2404 a
1651 2349 1869 2404 diabolo

266 2460 580 2516 possessas,
613 2442 874 2514 apostolis
929 2450 982 2496 et
1029 2458 1213 2497 eorum
1269 2439 1681 2496 successoribus
1713 2437 1870 2509 quasi

263 2534 470 2588 divisas
499 2533 834 2604 provincias,
860 2540 916 2586 ut
937 2531 1166 2602 populos
1190 2530 1257 2585 ad
1282 2529 1444 2585 tidem
1466 2535 1862 2593 converterent,

269 2621 566 2678 distribuit.

337 2737 519 2792 Vnus.
556 2738 648 2792 29.
682 2764 751 2775 —
779 2735 884 2802 Qui
911 2738 1104 2790 autem
1133 2733 1624 2806 blasphe-maverit.
1658 2729 1870 2803 (HIER.)

270 2825 406 2894 Quia
442 2840 556 2880 non
587 2831 824 2879 meretur
856 2823 1226 2894 pcenitentiam
1257 2838 1419 2892 agere
1461 2829 1520 2875 ut
1555 2820 1866 2892 recipiatur,

268 2915 353 2986 qui
376 2915 658 2968 Christum
679 2911 991 2984 intelligens
1011 2911 1312 2982 principem
1332 2910 1723 2965 daemoniorum
1748 2925 1873 2965 esse

273 3004 514 3070 dicebat,
529 3010 632 3057 etc.
646 3043 660 3069 ,
682 3017 856 3073 usque
875 3000 947 3055 ad
963 3019 982 3055 :
1005 2999 1110 3066 Qui
1125 3000 1279 3054 enim
1299 3000 1500 3069 fecerit
1522 3003 1577 3053 et
1597 2999 1868 3064 docuerit,

274 3092 359 3149 hic
390 3107 641 3163 magnus
662 3071 950 3146 vocabitur
969 3090 1031 3142 in
1052 3105 1219 3159 regno
1249 3090 1517 3144 cazlorum
1548 3087 1766 3156 (Matth.
1794 3088 1868 3157 v).
1896 3071 1946 3134 Ο

341 3206 544 3276 (Βεω.
572 3206 591 3276 )
624 3205 910 3258 Matthaeus
961 3203 1092 3258 dicit
1119 3203 1137 3270 (
1169 3204 1366 3258 Matth.
1410 3202 1514 3271 xu)
1550 3221 1562 3256 :
1600 3203 1704 3268 Qui
1732 3203 1876 3258 blas-

269 3295 628 3367 phemaverit
661 3295 724 3348 in
755 3294 1033 3364 Spiritum
1063 3296 1330 3348 sanctum
1365 3294 1448 3346 vel
1480 3292 1725 3356 verbum,
1760 3298 1866 3346 etc.

274 3384 371 3440 Ubi
402 3383 649 3440 ostendit
695 3381 945 3453 quaedam
997 3380 1230 3436 revelari
1263 3381 1319 3434 in
1368 3379 1568 3434 futuro.
1622 3379 1778 3447 Quod
1808 3379 1878 3434 de

275 3473 518 3528 minimis
566 3470 978 3542 intelligendum
1034 3477 1135 3534 est,
1168 3477 1224 3524 ut
1254 3469 1322 3524 de
1372 3485 1626 3524 sermone
1681 3468 1873 3534 otioso,

277 3563 340 3616 de
365 3562 484 3617 risu
525 3560 698 3616 nimio
728 3578 743 3626 ;
777 3574 1008 3630 quorum
1043 3558 1205 3614 etiam
1235 3559 1353 3614 haec
1381 3558 1494 3613 vita.
1515 3557 1730 3614 veniam
1760 3573 1878 3628 pro—

277 3651 492 3707 meruit.

341 3742 406 3794 In
437 3743 746 3796 internum.
782 3737 898 3793 Hoc
917 3744 1107 3794 contra
1139 3736 1455 3809 Origenem,
1507 3736 1598 3807 qui
1629 3735 1879 3792 omnibus

277 3828 666 3900 peccatoribus
695 3826 910 3882 veniam
957 3825 1224 3897 promittit
1260 3833 1382 3896 post
1424 3825 1686 3895 judicium
1712 3833 1882 3880 trans-

286 3918 420 3974 actis
455 3915 762 3972 innumeris
793 3915 1026 3970 saeculis.

371 4035 519 4089 Reus
611 4034 720 4087 erit
778 4033 980 4086 (sterni
1041 4029 1254 4086 delicti.
1327 4029 1548 4100 (BEDA.)
1605 4029 1725 4084 Non
1756 4030 1879 4101 quia

281 4122 534 4192 spiritum
618 4135 728 4174 non
783 4135 908 4174 esse
967 4137 979 4172 :
1038 4118 1125 4174 vel
1182 4118 1311 4191 quia
1393 4134 1536 4183 esse,
1618 4118 1716 4174 sed
1773 4133 1881 4173 non

281 4210 452 4265 Deum
485 4224 615 4265 esse
661 4226 674 4262 :
709 4207 808 4262 sed
839 4208 1109 4263 minorem
1138 4208 1299 4263 Patre
1328 4213 1381 4262 et
1407 4207 1541 4262 Filio
1576 4224 1589 4260 :
1625 4207 1752 4278 quia
1781 4207 1883 4262 hoc

283 4314 388 4354 non
418 4298 630 4354 invidia
657 4296 949 4361 diabolica,
987 4296 1084 4352 sed
1132 4297 1366 4350 humana
1419 4295 1744 4367 ignorantia,
1776 4303 1878 4351 etc.

315 4416 528 4470 ‘Vzas.
565 4417 654 4468 31.
707 4443 776 4453 -
827 4413 1074 4468 Fratres.
1128 4412 1340 4482 (Ηιιιιι.)
1390 4411 1514 4466 Non
1560 4409 1652 4464 filii
1703 4411 1961 4496 MariaaD

281 4519 501 4575 semper
531 4501 790 4573 Virginis,
825 4509 884 4556 ut
912 4501 1175 4556 mentitur
1205 4499 1484 4555 Helvidius
1515 4517 1528 4553 :
1561 4499 1648 4554 vel
1676 4498 1879 4570 Joseph

283 4608 346 4648 ex
377 4592 485 4647 alia
515 4606 708 4658 uxore,
741 4589 878 4645 sicut
904 4589 996 4645 alii
1025 4585 1421 4660 garriunt,'sed
1465 4587 1697 4658 cognati.

353 4706 584 4778 (ΒιωΑ.)
629 4707 798 4762 Mater
848 4715 902 4762 et
946 4705 1161 4770 fratres,
1212 4704 1440 4776 populus
1481 4704 1787 4759 Judmorum
1815 4719 1882 4759 ex

286 4797 484 4870 quibus
535 4795 786 4852 Christus
837 4794 1140 4850 secundum
1197 4809 1437 4862 carnem,
1467 4792 1600 4847 foris
1656 4799 1799 4846 stant
1827 4792 1882 4846 in

284 4886 508 4942 litterali
553 4901 740 4941 sensu.
796 4884 976 4940 Turba
1023 4883 1079 4936 in
1112 4883 1294 4947 domo,
1327 4889 1520 4954 gentes
1539 4881 1595 4936 in
1623 4880 1885 4952 spirituali

283 4974 565 5045 mysterio.
601 4972 759 5029 Foris
788 4971 981 5029 volunt
1004 4971 1177 5026 Judaei
1204 4971 1389 5028 videre
1413 4970 1704 5037 Christum,
1729 4970 1852 5042 quia
1868 5014 1882 5036 ,

286 5061 628 5134 spiritualem
658 5060 1074 5134 intelligentiam
1103 5075 1212 5115 non
1240 5069 1568 5131 quaerentes,
1600 5059 1778 5131 potius
1808 5058 1881 5114 ad

287 5151 529 5207 carnalia
557 5150 806 5207 docenda
835 5165 961 5205 eum
990 5149 1141 5205 exire
1169 5155 1375 5220 cogunt
1432 5148 1517 5205 vel
1547 5156 1814 5221 quaerunt.

356 5267 535 5322 Vsus.
565 5270 658 5324 23.
689 5295 761 5306 —
791 5266 924 5332 Qua:
963 5268 1050 5320 est
1103 5268 1309 5320 mater.
1369 5263 1498 5335 (Ιῠ.)
1537 5263 1660 5319 Νοιι
1690 5261 1888 5318 refutat

288 5353 521 5428 obsequi
551 5355 712 5410 matri
741 5353 834 5426 qui
861 5352 993 5409 dicit
1025 5370 1040 5408 :
1073 5355 1296 5409 Honora
1324 5356 1547 5424 patrem
1567 5356 1624 5408 et
1643 5355 1888 5408 matrem

290 5444 490 5514 (Exod.
525 5443 632 5514 xx)
665 5461 680 5497 :
715 5442 815 5498 sed
840 5441 1079 5497 ostendit
1124 5457 1184 5496 se
1232 5441 1356 5511 plus
1405 5440 1608 5496 debere
1646 5439 1888 5510 paternis

290 5530 587 5604 mysteriis,
620 5546 784 5604 quam
813 5530 1076 5586 maternis
1104 5528 1410 5595 affectibus,
1457 5528 1600 5584 idem
1639 5527 1888 5599 exemplo

293 5621 639 5694 monstravit,
670 5618 822 5696 quod
849 5619 1022 5682 verbo
1043 5618 1121 5680 ait
1151 5636 1167 5678 :
1202 5619 1310 5688 Qui
1335 5621 1495 5679 amat
1516 5621 1746 5691 patrem
1786 5621 1891 5677 aut

1966 1774 2052 1821 cet
2083 1767 2154 1821 ad
2201 1782 2371 1833 mare,
2399 1773 2458 1821 ut
2505 1767 2820 1822 ostenderet
2849 1783 2907 1822 se
2949 1767 3019 1822 ob
3046 1765 3292 1838 perfidiae
3341 1767 3556 1838 culpam

1965 1855 2205 1910 Judaaam
2236 1855 2551 1911 relicturum
2581 1863 2633 1911 et
2665 1855 2732 1910 ad
2763 1863 2958 1928 gentes
2987 1857 3352 1913 transiturum.
3402 1859 3556 1914 Unde

1968 1951 2090 2016 apte
2120 1945 2481 2016 praemittitur,
2535 1945 2658 2016 quia
2688 1945 3018 2016 praedicante
3047 1961 3114 2002 eo
3135 1946 3188 2001 in
3221 1947 3402 2014 domo,
3435 1963 3557 2002 ma-

1969 2041 2052 2088 ter
2081 2041 2133 2088 et
2163 2033 2363 2089 fratres
2395 2033 2529 2088 foris
2559 2041 2846 2089 steterunt.

2041 2122 2252 2192 (Ηιιειι.)
2285 2123 2460 2194 Coepit
2516 2122 2714 2178 docere
2771 2123 2839 2179 ad
2868 2139 3038 2193 mare,
3071 2131 3128 2180 ut
3164 2123 3317 2181 locus
3350 2124 3557 2182 indicet

1970 2210 2248 2266 auditores
2277 2226 2498 2266 amaros
2526 2219 2578 2267 et
2607 2212 2907 2268 instabiles.
2949 2213 3019 2267 Et
3047 2213 3191 2279 ideo,
3225 2221 3354 2280 etc.,
3386 2230 3558 2288 usque

1969 2300 2041 2355 ad
2069 2299 2159 2370 qui
2189 2315 2375 2354 amara
2404 2298 2695 2368 dulciﬁcat,
2720 2301 2895 2357 tristia
2915 2303 3178 2360 convertit
3200 2303 3254 2357 in
3275 2303 3555 2375 gaudium,

1969 2387 2347 2460 aegritudinem
2376 2387 2431 2441 in
2459 2389 2706 2444 salutem.

2041 2477 2237 2531 Navim
2285 2477 2614 2542 ascendens,
2665 2484 2772 2532 etc.
2825 2479 3049 2550 (BEDA.)
3079 2479 3404 2547 Ecclesium,
3438 2496 3562 2553 qua

1971 2571 2053 2619 est
2083 2565 2134 2618 in
2183 2565 2323 2619 mari
2381 2565 2524 2620 inter
2580 2565 2847 2631 inﬁdeles,
2880 2582 3040 2637 quam
3070 2568 3216 2623 Deus
3246 2569 3418 2640 gratia
3448 2586 3561 2626 sua:

1973 2653 2295 2708 visitationis
2368 2653 2599 2709 illustrat
2655 2663 2709 2710 et
2765 2655 3013 2711 dilectam
3058 2656 3162 2711 sibi
3219 2658 3561 2714 mansionem

1971 2750 2273 2798 consecrat.
2328 2813 2335 2828 ι

2045 2833 2113 2886 Et
2143 2833 2327 2888 omnis
2360 2833 2525 2888 turba
2565 2833 2720 2889 circa
2761 2850 2938 2890 mare.
2973 2835 3186 2906 (Ηιιειι.)
3217 2836 3283 2890 Hi
3315 2844 3440 2890 sunt
3468 2836 3562 2908 qui

1973 2936 2146 2991 nuper
2174 2921 2243 2976 ad
2273 2920 2600 2976 audiendum
2631 2922 2859 2977 verbum
2891 2931 3174 2993 venerunt,
3209 2931 3262 2979 et
3289 2924 3416 2980 inde
3435 2924 3558 2996 pie-

1977 3017 2081 3064 tate
2111 3009 2295 3076 animi,
2330 3010 2399 3064 ab
2446 3010 2809 3067 amaritudine
2858 3012 3215 3084 reproborum
3248 3020 3499 3085 tanquam
3529 3029 3560 3069 a

1976 3099 2114 3153 mari
2137 3099 2306 3153 secuti
2337 3107 2463 3153 sunt
2496 3118 2509 3153 :
2542 3100 2637 3154 sed
2668 3101 2906 3156 nondum
2937 3117 3062 3157 cum
3095 3103 3327 3158 Domino
3357 3103 3411 3157 in
3440 3103 3564 3160 navi

1978 3194 2120 3254 sunt,
2155 3188 2280 3259 quia
2309 3187 2546 3243 nondum
2594 3189 2907 3244 coelestibus
2952 3191 3229 3261 mysteriis
3258 3190 3347 3247 vel
3377 3207 3563 3248 sacra-

1976 3277 2172 3330 mentis
2203 3293 2324 3348 quae
2353 3277 2665 3332 desiderant
2697 3279 2885 3333 imbuti
2925 3287 3066 3334 sunt.

2051 3365 2219 3420 VERS.
2254 3371 2307 3423 2.
2340 3397 2410 3406 —
2440 3369 2506 3421 In
2532 3368 2814 3439 parabolis
2843 3370 3048 3424 multa.
3093 3369 3358 3425 Parabola
3380 3377 3462 3426 est
3482 3386 3567 3425 re-

1977 3471 2093 3508 rum
2124 3463 2313 3510 natura
2340 3455 2765 3526 discrepantium
2797 3457 2901 3510 sibi
2933 3457 3035 3512 sub
3082 3457 3262 3530 aliqua
3321 3458 3567 3515 similitu-

1979 3542 2106 3598 dine
2126 3542 2264 3598 facta
2284 3545 2635 3614 comparatio.
2660 3547 2810 3599 More
2831 3561 2944 3600 suae
2981 3546 3285 3616 prudentiae
3305 3547 3560 3620 loquitur,

1977 3640 2035 3686 ut
2072 3632 2161 3704 qui
2193 3632 2432 3688 coelestia
2465 3649 2656 3703 sapere
2684 3649 2791 3688 non
2822 3642 3093 3704 poterant,
3128 3652 3229 3706 per
3259 3637 3568 3692 similitudi-

1980 3735 2103 3774 nem
2135 3728 2406 3775 terrenam
2439 3721 2672 3775 auditam
2702 3723 2990 3793 percipere
3020 3724 3338 3793 potuissent.
3374 3725 3568 3782 Graece

1981 3808 2275 3863 similitudo
2331 3808 2527 3864 dicitur
2585 3810 2803 3881 quando
2861 3811 3006 3882 quod
3038 3811 3266 3884 intelligi
3297 3813 3565 3884 volumus,

1977 3913 2074 3968 per
2129 3896 2337 3968 aliquas
2395 3897 2830 3968 comparationes
2885 3899 3212 3966 indicamus,
3249 3909 3308 3955 ut
3337 3901 3564 3973 ferrum,

1980 3985 2215 4057 aliquem
2272 3986 2484 4053 durum,
2517 3986 2782 4052 velocem,
2845 3989 3022 4044 ventis
3080 4005 3460 4061 comparamus
3518 3999 3573 4048 et

1980 4075 2188 4130 avibus.
2225 4075 2373 4129 Idem
2402 4073 2461 4128 ﬁt
2495 4075 2549 4129 in
2579 4075 2883 4132 tricessimo
2902 4077 3248 4150 sexagesimo
3275 4087 3329 4135 et
3384 4087 3574 4137 cente-

1983 4163 2120 4219 simo
2185 4163 2374 4231 fructu,
2421 4162 2478 4220 id
2515 4171 2598 4218 est
2652 4164 2795 4238 lege,
2847 4167 3134 4238 prophetia
3162 4175 3216 4223 et
3270 4169 3573 4242 Evangelia

1982 4252 2125 4323 quod
2147 4252 2200 4306 in
2231 4267 2326 4307 ore
2347 4251 2502 4307 trium
2526 4254 2741 4309 testium
2770 4255 3084 4327 mysterium
3115 4257 3272 4328 regni
3291 4257 3347 4311 in
3367 4266 3571 4326 monte,

1983 4348 2281 4406 ostensum,
2315 4340 2370 4395 id
2401 4350 2501 4408 est,
2533 4342 2726 4414 Moysi,
2757 4343 2894 4398 Elia}
2923 4351 2976 4398 et
3001 4345 3149 4409 Jesu,
3180 4345 3444 4400 consistit.

2052 4455 2221 4511 Vnus.
2246 4457 2298 4511 4.
2330 4486 2400 4497 -
2427 4457 2596 4513 Aliud
2616 4457 2818 4513 cecidit
2846 4475 3006 4514 secus
3021 4459 3187 4523 viam,
3214 4465 3318 4514 etc.
3350 4459 3525 4516 Lucas
3557 4478 3574 4516 :

1982 4547 2051 4599 Et
2081 4546 2488 4602 conculcatum
2521 4551 2626 4611 est,
2660 4551 2717 4600 et
2756 4548 3006 4602 volucres
3035 4547 3162 4601 αειὶ
3216 4548 3582 4605 comederunt

1982 4634 2118 4704 (Luc
2149 4634 2290 4705 νιιι).
2333 4634 2434 4689 Via
2465 4650 2638 4701 mens,
2669 4641 2816 4688 metu
2862 4633 3157 4689 carnalium
3187 4636 3580 4708 cogitationum

1981 4722 2108 4778 trita
2140 4742 2153 4778 :
2184 4723 2327 4778 unde
2383 4738 2573 4777 semen
2629 4721 2773 4791 perit
2831 4737 2932 4778 nec
2976 4721 3210 4778 fructum
3241 4723 3418 4792 affert,
3449 4735 3504 4782 et
3530 4743 3568 4785 ι

1984 4810 2296 4867 volucribus
2325 4811 2558 4880 rapitur,
2591 4809 2646 4864 id
2700 4816 2785 4864 est
2813 4825 2847 4864 a
2895 4809 3252 4882 daemonibus,
3283 4814 3372 4886 qui
3420 4815 3575 4873 volu-

1985 4914 2110 4956 cres
2139 4899 2261 4956 coeli
2287 4899 2559 4966 dicuntur,
2594 4898 2710 4953 sive
2739 4898 2866 4970 quia
2899 4899 3140 4955 caelestis
3171 4907 3228 4958 et
3271 4903 3571 4974 spiritualis

1985 4997 2210 5055 natura},
2246 4987 2352 5054 vel,
2385 4986 2513 5058 quia
2538 4986 2596 5041 in
2623 5001 2749 5042 aere
2779 4987 3038 5043 habitant.

2058 5087 2227 5142 νειιε.
2290 5087 2377 5140 15.
2413 5114 2483 5126 -
2510 5085 2581 5140 Hi
2633 5089 2847 5153 autem,
2907 5094 3012 5142 etc.
3045 5086 3396 5146 Differentias
3423 5092 3579 5163 ponit

1988 5189 2172 5230 eorum
2203 5173 2295 5246 qui
2324 5173 2544 5229 audiunt
2573 5174 2823 5230 verbum.
2857 5174 2994 5231 Sunt
3036 5183 3216 5234 autem
3245 5179 3488 5251 quidam,
3519 5189 3581 5238 ut

1988 5263 2242 5334 gentiles,
2275 5263 2368 5334 qui
2395 5279 2499 5318 nec
2527 5263 2772 5319 audiunt.

2059 5351 2229 5407 Vsus.
2265 5355 2352 5406 19.
2384 5381 2454 5393 -
2481 5353 2738 5425 Reliquia
2765 5353 3254 5426 concupiscentiae,
3289 5363 3393 5413 etc.
3417 5355 3574 5424 Quod

1988 5447 2322 5512 praceptum
2353 5448 2455 5496 est.
2491 5440 2801 5511 Prtecipitur
2855 5441 3003 5497 enim
3036 5460 3051 5498 :
3079 5444 3447 5516 Concupisces
3473 5457 3571 5497 sa-

1987 5529 2268 5600 pientiam
2297 5548 2317 5584 :
2345 5545 2507 5585 serva
2535 5529 2810 5586 mandata
2829 5530 3014 5600 (Prov.
3037 5532 3156 5601 vn),
3181 5539 3286 5586 etc.
3308 5531 3375 5583 Et
3393 5527 3522 5582 alibi
3553 5543 3568 5579 :

1989 5618 2194 5679 Beatus
2221 5619 2310 5677 vir
2328 5619 2425 5693 qui
2437 5620 2602 5679 timet
2617 5620 2942 5689 Dominum,
2959 5620 3026 5677 in
3042 5617 3330 5679 mandati:
3347 5618 3470 5688 ejus
3487 5629 3572 5676 vo-
