4000 6182
376 285 478 338 195

974 281 1378 339 WALAFRIDI
1409 282 1654 339 STRABI
1683 282 1886 339 FULD.
1913 280 2089 338 MON.
2124 279 2277 336 OPP.
2319 279 2496 336 PARS
2525 281 2564 335 Ι.
2599 310 2668 322 -—-
2694 279 3174 339 THEOLOGICA.

3579 285 3678 337 196

380 409 456 464 let
487 409 662 463 nimis
682 408 858 478 (Psal.
881 407 987 478 ιιι).
1040 407 1137 462 Hae
1157 408 1616 479 concupiscentiae
1637 407 1796 464 bona:
1828 425 1840 461 :
1874 407 1965 480 qui
1995 407 2051 468 Α
2147 407 2324 460 Vens.
2357 409 2444 463 32.
2477 435 2546 446 -—
2585 406 2872 471 Ascendit,
2909 413 3015 461 etc.
3052 404 3188 473 Quae
3220 403 3531 474 altitudine,
3563 420 3686 460 am-

372 496 585 568 reliqua
611 495 966 566 concupiscit,
1000 495 1243 552 aberrat.

450 585 620 640 Vens.
651 589 742 642 21.
765 614 836 625 -
865 586 1142 651 Lucerna,
1177 593 1280 640 etc.
1341 587 1553 656 alien.)
1582 588 1830 644 Lucerna
1857 603 1981 643 ver-

381 673 510 727 bum
537 672 658 729 Dei.
693 673 906 729 Modius
937 680 1029 728 aut
1058 671 1252 742 lectus,
1277 675 1494 730 auditus
1516 676 1967 733 inobedientium.

383 762 786 817 Candelabrum
814 805 828 828 ,
872 760 1126 831 apostoli,
1178 777 1316 833 quos
1354 763 1680 820 illuminavit
1741 765 1971 821 verbum

381 850 500 906 Dei.
534 851 926 906 Absconditum
957 858 1011 906 et
1039 849 1332 917 occultum,
1357 853 1502 924 quod
1548 854 1732 925 palam
1761 853 1819 908 ﬁt
1848 869 1973 910 cum

380 954 414 993 a
441 940 674 995 Domino
704 947 986 996 tractatur.

455 1028 678 1100 (Bene)
719 1028 951 1096 Modius,
989 1029 1100 1085 vita
1132 1039 1325 1088 nostra
1397 1030 1584 1087 divina
1630 1031 1976 1103 praescientia

379 1125 713 1173 mensurata.
771 1118 986 1184 Lectus,
1022 1134 1170 1186 caro,
1233 1121 1287 1175 in
1346 1120 1492 1192 quia,
1529 1129 1659 1188 etc.,
1705 1138 1884 1195 usque
1911 1121 1983 1176 ad

381 1205 509 1277 quia
539 1205 590 1261 ei
620 1206 806 1262 carnis
835 1208 1306 1278 concupiscentias
1335 1209 1620 1280 praeponit.

458 1296 654 1351 Nonne
684 1299 750 1351 ut
771 1311 943 1368 super
984 1297 1390 1354 candelabrum
1427 1303 1724 1370 ponatur?
1751 1299 1883 1370 (11).)
1915 1300 1983 1356 Ut

388 1383 700 1440 dominetur
726 1384 1046 1455 praedicatio
1081 1386 1350 1452 veritatis,
1395 1387 1575 1442 subsit
1609 1387 1844 1443 servitus
1867 1403 1990 1444 cor-

383 1473 554 1543 poris,
589 1489 688 1542 per
717 1489 878 1544 quam
909 1481 1094 1528 tamen
1123 1474 1393 1531 excelsior
1439 1484 1705 1548 appareat
1733 1476 1984 1533 doctrina

383 1568 641 1633 tanquam
671 1577 772 1632 per
801 1561 1195 1618 candelabrum
1227 1561 1471 1620 lucerna.

457 1676 628 1732 Vens.
669 1680 759 1734 22.
801 1674 878 1718 -ἰ
909 1679 1030 1734 Non
1058 1683 1145 1735 est
1187 1681 1341 1736 enim
1389 1679 1630 1753 aliquid,
1665 1689 1770 1738 etc.
1815 1681 1987 1750 Quasi

2091 493 2379 565 plitudine,
2405 495 2708 549 annositate
2729 494 3067 550 transcendit
3082 493 3374 549 herbarum
3394 501 3648 549 naturam
3672 513 3686 550 :

2083 583 2206 638 Alta
2236 592 2354 652 est,
2398 583 2526 654 quia
2572 583 2643 638 ad
2689 583 2934 639 coelestia
2981 582 3254 648 sustollit;
3287 582 3504 654 ampla,
3559 582 3691 654 quia

2085 679 2256 728 totum
2284 672 2549 726 mundum
2569 672 2859 742 occupavit
2888 691 2902 738 ;
2937 687 3164 741 annosa,
3191 671 3321 743 quia
3352 687 3463 726 non
3483 672 3688 742 poterit

2081 759 2242 816 finiri.
2297 761 2567 817 Oleribus.
2618 761 2838 832 (BEDA.)
2885 759 3287 831 Pliilosophicis
3353 759 3681 832 disciplinis,

2084 865 2203 922 qua:
2231 857 2380 904 tanto
2412 849 2655 920 apertius
2703 857 3045 914 excrescunt,
3078 848 3304 905 viliores
3332 846 3470 904 ﬁunt
3502 867 3516 902 :
3550 849 3683 921 quia

2081 934 2218 990 sicut
2245 933 2399 989 olera
2425 933 2666 988 herbaru
2689 950 2742 988 in
2773 934 2882 988 cito
2899 933 3185 1010 decident.
3411 998 3427 1014 .

2153 1023 2326 1078 Vens.
2360 1023 2448 1077 34.
2482 1053 2551 1062 —
2579 1023 2712 1077 Sine
2727 1022 3016 1094 parabola.
3061 1021 3192 1093 (lo.)
3221 1021 3344 1078 Non
3373 1022 3522 1094 quod
3555 1023 3681 1078 nul-

2087 1110 2202 1166 lum
2250 1126 2558 1166 sermonem
2608 1111 2782 1165 turbis
2831 1119 3080 1182 apertum
3130 1109 3374 1179 faceret,
3404 1110 3500 1165 sed
3552 1111 3682 1183 quia

2084 1199 2266 1254 nullus
2297 1215 2480 1254 sermo
2511 1199 2626 1268 ejus
2655 1199 2930 1256 invenitur
2955 1199 3012 1254 in
3040 1213 3146 1271 quo
3175 1198 3383 1271 aliquid
3397 1199 3682 1271 parabolae

2084 1304 2194 1344 non
2224 1288 2550 1344 inveniatur.

2156 1379 2418 1434 Seorsum
2465 1381 2659 1432 autem
2702 1376 2970 1449 discipuli
2999 1377 3214 1449 (Hien.)
3244 1376 3324 1432 Illi
3355 1377 3499 1433 enim
3531 1377 3685 1450 digni

2087 1473 2242 1522 erant
2271 1466 2457 1521 audire
2487 1465 2750 1536 mysteria
2777 1466 2833 1519 in
2858 1465 3049 1520 intimo
3077 1465 3345 1537 penetrali
3376 1466 3680 1536 sapientiae,

2087 1555 2198 1626 qui,
2238 1553 2462 1610 remotis
2502 1554 2894 1626 cogitationum
2933 1554 3268 1622 tumultibus,
3303 1554 3358 1609 in
3387 1554 3683 1610 solitudine

2089 1643 2346 1698 virtutum
2376 1643 2790 1713 permanebant.
2822 1642 3094 1714 Sapientia
3126 1644 3269 1700 enim
3317 1650 3401 1699 est
3430 1643 3488 1698 in
3538 1650 3683 1698 tem-

387 1764 534 1820 dicat
567 1783 582 1820 :
614 1766 794 1822 Nolite
855 1767 1184 1824 erubescere
1241 1731 1642 1840 Evangelium’,
1676 1770 1801 1842 quia
1824 1731 1989 1826 “nihil
2011 1766 2067 1827 B
2091 1731 2347 1842 ΡοξῩ-Ῡξίί
2368 1732 2412 1842 :1
2403 1731 2658 1842 Escendf'

389 1853 660 1910 occultum
707 1855 891 1922 modo,
933 1856 1079 1927 quod
1127 1872 1236 1912 non
1284 1857 1378 1912 fiat
1424 1858 1603 1928 palam
1650 1858 1708 1912 in
1755 1859 1982 1929 judicio,

389 1943 610 2014 quando
640 1945 996 2000 illuminabit
1027 1947 1173 2002 Deus
1220 1946 1548 2003 abscondita
1589 1948 1979 2017 tenebrarum,

387 2035 442 2086 et
471 2033 864 2104 manifestabit
910 2035 1152 2090 consilia
1181 2035 1436 2092 cordium
1466 2037 1690 2107 (Matth.
1723 2037 1785 2109 x)
1819 2056 1834 2103 ;
1890 2038 1984 2093 ubi

388 2119 543 2176 vobis
573 2135 606 2175 a
636 2121 752 2178 Deo
782 2121 921 2190 laus,
943 2122 1052 2178 illis
1082 2131 1264 2178 autem
1293 2140 1458 2196 pinna
1487 2133 1712 2180 interna.

458 2235 630 2290 Vens.
665 2237 756 2292 2L.
781 2237 936 2292 —In
966 2253 1076 2310 qua
1105 2254 1394 2305 mensura,
1447 2247 1551 2294 etc.
1602 2239 1815 2310 (HIER.)
1846 2242 1980 2296 Ete-

386 2322 499 2378 nim
527 2324 827 2380 secundum
855 2341 1175 2381 mensuram
1205 2326 1329 2382 ﬁdei
1378 2327 1669 2400 unicuique
1726 2328 1984 2384 dividitur

388 2411 748 2486 intelligentia
775 2414 1186 2484 mysteriorum,
1218 2424 1271 2470 et
1291 2415 1580 2485 adjicietur
1601 2417 1760 2473 nobis
1780 2417 1981 2474 donum

389 2501 648 2570 scientiae,
681 2501 846 2558 etiam
874 2503 1198 2573 adjicientur
1217 2505 1465 2562 virtutes.

457 2619 625 2674 Vens.
657 2623 748 2677 25.
781 2649 851 2661 —
892 2621 996 2688 Qui
1055 2622 1209 2677 enim
1250 2621 1432 2683 habet,
1467 2629 1574 2678 etc.
1609 2621 1830 2678 Scilicet
1888 2623 1980 2694 qui

389 2705 553 2764 fidem
592 2709 777 2775 habet,
821 2709 1046 2764 habebit
1090 2709 1368 2776 virtutem,
1403 2717 1456 2765 et
1502 2711 1594 2782 qui
1641 2711 1806 2766 habet
1841 2725 1979 2782 opus

387 2797 558 2865 verbi,
593 2797 818 2853 habebit
872 2797 1286 2870 intelligentiam
1334 2798 1598 2868 mysterii.
1631 2800 1702 2853 Et
1734 2807 1974 2865 econtra,

387 2885 480 2957 qui
507 2900 619 2940 non
647 2885 814 2940 habet
840 2883 1025 2951 ﬁdem,
1057 2884 1241 2941 deficit
1271 2886 1468 2942 virtute
1492 2905 1507 2954 ;
1541 2895 1594 2942 et
1623 2886 1715 2959 qui
1745 2903 1856 2943 non
1882 2889 1978 2944 ha-

396 2973 489 3028 bet
519 2989 657 3045 Opus
689 2973 844 3029 verbi
889 2974 1007 3042 ejus
1029 2973 1386 3046 intelligentia
1425 2983 1576 3030 caret
1605 2995 1619 3042 ;
1663 2983 1715 3031 et
1746 2977 1840 3049 qui
1868 2992 1978 3034 non

387 3061 659 3135 intelligit,
693 3063 937 3118 auditum
966 3061 1146 3133 perdit
1184 3077 1251 3118 ac
1280 3062 1325 3116 si
1354 3078 1462 3119 non
1491 3064 1754 3122 audisset.

459 3181 632 3236 Vens.
682 3183 772 3237 26.
823 3211 892 3221 -
921 3182 1010 3236 Sic
1041 3185 1130 3236 est
1147 3197 1386 3252 regnum
1415 3182 1534 3237 Dei.
1568 3182 1780 3253 (Hien.)
1804 3181 1983 3254 Scrip-

387 3279 512 3326 tura
539 3269 722 3325 divina
751 3285 852 3340 per
880 3277 1131 3325 terrenas
1160 3268 1542 3326 similitudines
1571 3278 1840 3326 monstrat
1870 3286 1980 3327 coe-

392 3358 547 3415 lestia
587 3365 950 3425 sacramenta,
985 3357 1125 3414 sicut
1180 3373 1277 3430 per
1324 3366 1494 3414 totum
1552 3357 1982 3432 Evangeliorum

389 3463 590 3520 corpus
636 3454 866 3502 constat.
925 3449 1178 3519 Regnum
1232 3449 1333 3502 Dei
1379 3454 1463 3503 est
1513 3447 1779 3503 Ecclesiae
1835 3465 1975 3520 qua),

388 3545 516 3602 etc.,
547 3552 720 3609 usque
783 3536 902 3592 ad:
938 3536 1213 3604 Quoniam
1293 3535 1452 3592 adest
1508 3539 1727 3602 messis,
1810 3536 1866 3592 id
1897 3545 1980 3593 est

387 3625 782 3682 consummatio
815 3624 1020 3690 saeculi,
1051 3623 1109 3680 in
1151 3639 1259 3697 qua
1281 3625 1414 3694 justi
1451 3625 1771 3697 gaudebunt
1800 3625 1894 3698 qui
1924 3625 1980 3681 in

386 3713 647 3787 lacrymis
686 3714 1110 3770 seminaverunt.

457 3803 629 3859 Vens.
664 3807 754 3862 29.
795 3833 865 3844 —
898 3804 1073 3859 Mittit
1101 3803 1332 3874 falcem.
1367 3802 1548 3873 (νισι.
1583 3802 1760 3874 AN'r.)
1787 3803 1980 3859 Messis

387 3891 606 3966 quidem
653 3901 867 3964 tempus
910 3891 1413 3960 consummationis,
1448 3891 1558 3946 falx
1606 3891 1707 3947 Dei
1749 3892 1978 3948 verbum

385 3982 533 4039 omni
561 3981 746 4055 gladio
797 3980 1017 4051 ancipiti
1073 3979 1486 4051 penetrabilius.
1543 3980 1810 4036 Caeterum
1867 3980 1978 4037 falx

384 4072 491 4126 hoc
519 4070 643 4125 loco
671 4085 782 4125 non
829 4069 1068 4135 denotat,
1122 4075 1252 4133 etc.,
1302 4083 1476 4139 usque
1507 4067 1581 4122 ad
1611 4083 1802 4123 omnes
1833 4067 1978 4123 enim

386 4157 568 4214 ferunt
589 4157 942 4222 frumentum,
976 4163 1028 4211 et
1059 4154 1104 4210 si
1134 4171 1242 4210 non
1275 4172 1431 4227 aeque
1459 4155 1690 4210 multum
1727 4172 1938 4212 omnes.

456 4255 629 4312 Vens.
653 4257 741 4310 31.
763 4283 834 4295 -
866 4253 1024 4309 Sicut
1070 4267 1334 4324 granum.
1369 4252 1582 4323 (Hien.)
1641 4252 1759 4309 IIoc
1789 4269 1977 4310 semen

385 4346 582 4403 iterum
611 4349 896 4416 comparat
934 4357 1114 4415 grano
1171 4339 1399 4411 sinapis,
1433 4341 1576 4413 quod
1611 4341 1892 4398 minimum
1919 4342 1976 4398 in

383 4437 578 4492 timore
633 4440 734 4502 est,
798 4447 1055 4506 magnum
1087 4430 1144 4484 in
1201 4429 1491 4495 charitate,
1543 4447 1664 4502 quae
1685 4431 1861 4499 major
1892 4438 1974 4486 est

385 4525 637 4582 omnibus
666 4522 930 4586 oleribus,
963 4520 1091 4594 quia
1120 4521 1269 4575 Deus
1312 4519 1548 4575 charitas
1580 4527 1681 4585 est,
1716 4526 1769 4575 et
1798 4519 1974 4574 omnis

384 4630 515 4672 caro
543 4613 747 4680 fenum,
780 4620 835 4669 et
865 4611 959 4683 qui
1001 4609 1251 4665 infirmus
1307 4615 1410 4679 est,
1444 4609 1598 4664 olera
1655 4609 1969 4666 manducet.

387 4703 457 4758 Et
487 4702 614 4758 facit
643 4717 828 4757 ramos
856 4699 1248 4756 misericordia)
1277 4706 1331 4755 et
1363 4697 1782 4769 compassionis.
1809 4697 1975 4768 Cujus

389 4791 491 4847 sub
516 4790 714 4846 umbra
740 4804 1013 4860 pauperes
1046 4787 1243 4845 Christi
1273 4787 1365 4860 qui
1413 4795 1538 4844 sunt
1567 4786 1693 4843 coeli
1721 4785 1978 4844 animalia

385 4878 725 4936 delectantur
753 4876 1021 4933 habitare.

457 4969 815 5025 Seminatum
842 4967 1040 5037 fuerit.
1074 4965 1120 5019 Α
1149 4964 1365 5020 Christo
1413 4964 1528 5020 sive
1556 4965 1626 5019 ab
1673 4962 1892 5021 homine
1921 4962 1978 5018 in

387 5065 556 5124 terra,
589 5055 677 5112 vel
704 5055 761 5110 in
789 5069 946 5127 agro,
993 5052 1050 5108 id
1108 5061 1192 5109 est
1220 5053 1276 5108 in
1333 5054 1498 5110 corde
1531 5068 1651 5110 suo.
1683 5053 1785 5110 Hic
1811 5053 1977 5108 homo

387 5154 472 5202 est
529 5160 724 5200 sensus
779 5150 968 5199 noster
1025 5148 1080 5197 et
1125 5141 1357 5210 animus,
1391 5141 1484 5214 qui
1515 5141 1709 5199 fovens
1739 5157 1978 5216 granum

387 5232 793 5305 praedicationis
843 5232 1072 5288 humore
1131 5228 1260 5287 ﬁdei
1289 5229 1419 5286 facit
1450 5229 1722 5301 pullulare
1752 5230 1810 5286 in
1838 5246 1978 5304 agro

385 5321 625 5394 pectoris
655 5321 760 5376 sui.
812 5321 995 5376 Minus
1044 5323 1149 5385 est,
1181 5325 1288 5374 etc.
1350 5317 1521 5386 Quasi
1550 5318 1980 5390 contemptibilia

319 5395 326 5404 κ
383 5410 710 5483 przedicans,
745 5417 799 5464 et
845 5408 1023 5480 primo
1053 5424 1160 5464 non
1231 5407 1502 5473 creditur,
1539 5408 1665 5478 quia
1717 5407 1980 5478 praedicat

386 5501 563 5556 Deum
617 5498 894 5554 hominem
987 5505 1284 5563 mortuum,
1335 5493 1674 5561 cruciﬁxum,
1704 5497 1810 5552 hoc
1857 5496 1976 5552 elo-

389 5587 624 5661 quentiae
671 5595 725 5644 et
772 5585 1052 5659 sapientiae
1109 5583 1562 5658 philosophorum
1601 5593 1978 5658 comparatum

383 5676 565 5737 minus
591 5675 883 5740 invenitur.

2161 1821 2331 1876 Vens.
2365 1823 2453 1874 36.
2488 1850 2556 1860 —
2585 1821 2650 1875 In
2685 1821 2839 1876 navi.
2890 1821 3114 1892 (Reum)
3143 1820 3450 1892 Allegorice
3481 1837 3496 1876 :
3530 1821 3686 1877 Mare

2086 1909 2271 1966 saeculi
2297 1917 2484 1964 aestus.
2513 1908 2795 1976 Navicula,
2827 1926 2956 1965 crux
2998 1925 3106 1981 qua
3133 1910 3320 1964 mundi
3351 1909 3548 1965 ﬂuctus
3577 1926 3676 1965 as-

2083 1999 2364 2054 cendimus
2409 2005 2463 2053 et
2515 1997 2586 2052 ad
2618 1997 2745 2052 litus
2787 1997 2976 2070 patriae
3022 1998 3262 2055 caelestis
3307 1998 3682 2070 pervenimus.

2083 2087 2217 2142 Aliae
2246 2103 2435 2153 naves,
2469 2093 2598 2152 etc.,
2632 2103 2806 2160 usque
2857 2086 2929 2142 ad
2959 2094 3118 2142 erant
3147 2087 3292 2142 enim
3321 2085 3551 2142 forsitan
3577 2086 3686 2143 illa:

2082 2191 2250 2231 naves
2295 2192 2466 2248 nuper
2511 2173 2670 2231 factze
2701 2183 2755 2231 et
2781 2175 2837 2229 in
2879 2185 3095 2246 portum
3144 2183 3350 2230 tantum
3407 2175 3679 2247 deductae,

2083 2264 2170 2320 vel
2197 2274 2322 2336 post
2350 2265 2520 2321 maris
2549 2263 2792 2337 pericula
2819 2264 2888 2319 ad
2916 2272 3130 2335 portum
3161 2265 3413 2320 reductae.

2155 2354 2324 2410 Vens.
2375 2359 2462 2412 38.
2493 2385 2562 2394 —
2592 2355 2658 2409 In
2685 2354 2885 2426 puppi.
2939 2353 3150 2425 (HIER.)
3198 2354 3401 2425 Puppis
3447 2353 3684 2409 mortuis

2080 2441 2314 2513 pellibus
2345 2443 2500 2500 vivos
2529 2442 2770 2499 continet
2796 2450 2850 2498 et
2877 2442 3070 2497 ﬂuctus
3116 2449 3284 2508 arcet,
3317 2449 3371 2497 et
3399 2442 3553 2515 ligno
3586 2459 3678 2498 so-

2079 2530 2298 2598 lidatur,
2335 2540 2462 2598 etc.,
2500 2548 2672 2605 usque
2719 2531 2790 2586 ad
2861 2532 3267 2603 Tranquillitas
3298 2548 3548 2603 magna;
3576 2547 3684 2602 pax

2080 2620 2344 2677 Ecclesiae
2373 2630 2495 2690 post
2521 2636 2828 2690 pressuras,
2864 2620 2980 2676 sive
3015 2620 3256 2676 theorica
3287 2628 3408 2692 post
3437 2620 3674 2677 activam

2081 2709 2153 2764 vit
2166 2726 2272 2763 am.

2149 2799 2462 2855 Dor-miens.
2497 2800 2718 2871 (Reum)
2748 2797 3049 2868 Discipulis
3078 2797 3462 2869 navigantibus
3496 2797 3687 2853 Chris-

2079 2893 2165 2940 tus
2224 2887 2513 2956 obdormit,
2546 2888 2672 2960 quia
2730 2886 2984 2942 fidelibus
3043 2886 3204 2960 regni
3233 2886 3392 2942 futuri
3442 2887 3681 2958 quietem

2078 2975 2466 3031 meditantibus
2522 2985 2576 3032 et
2623 2976 2855 3047 Spiritus
2910 2975 3084 3031 sancti
3133 2975 3376 3031 secundo
3422 2975 3556 3030 ﬂatu
3589 2975 3680 3032 vel

2078 3064 2308 3135 remigio
2355 3065 2557 3136 proprii
2603 3072 2829 3121 conatus
2875 3065 3062 3120 mundi
3111 3064 3303 3119 fluctus
3348 3071 3471 3135 post
3525 3071 3684 3136 terga

2010 3127 2060 3192 C
2075 3127 2424 3222 jactantibus,
2456 3127 2636 3208 subito
2667 3153 2866 3208 Christi
2883 3153 3086 3224 passio,
3109 3152 3330 3208 advenit
3349 3127 3464 3224 quo
3485 3127 3683 3208 asceii-

2080 3242 2262 3308 dente,
2291 3250 2421 3309 etc.,
2454 3259 2627 3315 usque
2658 3241 2730 3297 ad
2760 3241 2857 3296 sed
2887 3242 2956 3296 ad
2985 3241 3400 3314 gubernatorem
3430 3255 3686 3297 recurra-

2079 3348 2220 3396 mus,
2251 3331 2402 3385 illum
2453 3331 2645 3386 sedulo
2693 3329 3009 3398 excitemus,
3056 3329 3149 3402 qui
3190 3345 3302 3385 non
3349 3329 3534 3394 servit,
3578 3329 3679 3384 sed

2076 3414 2307 3486 imperat
2335 3414 2529 3483 ventis,
2562 3413 2654 3486 qui
2685 3414 2868 3470 omnia
2923 3413 3154 3478 sedabit,
3219 3412 3312 3486 qui
3338 3421 3550 3484 portum
3580 3427 3680 3467 sa-

2079 3503 2205 3558 lutis
2236 3502 2557 3575 indulgebit.

2151 3600 2319 3655 Vens.
2353 3603 2440 3655 39.
2472 3630 2542 3641 —
2576 3602 2710 3656 Tace
2757 3599 3090 3656 obmutesce.
3140 3599 3280 3655 Nota
3321 3597 3465 3671 quod
3496 3597 3678 3653 omnis

2081 3695 2327 3745 creatura
2356 3689 2518 3744 sentit
2549 3687 2834 3759 imperium
2864 3687 3154 3744 Creatoris.
3177 3687 3301 3743 Non
3323 3687 3471 3759 quod
3490 3687 3681 3742 omnia

2079 3778 2340 3848 animata,
2368 3786 2424 3833 ut
2453 3778 2786 3833 mentiuntur
2813 3777 3075 3845 haeretici,
3108 3776 3208 3832 sed
3235 3777 3520 3846 majestate
3539 3791 3674 3832 con-

2079 3867 2272 3922 ditoris
2301 3884 2422 3940 quae
2445 3866 2607 3922 nobis
2637 3865 2994 3937 insensibilia,
3025 3865 3103 3920 illi
3141 3872 3267 3921 sunt
3297 3863 3600 3921 sensibilis.

2151 3956 2322 4011 Vens.
2373 3957 2460 4012 40.
2493 3986 2564 3996 -
2594 3955 2737 4023 Quid
2787 3955 2976 4010 timidi
3021 3956 3208 4011 estis?
3255 3953 3477 4025 (ΒΕΒΑ.)
3506 3952 3676 4021 Quasi

2078 4045 2268 4101 dicat:
2301 4043 2444 4113 Quid
2473 4060 2560 4100 me
2607 4052 2875 4116 praesente
2922 4043 3171 4100 timetis?
3219 4043 3318 4099 Cui
3364 4042 3542 4098 simile
3591 4049 3678 4098 est

2079 4133 2225 4204 quod
2278 4140 2403 4204 post
2434 4132 2885 4189 resurrectionem
2911 4133 3272 4204 exprobravit
3300 4129 3683 4188 incredulita-

2080 4221 2194 4273 tem
2226 4219 2483 4284 illorum,
2517 4221 2574 4273 et
2607 4217 2887 4273 duritiam
2915 4217 3121 4283 cordis,
3147 4217 3281 4288 quia
3313 4216 3373 4271 hi
3401 4216 3500 4287 qui
3529 4213 3672 4270 vide-

2075 4309 2218 4362 runt
2238 4322 2370 4362 eum
2395 4321 2707 4376 resurgere,
2731 4322 2847 4361 non
2877 4305 3264 4361 crediderunt.
3299 4304 3492 4374 (Marc.
3525 4304 3670 4371 xvr).

2075 4393 2146 4448 Et
2175 4393 2306 4449 item
2336 4410 2350 4448 :
2385 4395 2425 4449 0
2455 4395 2623 4449 stulti
2651 4396 2708 4449 et
2739 4393 2891 4449 tardi
2937 4393 3098 4449 corde
3127 4393 3199 4448 ad
3226 4391 3570 4448 credendum
3600 4393 3664 4447 in

2007 4490 2064 4552 D
2093 4483 2350 4539 omnibus
2379 4499 2502 4555 qua:
2532 4483 2707 4538 locuti
2735 4485 2873 4538 sunt
2924 4481 3243 4554 praphetae!
3275 4481 3471 4538 Nonne
3519 4494 3676 4553 opor-

2083 4573 2197 4628 tuit
2221 4573 2348 4644 pati
2380 4571 2668 4628 Christum
2681 4574 2753 4626 .et
2784 4573 2864 4628 sic
2895 4571 3119 4628 intrare
3150 4572 3214 4626 in
3240 4570 3483 4642 gloriam
3509 4585 3675 4625 suam

2078 4662 2235 4732 (Luc.
2267 4660 2433 4731 xxiv)
2453 4660 2482 4714 ‘i

2149 4751 2219 4805 Et
2240 4751 2579 4806 timuerunt.
2603 4748 2886 4804 Matthaeus
2919 4764 2932 4802 :
2966 4751 3140 4806 Porro
3173 4749 3429 4805 homines
3470 4747 3673 4805 mirati

2077 4841 2233 4903 sunt,
2258 4838 2509 4894 dicentes
2542 4857 2560 4893 :
2593 4837 2789 4905 Qualis
2826 4841 2931 4906 est,
2955 4843 3058 4892 etc.
3083 4837 3306 4906 (Matth.
3333 4837 3478 4907 vm).
3548 4837 3671 4891 Non

2078 4941 2210 4999 ergo
2239 4926 2510 4997 discipuli,
2546 4925 2645 4981 sed
2663 4924 2753 4980 alii
2785 4925 2876 4997 qui
2905 4925 2961 4980 in
2989 4924 3114 4980 navi
3137 4933 3290 4982 erant
3317 4923 3693 4992 mirabantur,'

2079 5014 2149 5070 de
2179 5031 2246 5071 eo
2267 5013 2597 5082 dubitantes,
2628 5013 2716 5070 cui
2734 5028 2884 5069 mare
2913 5021 2969 5071 et
2996 5021 3190 5070 ventus
3234 5013 3542 5070 obedirent.
3575 5012 3674 5068 Vel

2078 5103 2240 5159 etiam
2278 5102 2386 5174 ipsi
2432 5102 2685 5175 discipuli
2734 5109 2885 5158 recte
2913 5102 3165 5158 homines
3195 5101 3344 5172 dicti,
3379 5102 3511 5173 quia
3539 5117 3674 5157 nec-

2077 5191 2206 5249 dum
2235 5199 2500 5247 noverant
2524 5191 2823 5262 potentiam
2855 5191 3170 5249 Salvatoris.

2702 5341 2927 5398 CAPUT
2958 5341 3024 5396 V.

2143 5495 2315 5551 Vens.
2349 5498 2400 5550 1.
2434 5525 2502 5536 -
2556 5496 2626 5550 Et
2680 5497 2978 5560 venerunt,
3034 5500 3140 5550 etc.
3180 5491 3403 5565 (Βεω.)
3462 5491 3672 5550 Gerasa

2075 5583 2206 5640 urbs
2234 5583 2466 5658 insignis
2493 5581 2723 5650 Arabiae,
2756 5590 2908 5638 trans
2951 5581 3262 5650 Iordanem,
3284 5581 3475 5652 juncta
3501 5581 3674 5638 monti

2077 5671 2286 5732 Galaad
2304 5673 2362 5734 in
2381 5672 2522 5734 tribu
2541 5671 2812 5742 Manasse,
2832 5685 2945 5730 non
2963 5669 3129 5745 longe
3147 5686 3181 5728 a
3208 5678 3405 5746 stagno
3419 5670 3673 5732 Tiberia-
