4000 6182
260 250 362 302 197

1188 246 1460 303 GLOSSA
1489 246 1899 304 ORDINARIA.
1936 278 2005 288 —
2032 249 2303 306 EVANG.
2344 250 2580 308 MARCI.

3463 255 3564 308 198

249 371 353 436 dis,
387 371 446 425 in
477 387 589 442 quo
625 371 782 442 porci
825 371 1150 441 praecipitati
1193 379 1338 438 sunt,
1391 371 1680 444 significat,
1733 379 1862 438 etc.,
1895 372 2169 445 Adicunt,
2203 375 2327 448 quia
2368 392 2491 431 eam
2537 374 2768 446 implere
2798 390 2910 431 non
2952 384 3197 447 possunt,
3236 377 3566 434 admirantes

249 475 425 532 usque
456 459 532 515 ad
561 467 614 514 et
645 458 739 531 qui
770 467 889 514 erat
917 459 1100 532 longe,
1133 459 1312 516 factus
1334 467 1436 526 est,
1471 477 1642 532 prope
1671 460 1727 515 in
1749 477 1869 515 san-

248 547 417 621 guine
449 546 681 603 Christi.

321 636 502 693 Vens.
533 639 588 693 2.
610 667 681 677 —
700 637 871 693 Homo
891 637 955 694 in
974 637 1202 710 spiritu.
1225 637 1410 707 (1311).)
1433 638 1607 693 Homo
1628 637 1729 693 iste
1749 637 1869 693 des-

247 724 636 796 paratissimus
667 733 751 780 est
796 724 1032 796 populus
1080 725 1327 797 gentium
1374 742 1536 796 quem
1585 735 1868 782 enumerat

250 813 575 884 Apostolus.
594 813 808 880 Elatus,
845 811 1139 885 superbus,
1174 813 1507 882 immundus,
1557 814 1862 886 sanguina-

250 902 386 968 rius,
419 900 737 969 idololatra,
769 900 1191 973 ignominiosus,
1227 910 1356 969 etc.,
1389 919 1562 976 usque
1575 904 1647 958 ad
1675 902 1869 974 ﬂagel-

249 990 362 1047 lato
393 990 545 1046 enim
573 989 738 1046 stulto
767 990 989 1063 sapiens
1017 991 1318 1062 sapientior
1347 989 1406 1046 ﬁt
1424 991 1513 1047 vel
1526 991 1864 1064 prudentior.

319 1106 498 1162 Vnus.
533 1110 589 1162 3.
613 1135 682 1146 —
701 1107 772 1162 Et
800 1122 981 1180 neque
1011 1109 1249 1172 catenis,
1273 1114 1379 1162 etc.
1403 1105 1626 1178 (BEDA.)
1647 1106 1868 1162 Catenis

253 1205 303 1251 et
333 1194 700 1266 compedibus
728 1210 950 1267 graves,
983 1202 1038 1251 et
1063 1195 1185 1251 dum
1204 1194 1362 1268 leges
1381 1195 1625 1268 gentium
1647 1195 1870 1266 signan-

253 1294 360 1350 tur,
396 1284 604 1356 quibus
635 1292 864 1356 peccata
892 1284 947 1338 in
976 1299 1038 1339 re
1067 1299 1261 1340 eorum
1288 1283 1510 1356 publica
1545 1283 1873 1340 cohibeban-

252 1381 358 1429 tur.
393 1372 596 1444 Ruptis
625 1373 833 1430 catenis
863 1373 944 1444 (ut
972 1372 1148 1428 Lucas
1179 1371 1389 1443 scribit)
1430 1373 1609 1428 subito
1656 1373 1868 1446 ageba-

250 1472 333 1517 tur
369 1477 405 1517 a
434 1461 676 1517 Domino
723 1461 781 1516 iu
830 1462 1071 1529 deserto,
1121 1461 1250 1534 quia
1295 1461 1459 1517 etiam
1506 1462 1870 1532 transgressis

251 1550 362 1606 illis
389 1549 620 1624 legibus
667 1549 740 1605 ad
788 1565 853 1606 ea
898 1549 1115 1606 scelera
1163 1549 1460 1621 cupiditate
1509 1551 1871 1622 raptabantur

255 1655 372 1712 quae
393 1640 514 1707 jam
544 1639 834 1710 vulgarem
865 1639 1196 1696 excederent
1223 1638 1694 1696 consuetudinem.

1971 471 2154 519 tamen
2182 462 2402 520 ﬁdelem
2431 463 2689 536 populum
2717 479 2752 520 a
2779 464 3010 536 pristina
3039 466 3453 523 conversatione
3481 483 3568 523 sa-

1971 559 2153 608 natum
2161 595 2175 608 .

2041 666 2213 723 Vsus.
2247 668 2335 722 17.
2369 697 2438 708 -
2468 669 2539 724 Et
2567 685 2764 740 rogare
2786 674 3078 742 caeperunt
3107 687 3258 726 eum.
3291 670 3479 743 (ΚΑΒ.)
3499 671 3569 728 Ut

1972 755 2338 814 Petrus:Exi
2365 774 2402 813 a
2449 773 2558 824 me,
2611 760 2864 824 Domine,
2916 761 3052 831 quia
3101 760 3261 816 homo
3305 763 3569 832 peccator

1969 859 2120 911 sum,
2154 852 2260 901 etc.
2296 845 2456 916 (Luc.
2490 846 2578 917 v.)
2605 846 2689 901 Ne
2719 855 2947 918 tangant
2975 863 3158 904 arcam
3189 847 3310 914 Dei,
3344 855 3402 904 ut
3433 847 3564 904 Oza.

2037 932 2207 988 Vnus.
2243 938 2330 988 19.
2367 964 2436 975 -
2473 934 2611 990 Vade
2641 937 2707 990 in
2737 935 2970 991 domum
3005 940 3185 992 tuam.
3209 935 3433 1008 (BEDA.)
3478 935 3569 992 Sic

1968 1021 2197 1093 quisque
2211 1030 2336 1093 post
2354 1021 2813 1079 resurrectionem
2831 1032 3182 1095 peccatorum
3197 1025 3254 1079 in
3273 1023 3565 1081 conscien-

1967 1110 2101 1166 tiam
2129 1110 2332 1167 bonam
2361 1110 2551 1167 redeat
2570 1118 2624 1167 et
2643 1119 2872 1183 propter
2887 1111 3121 1168 aliorum
3142 1113 3377 1169 salutem
3392 1113 3570 1169 Evan-

1969 1198 2114 1270 gelio
2143 1199 2346 1255 serviat
2377 1216 2393 1254 :
2426 1207 2483 1255 ut
2511 1207 2636 1271 post
2665 1215 2792 1256 cum
2821 1200 3038 1257 Christo
3055 1201 3322 1274 quiescat,
3346 1218 3416 1259 ne
3436 1201 3569 1257 dum

1967 1303 2320 1360 praepropere
2340 1288 2455 1345 vult
2476 1289 2590 1358 jam
2610 1305 2733 1345 esse
2762 1303 2887 1345 cum
2903 1289 3138 1359 Christo,
3170 1290 3418 1364 negligat
3435 1306 3569 1362 prm-

1968 1375 2256 1432 dicationis
2284 1378 2608 1450 mysterium
2645 1377 2899 1434 fraterna
2946 1378 3308 1451 redemptioni
3339 1394 3564 1436 accom-

1971 1465 2271 1522 modatum.

2037 1555 2251 1626 (Ηιειι.)
2279 1555 2455 1612 Homo
2486 1563 2708 1610 sanatus
2735 1555 2961 1611 mittitur
2989 1555 3046 1611 in
3065 1555 3289 1612 domum
3307 1571 3484 1626 suam,
3509 1557 3564 1613 id

1971 1652 2072 1710 est,
2106 1644 2161 1698 in
2190 1643 2528 1715 spiritualem
2559 1643 2699 1717 legis
2716 1645 3124 1701 observantiam
3158 1665 3172 1700 :
3207 1653 3261 1702 et
3283 1645 3564 1720 pradicet,

321 1729 499 1783 Vnus.
533 1729 590 1784 4.
624 1758 694 1768 -
729 1730 1020 1802 Torqueas.
1065 1727 1197 1800 (11).)
1243 1730 1501 1800 Magnum
1547 1732 1947 1792 tormentumB
1977 1739 2104 1801 etc.,
2137 1748 2311 1806 usque
2355 1732 2428 1789 ad
2457 1731 2585 1804 quia
2613 1733 2847 1789 moralia
2876 1732 2947 1790 ad
2967 1733 3204 1790 litteram
3224 1734 3572 1790 observanda

257 1818 302 1873 ei
327 1833 361 1871 a
390 1816 623 1873 laesione
652 1817 890 1872 hominis
919 1832 1156 1887 cessare,
1198 1824 1253 1872 et
1279 1825 1429 1874 tanto
1479 1817 1698 1872 dimittit
1738 1833 1869 1890 gra-

258 1905 372 1961 tius
401 1913 612 1979 quanto
640 1905 887 1976 possidet
913 1905 1134 1960 diutius.

318 2021 494 2077 Vnus.
528 2025 583 2076 9.
617 2050 688 2060 —
720 2020 872 2088 Quod
903 2021 1007 2076 tibi
1048 2036 1256 2078 nomen
1299 2024 1433 2076 est?
1479 2021 1701 2092 (BEDA.)
1744 2020 1868 2076 Non

257 2109 404 2182 quasi
447 2109 675 2166 nescius
715 2108 1039 2182 interrogat,
1094 2108 1191 2165 sed
1242 2117 1300 2164 ut
1353 2107 1603 2164 confessa
1651 2108 1871 2180 publica

255 2208 403 2270 peste
435 2214 607 2271 quam
635 2198 987 2266 toleraverat,
1011 2197 1182 2254 virtus
1212 2197 1453 2254 curantis
1471 2197 1679 2271 gratior
1707 2213 1874 2269 appa-

257 2297 386 2344 reat.
426 2288 541 2344 Sed
572 2287 737 2344 etiam
767 2287 1082 2344 sacerdotes
1119 2286 1323 2343 nostris
1355 2286 1615 2358 temporis
1659 2286 1751 2359 qui
1771 2303 1872 2359 per

258 2377 629 2434 exorcismum
675 2377 954 2432 daemones
1001 2376 1221 2445 ejiciunt
1268 2375 1446 2432 solent
1494 2375 1680 2432 dicere
1715 2394 1728 2431 :
1761 2391 1872 2431 non

256 2466 405 2521 aliter
454 2465 727 2536 patientes
765 2480 932 2536 posse
977 2465 1181 2531 curari,
1228 2464 1333 2520 nisi
1377 2472 1632 2537 quantum
1681 2479 1872 2536 sapere

254 2562 502 2628 possunt,
537 2569 701 2610 omne
733 2554 880 2626 quod
893 2561 932 2607 'a
969 2552 1310 2609 daemonibus
1344 2553 1482 2617 visu,
1533 2553 1735 2617 auditu,
1786 2553 1874 2609 vel

256 2644 495 2716 quolibet
526 2659 695 2698 sensu
745 2641 991 2714 corporis
1036 2650 1125 2698 aut
1167 2643 1333 2698 animi
1392 2641 1682 2714 vigilantes
1738 2641 1872 2698 dor-

263 2733 564 2788 mientesve
593 2730 948 2802 pertulerunt,
982 2738 1229 2802 patenter
1269 2729 1648 2786 confiteantur.

320 2823 490 2893 Legio
509 2821 656 2876 mihi
672 2836 881 2877 nomen
902 2825 1006 2876 est.
1023 2820 1154 2890 (Ιυ.)
1175 2819 1454 2892 Signiﬁcat
1466 2819 1728 2891 populum
1745 2836 1874 2894 gen-

254 2909 397 2972 tilem
433 2909 738 2964 innumeris
767 2907 1704 2980 idololatria:cultibusmancipatum
1737 2926 1750 2963 :
1788 2908 1875 2964 cui

261 3007 467 3063 contra,
503 3006 609 3064 est,
643 3006 772 3068 etc.,
815 3013 990 3070 usque
1039 2997 1111 3052 ad
1158 2997 1420 3068 reprobos
1467 3004 1650 3052 autem
1693 2997 1875 3069 plures

258 3096 414 3144 sectae
447 3103 615 3159 quam
643 3087 846 3160 linguae
877 3085 1230 3142 dissociando
1268 3085 1621 3142 confundunt.

1974 1829 2118 1876 sunt.

2045 1910 2266 1981 (Βεω.)
2295 1910 2580 1966 Matthaeus
2610 1910 2767 1981 duos,
2799 1911 3015 1968 Marcus
3044 1919 3098 1968 et
3126 1911 3300 1968 Lucas
3330 1927 3499 1968 unum
3536 1926 3572 1969 a

1981 1999 2229 2054 daemone
2258 2007 2508 2055 curatum
2537 1999 2741 2068 dicunt,
2777 1999 2906 2072 quia
2934 2017 3074 2056 unus
3103 2015 3293 2058 eorum
3322 2000 3574 2058 clarioris

1971 2087 2228 2156 nominis,
2280 2095 2364 2144 est
2406 2087 2718 2144 famosioris
2767 2105 2783 2143 :
2833 2097 2888 2146 et
2929 2087 3054 2146 ideo
3085 2089 3294 2146 curatio
3323 2091 3440 2159 ejus
3488 2096 3572 2146 est

1973 2175 2256 2232 famosior.
2306 2175 2619 2249 Allegorice
2670 2195 2684 2232 :
2737 2177 2876 2244 Duo,
2929 2186 3122 2252 gentes
3163 2177 3472 2251 signiﬁcant
3497 2177 3570 2234 de

1969 2265 2182 2322 duobus
2209 2263 2335 2320 ﬁliis
2363 2266 2502 2322 Noe.
2539 2265 2673 2322 Cum
2704 2266 2850 2321 enim
2874 2267 2993 2322 Noe
3024 2275 3138 2322 tres
3169 2266 3309 2322 ﬁlios
3356 2283 3570 2340 genue-

1971 2355 2059 2422 rit,
2093 2371 2234 2410 unus
2279 2362 2591 2427 assumptus
2630 2364 2712 2410 est
2749 2355 2805 2410 in
2850 2356 3259 2426 possessionem
3288 2355 3408 2423 Dei,
3460 2355 3570 2412 duo

1970 2441 2132 2499 idolis
2172 2442 2360 2498 dediti.

2042 2557 2213 2612 Vnus.
2246 2560 2333 2614 22.
2366 2587 2436 2598 -
2464 2558 2534 2612 Et
2562 2558 2719 2614 venit
2747 2556 2990 2630 quidam,
3023 2565 3128 2613 etc.
3163 2556 3378 2630 (Hum)
3429 2558 3558 2614 Post

1969 2645 2086 2702 haec
2111 2645 2294 2700 Jairus
2322 2645 2796 2718 archisynagogus
2834 2645 3001 2713 venit,
3039 2645 3168 2716 quia
3211 2661 3338 2701 cum
3383 2645 3571 2718 intra:

1982 2733 2120 2790 verit
2145 2733 2426 2804 plenitudo
2457 2733 2720 2804 gentium,
2755 2742 2881 2790 tunc
2902 2733 3079 2790 omnis
3097 2733 3287 2803 Israel,
3322 2741 3450 2804 etc.,
3475 2751 3571 2792 us-

1975 2839 2077 2896 que
2108 2822 2180 2878 ad
2209 2821 2487 2878 Abraham
2515 2831 2568 2878 et
2594 2823 2809 2894 Moyses
2858 2830 2911 2877 et
2954 2822 3175 2879 Samuel
3222 2831 3421 2895 rogant
3468 2839 3570 2896 pro

1973 2911 2135 2984 plebe
2163 2920 2398 2981 mortua,
2432 2921 2486 2968 et
2517 2913 2763 2983 sequitur
2789 2913 2950 2968 Jesus
2980 2927 3176 2983 preces
3208 2929 3420 2968 eorum.

2041 3001 2262 3072 (ΒευΑ.)
2289 3001 2472 3057 Jairus
2500 3003 2843 3058 illuminans
2872 3000 2961 3056 vel
2990 3002 3358 3058 illuminatus
3391 3018 3406 3056 :
3441 3000 3570 3073 quia

1896 3088 1944 3151 C
1975 3089 2160 3144 verbis
2187 3089 2312 3145 vitae
2339 3089 2602 3161 populum
2631 3088 2959 3145 illuminavit
2989 3105 3008 3142 :
3039 3097 3093 3147 et
3121 3097 3192 3151 ut,
3210 3091 3316 3146 hoc
3361 3097 3567 3162 posset,

319 3203 495 3258 Vnus.
523 3205 613 3259 12.
645 3232 715 3242 -
743 3202 899 3257 Mitte
928 3217 1050 3259 nos.
1083 3201 1216 3272 (Ιυ.)
1245 3200 1416 3256 Lucas
1450 3217 1464 3254 :
1495 3201 1566 3256 Et
1597 3199 1866 3272 rogabant

1990 3219 1997 3232 .
2028 3177 2230 3248 Spiritu
2267 3186 2459 3235 sancto
2491 3178 2832 3234 illuminatus
2861 3186 2963 3234 est.

261 3308 381 3348 eum
414 3307 492 3347 ne
521 3293 838 3363 imperaret
865 3290 1004 3357 illis,
1037 3293 1105 3346 ut
1132 3290 1197 3345 in
1235 3290 1495 3361 abyssum
1523 3291 1676 3345 irent
1705 3288 1862 3360 (Luc.

255 3382 386 3453 vm).
422 3380 685 3436 Sciebant
714 3395 847 3450 ergo
875 3377 1166 3451 aliquando
1195 3377 1432 3433 futurum
1448 3385 1507 3432 ut
1534 3395 1633 3450 per
1663 3377 1868 3433 adven-

255 3476 354 3524 tum
386 3469 508 3538 ejus
537 3467 882 3522 mitterentur
911 3465 964 3521 in
1009 3467 1285 3538 abyssum,
1338 3482 1449 3523 non
1480 3465 1686 3533 futura,
1736 3473 1866 3534 etc.,

257 3574 422 3632 usque
450 3558 527 3613 ad
557 3572 687 3612 nam
716 3555 822 3610 nisi
851 3555 971 3628 quis
999 3555 1151 3629 porci
1181 3570 1334 3612 more
1381 3555 1594 3622 vixerit,
1645 3554 1702 3610 iu
1747 3570 1870 3611 eum

255 3646 494 3702 diabolus
526 3651 856 3718 potestatem
873 3659 982 3700 non
1008 3644 1221 3716 accipit,
1243 3643 1350 3700 nisi
1379 3643 1519 3700 forte
1549 3643 1622 3700 ad
1640 3643 1873 3715 proban-

259 3735 378 3790 dum
403 3751 519 3791 non
551 3741 734 3791 autem
764 3733 834 3790 ad
862 3732 1220 3806 perdendum.

323 3850 494 3906 Vnus.
532 3853 623 3905 13.
656 3878 726 3890 -
750 3850 899 3904 Grex
926 3849 1328 3922 praecipitatus
1363 3851 1468 3904 est.
1489 3845 1714 3918 (ΒΕΒΑ.)
1737 3843 1873 3915 Quia

247 3937 356 4005 jam
382 3937 678 4012 clariﬁcata
705 3937 974 4004 Ecclesia,
1015 3945 1068 3993 et
1097 3935 1328 3994 liberato
1359 3934 1565 4008 populo
1595 3935 1838 4007 gentium
1858 3987 1872 4011 ,

259 4025 560 4083 dzemonum
592 4025 977 4091 dominatione,
1012 4025 1068 4080 in
1116 4023 1316 4079 abditis
1358 4032 1525 4096 agunt
1580 4023 1875 4096 sacrilegos

261 4115 400 4184 ritus,
427 4124 564 4185 etc.,
594 4130 772 4188 usque
801 4115 875 4170 ad
902 4113 1155 4186 quoniam
1187 4112 1256 4168 ob
1279 4111 1440 4167 unius
1469 4111 1707 4168 hominis
1738 4111 1875 4168 salu-

266 4207 364 4259 tem
392 4205 504 4260 duo
530 4203 701 4258 millia
729 4217 1021 4275 porcorum
1061 4200 1408 4258 suﬁocantur.

329 4301 498 4356 Vsus.
537 4301 625 4354 14.
659 4327 728 4339 -
762 4299 868 4367 Qui
896 4302 1111 4355 autem.
1161 4296 1300 4366 Quia
1351 4296 1571 4370 quidam
1619 4297 1878 4369 primates

2039 3267 2210 3322 Vsus.
2245 3271 2334 3324 23.
2369 3297 2439 3309 —
2474 3268 2750 3337 Quoniam
2769 3269 2893 3337 ﬁlia
2921 3284 3068 3324 mea.
3093 3267 3316 3339 (BEDA.)
3346 3267 3522 3324 Lucas
3555 3284 3568 3322 :

1983 3357 2123 3425 Quia
2150 3356 2275 3425 ﬁlia
2301 3358 2475 3414 unica
2503 3361 2629 3413 erat
2656 3358 2748 3413 illi
2778 3359 2898 3428 fere
2941 3373 3228 3413 annorum
3258 3356 3566 3422 duodecim,

1969 3448 2025 3500 et
2054 3445 2170 3501 haec
2197 3446 2544 3502 moriebatur
2566 3445 2721 3516 (Luc.
2754 3445 2899 3515 vm).
2939 3445 3087 3513 fFilia
3130 3443 3574 3518 Archisynagogi

1971 3539 2056 3590 est
2104 3533 2402 3606 Synagoga
2445 3532 2565 3590 sola
2633 3533 2800 3606 legali
2841 3533 3200 3603 institutione,
3227 3541 3361 3603 etc.,
3402 3549 3578 3607 usque

1974 3622 2046 3678 ad
2074 3621 2254 3678 subito
2284 3637 2535 3678 errorum
2563 3620 2836 3695 languore
2864 3629 3239 3691 consternata,
3265 3621 3574 3694 spirituales

1975 3710 2095 3766 vias
2123 3709 2542 3782 desperabiliter
2569 3710 2772 3766 omisit.

2045 3823 2218 3880 Vens.
2250 3825 2339 3882 24.
2371 3854 2441 3866 -
2467 3827 2540 3881 Et
2566 3825 3033 3898 comprimebant.
3059 3825 3202 3881 Dum
3232 3824 3302 3880 ad
3330 3823 3572 3896 puellam

1976 3913 2278 3969 sanandam
2308 3912 2478 3982 vadit,
2512 3929 2547 3970 a
2575 3914 2737 3970 turba
2757 3913 3134 3986 comprimitur
3164 3930 3179 3969 :
3213 3913 3343 3986 quia
3361 3913 3564 3970 Iudaeis

1976 4001 2170 4058 salutis
2197 4002 2406 4058 monita
2434 4002 2707 4074 praebens,
2741 4003 2937 4076 quibus
2977 4017 3185 4076 aegram
3213 4017 3406 4059 eorum
3435 4017 3572 4059 con-

1978 4090 2261 4147 scientiam
2291 4090 2550 4164 erigeret,
2584 4091 2750 4149 noxia
2764 4091 3070 4150 carnalium
3100 4092 3430 4165 populorum
3449 4105 3576 4148 cou-

1978 4179 2266 4236 suetudine
2297 4187 2558 4254 gravatus
2587 4189 2689 4238 est.

2046 4295 2216 4349 Vnus.
2249 4299 2339 4352 25.
2371 4326 2442 4337 -
2471 4297 2541 4352 Et
2579 4298 2808 4365 mulier,
2862 4303 2968 4352 etc.
3021 4297 3293 4370 Pergente
3339 4295 3574 4351 Domino

264 4387 566 4461 impiorum,
599 4387 850 4460 quamvis
882 4386 1242 4442 Christianam
1276 4386 1461 4459 legem
1490 4385 1719 4460 fugiant,
1772 4403 1938 4461 po-_
1979 4382 2050 4437 ad
2081 4382 2250 4439 ﬁliam
2281 4385 2730 4458 archisyuagogi,
2755 4385 3017 4442 morbosa
3043 4385 3240 4440 mulier
3261 4383 3416 4438 annis
3445 4384 3578 4440 duo-

263 4451 478 4533 tentiam
508 4451 694 4532 tamen
725 4477 842 4546 ejus
871 4475 1141 4550 stupeudo
1169 4483 1221 4531 et
1250 4451 1503 4531 mirando
1528 4451 1631 4547 per
1679 4451 1946 4548 gentesD
1978 4471 2157 4528 decim
2187 4473 2436 4545 praeripit
2469 4451 2780 4541 sanitatem,
2828 4482 2882 4529 et
2928 4480 3052 4544 post
3098 4471 3209 4527 ﬁlia
3255 4481 3444 4528 sanata
3492 4480 3576 4528 est

265 4566 588 4636 prmdicaut.

328 4655 497 4710 Vens.
542 4657 628 4710 15.
663 4681 734 4695 -
763 4655 836 4710 Et
864 4653 1058 4710 vident
1087 4655 1276 4710 illum.
1297 4654 1526 4728 (BEDA.)
1546 4656 1718 4712 Lucas
1742 4673 1756 4711 :
1783 4658 1876 4715 Se-

264 4741 486 4798 dentem
516 4742 766 4815 adpedes
798 4745 920 4814 eius
938 4762 957 4798 :
976 4742 1122 4815 quod
1151 4741 1334 4816 signat
1361 4758 1457 4800 eos
1473 4742 1566 4815 qui
1585 4761 1614 4798 a
1635 4752 1876 4815 peccatis

263 4831 494 4886 correcti
523 4838 670 4900 sunt,
704 4828 815 4885 ﬁxa
841 4831 1039 4886 mentis
1065 4830 1366 4888 intentione
1388 4831 1625 4905 vestigia
1678 4832 1875 4891 Salva-

264 4919 392 4974 toris
429 4934 549 4991 quae
577 4925 901 4991 sequantur,
932 4918 1151 4975 intueri.

336 5009 630 5066 Vest-itum.
645 5007 919 5066 Virtutum
932 5005 1130 5077 studio,
1154 5007 1300 5081 quod
1319 5023 1526 5064 vesana
1540 5017 1720 5066 mente
1741 5025 1874 5082 per-

271 5094 501 5152 diderat.
554 5096 716 5154 Unde
759 5095 908 5152 ﬁlius
955 5096 1220 5168 prodigus
1261 5095 1333 5152 ad
1372 5097 1592 5153 Patrem
1631 5097 1870 5164 rediens,

281 5200 404 5241 mox
434 5184 579 5242 stola
604 5184 786 5258 prima
832 5201 957 5242 cum
983 5185 1186 5242 annulo
1232 5184 1475 5242 induitur
1502 5203 1516 5240 :
1549 5185 1673 5258 quia
1720 5185 1876 5259 quis-

278 5274 394 5346 quis
423 5289 560 5331 vero
605 5275 775 5331 corde
817 5273 1127 5347 paenituerit
1171 5280 1350 5346 potest
1395 5273 1637 5331 donante
1678 5274 1878 5330 Christi

273 5362 446 5432 gratia
474 5363 710 5434 pristina
730 5363 952 5433 justitiaa
981 5377 1170 5434 opera,
1219 5362 1290 5418 de
1337 5361 1534 5436 quibus
1581 5362 1873 5433 ceciderat,

274 5463 388 5504 cum
419 5450 624 5507 annulo
652 5451 928 5508 inviolatae
957 5450 1083 5507 ﬁdei
1111 5464 1464 5522 recuperare.

333 5539 405 5595 Et
433 5542 776 5598 timuerunt.
809 5539 964 5597 Multi
993 5539 1141 5596 enim
1167 5539 1388 5612 antiqua
1408 5539 1672 5597 suavitate
1691 5539 1874 5598 delec-

273 5624 357 5684 tati
381 5626 661 5688 honorare
689 5644 773 5702 se,
803 5628 906 5691 sed
948 5628 1063 5703 pati
1089 5626 1237 5688 nolle
1284 5627 1649 5690 Christianam
1691 5628 1874 5703 legem

1977 4570 2030 4617 et
2058 4562 2321 4618 suscitata
2351 4569 2434 4618 est
2467 4580 2480 4617 :
2514 4563 2641 4633 quia
2671 4562 2751 4617 sic
2775 4561 3063 4633 dipensata
3085 4569 3168 4616 est
3196 4559 3346 4617 salus
3380 4562 3567 4617 huma-

1975 4651 2031 4706 ni
2061 4651 2303 4723 generis,
2335 4657 2396 4706 ut
2421 4650 2601 4722 primo
2629 4649 2794 4722 aliqui
2823 4665 2889 4705 ex
2918 4649 3106 4716 Israel,
3139 4649 3338 4706 deinde
3388 4649 3571 4723 pleni-

1975 4739 2107 4795 tudo
2136 4738 2400 4812 gentium,
2434 4745 2489 4794 et
2519 4738 2599 4794 sic
2625 4737 2803 4793 omnis
2833 4737 3001 4793 Israel
3033 4737 3218 4793 salvus
3245 4737 3356 4794 ﬁet.

2045 4828 2267 4900 (BanA.)
2295 4825 2607 4884 Notandum
2628 4825 2776 4899 quod
2799 4825 2980 4897 puella
2999 4825 3267 4882 duodenis
3297 4834 3350 4883 et
3369 4825 3568 4882 mulier

1974 4915 2260 4973 duodecim
2289 4915 2448 4971 annis
2478 4913 2743 4986 sanguine
2772 4913 2946 4983 ﬂuxit,
2977 4922 3108 4984 etc.,
3140 4931 3316 4988 usque
3344 4913 3417 4970 ad
3444 4915 3568 4971 haec

1974 5005 2105 5060 dum
2133 5004 2382 5061 Christus
2402 5003 2646 5060 Iudaeam
2674 5019 2870 5059 sanare
2899 5003 3260 5069 discerneret,
3289 5003 3406 5072 jam
3460 5018 3568 5076 pa-

1975 5101 2150 5148 ratam
2177 5091 2406 5164 aliisque
2432 5092 2760 5164 promissam
2789 5091 3019 5149 salutem
3048 5107 3148 5164 spe
3175 5098 3329 5148 certa
3357 5107 3570 5163 praeve-

1972 5181 2080 5240 nit.

2045 5296 2215 5353 Vnus.
2240 5297 2329 5355 26.
2353 5324 2424 5338 -
2442 5295 2621 5353 Multa
2637 5302 3038 5370 perpessa,etc.
3058 5295 3190 5368 (11).)
3213 5296 3385 5354 Falsis
3404 5297 3559 5354 theo-

1973 5385 2135 5460 logis,
2186 5383 2526 5458 philosophis
2546 5423 2561 5454 ,
2611 5382 2794 5458 legum
2842 5384 3185 5442 secularium
3226 5383 3563 5453 doctoribus,

1973 5475 2063 5547 qui
2093 5489 2153 5530 se
2181 5473 2336 5529 utilia
2387 5471 2607 5530 vivendi
2627 5512 2630 5516 .
2654 5481 2926 5548 praecepta
2973 5473 3110 5530 dare
3151 5472 3561 5545 promittebant.

1972 5564 2261 5620 Daemones
2291 5577 2529 5636 quoque,
2563 5569 2692 5632 etc.,
2722 5580 2898 5638 usque
2928 5563 3000 5620 ad
3021 5569 3308 5635 coeperunt
3335 5559 3560 5629 languo-

1971 5651 2050 5710 ris
2079 5651 2166 5712 sui
2191 5658 2248 5712 et
2275 5666 2504 5726 sperare
2530 5657 2588 5710 et
2609 5651 2891 5725 inquirere
2914 5651 3237 5711 remedium.
3303 5705 3312 5712 .
