4006 6178
365 191 463 244 199

828 184 1231 239 WALAFRIDI
1271 183 1511 238 STRABI
1552 183 1750 238 FULD.
1792 179 1964 236 MON.
2010 179 2162 235 OPP.
2206 181 2381 237 PARS
2422 183 2460 235 l.
2505 212 2573 224 —-
2611 181 3079 238 THEOLOGICA.

3559 187 3665 239 200

439 312 608 366 Vens.
630 313 808 368 21-
839 311 994 365 Venit
1014 309 1076 362 in
1099 309 1283 362 turba.
1320 307 1450 378 (10.)
1473 307 1674 378 Siquis
1698 305 1838 360 mihi
1859 305 1960 358 mi—
1990 304 2423 376 Acogitationes
2469 306 2699 377 spargit,
2752 307 2820 361 ad
2867 305 3356 362 considerationem
3408 306 3490 361 sui
3537 321 3662 364 sese

369 403 602 466 nistrat,
635 415 724 453 me
753 401 1028 469 sequatur
1057 398 1242 465 (Joa-n.
1295 396 1420 465 xu).
1473 396 1540 448 Et
1589 393 1717 447 alibi
1766 411 1780 447 :
1835 395 1966 449 Post

371 491 674 545 Dominum
694 489 873 542 Deum
893 485 1204 541 ambulabis
1226 484 1372 554 (Ose.
1398 484 1502 553 χι).
1529 482 1626 536 Vel
1646 482 1769 553 quia
1791 483 1965 536 Deum

375 583 700 647 praesentem
730 575 786 628 in
816 589 989 630 carne
1019 589 1128 628 non
1188 573 1352 638 videt,
1404 571 1500 626 sed
1548 578 1673 641 post
1720 571 1788 624 ad
1840 569 1966 625 ﬁdei

373 665 668 738 agnitionis
697 663 952 736 gratiam,
978 670 1082 717 etc.
1094 706 1106 727 ,
1134 676 1309 732 usque
1322 661 1393 716 ad
1409 659 1769 715 sacramentis
1787 659 1967 713 Evan-

367 753 578 826 gelicis,
611 753 762 824 quasi
798 752 911 806 suis
943 750 1297 814 vestimentis,
1348 748 1526 804 fontes
1558 749 1782 804 obsceni
1833 762 1965 802 san-

373 841 553 914 guinis
586 840 864 897 emundat.

445 958 614 1013 Vens.
652 961 738 1012 31.
773 986 842 996 -
880 955 1099 1026 Tetigit.
1134 952 1356 1023 (Beas)
1386 952 1508 1008 Sola
1556 951 1731 1006 ﬁdelis
1773 951 1968 1006 mulier

375 1047 666 1103 Dominum
694 1045 887 1117 tangit,
918 1060 1079 1115 quem
1108 1043 1315 1114 passim
1347 1041 1612 1097 comitans
1633 1041 1789 1095 turba
1819 1056 1969 1096 com-

372 1134 575 1208 primit.
611 1134 748 1202 Quia
778 1133 870 1204 qui
914 1132 1145 1187 diversis
1195 1130 1498 1185 inordinate
1543 1129 1969 1201 glomerantium

388 1223 708 1290 baresibus,
742 1221 828 1276 vel
856 1220 1124 1290 perversis
1156 1218 1394 1272 moribus
1425 1226 1702 1290 gravatur,
1739 1217 1856 1272 solo
1898 1216 1967 1271 fi-

395 1313 503 1368 deli
532 1311 796 1366 Ecclesiaa
827 1309 994 1364 corde
1023 1308 1295 1379 tangitur;
1328 1306 1470 1360 unde
1506 1325 1518 1360 :
1555 1307 1679 1362 Noli
1721 1322 1810 1360 me
1842 1311 1970 1360 tan-

369 1417 496 1473 gere
521 1419 534 1454 :
553 1401 808 1454 nondum
820 1399 974 1452 enim
993 1396 1304 1452 ascendiad
1325 1398 1551 1450 Patrem
1573 1411 1761 1451 meum
1782 1395 1968 1462 (Joan.

377 1488 500 1560 xx).
536 1487 673 1556 Quia
702 1484 962 1542 veraciter
988 1492 1212 1556 tangere
1239 1491 1322 1539 est
1358 1501 1478 1539 eum
1527 1483 1786 1555 aequalem
1829 1483 1969 1536 Patri

372 1576 612 1632 credere.

441 1666 655 1736 (litem)
701 1664 944 1734 Septima
1003 1663 1200 1717 virtute
1249 1663 1541 1716 suscitatur
1582 1668 1815 1726 mortua,
1870 1659 1966 1715 sed
1993 1663 2045 1721 B

372 1756 514 1810 inter
544 1755 687 1810 viam
719 1753 890 1825 tangit
911 1751 1176 1805 ﬁmbriam
1207 1758 1353 1805 retro
1381 1750 1576 1804 mulier
1597 1749 1965 1822 sanguinaria,

373 1860 495 1915 quae
523 1859 644 1899 cum
676 1842 852 1896 salute
885 1839 1260 1905 substantiam,
1296 1847 1424 1908 etc.,
1447 1854 1622 1910 usque
1651 1838 1724 1893 ad
1750 1837 1969 1909 cymba-

371 1931 483 1988 lum
513 1930 914 1988 confessionem
939 1947 954 1996 ;
986 1926 1187 1982 malum
1207 1927 1484 1998 punicum,
1507 1925 1754 1996 martyrii
1775 1925 1969 1982 volun—

372 2029 537 2076 tatem
568 2018 840 2093 signiﬁcat
870 2025 923 2072 et
951 2015 1208 2072 virtutum
1238 2015 1550 2071 candorem.

444 2110 614 2164 Vens.
648 2111 735 2163 33.
758 2137 828 2148 —
848 2106 1050 2162 Mulier
1064 2110 1280 2160 autem.
1307 2103 1531 2176 (BEDA.)
1551 2103 1695 2159 Ecce
1717 2119 1824 2175 quo
1842 2112 1966 2160 ten-

373 2198 535 2254 debat
565 2195 944 2268 interrogatio,
979 2202 1036 2249 ut
1062 2193 1262 2248 mulier
1291 2193 1500 2248 scilicet
1526 2189 1850 2247 conﬁteatur
1875 2208 1970 2248 ve-

373 2287 586 2342 ritatem
617 2286 884 2340 diuturna
913 2282 1261 2346 inﬁrmitatis,
1294 2289 1348 2337 et
1395 2281 1588 2335 subita:
1633 2280 1968 2336 credulitatis

373 2383 428 2431 et
456 2373 752 2430 sanationis
785 2391 798 2427 :
828 2381 882 2427 et
913 2372 985 2426 ita
1027 2371 1148 2442 ipsa
1192 2371 1616 2426 conﬁrmaretur
1660 2369 1715 2424 in
1761 2368 1869 2424 ﬁde
1916 2377 1969 2424 et

375 2465 495 2519 aliis
523 2463 790 2535 przeberet
818 2460 1148 2531 exemplum.

443 2580 612 2636 Vens.
647 2580 734 2634 35.
769 2607 837 2617 -
861 2577 1072 2643 Adhuc,
1102 2583 1206 2630 etc.
1242 2574 1464 2645 (Βεολ.)
1506 2573 1729 2629 Muliere
1781 2581 1966 2628 sanata

370 2669 552 2726 statim
579 2667 854 2723 nuntiatur
881 2664 1060 2736 puella
1088 2672 1301 2719 mortua
1330 2681 1342 2716 :
1375 2663 1500 2734 quia
1542 2662 1790 2717 Ecclesia
1821 2678 1964 2734 gen-

370 2759 505 2813 tium
521 2773 552 2812 a
578 2756 699 2810 labe
720 2755 976 2810 vitiorum
1004 2760 1205 2817 curata,
1230 2758 1283 2806 et
1302 2751 1373 2805 ob
1395 2749 1521 2804 ﬁdei
1537 2749 1809 2818 meritum,
1834 2758 1962 2818 etc.,

371 2861 547 2918 usque
573 2845 646 2900 ad
676 2843 773 2898 sed
803 2841 949 2914 quod
980 2840 1294 2896 hominibus
1325 2846 1408 2894 est
1455 2837 1816 2910 impossibile,
1849 2838 1965 2894 Deo

372 2942 454 2990 est
491 2931 769 3004 possibile.

2068 393 2370 448 nullatenus
2401 393 2626 466 colligit.

2141 482 2310 536 Vens.
2341 485 2428 537 41.
2450 513 2520 522 -
2545 482 2766 538 Talitha
2785 484 2960 538 cumi.
2995 484 3054 537 In
3071 484 3208 554 Syro
3228 498 3481 540 sermone
3501 500 3663 556 quem

2069 571 2398 640 evangelista
2428 571 2598 642 ponit,
2622 586 2730 626 non
2757 571 2880 642 plus
2896 579 2980 627 est
2999 587 3161 643 quam
3196 589 3210 625 :
3243 572 3445 639 Puella,
3472 588 3659 645 surge.

2069 658 2176 714 Sed
2207 657 2342 714 forte
2371 659 2438 714 ad
2469 660 2576 714 vim
2603 659 2905 715 Dominicae
2927 659 3192 728 jussionis
3244 660 3661 731 exprimendam

2068 749 2173 803 hoc
2203 747 2406 802 addidit
2441 765 2453 801 :
2492 749 2604 803 Tibi
2631 748 2789 814 duco,
2823 764 3008 820 surge,
3044 757 3098 803 et
3123 748 3300 819 magis
3331 764 3552 804 sensum
3582 748 3664 804 lo-

2069 837 2282 908 quentis
2308 853 2468 909 quam
2494 836 2658 892 verba
2689 837 2940 892 intimare
2969 837 3198 892 curavit.
3234 836 3325 892 Sic
3354 853 3502 909 sape
3528 853 3662 908 apo-

2071 924 2193 980 stoli
2224 933 2277 980 et
2307 923 2655 996 evangelista:
2684 941 2808 980 cum
2845 925 3063 998 aliquod
3105 924 3469 982 testimonium
3499 940 3662 982 assu-

2069 1020 2240 1079 munt,
2275 1013 2448 1084 magis
2478 1029 2700 1070 sensum
2729 1029 2890 1084 quam
2915 1013 3078 1069 verba
3106 1021 3332 1084 ponunt.

2140 1102 2350 1171 (Hien.)
2373 1101 2454 1156 Ad
2484 1101 2717 1173 puellam
2743 1102 2939 1157 dicitur
2972 1103 3194 1158 Talitha
3222 1103 3394 1168 cumi,
3446 1101 3501 1156 id
3550 1110 3653 1168 est,

2071 1189 2269 1254 Puella,
2304 1206 2484 1263 surge.
2521 1191 2989 1263 Arcbisynagogo,
3023 1199 3151 1256 etc.,
3204 1205 3380 1263 usque
3409 1191 3481 1246 ad
3512 1189 3660 1246 unde

2072 1277 2264 1334 dicitur
2298 1297 2311 1333 :
2352 1279 2600 1335 Credidit
2631 1280 2910 1335 Abraham
2938 1281 3065 1344 Deo,
3100 1283 3157 1335 et
3196 1283 3530 1350 repit-tatam
3575 1284 3662 1336 est

2073 1369 2125 1422 ei
2152 1368 2225 1423 ad
2244 1368 2539 1438 justitiam
2570 1369 2710 1436 (Jac.
2762 1369 2843 1436 ιι).

2152 1457 2374 1527 κςΒιωΑ.)
2405 1456 2560 1526 Quod
2583 1457 2828 1512 Christus
2844 1463 2955 1512 tres
2973 1463 3217 1512 mortuos
3247 1456 3540 1524 suscitavit,
3563 1457 3664 1512 tria

2072 1561 2275 1616 genera
2305 1545 2606 1601 animarum
2637 1544 2926 1615 signiﬁcat.
2958 1543 3196 1601 Puellam
3238 1545 3480 1610 suscitat,
3531 1552 3661 1611 etc.,

2071 1650 2246 1706 usque
2283 1634 2354 1690 ad
2399 1642 2638 1706 quartum
2689 1641 2962 1690 mortuum
3005 1633 3352 1689 annuntiante
3397 1632 3666 1704 discipulo

2067 1722 2269 1778 audivit
2304 1741 2317 1776 :
2352 1723 2446 1776 sed
2475 1723 2597 1796 quia
2628 1722 2735 1778 vivi
2766 1723 2857 1794 qui
2883 1737 2984 1794 pro
3015 1737 3081 1778 eo
3099 1727 3451 1794 precarentur
3469 1721 3658 1778 defue-

2068 1820 2194 1866 runt
2227 1829 2242 1866 :
2274 1811 2532 1877 Dimitte,
2585 1811 2774 1883 inquit,
2826 1815 3080 1868 mortuos
3127 1811 3366 1883 sepelire
3409 1814 3661 1867 mortuos

2069 1915 2198 1956 suos
2236 1900 2456 1968 (Matth.
2489 1902 2632 1969 vui).

2671 2069 2897 2126 CAPUT
2961 2069 3051 2124 VI.

2141 2239 2309 2295 Vens.
2341 2242 2396 2295 2.
2419 2268 2488 2280 -
2513 2240 2662 2296 Unde
2693 2240 2845 2304 huic,
2870 2246 2974 2296 etc.
2999 2239 3131 2294 Mira
3153 2237 3388 2296 caecitas.
3414 2237 3474 2293 In
3497 2235 3660 2293 factis

2069 2335 2122 2384 et
2169 2327 2328 2384 dictis
2373 2327 2643 2383 Christum
2691 2343 3031 2402 cognoscere
3075 2335 3322 2400 possunt,
3373 2326 3444 2382 ob
3494 2324 3664 2381 solam

2068 2416 2287 2490 generis
2315 2417 2560 2472 notitiam
2589 2425 2956 2473 contemnunt.

2143 2508 2311 2561 Vens.
2344 2509 2395 2560 3.
2428 2536 2496 2546 —
2526 2507 2716 2562 Faber.
2751 2506 2974 2576 (BEDA.)
3002 2504 3106 2575 Qui
3155 2512 3404 2577 operatur
3449 2503 3563 2576 igni
3609 2509 3665 2558 et

2071 2594 2300 2666 spiritu;
2333 2594 2477 2651 unde
2510 2612 2522 2648 :
2556 2595 2678 2666 Ipse
2709 2595 3014 2666 baptizabit
3030 2610 3121 2650 vos
3142 2595 3204 2648 in
3226 2594 3355 2665 igne
3376 2596 3432 2648 et
3450 2591 3664 2664 spiritu

2070 2685 2256 2752 (Joan.
2291 2684 2351 2753 ι).
2390 2683 2564 2739 Faber
2594 2690 2678 2739 est
2715 2683 2805 2754 qui
2852 2682 3147 2740 fabricatus
3189 2689 3273 2737 est
3315 2695 3562 2737 auroram
3608 2687 3662 2735 et

2069 2772 2260 2829 solem.

2142 2861 2312 2916 Vens.
2348 2862 2401 2916 4.
2434 2890 2503 2902 -
2532 2861 2654 2918 Non
2684 2866 2767 2916 est
2795 2861 3090 2933 prapheta.
3125 2860 3299 2930 Prope
3320 2857 3557 2914 naturale
3577 2864 3664 2912 est

2069 2949 2218 3006 cives
2249 2948 2459 3005 civibus
2488 2949 2730 3005 invidere
2759 2949 2883 3021 quia
2912 2964 3020 3004 non
3041 2964 3222 3020 opera,
3253 2947 3352 3005 sed
3379 2945 3660 3002 infantiam

444 3049 613 3105 νεεδ.
667 3049 754 3103 36.
821 3075 890 3086 -
956 3045 1416 3116 Archisynagogo.
1480 3042 1964 3114 Archisynagogus
1993 3021 2042 3084 Ο
2067 3062 2225 3118 quam
2254 3045 2506 3101 viderunt
2531 3045 2899 3102 recordamur,

371 3146 542 3195 ccetus
571 3143 655 3192 est
681 3135 960 3191 doctorum
990 3133 1129 3206 legis
1162 3133 1230 3187 de
1259 3131 1452 3204 quibus
1486 3149 1498 3185 :
1531 3132 1710 3204 Super
1756 3132 1953 3186 cathe-

372 3229 537 3283 dram
564 3225 758 3296 Moysis
788 3223 1058 3279 sederunt
1098 3222 1295 3276 scribae
1324 3225 1379 3276 et
1433 3220 1709 3275 Pharisaei
1739 3220 1959 3289 (Matth.

370 3313 599 3385 xxvm).
631 3312 736 3381 Qui
767 3311 814 3366 si
841 3311 1072 3368 credere
1099 3309 1385 3376 voluerint,
1428 3309 1588 3366 etiam
1620 3307 1858 3376 subjecta
1885 3307 1964 3364 eis

373 3405 663 3493 S‘ynagoga
692 3401 838 3457 salva
869 3401 988 3456 erit.

444 3519 614 3573 Vens.
646 3518 734 3572 37.
765 3545 835 3556 —
865 3517 934 3570 Et
965 3532 1080 3572 non
1111 3515 1361 3580 admisit,
1399 3521 1504 3570 etc.
1538 3511 1762 3584 (BEDA.)
1808 3510 1964 3566 Blas-

370 3607 584 3681 pbemis
611 3613 664 3661 et
690 3604 1004 3661 irrisoribus
1035 3619 1145 3659 non
1185 3611 1310 3658 sunt
1351 3601 1641 3659 revelanda
1683 3599 1959 3672 mysteria,

371 3697 469 3753 sed
496 3697 745 3753 ﬁdelibus
772 3695 863 3766 qui
895 3695 1179 3750 honorent.
1233 3693 1388 3748 Unde
1432 3691 1561 3747 alibi
1597 3709 1609 3745 :
1639 3691 1965 3759 Justiﬁcata

371 3790 454 3843 est
483 3785 766 3858 sapientia
789 3783 856 3840 ab
885 3783 1144 3840 omnibus
1171 3781 1309 3851 ﬁliis
1336 3782 1456 3835 suis
1488 3781 1710 3852 (Matth.
1747 3779 1852 3850 xx).

440 3874 609 3930 Vens.
643 3877 730 3929 38.
765 3903 834 3914 —
863 3875 1089 3928 Flentes
1110 3875 1166 3925 et
1186 3871 1492 3942 ejulantes.
1518 3869 1649 3939 (11).)
1669 3869 1965 3922 Laztentur

370 3979 562 4020 omnes
589 3963 688 4036 qui
715 3965 950 4035 sperant
983 3977 1053 4016 en
1081 3959 1334 4023 Domino,
1371 3962 1427 4012 et
1459 3957 1520 4012 in
1551 3960 1833 4012 aeternum
1861 3971 1963 4010 ex.

368 4053 684 4116 sultabunt,
710 4054 767 4106 et
796 4049 1064 4105 habitatis
1094 4047 1158 4100 in
1190 4046 1267 4101 eis
1299 4045 1476 4114 (Psal.
1512 4045 1597 4112 v).
1636 4043 1786 4098 Hanc
1817 4041 1958 4098 laeti-

367 4141 493 4195 tiam
522 4139 719 4195 merito
747 4135 1078 4192 inﬁdelitatis
1107 4133 1401 4204 Synagoga
1444 4131 1622 4185 amisit
1671 4148 1685 4184 :
1739 4138 1792 4187 et
1837 4130 1962 4186 ideo

368 4229 509 4285 inter
530 4227 724 4286 ﬂentes
751 4233 806 4281 et
829 4224 1099 4280 ulutantes
1125 4228 1332 4277 mortua
1346 4221 1509 4289 jacet.
1535 4218 1643 4275 Sed
1661 4219 1819 4276 Jesus
1840 4234 1961 4276 eam

363 4317 603 4373 funditus
632 4313 855 4371 interire
883 4327 992 4366 non
1025 4309 1247 4382 patitur.

2137 3136 2319 3207 (1510.)
2349 3135 2644 3191 Comitatur
2672 3151 2818 3206 saepe
2844 3133 3022 3190 vilitas
3059 3133 3346 3206 originem.
3390 3133 3479 3198 Ut,
3523 3130 3658 3198 Qui:

2065 3229 2150 3282 est
2178 3225 2335 3293 ﬁlius
2364 3225 2476 3280 Isai
2504 3225 2605 3295 (III
2620 3227 2747 3295 Reg.
2771 3224 2890 3294 xu).
2923 3223 3031 3279 Sed
3065 3240 3079 3277 :
3111 3222 3366 3277 Humilia
3385 3221 3659 3276 Dominus

2066 3313 2316 3385 respicit,
2351 3317 2407 3368 et
2434 3314 2557 3368 alta
2585 3329 2620 3367 a
2650 3314 2806 3383 longe
2835 3312 3119 3384 cognoscit
3165 3311 3342 3382 (Psal.
3375 3308 3657 3378 cxxxvn).

2136 3418 2306 3474 Vens.
2340 3419 2392 3472 5.
2426 3447 2496 3458 —
2525 3419 2594 3473 Et
2625 3434 2741 3474 non
2768 3421 3016 3490 poterat,
3049 3425 3153 3473 etc.
3185 3416 3269 3473 Ne
3299 3415 3447 3472 cives
3471 3415 3657 3470 incre-

2065 3507 2220 3564 dulos
2246 3507 2401 3580 pejus
2429 3506 2812 3563 condamnaret
2841 3505 3038 3562 facient
3067 3505 3263 3560 multas
3293 3505 3535 3560 virtutes.
3559 3499 3663 3560 Vel

2063 3597 2188 3669 quia
2216 3597 2268 3651 in
2302 3596 2476 3668 patria
2507 3612 2603 3651 sua
2631 3595 2950 3666 despicitur,
2983 3609 3187 3666 paucas
3215 3594 3291 3648 ibi
3322 3593 3547 3649 virtutes
3577 3589 3658 3646 fe-

2065 3693 2138 3748 cit
2181 3701 2235 3750 et
2288 3693 2463 3766 signa,
2513 3709 2582 3749 ne
2629 3693 2846 3764 penitus
2894 3691 3234 3748 excusabiles
3280 3690 3406 3746 sint.
3453 3689 3660 3758 Majora

2065 3781 2305 3854 quotidie
2334 3781 2392 3836 in
2420 3781 2678 3854 gentibus
2709 3781 2866 3854 signa
2893 3780 3038 3847 facit,
3071 3795 3182 3836 non
3210 3787 3324 3836 tam
3351 3778 3409 3834 in
3453 3792 3659 3850 corpo-

2064 3886 2183 3925 rum
2213 3870 2493 3926 sanatione
2524 3885 2684 3942 quam
2723 3869 3048 3924 animarum.

2137 3967 2305 4022 Vens.
2340 3969 2392 4022 6.
2423 3997 2493 4008 —-
2522 3969 2593 4023 Et
2622 3968 2961 4024 mirabatur.
2994 3966 3216 4040 (Reum)
3246 3965 3370 4023 Non
3398 3965 3555 4039 quasi
3585 3965 3656 4021 de

2062 4056 2379 4128 improviso,
2413 4057 2512 4112 scd
2540 4057 2694 4129 quasi
2723 4057 3033 4113 mirandum
3071 4056 3326 4123 ostendit,
3380 4056 3507 4128 quia
3552 4067 3658 4111 nec

2061 4145 2344 4217 prophetis
2374 4145 2624 4213 credunt,
2665 4161 2768 4203 nec
2796 4146 2900 4218 ipsi
2947 4161 3106 4218 quem
3153 4152 3482 4218 praesentem
3527 4159 3655 4200 cer-

2062 4243 2213 4290 nunt.

2135 4323 2306 4379 Vens.
2335 4326 2389 4379 7.
2407 4353 2476 4364 —
2497 4325 2565 4379 Et
2583 4325 2816 4382 vocavit.
2836 4323 3048 4396 (Hum)
3067 4323 3347 4378 Mittuntur
3366 4320 3656 4378 duodecim

439 4433 609 4489 Vens.
643 4432 730 4485 39.
763 4457 833 4468 —
859 4428 982 4483 Non
1009 4431 1094 4482 est
1123 4429 1374 4481 mortua.
1407 4423 1555 4492 Mihi,
1588 4424 1643 4479 in
1675 4424 1828 4492 cujus
1856 4421 1962 4478 dis-
1989 4391 2042 4452 D
2068 4412 2322 4484 apostoli,
2355 4420 2409 4468 et
2436 4413 2596 4469 datur
2625 4413 2705 4469 eis
2732 4391 2974 4486 potestas
3001 4391 3280 4484 praecepta
3315 4409 3550 4468 docendi
3597 4417 3658 4466 ut

367 4520 637 4594 positione
665 4524 719 4573 et
746 4517 927 4572 anima
954 4521 1171 4587 recepta
1200 4513 1347 4580 vivit,
1383 4521 1437 4570 et
1465 4527 1597 4568 caro
1651 4511 1963 4568 suscitanda

369 4607 614 4683 quiescit.
647 4607 784 4662 Hinc
808 4621 929 4661 mos
963 4613 1046 4661 est
1076 4602 1415 4671 Christianis,
1449 4608 1506 4656 ut
1535 4600 1730 4657 mortui
1758 4600 1850 4673 qui
1877 4615 1964 4657 re-

366 4695 658 4754 surrecturi
685 4710 795 4750 non
823 4693 1151 4763 dubitantur,
1181 4692 1512 4748 dormientes
1545 4697 1806 4747 vocentur
1829 4705 1964 4756 ;un-

369 4786 438 4842 de
469 4803 485 4840 :
513 4785 788 4843 Nolumus
809 4799 900 4840 vos
932 4783 1210 4854 ignorare,
1244 4783 1477 4852 fratres,
1518 4780 1586 4836 de
1618 4777 1960 4836 dormienti-

369 4875 471 4932 bus
500 4875 554 4942 (I
584 4874 768 4930 Thess.
800 4873 900 4942 ιν).

431 4963 654 5035 (ΒευΑ.)
682 4962 816 5018 Cum
851 4959 1029 5015 anima
1055 4973 1177 5031 quae
1225 4958 1527 5029 peccaverit
1573 4956 1848 5022 moriatur,
1897 4971 1960 5011 ea

364 5060 547 5108 tamen
574 5066 734 5123 quam
765 5049 1028 5106 Dominus
1059 5048 1128 5102 ad
1155 5047 1318 5102 vitam
1367 5055 1630 5103 aeternam
1677 5044 1957 5118 praevidet,

367 5139 526 5196 nobis
553 5138 774 5212 quidem
799 5145 1007 5195 mortua
1036 5134 1225 5204 fuisse,
1261 5133 1361 5192 sed
1403 5133 1452 5190 ei
1479 5133 1825 5191 obdormisse
1852 5146 1962 5189 non

365 5227 662 5300 incongrue
691 5226 801 5283 dici
832 5232 1030 5298 potest.
1958 5232 1968 5243 ·

437 5315 608 5372 Vens.
639 5315 725 5370 ιο.
755 5344 825 5356 -
854 5314 1061 5384 Eiectis
1089 5312 1366 5370 omnibus.
1401 5311 1528 5383 (In).
1552 5310 1730 5368 Turba
1750 5308 1962 5379 ejicitur

366 5422 422 5472 ut
445 5413 624 5486 puella
653 5412 942 5469 suscitetur
973 5430 986 5466 :
1021 5410 1146 5483 quia
1175 5409 1280 5465 nisi
1323 5409 1658 5466 saecularium
1707 5421 1961 5464 curarum

369 5502 653 5562 multitudo
679 5516 714 5558 a
740 5501 907 5558 corde
935 5499 1195 5569 ejiciatur,
1246 5499 1428 5554 anima
1477 5514 1596 5570 quae
1634 5497 1779 5553 intus
1817 5495 1963 5564 jacet

366 5599 580 5655 mortua
605 5605 715 5651 non
745 5589 1059 5651 suscitatur.
1085 5588 1232 5649 Dum
1259 5587 1405 5649 enim
1432 5602 1496 5648 se
1543 5601 1644 5660 per
1681 5585 1962 5647 universas

2062 4502 2348 4558 comitetur
2377 4503 2607 4557 verbum
2637 4502 2796 4557 simul
2824 4509 2876 4559 et
2908 4501 3107 4558 factum
3141 4518 3154 4556 ε
3189 4509 3242 4556 et
3289 4498 3654 4570 compromis-

2063 4590 2138 4644 sis
2181 4590 2546 4647 invisibilibus
2587 4590 2812 4648 virtutes
2875 4591 3227 4656 misceantur,
3286 4596 3342 4646 et
3395 4586 3473 4644 sic
3528 4601 3655 4643 cum

2062 4687 2272 4752 ungunt
2297 4695 2476 4752 aagros
2521 4679 2662 4747 oleo,
2714 4678 3079 4735 inﬁrmitatem
3126 4677 3254 4734 ﬁdei
3297 4677 3496 4733 virtute
3525 4689 3651 4733 cor-

2061 4767 2337 4824 roborant.

2132 4858 2203 4912 Et
2231 4858 2400 4913 dabat
2426 4857 2564 4924 illis,
2600 4863 2705 4912 etc.
2738 4856 3014 4929 Benignus
3035 4855 3299 4911 Dominus
3320 4861 3375 4910 et
3391 4852 3654 4928 magister

2061 4961 2168 5001 non
2186 4944 2688 5016 invidet_discipulis
2719 4953 2782 5002 et.
2799 4945 2974 5000 servis
3003 4952 3328 5017 potestatem
3343 4958 3518 5000 suam.
3539 4943 3651 5000 Sed

2062 5035 2180 5107 ipse
2208 5041 2475 5105 potestate
2503 5049 2600 5088 sua
2629 5033 2764 5106 agit,
2796 5032 2873 5088 illi
2903 5049 3006 5089 sua
3050 5032 3380 5098 inﬁrmitate,
3430 5032 3477 5088 si
3519 5030 3651 5104 quid

2062 5130 2250 5197 agunt,
2282 5130 2337 5179 et
2365 5122 2582 5177 Domini
2611 5121 2864 5178 virtutem
2891 5120 3215 5179 conﬁtentur
3259 5121 3506 5178 dicentes
3537 5136 3552 5176 :
3582 5120 3650 5176 In

2061 5213 2195 5268 Iesu
2222 5211 2452 5269 nomine
2481 5226 2646 5284 surge
2676 5214 2734 5267 et
2761 5211 2993 5268 ambula
3041 5211 3186 5283 (Act.
3217 5210 3325 5280 ut).

2133 5327 2304 5383 Vens.
2335 5329 2388 5382 8.
2419 5355 2488 5368 —-
2516 5327 2593 5384 Ne
2620 5327 2755 5399 quid
2786 5328 3071 5392 tollerent,
3104 5331 3208 5382 etc.
3257 5324 3433 5381 Tanta
3477 5323 3549 5380 sit
3591 5323 3647 5379 in

2064 5415 2294 5472 Domino
2321 5413 2539 5483 ﬁducia,
2573 5423 2630 5470 ut
2657 5413 2791 5471 nihil
2819 5415 3014 5472 deesse
3042 5413 3343 5471 certissime
3363 5411 3556 5478 sciant,
3579 5406 3651 5468 ne

2061 5503 2190 5559 dum
2219 5503 2325 5559 sibi
2361 5503 2649 5576 provident
2695 5503 3012 5574 temporalia
3057 5502 3239 5558 minus
3286 5500 3410 5557 aliis
3454 5499 3649 5572 provi-

2063 5592 2230 5652 deant
2254 5599 2478 5653 aeterna.
