3932 6178
234 362 329 415 201
1196 353 1469 413 GLOSSA
1504 353 1915 414 0RDINARIA.
1953 380 2023 396 —
2059 352 2306 412 EVANG
2363 353 2598 412 MARCI.
3417 359 3527 416 202

232 480 455 551 (ΒιωΑ.)
514 478 786 536 Mattheus
834 484 889 535 et
936 478 1108 535 Lucas
1178 486 1485 537 memorant
1541 478 1832 536 Dominum
1851 483 1911 547 Α
1932 478 2127 536 maria.
2161 478 2430 551 Tempore
2470 494 2604 536 vero
2630 476 2853 547 Juliani,
2884 485 3014 546 etc.,
3048 492 3224 551 usque
3252 477 3325 535 ad
3344 493 3531 552 expu-

230 567 517 640 discipulis
565 567 793 634 dixisse,
823 575 880 623 ut
925 583 1026 622 nec
1060 565 1276 640 virgam
1317 567 1525 623 ferrent
1560 586 1574 621 :
1617 568 1831 623 Marcus
1930 577 2062 642 gato
2082 583 2116 625 a
2147 568 2405 625 sordibus
2435 568 2640 641 templo
2668 567 2892 640 Serapis
2920 582 3051 625 ossa
3081 567 3279 624 eadem
3314 566 3391 625 ibi
3421 582 3519 640 po-

236 672 305 713 ne
332 656 466 729 quid
489 655 745 713 tollerent
765 654 872 711 nisi
892 655 1127 729 virgam.
1150 656 1258 711 Sed
1280 655 1359 711 illi
1378 656 1593 712 realiter
1622 656 1832 729 virgam
1933 660 2061 725 suit,
2114 668 2167 716 et
2215 658 2497 716 basilicam
2526 659 2583 714 in
2611 659 2821 716 honore
2851 658 3026 716 sancti
3067 656 3295 715 Joannis
3325 670 3528 715 conse-

235 744 530 817 accipiunt.
560 744 777 801 Marcus
805 761 904 817 per
931 744 1146 817 virgam
1164 751 1487 815 potestatem
1530 744 1833 817 accipiendi

240 834 560 892 necessaria
587 849 623 890 a
660 833 890 890 subditis
916 832 1189 907 intelligit.

308 942 482 998 Vnns.
516 945 570 996 9.
593 970 662 982 —
698 942 986 998 Calceatos
1016 940 1312 997 sandaliis.
1345 942 1477 1012 (1b.)
1511 941 1579 997 Ut
1607 957 1708 1012 pes
1736 956 1832 997 ne-

235 1046 341 1103 que
371 1037 551 1087 tectus
595 1030 667 1086 sit
714 1045 890 1101 neque
934 1029 1111 1085 nudus
1155 1029 1227 1085 ad
1265 1037 1484 1096 terram,
1518 1029 1574 1084 id
1621 1038 1705 1085 est
1732 1046 1835 1086 nec

234 1118 607 1193 Evangelium
648 1118 969 1185 occultetur,
1000 1133 1103 1175 nec
1141 1117 1367 1174 terrenis
1414 1118 1717 1175 commodis
1744 1118 1832 1174 in-

237 1207 455 1264 nitatur.

298 1298 379 1353 Ne
398 1296 786 1353 inducrentur
814 1295 1027 1353 duabus
1058 1297 1291 1351 tunicis.
1327 1295 1460 1367 (10.)
1485 1294 1643 1365 Quod
1665 1303 1748 1353 est
1777 1303 1835 1351 ut

231 1384 557 1457 simpliciter
584 1384 882 1451 ambulent,
916 1399 1027 1439 non
1056 1384 1367 1455 dupliciter.

299 1474 478 1531 Vnns.
514 1477 601 1529 11.
635 1503 705 1516 --
734 1475 1005 1530 Excutite
1032 1474 1326 1547 pulverem
1354 1473 1420 1529 de
1445 1472 1700 1545 pedibus.
1725 1473 1833 1543 (In)

224 1563 409 1621 Pulvis
432 1562 702 1620 excutitur
732 1563 801 1619 de
846 1562 1077 1633 pedibus
1106 1561 1164 1615 in
1226 1561 1597 1617 testimonium
1623 1561 1828 1617 laboris

228 1652 329 1718 sui,
362 1651 517 1725 quod
564 1650 805 1725 ingressi
852 1658 976 1706 sunt
1006 1650 1301 1716 civitatem,
1336 1650 1482 1722 quod
1513 1649 1832 1721 prmdicatio

231 1757 405 1813 usque
437 1741 509 1796 ad
541 1739 664 1797 illos
692 1738 1024 1811 pervenerit.
1062 1739 1161 1794 Vel
1191 1738 1336 1811 quod
1365 1738 1499 1793 nihil
1526 1739 1594 1793 ab
1625 1738 1706 1795 eis
1735 1754 1831 1794 ac-

1933 748 2127 805 cravit.

2018 837 2187 892 Vnns.
2222 839 2311 892 30.
2334 866 2403 878 —
2432 838 2501 891 Et
2530 838 2946 894 convenientes.
2980 836 3194 909 (Ηωιι.)
3223 835 3311 892 Ad
3355 835 3537 893 locum

1947 925 2096 980 unde
2126 932 2325 981 exeunt
2338 924 2573 980 ﬂumina
2619 926 2872 981 redeunt.
2905 925 3024 981 Deo
3071 924 3283 998 gratias
3314 939 3535 996 semper

1944 1013 2193 1069 referunt
2222 1030 2389 1084 super
2414 1013 2499 1067 his
2530 1029 2648 1084 qua:
2678 1020 3029 1084 acceperunt.

2019 1102 2241 1159 Omnia.
2268 1102 2391 1157 Non
2420 1101 2596 1156 solum
2627 1118 2748 1173 quas
2778 1101 2883 1172 ipsi
2903 1108 3135 1174 egerant
3154 1109 3209 1157 et
3231 1100 3538 1159 docuerant

1949 1190 2179 1262 apostoli
2212 1189 2446 1245 Domino
2476 1190 2806 1257 renuntiant,
2831 1190 2930 1247 sed
2949 1190 3113 1247 etiam
3135 1205 3255 1262 quae
3300 1191 3541 1247 Joannes

1936 1279 2016 1335 eis
2037 1279 2361 1336 docentibus
2389 1294 2588 1350 passus
2610 1278 2696 1335 sit.
2722 1277 2822 1335 Vel
2839 1278 2923 1334 sui
2943 1278 3031 1335 vel
3049 1278 3296 1348 ejusdem
3314 1276 3542 1336 Joannis

1937 1367 2208 1440 discipuli,
2243 1366 2383 1424 sicut
2408 1368 2695 1423 Mattbaeus
2728 1366 2936 1423 scribit.

2006 1475 2176 1531 Vnns.
2210 1478 2301 1531 3t.
2326 1504 2396 1516 —
2434 1476 2623 1531 Venite
2654 1490 2926 1531 seorsum.
2960 1473 3182 1546 (ΒΕΒΛ.)
3210 1473 3336 1530 Non
3356 1472 3537 1532 solum

1934 1563 2307 1636 requisitionis
2337 1579 2523 1630 causa,
2548 1564 2647 1620 sed
2675 1563 2906 1634 mystice
2937 1561 3212 1636 significat
3242 1564 3410 1635 quod,
3435 1579 3526 1621 re-

1933 1652 2063 1708 licta
2088 1654 2307 1720 Judaea,
2352 1670 2492 1724 quae,
2528 1661 2657 1719 etc.,
2710 1669 2882 1725 usque
2930 1652 3003 1707 ad
3041 1652 3202 1721 tvenit
3248 1667 3521 1721 seorsum,

1936 1741 2085 1798 ducit
2115 1758 2254 1813 quos
2275 1741 2447 1814 eligit,
2482 1748 2540 1796 ut
2569 1740 2711 1797 inter
2753 1740 2898 1796 male
2928 1740 3176 1796 viventes
3222 1740 3367 1797 mala
3413 1755 3526 1797 non

232 1830 480 1902 ceperint
528 1830 599 1885 ad
646 1829 849 1886 victum
893 1828 1263 1886 necessarium
1328 1827 1419 1899 qui
1474 1828 1833 1899 Evangelium
1851 1843 1907 1904 Β
1936 1831 2234 1897 attendant,
2269 1838 2328 1885 ut
2358 1831 2494 1885 Loth
2522 1830 2578 1883 in
2611 1829 2884 1897 Sodomis,
2918 1837 2972 1886 et
2998 1829 3101 1885 Job
3130 1829 3188 1884 in
3217 1836 3363 1886 terra
3390 1830 3525 1897 Hus,

236 1926 583 1992 spreverunt.

307 2026 488 2082 Vnns.
528 2027 617 2080 13.
652 2053 723 2066 -
744 2025 816 2080 Et
854 2022 1143 2095 angebant
1173 2022 1312 2080 oleo.
1344 2050 1415 2062 —
1443 2021 1576 2093 (11).)
1606 2021 1843 2078 Jacobus

234 2113 397 2171 dicit:
422 2114 769 2183 Inﬁrmatur
797 2114 920 2185 quis
950 2114 1013 2167 in
1036 2112 1181 2169 vobis
1206 2115 1229 2167 ?
1250 2110 1485 2166 inducat
1496 2111 1846 2183 presbyteros

239 2205 506 2261 Ecclesia:
568 2207 627 2257 et
683 2205 846 2259 orent
874 2217 1044 2273 super
1072 2216 1201 2256 eum
1232 2204 1509 2271 ungentes
1540 2217 1671 2256 eum
1704 2201 1844 2258 oleo.

242 2294 382 2363 (Jac.
416 2293 501 2363 v),
538 2299 645 2348 etc.
682 2291 838 2346 Unde
878 2298 1028 2360 patet
1058 2289 1128 2343 ab
1156 2289 1420 2360 apostolis
1461 2289 1604 2344 hunc
1633 2304 1844 2343 morem

244 2398 360 2437 esse
390 2380 654 2436 traditum
682 2387 741 2434 ut
770 2378 1126 2451 energumeni
1156 2386 1209 2433 et
1238 2378 1330 2433 alii
1358 2378 1551 2451 aegroti
1570 2385 1846 2451 ungantur

242 2470 360 2526 oleo
388 2486 422 2524 a
461 2467 722 2541 pontiﬁce
751 2475 1086 2524 consecrato.

309 2576 487 2631 Vnns.
515 2576 603 2628 14.
627 2604 697 2615 -
719 2576 791 2629 Et
813 2573 1031 2629 audivit
1049 2590 1176 2629 rex.
1193 2574 1325 2644 (10.)
1348 2573 1517 2628 Lucas
1532 2574 1689 2642 (Luc.
1714 2574 1797 2641 Ix)
1822 2590 1834 2626 :

240 2666 467 2721 Audivit
495 2664 740 2720 Herodes
772 2662 1064 2718 tetrarcha
1093 2664 1286 2718 omnia
1315 2678 1437 2734 quae
1465 2662 1696 2730 ﬁebant,
1725 2668 1833 2716 etc.

239 2753 390 2809 Unde
417 2752 861 2825 intelligendum,
896 2758 989 2805 aut
1035 2748 1412 2805 confirmatum
1442 2766 1568 2805 eum
1601 2766 1667 2805 ex
1696 2750 1837 2805 alio-

241 2857 352 2897 rum
380 2840 572 2898 verbis
618 2840 892 2895 credendo
930 2838 1153 2904 dixisse,
1187 2847 1277 2893 aut
1305 2840 1481 2894 adhuc
1510 2838 1835 2905 haesitando,

242 2939 361 3001 etc.,
393 2945 575 3003 usque
595 2929 669 2985 ad
688 2944 797 2984 non
829 2927 1337 2998 resurrexisse,-sed
1356 2927 1693 2985 sublevatum
1714 2943 1838 2984 esse

242 3018 418 3077 furtim
448 3018 682 3075 credere
712 3017 1041 3072 maluerunt.

306 3127 485 3183 Vnns.
538 3126 625 3180 17.
650 3154 720 3165 -
745 3123 996 3196 Philippi
1023 3124 1225 3194 fratris
1256 3125 1367 3179 sui.
1402 3122 1623 3195 (BnnA.)
1667 3122 1835 3179 Vetus

1949 1925 2003 1973 et
2033 1917 2240 1973 Abdias
2258 1917 2316 1972 in
2346 1918 2509 1973 domo
2539 1917 2750 1974 Achab.

2018 2008 2382 2079 Requiescite.
2416 2007 2486 2062 Ut
2514 2020 2645 2062 aves
2674 2005 2732 2060 in
2760 2006 2931 2061 ramis
2959 2005 3183 2077 sinapis.
3217 2004 3425 2062 Pusilla
3451 2004 3541 2062 hic

1946 2094 2166 2167 requies
2198 2095 2421 2161 sanctis,
2452 2094 2651 2167 longus
2682 2094 2840 2150 labor
2872 2113 2886 2150 :
2921 2095 3019 2151 sed
3059 2101 3185 2166 post
3206 2094 3407 2152 dicitur
3431 2093 3541 2151 illis

1943 2192 2003 2238 ut
2031 2183 2380 2255 requiescant
2410 2200 2443 2239 a
2471 2183 2753 2239 laboribus
2798 2182 2931 2238 suis.

2014 2275 2197 2327 Erant
2225 2275 2397 2338 enim,
2451 2280 2557 2329 etc.
2591 2271 2805 2344 (Ηιειι.)
2856 2273 2917 2326 In
2946 2286 3074 2328 arca
3120 2273 3239 2328 Noe
3280 2271 3538 2329 animalia

1944 2373 2066 2428 qua)
2113 2357 2259 2410 intus
2316 2363 2491 2421 erant,
2553 2355 2703 2411 foras
2757 2355 3109 2410 mittebantur
3129 2364 3182 2411 et
3246 2371 3364 2422 quas
3400 2357 3535 2413 foris

1943 2453 2117 2515 erant,
2150 2444 2701 2539 intus‘erumpebant.
2728 2442 2818 2499 Sic
2837 2443 2891 2497 in
2912 2444 3162 2500 Ecclesia
3180 2445 3209 2499 J
3214 2445 3371 2512 udas,
3396 2453 3527 2516 etc.,

1942 2550 2115 2606 usque
2145 2534 2216 2588 ad
2247 2531 2376 2588 tunc
2398 2531 2637 2589 cessabit
2682 2539 2879 2587 ventus
2910 2540 2964 2587 et
2982 2532 3245 2603 procella,
3277 2534 3409 2589 Jesu
3438 2550 3532 2590 se-

1942 2622 2104 2679 dente
2134 2630 2189 2678 et
2216 2630 2482 2695 regnante
2514 2621 2570 2676 in
2597 2620 2725 2677 navi
2745 2661 2760 2691 ,
2793 2636 2915 2693 quae
2946 2629 3030 2678 est
3056 2621 3382 2678 universalis
3413 2622 3528 2680 Ec-

1940 2711 2130 2768 clesia.

2009 2827 2181 2882 Vens.
2217 2830 2305 2883 32.
2336 2855 2406 2867 -
2449 2827 2725 2882 Abierant
2780 2827 2843 2881 in
2899 2823 3117 2884 deserto
3172 2824 3394 2900 (BEDA.)
3424 2828 3532 2886 Pe-

1937 2914 2103 2971 tendo
2132 2914 2480 2970 solitudinem
2510 2913 2674 2969 fidem
2717 2914 3003 2973 turbarum
3048 2930 3119 2970 an
3163 2932 3223 2972 se
3270 2925 3533 2989 sequatur

1936 3003 2205 3075 explorat,
2240 3011 2294 3058 et
2332 3003 2671 3075 exploratam
2702 3002 2872 3077 digna
2899 3004 3157 3061 mercede
3194 3014 3526 3063 remunerat.

1934 3092 2133 3149 Turbae
2169 3101 2352 3148 autem
2380 3109 2489 3148 non
2514 3092 2795 3162 jumentis,
2828 3108 2939 3149 non
2967 3093 3250 3165 vehiculis,
3270 3094 3368 3150 sed
3397 3110 3529 3167 pro-

506 3221 695 3270 narrat
750 3181 1056 3283 Philippum
1106 3211 1329 3280 majoris
1397 3181 1631 3266 Herodis
1663 3210 1832 3267 fuisse
1863 3203 1913 3266 C
1933 3182 2276 3283 Qri9‘lal?°re
2305 3182 2527 3283 Péd‘m?’
2560 3181 2897 3283 ίξθξάθδθηί
2941 3181 3226 3282 επίΡίωῗίζ
3255 3183 3528 3283 δι’δθξυφ

245 3303 406 3360 ﬁlium
436 3311 494 3360 et
524 3303 747 3358 fratrem
776 3301 1012 3357 Herodis
1043 3300 1143 3355 sub
1173 3315 1279 3372 quo
1306 3316 1504 3371 passus
1536 3307 1619 3354 est
1648 3299 1833 3356 Domi-

244 3409 358 3464 nus,
382 3401 439 3450 et
458 3392 684 3448 duxisse
704 3389 1085 3455 Herodiadem,
1120 3386 1287 3443 ﬁliam
1307 3388 1545 3457 Arethae,
1569 3395 1624 3443 et
1641 3396 1834 3459 postea

247 3483 503 3537 Aretham
572 3480 708 3536 ortis
784 3477 1149 3535 simultatibus
1197 3476 1365 3532 ﬁliam
1414 3492 1571 3532 suam
1620 3476 1829 3546 tulisse,

247 3577 297 3625 et
311 3570 522 3626 Herodi
551 3568 772 3624 inimico
819 3565 1051 3638 Philippi
1079 3565 1135 3620 in
1165 3566 1407 3621 dolorem
1435 3564 1606 3636 ipsius
1633 3565 1834 3639 nuptiis

244 3658 547 3731 copulasse.
606 3655 919 3730 Egesippus
981 3654 1071 3711 vel
1112 3655 1382 3726 Josephus
1444 3661 1623 3710 tamen
1669 3654 1835 3727 longe

244 3746 407 3805 aliter.

308 3846 479 3902 Vens.
536 3848 625 3900 18.
676 3872 747 3885 -
793 3844 916 3899 Non
961 3843 1093 3900 licet
1142 3842 1245 3898 tibi
1290 3841 1509 3908 habere,
1545 3848 1649 3897 etc.
1704 3840 1835 3911 (10.)

250 3931 347 4004 Qui
371 3940 598 3993 venerat
626 3933 685 3988 in
714 3931 908 4004 spiritu
937 3939 991 3987 et
1035 3930 1229 3987 virtute
1260 3929 1415 4000 Elius,
1448 3929 1720 3985 Herodem
1749 3944 1835 3983 ar-

249 4024 358 4097 guit
383 4032 439 4080 et
466 4021 853 4087 Herodiadem,
878 4021 1037 4091 sicut,
1071 4028 1198 4091 etc.,
1222 4035 1395 4092 usque
1416 4020 1488 4075 ad
1508 4019 1671 4073 homo
1691 4017 1836 4074 enim

250 4113 314 4167 ad
356 4113 605 4169 laborem
651 4110 907 4179 nascitur,
941 4117 993 4166 et
1021 4108 1194 4166 sancti
1243 4124 1345 4179 per
1372 4115 1604 4163 mortem
1660 4115 1833 4163 trans-

255 4209 371 4257 eunt
396 4203 469 4258 ad
498 4201 764 4274 requiem.

316 4299 486 4355 Vens.
507 4302 600 4355 23.
632 4328 703 4339 -
723 4299 793 4353 Et
805 4297 1047 4369 juravit.
1082 4295 1303 4368 (ΒευΑ.)
1341 4294 1465 4350 Non
1496 4300 1783 4350 excusatur
1803 4308 1838 4349 a

254 4387 478 4459 perjurio
505 4403 606 4459 per
617 4388 1002 4456 juramentum.
1036 4384 1165 4439 Ideo
1193 4383 1340 4439 enim
1369 4382 1507 4439 forte
1521 4382 1745 4453 juravit,
1778 4389 1838 4437 ut

254 4478 589 4533 occasionem
618 4475 886 4532 inveniret
914 4473 1218 4530 occidendi.
1250 4473 1323 4529 Et
1352 4472 1399 4527 si
1426 4472 1516 4528 illa
1545 4471 1713 4543 patris
1744 4478 1837 4527 aut

1934 3270 2270 3325 desiderium
2300 3271 2614 3325 ostendunt.
2648 3271 2857 3325 Rursus
2877 3286 2995 3341 ipse
3052 3271 3374 3343 excipiendo
3403 3271 3528 3328 fati-

1934 3367 2111 3431 gatos,
2145 3359 2393 3414 docendo
2413 3358 2635 3428 inscios,
2662 3358 2909 3413 sanando
2936 3366 3196 3432 aegrotos,
3220 3361 3527 3419 recreando

1927 3446 2146 3517 jejunos
2195 3454 2455 3519 quantum
2497 3447 2788 3505 devotione
2828 3447 3172 3504 credentium
3222 3448 3527 3507 delectetur

1933 3534 2191 3591 insinuat.

2006 3652 2176 3707 Vens.
2211 3654 2298 3706 33.
2331 3680 2401 3692 —
2432 3652 2502 3706 Et
2536 3651 2841 3723 pedestres.
2872 3651 3018 3708 Nota
3047 3652 3175 3724 quia
3210 3668 3322 3709 non
3350 3652 3408 3709 in
3437 3652 3524 3711 al-

1933 3739 2041 3793 iam
2069 3738 2236 3794 maris
2265 3738 2443 3809 ripam
2463 3738 2581 3792 sine
2598 3739 2874 3795 Iordanis
2894 3739 3115 3812 navigio
3134 3750 3524 3811 pervenerunt.

1935 3827 2047 3884 Sed
2075 3826 2304 3883 transito
2335 3826 2519 3899 aliquo
2549 3826 2689 3883 freto
2716 3828 2804 3883 vel
2824 3836 3039 3901 stagno,
3070 3828 3350 3901 proximos
3380 3831 3526 3900 ejus-

1934 3916 2061 3972 dem
2089 3915 2332 3989 regionis
2359 3915 2514 3971 locos
2561 3915 2846 3984 adierunt,
2888 3933 2996 3989 quo
3024 3916 3188 3974 etiam
3237 3918 3525 3992 pedestres

1934 4003 2206 4078 indigenae
2233 4004 2526 4076 pervenire
2566 4012 2880 4076 potuerunt.

2007 4121 2178 4175 Vnns.
2212 4122 2299 4175 31.
2332 4151 2401 4161 -
2432 4122 2501 4176 Et
2529 4123 2800 4177 misertus
2853 4125 2957 4177 est.
2992 4122 3214 4195 (BEDA.)
3237 4121 3525 4193 Quomodo

1933 4208 2190 4263 misertus
2210 4208 2299 4275 sit,
2349 4209 2631 4269 Matthaeus
2676 4209 2891 4281 plenius
2923 4211 3146 4281 exponit
3173 4212 3281 4268 hoc
3317 4212 3523 4269 modo:

1933 4299 2004 4354 Et
2023 4300 2292 4354 misertus
2340 4302 2427 4354 est
2456 4302 2554 4364 eis,
2608 4302 2666 4355 et
2694 4302 2918 4356 curavit
2968 4300 3280 4372 languores'
3304 4316 3520 4358 eorum.

1934 4386 2049 4442 Hoc
2078 4394 2162 4442 est
2189 4386 2336 4441 enim
2364 4401 2665 4458 pauperum
2694 4395 2749 4442 et
2778 4403 2888 4443 non
2908 4388 3225 4443 habentium
3242 4396 3523 4459 pastorem

1932 4475 2205 4531 veraciter
2231 4474 2502 4544 misereri,
2535 4482 2590 4531 et
2617 4475 2763 4530 viam
2790 4475 3033 4531 veritatis
3065 4475 3293 4546 aperire,
3328 4484 3383 4532 et
3399 4476 3520 4533 lan-

252 4566 429 4621 matris
459 4564 735 4621 interitum
763 4563 1115 4637 postulasset,
1138 4577 1248 4619 non
1265 4560 1451 4634 utique
1466 4558 1831 4618 concessisset
1860 4562 1914 4625 D
1936 4563 2133 4636 guidos
2164 4578 2360 4620 curare
2389 4572 2444 4619 et
2474 4562 2693 4633 jejunos
2736 4562 3034 4619 reficiendo
3067 4563 3138 4618 ad
3170 4563 3398 4621 laudem
3427 4582 3518 4621 su-

252 4651 507 4711 Herodes.

319 4751 489 4807 Vnns.
517 4752 610 4809 26.
644 4779 713 4792 -—-
742 4751 821 4805 Et
842 4750 1236 4816 contristatus,
1269 4754 1373 4803 etc.
1408 4747 1540 4820 (10.)
1562 4746 1834 4802 Consueto

251 4853 393 4897 more
422 4839 717 4911 Scriptura;
745 4837 1116 4907 contristatus,
1149 4851 1257 4892 non
1286 4852 1368 4907 re,
1404 4836 1503 4892 sed
1530 4835 1828 4892 multorum

254 4927 519 4999 opinione.
553 4927 707 4983 Sicut
733 4933 787 4982 et
814 4926 933 4997 ipse
953 4926 1177 4997 Ioseph,
1210 4933 1338 4995 etc.,
1370 4941 1544 4999 usque
1564 4924 1636 4981 ad
1655 4931 1714 4980 ut
1734 4923 1833 4979 sub

256 5017 531 5074 occasione
560 5015 778 5089 pietatis
805 5015 1004 5088 impius
1050 5014 1224 5072 ﬁeret.

319 5115 594 5174 Vnns.27.
616 5141 687 5157 -
710 5116 891 5188 Caput
911 5116 1031 5187 ejus
1050 5116 1116 5170 in
1135 5114 1305 5169 disco.
1338 5112 1469 5183 (10.)
1500 5111 1670 5183 Caput
1692 5109 1834 5184 legis

257 5204 386 5275 quod
404 5212 493 5261 est
538 5204 806 5273 Christus,
839 5218 874 5258 a
914 5217 1146 5273 corpore
1175 5200 1530 5267 abscinditur,
1580 5208 1708 5269 etc.,
1730 5215 1832 5256 us-

258 5307 350 5363 que
375 5293 452 5350 ad
478 5292 725 5349 Christus
755 5298 957 5361 autem,
991 5290 1082 5363 qui
1109 5297 1195 5347 est
1221 5289 1311 5346 lux
1339 5288 1547 5358 mundi,
1580 5304 1709 5344 cum
1740 5289 1827 5342 in-

260 5379 454 5452 cipiunt
478 5397 733 5439 crescere
763 5382 899 5438 dies.

323 5478 491 5536 Vns.
514 5483 605 5539 29.
638 5508 709 5521 -
736 5481 807 5536 Et
848 5480 1127 5534 tulerunt.
1178 5473 1597 5547 (In.)Josepbus
1646 5480 1836 5528 narrat

260 5563 509 5625 Joannem
539 5570 798 5637 vinctum,
831 5567 888 5621 in
934 5564 1223 5627 castellum,
1253 5563 1604 5618 Macheronta
1632 5562 1834 5617 adduc-

262 5657 555 5731 tumibique
575 5665 904 5713 truncatum.
924 5651 1308 5711 Ecclesiastica
1326 5659 1513 5707 narrat
1527 5649 1836 5722 historia,in

266 5740 478 5805 Sehaste
503 5745 644 5803 urbe
662 5744 982 5813 Palaestinae,
1003 5758 1126 5817 qua
1145 5741 1289 5799 dicta
1319 5747 1406 5801 est
1441 5738 1713 5815 quondam
1746 5737 1836 5797 Sa-

526 5862 775 5922 Pa'rnon.
803 5858 995 5920 CXIV.

1930 4668 2119 4724 pernae
2148 4652 2418 4725 largitatis
2462 4651 2747 4719 animare;
2782 4667 2905 4724 quae
2948 4651 3235 4724 sequentia
3280 4669 3408 4710 eum
3435 4653 3520 4712 fe-

1932 4740 2076 4798 cisse
2106 4740 2407 4797 declarant.

2003 4839 2175 4895 Vnns.
2206 4842 2295 4893 35.
2328 4867 2397 4879 —
2426 4838 2497 4893 Et
2524 4853 2656 4894 cum
2667 4840 2793 4911 jam
2815 4839 2971 4898 hora.
2995 4838 3096 4895 Die
3117 4838 3388 4898 declinata
3407 4839 3525 4899 Sal-

1932 4934 2091 4984 vator
2136 4926 2323 4982 turbas
2371 4923 2566 4996 reﬁcit,
2601 4926 2729 4997 quia
2776 4927 2864 4983 vel
2902 4926 3008 4984 ﬁne
3056 4928 3244 4986 saeculi
3285 4930 3519 5003 propin-

1930 5023 2148 5088 quante,
2181 5014 2269 5071 vel
2298 5030 2424 5071 cum
2455 5014 2535 5069 sol
2560 5014 2784 5084 justitize
2811 5031 2913 5087 pro
2975 5016 3134 5072 nobis
3179 5018 3457 5092 occubuit,
3488 5035 3522 5077 a

1932 5103 2139 5161 diutina
2170 5102 2428 5174 spiritalis
2456 5102 2655 5159 inediae
2684 5120 2871 5159 sumus
2914 5103 3132 5161 liberati
3180 5106 3347 5165 fame.

1984 5192 2206 5265 (BEDA.)
2235 5191 2511 5248 Christum
2542 5192 2757 5247 deserta
2786 5192 3031 5267 gentium
3076 5203 3352 5265 petentem
3381 5197 3523 5255 mul-

1934 5290 2003 5338 tae
2048 5279 2290 5336 ﬁdelium
2333 5288 2571 5337 catervas
2600 5280 2805 5338 relictis
2836 5282 3107 5338 moenibus
3135 5285 3336 5356 priscas
3381 5302 3521 5345 con-

1932 5369 2279 5439 versationis,
2311 5370 2676 5444 neglectoque
2721 5370 3001 5428 variorum
3043 5372 3363 5447 dogmatum
3384 5392 3521 5448 pra:-

1934 5458 2073 5516 sidio
2091 5500 2106 5529 ,
2134 5466 2437 5530 sequuntur
2460 5501 2475 5529 ,
2508 5466 2564 5515 et
2604 5474 2729 5514 cum
2775 5459 3016 5531 primum
3051 5469 3213 5518 notus
3240 5464 3298 5520 in
3324 5464 3515 5520 Judasa

1934 5548 2101 5619 Deus,
2133 5555 2261 5604 tunc
2288 5547 2556 5603 exaltatus
2584 5555 2668 5604 est
2711 5564 2876 5621 super
2922 5549 3089 5607 caelos
3117 5559 3172 5606 et
3205 5567 3369 5624 super
3395 5564 3518 5607 om-

1933 5652 2060 5694 nem
2093 5644 2298 5693 terram
2318 5635 2497 5710 gloria
2525 5637 2662 5707 ejus.

2005 5725 2179 5785 Vnus.
2212 5727 2301 5783 37.
2323 5755 2392 5769 —
2411 5727 2552 5785 Date
2571 5727 2713 5785 illis.
2737 5725 3007 5784 Provocat
3024 5724 3304 5799 apostolos
3322 5724 3391 5783 ad
3409 5725 3523 5785 fra-

3212 5850 3250 5905 ’7
