  <div class='ocr_page' id='page_1' title='image "/cluster/home/n/w/nwhite01/storage/ocr_20150623/114/hvd.32044052819893/107.png"; bbox 0 0 3932 6178; ppageno 0'>
   <div class='ocr_carea' id='block_1_1' title="bbox 401 355 503 408">
    <p class='ocr_par' dir='ltr' id='par_1_1' title="bbox 401 355 503 408">
     <span class='ocr_line' id='line_1_1' title="bbox 401 355 503 408; baseline -0.02 0"><span class='ocrx_word' id='word_1_1' title='bbox 401 355 503 408; x_wconf 74' lang='grc'>203</span> 
     </span>
    </p>
   </div>
   <div class='ocr_carea' id='block_1_2' title="bbox 950 309 3192 415">
    <p class='ocr_par' dir='ltr' id='par_1_2' title="bbox 950 309 3192 415">
     <span class='ocr_line' id='line_1_2' title="bbox 950 309 3192 415; baseline 0.002 -7"><span class='ocrx_word' id='word_1_2' title='bbox 950 309 1352 408; x_wconf 67' lang='lat' dir='ltr'>WALAP‘RIDI</span> <span class='ocrx_word' id='word_1_3' title='bbox 1391 353 1633 409; x_wconf 81' lang='lat' dir='ltr'><strong>STRABI</strong></span> <span class='ocrx_word' id='word_1_4' title='bbox 1671 351 1870 408; x_wconf 84' lang='lat' dir='ltr'>FULD.</span> <span class='ocrx_word' id='word_1_5' title='bbox 1912 353 2082 409; x_wconf 87' lang='lat' dir='ltr'>MON.</span> <span class='ocrx_word' id='word_1_6' title='bbox 2127 355 2278 410; x_wconf 85' lang='lat' dir='ltr'>OPP.</span> <span class='ocrx_word' id='word_1_7' title='bbox 2321 357 2496 414; x_wconf 83' lang='lat' dir='ltr'>PARS</span> <span class='ocrx_word' id='word_1_8' title='bbox 2534 358 2575 412; x_wconf 85' lang='grc' dir='ltr'><strong>Ι.</strong></span> <span class='ocrx_word' id='word_1_9' title='bbox 2617 387 2686 400; x_wconf 90' lang='grc'><strong>-</strong></span> <span class='ocrx_word' id='word_1_10' title='bbox 2723 357 3192 415; x_wconf 81' lang='lat' dir='ltr'>THEOLOGICA.</span> 
     </span>
    </p>
   </div>
   <div class='ocr_carea' id='block_1_3' title="bbox 2553 151 2577 182">
    <p class='ocr_par' dir='ltr' id='par_1_3' title="bbox 2553 151 2577 182">
     <span class='ocr_line' id='line_1_3' title="bbox 2553 151 2577 182; baseline 0 0"><span class='ocrx_word' id='word_1_11' title='bbox 2553 151 2577 182; x_wconf 92' lang='lat' dir='ltr'><em>I</em></span> 
     </span>
    </p>
   </div>
   <div class='ocr_carea' id='block_1_4' title="bbox 3594 361 3705 415">
    <p class='ocr_par' dir='ltr' id='par_1_4' title="bbox 3594 361 3705 415">
     <span class='ocr_line' id='line_1_4' title="bbox 3594 361 3705 415; baseline 0 0"><span class='ocrx_word' id='word_1_12' title='bbox 3594 361 3705 415; x_wconf 74' lang='grc'>204</span> 
     </span>
    </p>
   </div>
   <div class='ocr_carea' id='block_1_5' title="bbox 407 475 3699 574">
    <p class='ocr_par' dir='ltr' id='par_1_5' title="bbox 407 475 3699 574">
     <span class='ocr_line' id='line_1_5' title="bbox 407 475 3699 574; baseline 0 -44"><span class='ocrx_word' id='word_1_13' title='bbox 407 475 642 530; x_wconf 90' lang='lat' dir='ltr'>ctionem</span> <span class='ocrx_word' id='word_1_14' title='bbox 682 475 870 544; x_wconf 89' lang='lat' dir='ltr'>panis,</span> <span class='ocrx_word' id='word_1_15' title='bbox 901 484 958 530; x_wconf 91' lang='lat' dir='ltr'>ut</span> <span class='ocrx_word' id='word_1_16' title='bbox 992 476 1102 529; x_wconf 84' lang='lat' dir='ltr'>illis</span> <span class='ocrx_word' id='word_1_17' title='bbox 1144 493 1203 530; x_wconf 90' lang='lat' dir='ltr'>se</span> <span class='ocrx_word' id='word_1_18' title='bbox 1243 491 1350 531; x_wconf 91' lang='lat' dir='ltr'>non</span> <span class='ocrx_word' id='word_1_19' title='bbox 1403 476 1610 532; x_wconf 90' lang='lat' dir='ltr'>habere</span> <span class='ocrx_word' id='word_1_20' title='bbox 1640 477 1989 542; x_wconf 75' lang='lat' dir='ltr'>testantibus,</span> <span class='ocrx_word' id='word_1_21' title='bbox 2020 479 2076 538; x_wconf 84' lang='lat' dir='ltr'><strong>A</strong></span> <span class='ocrx_word' id='word_1_22' title='bbox 2108 497 2191 552; x_wconf 71' lang='lat' dir='ltr'>bis</span> <span class='ocrx_word' id='word_1_23' title='bbox 2221 505 2276 551; x_wconf 69' lang='grc' dir='ltr'>ιη</span> <span class='ocrx_word' id='word_1_24' title='bbox 2307 497 2361 551; x_wconf 71' lang='lat' dir='ltr'>in</span> <span class='ocrx_word' id='word_1_25' title='bbox 2381 499 2634 554; x_wconf 69' lang='lat' dir='ltr'>omnibus</span> <span class='ocrx_word' id='word_1_26' title='bbox 2673 501 2831 555; x_wconf 66' lang='lat' dir='ltr'>bonis</span> <span class='ocrx_word' id='word_1_27' title='bbox 2861 517 2981 572; x_wconf 57' lang='lat' dir='ltr'>qua,</span> <span class='ocrx_word' id='word_1_28' title='bbox 3013 502 3230 574; x_wconf 68' lang='lat' dir='ltr'>agimus</span> <span class='ocrx_word' id='word_1_29' title='bbox 3259 501 3485 556; x_wconf 67' lang='lat' dir='ltr'>humani</span> <span class='ocrx_word' id='word_1_30' title='bbox 3533 500 3699 557; x_wconf 55' lang='grc' dir='ltr'>ίδνο,</span> 
     </span>
    </p>
   </div>
   <div class='ocr_carea' id='block_1_6' title="bbox 406 563 2001 636">
    <p class='ocr_par' dir='ltr' id='par_1_6' title="bbox 406 563 2001 636">
     <span class='ocr_line' id='line_1_6' title="bbox 406 563 2001 636; baseline 0.001 -19"><span class='ocrx_word' id='word_1_31' title='bbox 406 563 782 636; x_wconf 87' lang='lat' dir='ltr'>magnitudine</span> <span class='ocrx_word' id='word_1_32' title='bbox 826 563 968 636; x_wconf 85' lang='lat' dir='ltr'>signi</span> <span class='ocrx_word' id='word_1_33' title='bbox 1009 573 1334 620; x_wconf 82' lang='lat' dir='ltr'>notesceret.</span> <span class='ocrx_word' id='word_1_34' title='bbox 1386 565 1454 618; x_wconf 90' lang='lat' dir='ltr'>Et</span> <span class='ocrx_word' id='word_1_35' title='bbox 1498 565 1818 635; x_wconf 82' lang='lat' dir='ltr'>insinuans,</span> <span class='ocrx_word' id='word_1_36' title='bbox 1872 565 2001 636; x_wconf 86' lang='lat' dir='ltr'>quia</span> 
     </span>
    </p>
   </div>
   <div class='ocr_carea' id='block_1_7' title="bbox 413 651 1987 723">
    <p class='ocr_par' dir='ltr' id='par_1_7' title="bbox 413 651 1987 723">
     <span class='ocr_line' id='line_1_7' title="bbox 413 651 1987 723; baseline 0.001 -17"><span class='ocrx_word' id='word_1_37' title='bbox 413 651 652 723; x_wconf 88' lang='lat' dir='ltr'>quotidie</span> <span class='ocrx_word' id='word_1_38' title='bbox 699 668 799 722; x_wconf 90' lang='lat' dir='ltr'>per</span> <span class='ocrx_word' id='word_1_39' title='bbox 848 667 944 707; x_wconf 92' lang='lat' dir='ltr'>eos</span> <span class='ocrx_word' id='word_1_40' title='bbox 968 653 1153 722; x_wconf 87' lang='lat' dir='ltr'>jejuna</span> <span class='ocrx_word' id='word_1_41' title='bbox 1180 653 1348 708; x_wconf 92' lang='lat' dir='ltr'>corda</span> <span class='ocrx_word' id='word_1_42' title='bbox 1378 661 1503 707; x_wconf 91' lang='lat' dir='ltr'>sunt</span> <span class='ocrx_word' id='word_1_43' title='bbox 1533 654 1829 723; x_wconf 89' lang='lat' dir='ltr'>pascenda,</span> <span class='ocrx_word' id='word_1_44' title='bbox 1863 669 1987 709; x_wconf 92' lang='lat' dir='ltr'>cum</span> 
     </span>
    </p>
   </div>
   <div class='ocr_carea' id='block_1_8' title="bbox 405 740 2002 810">
    <p class='ocr_par' dir='ltr' id='par_1_8' title="bbox 405 740 2002 810">
     <span class='ocr_line' id='line_1_8' title="bbox 405 740 2002 810; baseline 0.001 -16"><span class='ocrx_word' id='word_1_45' title='bbox 405 755 591 795; x_wconf 89' lang='lat' dir='ltr'>eorum</span> <span class='ocrx_word' id='word_1_46' title='bbox 622 740 886 810; x_wconf 87' lang='lat' dir='ltr'>exemplis</span> <span class='ocrx_word' id='word_1_47' title='bbox 918 740 1003 796; x_wconf 85' lang='lat' dir='ltr'>vel</span> <span class='ocrx_word' id='word_1_48' title='bbox 1045 741 1227 795; x_wconf 84' lang='lat' dir='ltr'>verbis</span> <span class='ocrx_word' id='word_1_49' title='bbox 1258 741 1326 794; x_wconf 91' lang='lat' dir='ltr'>ad</span> <span class='ocrx_word' id='word_1_50' title='bbox 1356 742 1590 796; x_wconf 90' lang='lat' dir='ltr'>amanda</span> <span class='ocrx_word' id='word_1_51' title='bbox 1619 742 1863 797; x_wconf 74' lang='lat' dir='ltr'>ctelestia</span> <span class='ocrx_word' id='word_1_52' title='bbox 1881 759 2002 796; x_wconf 93' lang='lat' dir='ltr'>sus-</span> 
     </span>
    </p>
   </div>
   <div class='ocr_carea' id='block_1_9' title="bbox 404 827 2002 899">
    <p class='ocr_par' dir='ltr' id='par_1_9' title="bbox 404 827 2002 899">
     <span class='ocr_line' id='line_1_9' title="bbox 404 827 2002 899; baseline -0.001 -13"><span class='ocrx_word' id='word_1_53' title='bbox 404 831 652 886; x_wconf 87' lang='lat' dir='ltr'>citamur.</span> <span class='ocrx_word' id='word_1_54' title='bbox 709 829 1047 894; x_wconf 87' lang='lat' dir='ltr'>Notandum,</span> <span class='ocrx_word' id='word_1_55' title='bbox 1083 827 1226 899; x_wconf 87' lang='lat' dir='ltr'>quod</span> <span class='ocrx_word' id='word_1_56' title='bbox 1263 829 1368 885; x_wconf 88' lang='lat' dir='ltr'>hoc</span> <span class='ocrx_word' id='word_1_57' title='bbox 1425 846 1627 899; x_wconf 89' lang='lat' dir='ltr'>panum</span> <span class='ocrx_word' id='word_1_58' title='bbox 1676 830 2002 885; x_wconf 90' lang='lat' dir='ltr'>miraculum</span> 
     </span>
    </p>
   </div>
   <div class='ocr_carea' id='block_1_10' title="bbox 405 917 2001 989">
    <p class='ocr_par' dir='ltr' id='par_1_10' title="bbox 405 917 2001 989">
     <span class='ocr_line' id='line_1_10' title="bbox 405 917 2001 989; baseline -0.001 -14"><span class='ocrx_word' id='word_1_59' title='bbox 405 920 644 975; x_wconf 83' lang='lat' dir='ltr'>Joannes</span> <span class='ocrx_word' id='word_1_60' title='bbox 675 918 998 987; x_wconf 89' lang='lat' dir='ltr'>scripturus,</span> <span class='ocrx_word' id='word_1_61' title='bbox 1033 917 1313 988; x_wconf 66' lang='lat' dir='ltr'>praemisit,</span> <span class='ocrx_word' id='word_1_62' title='bbox 1347 918 1492 989; x_wconf 90' lang='lat' dir='ltr'>quod</span> <span class='ocrx_word' id='word_1_63' title='bbox 1521 918 1830 988; x_wconf 82' lang='lat' dir='ltr'>proximum</span> <span class='ocrx_word' id='word_1_64' title='bbox 1853 927 2001 976; x_wconf 85' lang='lat' dir='ltr'>esset</span> 
     </span>
    </p>
   </div>
   <div class='ocr_carea' id='block_1_11' title="bbox 419 1006 2000 1074">
    <p class='ocr_par' dir='ltr' id='par_1_11' title="bbox 419 1006 2000 1074">
     <span class='ocr_line' id='line_1_11' title="bbox 419 1006 2000 1074; baseline 0.001 -13"><span class='ocrx_word' id='word_1_65' title='bbox 419 1007 651 1063; x_wconf 87' lang='lat' dir='ltr'>Pascha.</span> <span class='ocrx_word' id='word_1_66' title='bbox 686 1007 970 1060; x_wconf 86' lang='lat' dir='ltr'>Matthaeus</span> <span class='ocrx_word' id='word_1_67' title='bbox 997 1006 1277 1061; x_wconf 87' lang='lat' dir='ltr'>etMarcus</span> <span class='ocrx_word' id='word_1_68' title='bbox 1306 1007 1431 1072; x_wconf 92' lang='lat' dir='ltr'>hoc,</span> <span class='ocrx_word' id='word_1_69' title='bbox 1463 1006 1745 1062; x_wconf 87' lang='lat' dir='ltr'>interfecto</span> <span class='ocrx_word' id='word_1_70' title='bbox 1773 1009 2000 1074; x_wconf 87' lang='lat' dir='ltr'>Joanne,</span> 
     </span>
    </p>
   </div>
   <div class='ocr_carea' id='block_1_12' title="bbox 405 1093 2001 1167">
    <p class='ocr_par' dir='ltr' id='par_1_12' title="bbox 405 1093 2001 1167">
     <span class='ocr_line' id='line_1_12' title="bbox 405 1093 2001 1167; baseline -0.001 -16"><span class='ocrx_word' id='word_1_71' title='bbox 405 1095 661 1151; x_wconf 89' lang='lat' dir='ltr'>continuo</span> <span class='ocrx_word' id='word_1_72' title='bbox 692 1110 816 1150; x_wconf 88' lang='lat' dir='ltr'>esse</span> <span class='ocrx_word' id='word_1_73' title='bbox 864 1093 1064 1150; x_wconf 86' lang='lat' dir='ltr'>factum</span> <span class='ocrx_word' id='word_1_74' title='bbox 1096 1093 1284 1150; x_wconf 90' lang='lat' dir='ltr'>dicunt</span> <span class='ocrx_word' id='word_1_75' title='bbox 1314 1111 1327 1149; x_wconf 91' lang='lat'>:</span> <span class='ocrx_word' id='word_1_76' title='bbox 1361 1095 1505 1150; x_wconf 89' lang='lat' dir='ltr'>unde</span> <span class='ocrx_word' id='word_1_77' title='bbox 1534 1095 1811 1167; x_wconf 89' lang='lat' dir='ltr'>colligitur</span> <span class='ocrx_word' id='word_1_78' title='bbox 1835 1098 2001 1152; x_wconf 86' lang='lat' dir='ltr'>Joan—</span> 
     </span>
    </p>
   </div>
   <div class='ocr_carea' id='block_1_13' title="bbox 403 1182 2003 1254">
    <p class='ocr_par' dir='ltr' id='par_1_13' title="bbox 403 1182 2003 1254">
     <span class='ocr_line' id='line_1_13' title="bbox 403 1182 2003 1254; baseline 0.003 -16"><span class='ocrx_word' id='word_1_79' title='bbox 403 1199 528 1240; x_wconf 90' lang='lat' dir='ltr'>nem</span> <span class='ocrx_word' id='word_1_80' title='bbox 559 1182 876 1238; x_wconf 87' lang='lat' dir='ltr'>imminente</span> <span class='ocrx_word' id='word_1_81' title='bbox 907 1183 1115 1238; x_wconf 88' lang='lat' dir='ltr'>Pascha</span> <span class='ocrx_word' id='word_1_82' title='bbox 1139 1182 1310 1238; x_wconf 89' lang='lat' dir='ltr'>fuisse</span> <span class='ocrx_word' id='word_1_83' title='bbox 1335 1182 1686 1254; x_wconf 89' lang='lat' dir='ltr'>decollatum,</span> <span class='ocrx_word' id='word_1_84' title='bbox 1713 1192 1766 1241; x_wconf 92' lang='lat' dir='ltr'>et</span> <span class='ocrx_word' id='word_1_85' title='bbox 1791 1185 1898 1242; x_wconf 89' lang='lat' dir='ltr'>alio</span> <span class='ocrx_word' id='word_1_86' title='bbox 1921 1201 2003 1242; x_wconf 91' lang='lat' dir='ltr'>se-</span> 
     </span>
    </p>
   </div>
   <div class='ocr_carea' id='block_1_14' title="bbox 399 1270 1522 1345">
    <p class='ocr_par' dir='ltr' id='par_1_14' title="bbox 399 1270 1522 1345">
     <span class='ocr_line' id='line_1_14' title="bbox 399 1270 1522 1345; baseline 0 -17"><span class='ocrx_word' id='word_1_87' title='bbox 399 1279 598 1345; x_wconf 89' lang='lat' dir='ltr'>quente</span> <span class='ocrx_word' id='word_1_88' title='bbox 628 1272 836 1328; x_wconf 85' lang='lat' dir='ltr'>Pascha</span> <span class='ocrx_word' id='word_1_89' title='bbox 861 1270 1182 1328; x_wconf 85' lang='lat' dir='ltr'>cruxiﬁxum</span> <span class='ocrx_word' id='word_1_90' title='bbox 1208 1271 1522 1328; x_wconf 90' lang='lat' dir='ltr'>Dominum.</span> 
     </span>
    </p>
   </div>
   <div class='ocr_carea' id='block_1_15' title="bbox 469 1384 1996 1460">
    <p class='ocr_par' dir='ltr' id='par_1_15' title="bbox 469 1384 1996 1460">
     <span class='ocr_line' id='line_1_15' title="bbox 469 1384 1996 1460; baseline 0.001 -17"><span class='ocrx_word' id='word_1_91' title='bbox 469 1387 643 1443; x_wconf 94' lang='lat' dir='ltr'>Vens.</span> <span class='ocrx_word' id='word_1_92' title='bbox 689 1391 778 1441; x_wconf 90' lang='lat'>38.</span> <span class='ocrx_word' id='word_1_93' title='bbox 812 1416 882 1426; x_wconf 91' lang='lat'>—</span> <span class='ocrx_word' id='word_1_94' title='bbox 932 1385 1204 1458; x_wconf 80' lang='lat' dir='ltr'>Quinque.</span> <span class='ocrx_word' id='word_1_95' title='bbox 1251 1385 1474 1458; x_wconf 74' lang='lat' dir='ltr'>(BBDA.)</span> <span class='ocrx_word' id='word_1_96' title='bbox 1519 1384 1778 1460; x_wconf 88' lang='lat' dir='ltr'>Quinque</span> <span class='ocrx_word' id='word_1_97' title='bbox 1805 1404 1996 1460; x_wconf 89' lang='lat' dir='ltr'>panes,</span> 
     </span>
    </p>
   </div>
   <div class='ocr_carea' id='block_1_16' title="bbox 395 1473 2003 1548">
    <p class='ocr_par' dir='ltr' id='par_1_16' title="bbox 395 1473 2003 1548">
     <span class='ocr_line' id='line_1_16' title="bbox 395 1473 2003 1548; baseline 0.002 -19"><span class='ocrx_word' id='word_1_98' title='bbox 395 1475 636 1548; x_wconf 91' lang='lat' dir='ltr'>quinque</span> <span class='ocrx_word' id='word_1_99' title='bbox 668 1475 924 1530; x_wconf 69' lang='lat' dir='ltr'>Mosaicae</span> <span class='ocrx_word' id='word_1_100' title='bbox 943 1474 1084 1548; x_wconf 83' lang='lat' dir='ltr'>legis</span> <span class='ocrx_word' id='word_1_101' title='bbox 1115 1473 1259 1545; x_wconf 88' lang='lat' dir='ltr'>libri,</span> <span class='ocrx_word' id='word_1_102' title='bbox 1296 1475 1504 1547; x_wconf 90' lang='lat' dir='ltr'>quibus</span> <span class='ocrx_word' id='word_1_103' title='bbox 1533 1475 1733 1532; x_wconf 68' lang='lat' dir='ltr'>divinze</span> <span class='ocrx_word' id='word_1_104' title='bbox 1783 1477 2003 1533; x_wconf 62' lang='lat' dir='ltr'>aeterni-</span> 
     </span>
    </p>
   </div>
   <div class='ocr_carea' id='block_1_17' title="bbox 398 1562 2004 1636">
    <p class='ocr_par' dir='ltr' id='par_1_17' title="bbox 398 1562 2004 1636">
     <span class='ocr_line' id='line_1_17' title="bbox 398 1562 2004 1636; baseline 0.001 -18"><span class='ocrx_word' id='word_1_105' title='bbox 398 1563 525 1619; x_wconf 89' lang='lat' dir='ltr'>tatis</span> <span class='ocrx_word' id='word_1_106' title='bbox 555 1562 814 1636; x_wconf 84' lang='lat' dir='ltr'>cognitio,</span> <span class='ocrx_word' id='word_1_107' title='bbox 835 1563 1022 1618; x_wconf 90' lang='lat' dir='ltr'>mundi</span> <span class='ocrx_word' id='word_1_108' title='bbox 1058 1562 1283 1631; x_wconf 88' lang='lat' dir='ltr'>creatio,</span> <span class='ocrx_word' id='word_1_109' title='bbox 1308 1579 1522 1620; x_wconf 88' lang='lat' dir='ltr'>cursus</span> <span class='ocrx_word' id='word_1_110' title='bbox 1545 1564 1779 1620; x_wconf 88' lang='lat' dir='ltr'>labentis</span> <span class='ocrx_word' id='word_1_111' title='bbox 1801 1565 2004 1633; x_wconf 69' lang='lat' dir='ltr'>saeculi,</span> 
     </span>
    </p>
   </div>
   <div class='ocr_carea' id='block_1_18' title="bbox 399 1651 2000 1727">
    <p class='ocr_par' dir='ltr' id='par_1_18' title="bbox 399 1651 2000 1727">
     <span class='ocr_line' id='line_1_18' title="bbox 399 1651 2000 1727; baseline -0.001 -18"><span class='ocrx_word' id='word_1_112' title='bbox 399 1660 454 1710; x_wconf 91' lang='lat' dir='ltr'>et</span> <span class='ocrx_word' id='word_1_113' title='bbox 482 1668 612 1708; x_wconf 90' lang='lat' dir='ltr'>vera</span> <span class='ocrx_word' id='word_1_114' title='bbox 640 1653 755 1708; x_wconf 89' lang='lat' dir='ltr'>Deo</span> <span class='ocrx_word' id='word_1_115' title='bbox 781 1651 1055 1708; x_wconf 86' lang='lat' dir='ltr'>serviendi</span> <span class='ocrx_word' id='word_1_116' title='bbox 1083 1651 1308 1725; x_wconf 82' lang='lat' dir='ltr'>religio,</span> <span class='ocrx_word' id='word_1_117' title='bbox 1341 1659 1470 1721; x_wconf 90' lang='lat' dir='ltr'>etc.,</span> <span class='ocrx_word' id='word_1_118' title='bbox 1501 1670 1679 1727; x_wconf 77' lang='lat' dir='ltr'>usque</span> <span class='ocrx_word' id='word_1_119' title='bbox 1709 1654 1783 1711; x_wconf 89' lang='lat' dir='ltr'>ad</span> <span class='ocrx_word' id='word_1_120' title='bbox 1815 1655 1885 1709; x_wconf 89' lang='lat' dir='ltr'>ad</span> <span class='ocrx_word' id='word_1_121' title='bbox 1911 1654 2000 1709; x_wconf 91' lang='lat' dir='ltr'>ul-</span> 
     </span>
    </p>
   </div>
   <div class='ocr_carea' id='block_1_19' title="bbox 399 1741 2007 1812">
    <p class='ocr_par' dir='ltr' id='par_1_19' title="bbox 399 1741 2007 1812">
     <span class='ocr_line' id='line_1_19' title="bbox 399 1741 2007 1812; baseline 0.003 -17"><span class='ocrx_word' id='word_1_122' title='bbox 399 1741 588 1796; x_wconf 89' lang='lat' dir='ltr'>timum</span> <span class='ocrx_word' id='word_1_123' title='bbox 629 1756 763 1798; x_wconf 88' lang='lat' dir='ltr'>vero</span> <span class='ocrx_word' id='word_1_124' title='bbox 798 1755 1002 1812; x_wconf 89' lang='lat' dir='ltr'>magno</span> <span class='ocrx_word' id='word_1_125' title='bbox 1047 1757 1275 1796; x_wconf 90' lang='lat' dir='ltr'>munere</span> <span class='ocrx_word' id='word_1_126' title='bbox 1322 1741 1416 1797; x_wconf 88' lang='lat' dir='ltr'>dat</span> <span class='ocrx_word' id='word_1_127' title='bbox 1441 1741 1633 1799; x_wconf 87' lang='lat' dir='ltr'>electis</span> <span class='ocrx_word' id='word_1_128' title='bbox 1665 1750 1722 1798; x_wconf 91' lang='lat' dir='ltr'>ut</span> <span class='ocrx_word' id='word_1_129' title='bbox 1755 1743 1920 1800; x_wconf 85' lang='lat' dir='ltr'>edant</span> <span class='ocrx_word' id='word_1_130' title='bbox 1952 1753 2007 1800; x_wconf 92' lang='lat' dir='ltr'>et</span> 
     </span>
    </p>
   </div>
   <div class='ocr_carea' id='block_1_20' title="bbox 398 1829 1698 1904">
    <p class='ocr_par' dir='ltr' id='par_1_20' title="bbox 398 1829 1698 1904">
     <span class='ocr_line' id='line_1_20' title="bbox 398 1829 1698 1904; baseline 0.002 -19"><span class='ocrx_word' id='word_1_131' title='bbox 398 1830 586 1886; x_wconf 85' lang='lat' dir='ltr'>bibant</span> <span class='ocrx_word' id='word_1_132' title='bbox 609 1847 776 1902; x_wconf 89' lang='lat' dir='ltr'>super</span> <span class='ocrx_word' id='word_1_133' title='bbox 802 1846 1048 1886; x_wconf 90' lang='lat' dir='ltr'>mensam</span> <span class='ocrx_word' id='word_1_134' title='bbox 1077 1845 1232 1886; x_wconf 90' lang='lat' dir='ltr'>suam</span> <span class='ocrx_word' id='word_1_135' title='bbox 1262 1829 1319 1886; x_wconf 91' lang='lat' dir='ltr'>in</span> <span class='ocrx_word' id='word_1_136' title='bbox 1347 1846 1522 1904; x_wconf 89' lang='lat' dir='ltr'>regno</span> <span class='ocrx_word' id='word_1_137' title='bbox 1579 1847 1698 1887; x_wconf 92' lang='lat' dir='ltr'>suo.</span> 
     </span>
    </p>
   </div>
   <div class='ocr_carea' id='block_1_21' title="bbox 465 1945 1997 2018">
    <p class='ocr_par' dir='ltr' id='par_1_21' title="bbox 465 1945 1997 2018">
     <span class='ocr_line' id='line_1_21' title="bbox 465 1945 1997 2018; baseline -0.001 -17"><span class='ocrx_word' id='word_1_138' title='bbox 465 1945 638 2001; x_wconf 90' lang='lat' dir='ltr'>Vens.</span> <span class='ocrx_word' id='word_1_139' title='bbox 685 1949 774 2001; x_wconf 86' lang='lat'>39.</span> <span class='ocrx_word' id='word_1_140' title='bbox 815 1975 884 1985; x_wconf 95' lang='lat'><strong><em>—</em></strong></span> <span class='ocrx_word' id='word_1_141' title='bbox 931 1945 1252 2002; x_wconf 85' lang='lat' dir='ltr'>Secundum</span> <span class='ocrx_word' id='word_1_142' title='bbox 1296 1947 1689 2003; x_wconf 82' lang='lat' dir='ltr'>contubernia.</span> <span class='ocrx_word' id='word_1_143' title='bbox 1726 1945 1859 2018; x_wconf 79' lang='lat'>(11).)</span> <span class='ocrx_word' id='word_1_144' title='bbox 1893 1945 1997 2000; x_wconf 90' lang='lat' dir='ltr'>Di-</span> 
     </span>
    </p>
   </div>
   <div class='ocr_carea' id='block_1_22' title="bbox 399 2033 2001 2105">
    <p class='ocr_par' dir='ltr' id='par_1_22' title="bbox 399 2033 2001 2105">
     <span class='ocr_line' id='line_1_22' title="bbox 399 2033 2001 2105; baseline -0.002 -14"><span class='ocrx_word' id='word_1_145' title='bbox 399 2034 545 2091; x_wconf 89' lang='lat' dir='ltr'>versi</span> <span class='ocrx_word' id='word_1_146' title='bbox 576 2033 904 2099; x_wconf 90' lang='lat' dir='ltr'>discubitus,</span> <span class='ocrx_word' id='word_1_147' title='bbox 956 2033 1193 2090; x_wconf 84' lang='lat' dir='ltr'>distincti</span> <span class='ocrx_word' id='word_1_148' title='bbox 1239 2033 1459 2090; x_wconf 88' lang='lat' dir='ltr'>ordines</span> <span class='ocrx_word' id='word_1_149' title='bbox 1513 2034 1872 2092; x_wconf 88' lang='lat' dir='ltr'>ecclesiarum</span> <span class='ocrx_word' id='word_1_150' title='bbox 1910 2033 2001 2105; x_wconf 92' lang='lat' dir='ltr'>qui</span> 
     </span>
    </p>
   </div>
   <div class='ocr_carea' id='block_1_23' title="bbox 399 2121 1172 2180">
    <p class='ocr_par' dir='ltr' id='par_1_23' title="bbox 399 2121 1172 2180">
     <span class='ocr_line' id='line_1_23' title="bbox 399 2121 1172 2180; baseline -0.001 -1"><span class='ocrx_word' id='word_1_151' title='bbox 399 2138 564 2180; x_wconf 90' lang='lat' dir='ltr'>unam</span> <span class='ocrx_word' id='word_1_152' title='bbox 589 2122 911 2179; x_wconf 87' lang='lat' dir='ltr'>catholicam</span> <span class='ocrx_word' id='word_1_153' title='bbox 950 2121 1172 2178; x_wconf 89' lang='lat' dir='ltr'>faciunt.</span> 
     </span>
    </p>
   </div>
   <div class='ocr_carea' id='block_1_24' title="bbox 458 2239 2002 2313">
    <p class='ocr_par' dir='ltr' id='par_1_24' title="bbox 458 2239 2002 2313">
     <span class='ocr_line' id='line_1_24' title="bbox 458 2239 2002 2313; baseline -0.003 -18"><span class='ocrx_word' id='word_1_154' title='bbox 458 2239 631 2295; x_wconf 89' lang='lat' dir='ltr'>Vens.</span> <span class='ocrx_word' id='word_1_155' title='bbox 661 2239 750 2294; x_wconf 77' lang='grc'>40.</span> <span class='ocrx_word' id='word_1_156' title='bbox 783 2267 854 2278; x_wconf 90' lang='grc'><strong><em>-</em></strong></span> <span class='ocrx_word' id='word_1_157' title='bbox 879 2239 990 2294; x_wconf 87' lang='lat' dir='ltr'>Per</span> <span class='ocrx_word' id='word_1_158' title='bbox 1020 2241 1290 2295; x_wconf 81' lang='lat' dir='ltr'>centenos</span> <span class='ocrx_word' id='word_1_159' title='bbox 1321 2244 1378 2294; x_wconf 90' lang='lat' dir='ltr'>et</span> <span class='ocrx_word' id='word_1_160' title='bbox 1409 2242 1852 2313; x_wconf 78' lang='lat' dir='ltr'>quinquagenos.</span> <span class='ocrx_word' id='word_1_161' title='bbox 1902 2239 2002 2293; x_wconf 90' lang='lat' dir='ltr'>Per</span> 
     </span>
    </p>
   </div>
   <div class='ocr_carea' id='block_1_25' title="bbox 398 2325 2003 2402">
    <p class='ocr_par' dir='ltr' id='par_1_25' title="bbox 398 2325 2003 2402">
     <span class='ocr_line' id='line_1_25' title="bbox 398 2325 2003 2402; baseline -0.001 -20"><span class='ocrx_word' id='word_1_162' title='bbox 398 2327 794 2402; x_wconf 79' lang='lat' dir='ltr'>quinquaginta</span> <span class='ocrx_word' id='word_1_163' title='bbox 807 2325 1015 2395; x_wconf 68' lang='lat' dir='ltr'>jubilzei</span> <span class='ocrx_word' id='word_1_164' title='bbox 1031 2326 1265 2398; x_wconf 87' lang='lat' dir='ltr'>requies.</span> <span class='ocrx_word' id='word_1_165' title='bbox 1289 2325 1798 2401; x_wconf 89' lang='lat' dir='ltr'>Quinquagenarius</span> <span class='ocrx_word' id='word_1_166' title='bbox 1821 2335 2003 2382; x_wconf 90' lang='lat' dir='ltr'>autem</span> 
     </span>
    </p>
   </div>
   <div class='ocr_carea' id='block_1_26' title="bbox 400 2414 2006 2488">
    <p class='ocr_par' dir='ltr' id='par_1_26' title="bbox 400 2414 2006 2488">
     <span class='ocr_line' id='line_1_26' title="bbox 400 2414 2006 2488; baseline -0.001 -18"><span class='ocrx_word' id='word_1_167' title='bbox 400 2417 485 2471; x_wconf 89' lang='lat' dir='ltr'>bis</span> <span class='ocrx_word' id='word_1_168' title='bbox 511 2417 700 2471; x_wconf 91' lang='lat' dir='ltr'>ductus</span> <span class='ocrx_word' id='word_1_169' title='bbox 721 2423 935 2471; x_wconf 91' lang='lat' dir='ltr'>centum</span> <span class='ocrx_word' id='word_1_170' title='bbox 960 2414 1085 2469; x_wconf 85' lang='lat' dir='ltr'>facit</span> <span class='ocrx_word' id='word_1_171' title='bbox 1107 2432 1123 2482; x_wconf 89' lang='lat'><strong>;</strong></span> <span class='ocrx_word' id='word_1_172' title='bbox 1156 2423 1208 2469; x_wconf 92' lang='lat' dir='ltr'>ct</span> <span class='ocrx_word' id='word_1_173' title='bbox 1229 2414 1352 2472; x_wconf 90' lang='lat' dir='ltr'>ideo</span> <span class='ocrx_word' id='word_1_174' title='bbox 1371 2417 1649 2488; x_wconf 90' lang='lat' dir='ltr'>utriusque</span> <span class='ocrx_word' id='word_1_175' title='bbox 1671 2415 1867 2488; x_wconf 89' lang='lat' dir='ltr'>quietis</span> <span class='ocrx_word' id='word_1_176' title='bbox 1887 2430 2006 2488; x_wconf 88' lang='lat' dir='ltr'>per-</span> 
     </span>
    </p>
   </div>
   <div class='ocr_carea' id='block_1_27' title="bbox 409 2502 2003 2576">
    <p class='ocr_par' dir='ltr' id='par_1_27' title="bbox 409 2502 2003 2576">
     <span class='ocr_line' id='line_1_27' title="bbox 409 2502 2003 2576; baseline -0.001 -17"><span class='ocrx_word' id='word_1_177' title='bbox 409 2505 700 2561; x_wconf 89' lang='lat' dir='ltr'>fectionem</span> <span class='ocrx_word' id='word_1_178' title='bbox 722 2502 1012 2575; x_wconf 89' lang='lat' dir='ltr'>signiﬁcat,</span> <span class='ocrx_word' id='word_1_179' title='bbox 1046 2503 1272 2570; x_wconf 86' lang='lat' dir='ltr'>scilicet,</span> <span class='ocrx_word' id='word_1_180' title='bbox 1299 2505 1546 2576; x_wconf 87' lang='lat' dir='ltr'>corporis</span> <span class='ocrx_word' id='word_1_181' title='bbox 1577 2513 1629 2560; x_wconf 92' lang='lat' dir='ltr'>et</span> <span class='ocrx_word' id='word_1_182' title='bbox 1659 2505 1874 2560; x_wconf 92' lang='lat' dir='ltr'>mentis.</span> <span class='ocrx_word' id='word_1_183' title='bbox 1899 2503 2003 2572; x_wconf 85' lang='lat' dir='ltr'>Qui</span> 
     </span>
    </p>
   </div>
   <div class='ocr_carea' id='block_1_28' title="bbox 404 2593 2004 2666">
    <p class='ocr_par' dir='ltr' id='par_1_28' title="bbox 404 2593 2004 2666">
     <span class='ocr_line' id='line_1_28' title="bbox 404 2593 2004 2666; baseline -0.003 -16"><span class='ocrx_word' id='word_1_184' title='bbox 404 2595 548 2650; x_wconf 89' lang='lat' dir='ltr'>enim</span> <span class='ocrx_word' id='word_1_185' title='bbox 569 2593 799 2666; x_wconf 88' lang='lat' dir='ltr'>quiescit</span> <span class='ocrx_word' id='word_1_186' title='bbox 819 2594 886 2647; x_wconf 94' lang='lat' dir='ltr'>ab</span> <span class='ocrx_word' id='word_1_187' title='bbox 920 2593 1130 2648; x_wconf 89' lang='lat' dir='ltr'>actibus</span> <span class='ocrx_word' id='word_1_188' title='bbox 1169 2595 1370 2662; x_wconf 87' lang='lat' dir='ltr'>pravis,</span> <span class='ocrx_word' id='word_1_189' title='bbox 1406 2594 1653 2666; x_wconf 87' lang='lat' dir='ltr'>requiem</span> <span class='ocrx_word' id='word_1_190' title='bbox 1683 2595 1844 2648; x_wconf 85' lang='lat' dir='ltr'>habet</span> <span class='ocrx_word' id='word_1_191' title='bbox 1874 2608 2004 2648; x_wconf 89' lang='lat' dir='ltr'>cor-</span> 
     </span>
    </p>
   </div>
   <div class='ocr_carea' id='block_1_29' title="bbox 407 2680 2001 2755">
    <p class='ocr_par' dir='ltr' id='par_1_29' title="bbox 407 2680 2001 2755">
     <span class='ocr_line' id='line_1_29' title="bbox 407 2680 2001 2755; baseline -0.002 -17"><span class='ocrx_word' id='word_1_192' title='bbox 407 2683 577 2755; x_wconf 91' lang='lat' dir='ltr'>poris.</span> <span class='ocrx_word' id='word_1_193' title='bbox 612 2681 716 2750; x_wconf 87' lang='lat' dir='ltr'>Qui</span> <span class='ocrx_word' id='word_1_194' title='bbox 760 2690 940 2736; x_wconf 87' lang='lat' dir='ltr'>autem</span> <span class='ocrx_word' id='word_1_195' title='bbox 969 2699 999 2734; x_wconf 88' lang='lat' dir='ltr'>a</span> <span class='ocrx_word' id='word_1_196' title='bbox 1030 2680 1447 2753; x_wconf 84' lang='lat' dir='ltr'>cogitationibus</span> <span class='ocrx_word' id='word_1_197' title='bbox 1495 2683 1657 2737; x_wconf 90' lang='lat' dir='ltr'>etiam</span> <span class='ocrx_word' id='word_1_198' title='bbox 1703 2682 2001 2752; x_wconf 85' lang='lat' dir='ltr'>perversis,</span> 
     </span>
    </p>
   </div>
   <div class='ocr_carea' id='block_1_30' title="bbox 409 2769 1090 2842">
    <p class='ocr_par' dir='ltr' id='par_1_30' title="bbox 409 2769 1090 2842">
     <span class='ocr_line' id='line_1_30' title="bbox 409 2769 1090 2842; baseline -0.003 -16"><span class='ocrx_word' id='word_1_199' title='bbox 409 2772 656 2842; x_wconf 89' lang='lat' dir='ltr'>requiem</span> <span class='ocrx_word' id='word_1_200' title='bbox 687 2770 848 2824; x_wconf 90' lang='lat' dir='ltr'>habet</span> <span class='ocrx_word' id='word_1_201' title='bbox 873 2769 1090 2824; x_wconf 90' lang='lat' dir='ltr'>mentis.</span> 
     </span>
    </p>
   </div>
   <div class='ocr_carea' id='block_1_31' title="bbox 481 2857 2000 2928">
    <p class='ocr_par' dir='ltr' id='par_1_31' title="bbox 481 2857 2000 2928">
     <span class='ocr_line' id='line_1_31' title="bbox 481 2857 2000 2928; baseline -0.001 -14"><span class='ocrx_word' id='word_1_202' title='bbox 481 2861 625 2914; x_wconf 88' lang='lat' dir='ltr'>Bene</span> <span class='ocrx_word' id='word_1_203' title='bbox 674 2867 852 2913; x_wconf 91' lang='lat' dir='ltr'>autem</span> <span class='ocrx_word' id='word_1_204' title='bbox 897 2875 1061 2928; x_wconf 81' lang='lat' dir='ltr'>super</span> <span class='ocrx_word' id='word_1_205' title='bbox 1102 2860 1275 2916; x_wconf 86' lang='lat' dir='ltr'>viride</span> <span class='ocrx_word' id='word_1_206' title='bbox 1326 2858 1510 2913; x_wconf 88' lang='lat' dir='ltr'>fenum</span> <span class='ocrx_word' id='word_1_207' title='bbox 1558 2857 2000 2925; x_wconf 87' lang='lat' dir='ltr'>discumbentes,</span> 
     </span>
    </p>
   </div>
   <div class='ocr_carea' id='block_1_32' title="bbox 413 2945 2004 3020">
    <p class='ocr_par' dir='ltr' id='par_1_32' title="bbox 413 2945 2004 3020">
     <span class='ocr_line' id='line_1_32' title="bbox 413 2945 2004 3020; baseline -0.003 -16"><span class='ocrx_word' id='word_1_208' title='bbox 413 2948 512 3004; x_wconf 89' lang='lat' dir='ltr'>Dei</span> <span class='ocrx_word' id='word_1_209' title='bbox 539 2957 831 3019; x_wconf 88' lang='lat' dir='ltr'>pascuntur</span> <span class='ocrx_word' id='word_1_210' title='bbox 859 2947 1164 3018; x_wconf 88' lang='lat' dir='ltr'>alimentis,</span> <span class='ocrx_word' id='word_1_211' title='bbox 1204 2947 1295 3020; x_wconf 90' lang='lat' dir='ltr'>qui</span> <span class='ocrx_word' id='word_1_212' title='bbox 1328 2965 1423 3018; x_wconf 88' lang='lat' dir='ltr'>per</span> <span class='ocrx_word' id='word_1_213' title='bbox 1452 2946 1688 3000; x_wconf 90' lang='lat' dir='ltr'>studium</span> <span class='ocrx_word' id='word_1_214' title='bbox 1730 2945 2004 3000; x_wconf 88' lang='lat' dir='ltr'>abstinen-</span> 
     </span>
    </p>
   </div>
   <div class='ocr_carea' id='block_1_33' title="bbox 411 3034 2003 3106">
    <p class='ocr_par' dir='ltr' id='par_1_33' title="bbox 411 3034 2003 3106">
     <span class='ocr_line' id='line_1_33' title="bbox 411 3034 2003 3106; baseline -0.001 -14"><span class='ocrx_word' id='word_1_215' title='bbox 411 3038 516 3102; x_wconf 60' lang='lat' dir='ltr'>tiaa,</span> <span class='ocrx_word' id='word_1_216' title='bbox 541 3036 758 3092; x_wconf 89' lang='lat' dir='ltr'>calcatis</span> <span class='ocrx_word' id='word_1_217' title='bbox 780 3035 1046 3092; x_wconf 86' lang='lat' dir='ltr'>illecebris</span> <span class='ocrx_word' id='word_1_218' title='bbox 1069 3037 1274 3103; x_wconf 91' lang='lat' dir='ltr'>carnis,</span> <span class='ocrx_word' id='word_1_219' title='bbox 1301 3035 1588 3091; x_wconf 88' lang='lat' dir='ltr'>audiendis</span> <span class='ocrx_word' id='word_1_220' title='bbox 1607 3034 2003 3106; x_wconf 88' lang='lat' dir='ltr'>implendisque</span> 
     </span>
    </p>
   </div>
   <div class='ocr_carea' id='block_1_34' title="bbox 413 3124 1362 3196">
    <p class='ocr_par' dir='ltr' id='par_1_34' title="bbox 413 3124 1362 3196">
     <span class='ocr_line' id='line_1_34' title="bbox 413 3124 1362 3196; baseline -0.003 -15"><span class='ocrx_word' id='word_1_221' title='bbox 413 3125 598 3181; x_wconf 87' lang='lat' dir='ltr'>verbis</span> <span class='ocrx_word' id='word_1_222' title='bbox 629 3124 727 3179; x_wconf 91' lang='lat' dir='ltr'>Dei</span> <span class='ocrx_word' id='word_1_223' title='bbox 777 3141 994 3196; x_wconf 89' lang='lat' dir='ltr'>operam</span> <span class='ocrx_word' id='word_1_224' title='bbox 1027 3126 1362 3196; x_wconf 88' lang='lat' dir='ltr'>impendunt.</span> 
     </span>
    </p>
   </div>
   <div class='ocr_carea' id='block_1_35' title="bbox 482 3201 2073 3288">
    <p class='ocr_par' dir='ltr' id='par_1_35' title="bbox 482 3201 2073 3288">
     <span class='ocr_line' id='line_1_35' title="bbox 482 3201 2073 3288; baseline -0.003 -20"><span class='ocrx_word' id='word_1_225' title='bbox 482 3214 611 3268; x_wconf 89' lang='lat' dir='ltr'>Ideo</span> <span class='ocrx_word' id='word_1_226' title='bbox 639 3212 729 3268; x_wconf 89' lang='lat' dir='ltr'>alii</span> <span class='ocrx_word' id='word_1_227' title='bbox 761 3213 1148 3288; x_wconf 82' lang='lat' dir='ltr'>quinquageni,</span> <span class='ocrx_word' id='word_1_228' title='bbox 1179 3215 1268 3269; x_wconf 88' lang='lat' dir='ltr'>alii</span> <span class='ocrx_word' id='word_1_229' title='bbox 1297 3213 1511 3270; x_wconf 89' lang='lat' dir='ltr'>centeni</span> <span class='ocrx_word' id='word_1_230' title='bbox 1543 3211 1672 3284; x_wconf 89' lang='lat' dir='ltr'>quia</span> <span class='ocrx_word' id='word_1_231' title='bbox 1701 3211 1998 3284; x_wconf 90' lang='lat' dir='ltr'>requiesci-</span> <span class='ocrx_word' id='word_1_232' title='bbox 2024 3201 2073 3264; x_wconf 90' lang='lat' dir='ltr'>C</span> 
     </span>
    </p>
   </div>
   <div class='ocr_carea' id='block_1_36' title="bbox 413 3299 2086 3375">
    <p class='ocr_par' dir='ltr' id='par_1_36' title="bbox 413 3299 2086 3375">
     <span class='ocr_line' id='line_1_36' title="bbox 413 3299 2086 3375; baseline -0.002 -17"><span class='ocrx_word' id='word_1_233' title='bbox 413 3311 496 3358; x_wconf 88' lang='lat' dir='ltr'>tur</span> <span class='ocrx_word' id='word_1_234' title='bbox 513 3303 663 3373; x_wconf 90' lang='lat' dir='ltr'>prius</span> <span class='ocrx_word' id='word_1_235' title='bbox 690 3317 724 3357; x_wconf 93' lang='lat' dir='ltr'>a</span> <span class='ocrx_word' id='word_1_236' title='bbox 752 3302 896 3357; x_wconf 89' lang='lat' dir='ltr'>malo</span> <span class='ocrx_word' id='word_1_237' title='bbox 945 3319 1132 3374; x_wconf 91' lang='lat' dir='ltr'>opere,</span> <span class='ocrx_word' id='word_1_238' title='bbox 1170 3311 1228 3359; x_wconf 92' lang='lat' dir='ltr'>ut</span> <span class='ocrx_word' id='word_1_239' title='bbox 1257 3309 1379 3375; x_wconf 89' lang='lat' dir='ltr'>post</span> <span class='ocrx_word' id='word_1_240' title='bbox 1411 3301 1480 3356; x_wconf 88' lang='lat' dir='ltr'>sit</span> <span class='ocrx_word' id='word_1_241' title='bbox 1508 3301 1671 3357; x_wconf 90' lang='lat' dir='ltr'>etiam</span> <span class='ocrx_word' id='word_1_242' title='bbox 1699 3299 1919 3373; x_wconf 88' lang='lat' dir='ltr'>requies</span> <span class='ocrx_word' id='word_1_243' title='bbox 1947 3300 2003 3355; x_wconf 91' lang='lat' dir='ltr'>in</span> <span class='ocrx_word' id='word_1_244' title='bbox 2081 3337 2086 3344; x_wconf 83' lang='lat'><em>-</em></span> 
     </span>
    </p>
   </div>
   <div class='ocr_carea' id='block_1_37' title="bbox 413 3399 614 3447">
    <p class='ocr_par' dir='ltr' id='par_1_37' title="bbox 413 3399 614 3447">
     <span class='ocr_line' id='line_1_37' title="bbox 413 3399 614 3447; baseline 0.01 -2"><span class='ocrx_word' id='word_1_245' title='bbox 413 3399 614 3447; x_wconf 88' lang='lat' dir='ltr'>mente.</span> 
     </span>
    </p>
   </div>
   <div class='ocr_carea' id='block_1_38' title="bbox 482 3503 2003 3579">
    <p class='ocr_par' dir='ltr' id='par_1_38' title="bbox 482 3503 2003 3579">
     <span class='ocr_line' id='line_1_38' title="bbox 482 3503 2003 3579; baseline -0.004 -17"><span class='ocrx_word' id='word_1_246' title='bbox 482 3507 652 3562; x_wconf 87' lang='lat' dir='ltr'>Vens.</span> <span class='ocrx_word' id='word_1_247' title='bbox 687 3507 775 3561; x_wconf 74' lang='grc'>41.</span> <span class='ocrx_word' id='word_1_248' title='bbox 809 3536 878 3547; x_wconf 95' lang='grc'><strong><em>-</em></strong></span> <span class='ocrx_word' id='word_1_249' title='bbox 907 3509 976 3561; x_wconf 87' lang='lat' dir='ltr'>Et</span> <span class='ocrx_word' id='word_1_250' title='bbox 1007 3508 1276 3579; x_wconf 78' lang='lat' dir='ltr'>acceptis.</span> <span class='ocrx_word' id='word_1_251' title='bbox 1309 3506 1432 3562; x_wconf 90' lang='lat' dir='ltr'>Non</span> <span class='ocrx_word' id='word_1_252' title='bbox 1461 3519 1603 3560; x_wconf 89' lang='lat' dir='ltr'>nova</span> <span class='ocrx_word' id='word_1_253' title='bbox 1631 3503 1831 3560; x_wconf 89' lang='lat' dir='ltr'>cibaria</span> <span class='ocrx_word' id='word_1_254' title='bbox 1852 3509 2003 3560; x_wconf 90' lang='lat' dir='ltr'>creat</span> 
     </span>
    </p>
   </div>
   <div class='ocr_carea' id='block_1_39' title="bbox 415 3591 2003 3667">
    <p class='ocr_par' dir='ltr' id='par_1_39' title="bbox 415 3591 2003 3667">
     <span class='ocr_line' id='line_1_39' title="bbox 415 3591 2003 3667; baseline -0.004 -17"><span class='ocrx_word' id='word_1_255' title='bbox 415 3596 539 3667; x_wconf 86' lang='lat' dir='ltr'>quia</span> <span class='ocrx_word' id='word_1_256' title='bbox 582 3596 913 3661; x_wconf 88' lang='lat' dir='ltr'>incarnatus,</span> <span class='ocrx_word' id='word_1_257' title='bbox 947 3610 1059 3650; x_wconf 90' lang='lat' dir='ltr'>non</span> <span class='ocrx_word' id='word_1_258' title='bbox 1107 3594 1213 3650; x_wconf 92' lang='lat' dir='ltr'>alia</span> <span class='ocrx_word' id='word_1_259' title='bbox 1261 3610 1420 3666; x_wconf 92' lang='lat' dir='ltr'>quam</span> <span class='ocrx_word' id='word_1_260' title='bbox 1468 3610 1590 3665; x_wconf 73' lang='lat' dir='ltr'>quae</span> <span class='ocrx_word' id='word_1_261' title='bbox 1620 3591 1822 3664; x_wconf 91' lang='lat' dir='ltr'>scripta</span> <span class='ocrx_word' id='word_1_262' title='bbox 1851 3598 2003 3647; x_wconf 90' lang='lat' dir='ltr'>erant</span> 
     </span>
    </p>
   </div>
   <div class='ocr_carea' id='block_1_40' title="bbox 411 3679 2001 3756">
    <p class='ocr_par' dir='ltr' id='par_1_40' title="bbox 411 3679 2001 3756">
     <span class='ocr_line' id='line_1_40' title="bbox 411 3679 2001 3756; baseline -0.004 -17"><span class='ocrx_word' id='word_1_263' title='bbox 411 3683 712 3755; x_wconf 82' lang='lat' dir='ltr'>praedicat:</span> <span class='ocrx_word' id='word_1_264' title='bbox 746 3682 843 3738; x_wconf 92' lang='lat' dir='ltr'>sed</span> <span class='ocrx_word' id='word_1_265' title='bbox 889 3682 1072 3756; x_wconf 86' lang='lat' dir='ltr'>legem</span> <span class='ocrx_word' id='word_1_266' title='bbox 1116 3691 1169 3740; x_wconf 90' lang='lat' dir='ltr'>et</span> <span class='ocrx_word' id='word_1_267' title='bbox 1210 3683 1506 3754; x_wconf 85' lang='lat' dir='ltr'>prephetas</span> <span class='ocrx_word' id='word_1_268' title='bbox 1552 3679 1824 3753; x_wconf 84' lang='lat' dir='ltr'>mysteriis</span> <span class='ocrx_word' id='word_1_269' title='bbox 1869 3694 2001 3752; x_wconf 88' lang='lat' dir='ltr'>gra-</span> 
     </span>
    </p>
   </div>
   <div class='ocr_carea' id='block_1_41' title="bbox 411 3771 1068 3828">
    <p class='ocr_par' dir='ltr' id='par_1_41' title="bbox 411 3771 1068 3828">
     <span class='ocr_line' id='line_1_41' title="bbox 411 3771 1068 3828; baseline 0.002 -1"><span class='ocrx_word' id='word_1_270' title='bbox 411 3772 537 3828; x_wconf 85' lang='lat' dir='ltr'>vida</span> <span class='ocrx_word' id='word_1_271' title='bbox 565 3788 687 3828; x_wconf 90' lang='lat' dir='ltr'>esse</span> <span class='ocrx_word' id='word_1_272' title='bbox 716 3771 1068 3828; x_wconf 88' lang='lat' dir='ltr'>demonstrat.</span> 
     </span>
    </p>
   </div>
   <div class='ocr_carea' id='block_1_42' title="bbox 483 3856 2001 3934">
    <p class='ocr_par' dir='ltr' id='par_1_42' title="bbox 483 3856 2001 3934">
     <span class='ocr_line' id='line_1_42' title="bbox 483 3856 2001 3934; baseline -0.003 -18"><span class='ocrx_word' id='word_1_273' title='bbox 483 3863 688 3934; x_wconf 83' lang='lat' dir='ltr'>Fregit.</span> <span class='ocrx_word' id='word_1_274' title='bbox 720 3860 790 3915; x_wconf 91' lang='lat' dir='ltr'>Et</span> <span class='ocrx_word' id='word_1_275' title='bbox 825 3869 948 3916; x_wconf 89' lang='lat' dir='ltr'>ante</span> <span class='ocrx_word' id='word_1_276' title='bbox 995 3861 1183 3916; x_wconf 85' lang='lat' dir='ltr'>turbas</span> <span class='ocrx_word' id='word_1_277' title='bbox 1226 3859 1480 3932; x_wconf 90' lang='lat' dir='ltr'>ponenda</span> <span class='ocrx_word' id='word_1_278' title='bbox 1537 3856 1810 3914; x_wconf 90' lang='lat' dir='ltr'>distribuit</span> <span class='ocrx_word' id='word_1_279' title='bbox 1838 3856 2001 3912; x_wconf 92' lang='lat' dir='ltr'>disci-</span> 
     </span>
    </p>
   </div>
   <div class='ocr_carea' id='block_1_43' title="bbox 411 3945 2002 4022">
    <p class='ocr_par' dir='ltr' id='par_1_43' title="bbox 411 3945 2002 4022">
     <span class='ocr_line' id='line_1_43' title="bbox 411 3945 2002 4022; baseline -0.003 -18"><span class='ocrx_word' id='word_1_280' title='bbox 411 3950 554 4022; x_wconf 91' lang='lat' dir='ltr'>pulis</span> <span class='ocrx_word' id='word_1_281' title='bbox 587 3949 718 4014; x_wconf 86' lang='lat' dir='ltr'>suis,</span> <span class='ocrx_word' id='word_1_282' title='bbox 749 3949 875 4019; x_wconf 89' lang='lat' dir='ltr'>quia</span> <span class='ocrx_word' id='word_1_283' title='bbox 923 3955 1268 4005; x_wconf 83' lang='lat' dir='ltr'>sacramenta</span> <span class='ocrx_word' id='word_1_284' title='bbox 1313 3946 1516 4002; x_wconf 90' lang='lat' dir='ltr'>sanctis</span> <span class='ocrx_word' id='word_1_285' title='bbox 1543 3945 1880 4016; x_wconf 86' lang='lat' dir='ltr'>doctoribus,</span> <span class='ocrx_word' id='word_1_286' title='bbox 1911 3945 2002 4016; x_wconf 90' lang='lat' dir='ltr'>qui</span> 
     </span>
    </p>
   </div>
   <div class='ocr_carea' id='block_1_44' title="bbox 412 4035 1494 4106">
    <p class='ocr_par' dir='ltr' id='par_1_44' title="bbox 412 4035 1494 4106">
     <span class='ocr_line' id='line_1_44' title="bbox 412 4035 1494 4106; baseline -0.003 -13"><span class='ocrx_word' id='word_1_287' title='bbox 412 4039 529 4093; x_wconf 69' lang='lat' dir='ltr'>haec</span> <span class='ocrx_word' id='word_1_288' title='bbox 557 4044 669 4092; x_wconf 89' lang='lat' dir='ltr'>toto</span> <span class='ocrx_word' id='word_1_289' title='bbox 698 4036 831 4091; x_wconf 91' lang='lat' dir='ltr'>orbe</span> <span class='ocrx_word' id='word_1_290' title='bbox 851 4037 1170 4106; x_wconf 70' lang='lat' dir='ltr'>prmdicent,</span> <span class='ocrx_word' id='word_1_291' title='bbox 1217 4035 1494 4106; x_wconf 87' lang='lat' dir='ltr'>patefecit.</span> 
     </span>
    </p>
   </div>
   <div class='ocr_carea' id='block_1_45' title="bbox 483 4139 2000 4210">
    <p class='ocr_par' dir='ltr' id='par_1_45' title="bbox 483 4139 2000 4210">
     <span class='ocr_line' id='line_1_45' title="bbox 483 4139 2000 4210; baseline -0.003 -12"><span class='ocrx_word' id='word_1_292' title='bbox 483 4143 655 4198; x_wconf 88' lang='lat' dir='ltr'>Vens.</span> <span class='ocrx_word' id='word_1_293' title='bbox 674 4143 759 4196; x_wconf 80' lang='grc'>43.</span> <span class='ocrx_word' id='word_1_294' title='bbox 781 4171 850 4181; x_wconf 92' lang='grc'><strong><em>-</em></strong></span> <span class='ocrx_word' id='word_1_295' title='bbox 885 4143 954 4197; x_wconf 86' lang='lat' dir='ltr'>Et</span> <span class='ocrx_word' id='word_1_296' title='bbox 985 4143 1366 4206; x_wconf 80' lang='lat' dir='ltr'>sustulerunt,</span> <span class='ocrx_word' id='word_1_297' title='bbox 1396 4148 1499 4195; x_wconf 91' lang='lat' dir='ltr'>etc.</span> <span class='ocrx_word' id='word_1_298' title='bbox 1551 4139 1774 4210; x_wconf 79' lang='lat' dir='ltr'>(BEDA.)</span> <span class='ocrx_word' id='word_1_299' title='bbox 1805 4139 2000 4194; x_wconf 91' lang='lat' dir='ltr'>Secre-</span> 
     </span>
    </p>
   </div>
   <div class='ocr_carea' id='block_1_46' title="bbox 412 4227 2000 4304">
    <p class='ocr_par' dir='ltr' id='par_1_46' title="bbox 412 4227 2000 4304">
     <span class='ocr_line' id='line_1_46' title="bbox 412 4227 2000 4304; baseline -0.003 -16"><span class='ocrx_word' id='word_1_300' title='bbox 412 4231 553 4288; x_wconf 89' lang='lat' dir='ltr'>tiora</span> <span class='ocrx_word' id='word_1_301' title='bbox 598 4231 858 4304; x_wconf 87' lang='lat' dir='ltr'>mysteria</span> <span class='ocrx_word' id='word_1_302' title='bbox 887 4249 1008 4303; x_wconf 77' lang='lat' dir='ltr'>quas</span> <span class='ocrx_word' id='word_1_303' title='bbox 1063 4230 1226 4285; x_wconf 87' lang='lat' dir='ltr'>rudes</span> <span class='ocrx_word' id='word_1_304' title='bbox 1265 4245 1460 4300; x_wconf 88' lang='lat' dir='ltr'>capere</span> <span class='ocrx_word' id='word_1_305' title='bbox 1503 4235 1780 4301; x_wconf 88' lang='lat' dir='ltr'>nequeunt</span> <span class='ocrx_word' id='word_1_306' title='bbox 1823 4227 2000 4299; x_wconf 84' lang='lat' dir='ltr'>perfe-</span> 
     </span>
    </p>
   </div>
   <div class='ocr_carea' id='block_1_47' title="bbox 413 4315 2004 4393">
    <p class='ocr_par' dir='ltr' id='par_1_47' title="bbox 413 4315 2004 4393">
     <span class='ocr_line' id='line_1_47' title="bbox 413 4315 2004 4393; baseline -0.003 -16"><span class='ocrx_word' id='word_1_307' title='bbox 413 4321 610 4378; x_wconf 88' lang='lat' dir='ltr'>ctiores</span> <span class='ocrx_word' id='word_1_308' title='bbox 639 4320 928 4393; x_wconf 88' lang='lat' dir='ltr'>diligenter</span> <span class='ocrx_word' id='word_1_309' title='bbox 947 4319 1244 4391; x_wconf 90' lang='lat' dir='ltr'>inquirunt.</span> <span class='ocrx_word' id='word_1_310' title='bbox 1268 4319 1405 4372; x_wconf 92' lang='lat' dir='ltr'>Nam</span> <span class='ocrx_word' id='word_1_311' title='bbox 1435 4333 1532 4387; x_wconf 90' lang='lat' dir='ltr'>per</span> <span class='ocrx_word' id='word_1_312' title='bbox 1559 4316 1842 4387; x_wconf 91' lang='lat' dir='ltr'>cophinos,</span> <span class='ocrx_word' id='word_1_313' title='bbox 1873 4315 2004 4372; x_wconf 91' lang='lat' dir='ltr'>duo-</span> 
     </span>
    </p>
   </div>
   <div class='ocr_carea' id='block_1_48' title="bbox 399 4405 2001 4481">
    <p class='ocr_par' dir='ltr' id='par_1_48' title="bbox 399 4405 2001 4481">
     <span class='ocr_line' id='line_1_48' title="bbox 399 4405 2001 4481; baseline -0.004 -16"><span class='ocrx_word' id='word_1_314' title='bbox 399 4410 589 4467; x_wconf 91' lang='lat' dir='ltr'>.decim</span> <span class='ocrx_word' id='word_1_315' title='bbox 609 4409 838 4481; x_wconf 90' lang='lat' dir='ltr'>apostoli</span> <span class='ocrx_word' id='word_1_316' title='bbox 865 4428 877 4464; x_wconf 94' lang='lat'>:</span> <span class='ocrx_word' id='word_1_317' title='bbox 910 4417 959 4464; x_wconf 89' lang='lat' dir='ltr'>et</span> <span class='ocrx_word' id='word_1_318' title='bbox 986 4423 1088 4478; x_wconf 92' lang='lat' dir='ltr'>per</span> <span class='ocrx_word' id='word_1_319' title='bbox 1107 4406 1381 4478; x_wconf 87' lang='lat' dir='ltr'>apostolos</span> <span class='ocrx_word' id='word_1_320' title='bbox 1415 4413 1708 4478; x_wconf 88' lang='lat' dir='ltr'>sequentes</span> <span class='ocrx_word' id='word_1_321' title='bbox 1747 4405 2001 4460; x_wconf 88' lang='lat' dir='ltr'>doctores</span> 
     </span>
    </p>
   </div>
   <div class='ocr_carea' id='block_1_49' title="bbox 415 4492 2000 4572">
    <p class='ocr_par' dir='ltr' id='par_1_49' title="bbox 415 4492 2000 4572">
     <span class='ocr_line' id='line_1_49' title="bbox 415 4492 2000 4572; baseline -0.004 -19"><span class='ocrx_word' id='word_1_322' title='bbox 415 4499 735 4572; x_wconf 88' lang='lat' dir='ltr'>ﬁgurantur,</span> <span class='ocrx_word' id='word_1_323' title='bbox 773 4498 906 4554; x_wconf 87' lang='lat' dir='ltr'>foris</span> <span class='ocrx_word' id='word_1_324' title='bbox 954 4496 1230 4567; x_wconf 91' lang='lat' dir='ltr'>despecti,</span> <span class='ocrx_word' id='word_1_325' title='bbox 1262 4495 1407 4550; x_wconf 87' lang='lat' dir='ltr'>intus</span> <span class='ocrx_word' id='word_1_326' title='bbox 1436 4493 1691 4550; x_wconf 89' lang='lat' dir='ltr'>salutaris</span> <span class='ocrx_word' id='word_1_327' title='bbox 1737 4493 1844 4550; x_wconf 90' lang='lat' dir='ltr'>cibi</span> <span class='ocrx_word' id='word_1_328' title='bbox 1871 4492 2000 4548; x_wconf 91' lang='lat' dir='ltr'>reli-</span> 
     </span>
    </p>
   </div>
   <div class='ocr_carea' id='block_1_50' title="bbox 417 4580 2006 4658">
    <p class='ocr_par' dir='ltr' id='par_1_50' title="bbox 417 4580 2006 4658">
     <span class='ocr_line' id='line_1_50' title="bbox 417 4580 2006 4658; baseline -0.004 -16"><span class='ocrx_word' id='word_1_329' title='bbox 417 4587 559 4658; x_wconf 89' lang='lat' dir='ltr'>quiis</span> <span class='ocrx_word' id='word_1_330' title='bbox 587 4587 656 4642; x_wconf 92' lang='lat' dir='ltr'>ad</span> <span class='ocrx_word' id='word_1_331' title='bbox 687 4587 884 4643; x_wconf 90' lang='lat' dir='ltr'>alenda</span> <span class='ocrx_word' id='word_1_332' title='bbox 913 4586 1195 4641; x_wconf 90' lang='lat' dir='ltr'>humilium</span> <span class='ocrx_word' id='word_1_333' title='bbox 1223 4585 1389 4640; x_wconf 89' lang='lat' dir='ltr'>corda</span> <span class='ocrx_word' id='word_1_334' title='bbox 1423 4581 1700 4640; x_wconf 89' lang='lat' dir='ltr'>cumulati.</span> <span class='ocrx_word' id='word_1_335' title='bbox 1732 4582 1790 4636; x_wconf 92' lang='lat' dir='ltr'>In</span> <span class='ocrx_word' id='word_1_336' title='bbox 1820 4580 2006 4653; x_wconf 87' lang='lat' dir='ltr'>cephi-</span> 
     </span>
    </p>
   </div>
   <div class='ocr_carea' id='block_1_51' title="bbox 417 4669 2009 4748">
    <p class='ocr_par' dir='ltr' id='par_1_51' title="bbox 417 4669 2009 4748">
     <span class='ocr_line' id='line_1_51' title="bbox 417 4669 2009 4748; baseline -0.004 -18"><span class='ocrx_word' id='word_1_337' title='bbox 417 4675 504 4730; x_wconf 90' lang='lat' dir='ltr'>nis</span> <span class='ocrx_word' id='word_1_338' title='bbox 531 4675 677 4731; x_wconf 89' lang='lat' dir='ltr'>enim</span> <span class='ocrx_word' id='word_1_339' title='bbox 726 4674 950 4730; x_wconf 86' lang='lat' dir='ltr'>servilia</span> <span class='ocrx_word' id='word_1_340' title='bbox 987 4682 1254 4748; x_wconf 89' lang='lat' dir='ltr'>geruntur</span> <span class='ocrx_word' id='word_1_341' title='bbox 1299 4688 1465 4744; x_wconf 86' lang='lat' dir='ltr'>Opera</span> <span class='ocrx_word' id='word_1_342' title='bbox 1496 4689 1509 4726; x_wconf 92' lang='lat'><strong>:</strong></span> <span class='ocrx_word' id='word_1_343' title='bbox 1547 4669 1644 4727; x_wconf 90' lang='lat' dir='ltr'>sed</span> <span class='ocrx_word' id='word_1_344' title='bbox 1671 4669 1762 4725; x_wconf 91' lang='lat' dir='ltr'>ille</span> <span class='ocrx_word' id='word_1_345' title='bbox 1790 4685 1884 4726; x_wconf 91' lang='lat' dir='ltr'>eos</span> <span class='ocrx_word' id='word_1_346' title='bbox 1912 4685 2009 4741; x_wconf 87' lang='lat' dir='ltr'>pa-</span> 
     </span>
    </p>
   </div>
   <div class='ocr_carea' id='block_1_52' title="bbox 418 4758 2010 4836">
    <p class='ocr_par' dir='ltr' id='par_1_52' title="bbox 418 4758 2010 4836">
     <span class='ocr_line' id='line_1_52' title="bbox 418 4758 2010 4836; baseline -0.003 -18"><span class='ocrx_word' id='word_1_347' title='bbox 418 4762 504 4818; x_wconf 88' lang='lat' dir='ltr'>nis</span> <span class='ocrx_word' id='word_1_348' title='bbox 547 4761 978 4836; x_wconf 91' lang='lat' dir='ltr'>fragmentorum</span> <span class='ocrx_word' id='word_1_349' title='bbox 1019 4761 1282 4834; x_wconf 89' lang='lat' dir='ltr'>implevit,</span> <span class='ocrx_word' id='word_1_350' title='bbox 1317 4760 1408 4834; x_wconf 91' lang='lat' dir='ltr'>qui</span> <span class='ocrx_word' id='word_1_351' title='bbox 1436 4758 1659 4816; x_wconf 89' lang='lat' dir='ltr'>inﬁrma</span> <span class='ocrx_word' id='word_1_352' title='bbox 1691 4758 1898 4828; x_wconf 91' lang='lat' dir='ltr'>mundi,</span> <span class='ocrx_word' id='word_1_353' title='bbox 1954 4767 2010 4814; x_wconf 92' lang='lat' dir='ltr'>ut</span> 
     </span>
    </p>
   </div>
   <div class='ocr_carea' id='block_1_53' title="bbox 408 4849 1326 4925">
    <p class='ocr_par' dir='ltr' id='par_1_53' title="bbox 408 4849 1326 4925">
     <span class='ocr_line' id='line_1_53' title="bbox 408 4849 1326 4925; baseline 0.002 -21"><span class='ocrx_word' id='word_1_354' title='bbox 408 4849 633 4925; x_wconf 85' lang='lat' dir='ltr'>frangat</span> <span class='ocrx_word' id='word_1_355' title='bbox 662 4849 750 4909; x_wconf 91' lang='lat' dir='ltr'>vel</span> <span class='ocrx_word' id='word_1_356' title='bbox 780 4851 1091 4918; x_wconf 88' lang='lat' dir='ltr'>confundat,</span> <span class='ocrx_word' id='word_1_357' title='bbox 1140 4850 1326 4924; x_wconf 87' lang='lat' dir='ltr'>elegit.</span> 
     </span>
    </p>
   </div>
   <div class='ocr_carea' id='block_1_54' title="bbox 488 4942 2006 5021">
    <p class='ocr_par' dir='ltr' id='par_1_54' title="bbox 488 4942 2006 5021">
     <span class='ocr_line' id='line_1_54' title="bbox 488 4942 2006 5021; baseline -0.005 -16"><span class='ocrx_word' id='word_1_358' title='bbox 488 4949 660 5005; x_wconf 87' lang='lat' dir='ltr'>Vens.</span> <span class='ocrx_word' id='word_1_359' title='bbox 693 4948 785 5004; x_wconf 75' lang='grc'>44.</span> <span class='ocrx_word' id='word_1_360' title='bbox 815 4976 886 4988; x_wconf 92' lang='grc'><strong>-</strong></span> <span class='ocrx_word' id='word_1_361' title='bbox 916 4947 1168 5021; x_wconf 82' lang='lat' dir='ltr'>Quinque</span> <span class='ocrx_word' id='word_1_362' title='bbox 1197 4948 1387 5004; x_wconf 84' lang='lat' dir='ltr'>millia</span> <span class='ocrx_word' id='word_1_363' title='bbox 1425 4945 1559 5017; x_wconf 77' lang='grc' dir='ltr'>(Ῑυ.)</span> <span class='ocrx_word' id='word_1_364' title='bbox 1592 4945 1821 5016; x_wconf 90' lang='lat' dir='ltr'>Propter</span> <span class='ocrx_word' id='word_1_365' title='bbox 1850 4942 2006 5017; x_wconf 90' lang='lat' dir='ltr'>quin-</span> 
     </span>
    </p>
   </div>
   <div class='ocr_carea' id='block_1_55' title="bbox 419 5030 2008 5110">
    <p class='ocr_par' dir='ltr' id='par_1_55' title="bbox 419 5030 2008 5110">
     <span class='ocr_line' id='line_1_55' title="bbox 419 5030 2008 5110; baseline -0.004 -16"><span class='ocrx_word' id='word_1_366' title='bbox 419 5055 524 5110; x_wconf 89' lang='lat' dir='ltr'>que</span> <span class='ocrx_word' id='word_1_367' title='bbox 553 5053 750 5093; x_wconf 86' lang='lat' dir='ltr'>sensus</span> <span class='ocrx_word' id='word_1_368' title='bbox 780 5035 1044 5108; x_wconf 89' lang='lat' dir='ltr'>corporis.</span> <span class='ocrx_word' id='word_1_369' title='bbox 1089 5035 1156 5090; x_wconf 84' lang='lat' dir='ltr'>Hi</span> <span class='ocrx_word' id='word_1_370' title='bbox 1186 5035 1464 5090; x_wconf 90' lang='lat' dir='ltr'>dominum</span> <span class='ocrx_word' id='word_1_371' title='bbox 1493 5032 1665 5091; x_wconf 92' lang='lat' dir='ltr'>secuti</span> <span class='ocrx_word' id='word_1_372' title='bbox 1694 5030 2008 5106; x_wconf 84' lang='lat' dir='ltr'>signiﬁcant</span> 
     </span>
    </p>
   </div>
   <div class='ocr_carea' id='block_1_56' title="bbox 416 5119 2003 5197">
    <p class='ocr_par' dir='ltr' id='par_1_56' title="bbox 416 5119 2003 5197">
     <span class='ocr_line' id='line_1_56' title="bbox 416 5119 2003 5197; baseline -0.004 -14"><span class='ocrx_word' id='word_1_373' title='bbox 416 5141 514 5183; x_wconf 89' lang='lat' dir='ltr'>eos</span> <span class='ocrx_word' id='word_1_374' title='bbox 541 5125 633 5197; x_wconf 87' lang='lat' dir='ltr'>qui</span> <span class='ocrx_word' id='word_1_375' title='bbox 660 5125 716 5180; x_wconf 90' lang='lat' dir='ltr'>in</span> <span class='ocrx_word' id='word_1_376' title='bbox 744 5123 990 5181; x_wconf 82' lang='lat' dir='ltr'>saeculari</span> <span class='ocrx_word' id='word_1_377' title='bbox 1036 5123 1211 5179; x_wconf 91' lang='lat' dir='ltr'>adhuc</span> <span class='ocrx_word' id='word_1_378' title='bbox 1259 5123 1448 5178; x_wconf 91' lang='lat' dir='ltr'>habitu</span> <span class='ocrx_word' id='word_1_379' title='bbox 1497 5120 1680 5194; x_wconf 87' lang='lat' dir='ltr'>positi,</span> <span class='ocrx_word' id='word_1_380' title='bbox 1714 5119 2003 5178; x_wconf 87' lang='lat' dir='ltr'>exteriori-</span> 
     </span>
    </p>
   </div>
   <div class='ocr_carea' id='block_1_57' title="bbox 417 5208 2006 5285">
    <p class='ocr_par' dir='ltr' id='par_1_57' title="bbox 417 5208 2006 5285">
     <span class='ocr_line' id='line_1_57' title="bbox 417 5208 2006 5285; baseline -0.003 -16"><span class='ocrx_word' id='word_1_381' title='bbox 417 5214 520 5269; x_wconf 90' lang='lat' dir='ltr'>bus</span> <span class='ocrx_word' id='word_1_382' title='bbox 551 5230 671 5285; x_wconf 69' lang='lat' dir='ltr'>quae</span> <span class='ocrx_word' id='word_1_383' title='bbox 695 5213 981 5285; x_wconf 90' lang='lat' dir='ltr'>possident</span> <span class='ocrx_word' id='word_1_384' title='bbox 1009 5211 1151 5266; x_wconf 90' lang='lat' dir='ltr'>bene</span> <span class='ocrx_word' id='word_1_385' title='bbox 1180 5211 1257 5266; x_wconf 89' lang='lat' dir='ltr'>uti</span> <span class='ocrx_word' id='word_1_386' title='bbox 1282 5218 1503 5266; x_wconf 90' lang='lat' dir='ltr'>norunt.</span> <span class='ocrx_word' id='word_1_387' title='bbox 1538 5208 1644 5279; x_wconf 89' lang='lat' dir='ltr'>Qui</span> <span class='ocrx_word' id='word_1_388' title='bbox 1673 5216 1822 5266; x_wconf 90' lang='lat' dir='ltr'>recte</span> <span class='ocrx_word' id='word_1_389' title='bbox 1854 5209 2006 5280; x_wconf 88' lang='lat' dir='ltr'>quin-</span> 
     </span>
    </p>
   </div>
   <div class='ocr_carea' id='block_1_58' title="bbox 417 5297 2004 5374">
    <p class='ocr_par' dir='ltr' id='par_1_58' title="bbox 417 5297 2004 5374">
     <span class='ocr_line' id='line_1_58' title="bbox 417 5297 2004 5374; baseline -0.003 -16"><span class='ocrx_word' id='word_1_390' title='bbox 417 5318 523 5374; x_wconf 91' lang='lat' dir='ltr'>que</span> <span class='ocrx_word' id='word_1_391' title='bbox 551 5301 783 5373; x_wconf 89' lang='lat' dir='ltr'>panibus</span> <span class='ocrx_word' id='word_1_392' title='bbox 835 5300 1049 5356; x_wconf 90' lang='lat' dir='ltr'>aluntur</span> <span class='ocrx_word' id='word_1_393' title='bbox 1081 5318 1095 5354; x_wconf 91' lang='lat'><strong>:</strong></span> <span class='ocrx_word' id='word_1_394' title='bbox 1131 5298 1258 5371; x_wconf 87' lang='lat' dir='ltr'>quia</span> <span class='ocrx_word' id='word_1_395' title='bbox 1284 5313 1511 5354; x_wconf 89' lang='lat' dir='ltr'>necesse</span> <span class='ocrx_word' id='word_1_396' title='bbox 1566 5304 1650 5353; x_wconf 91' lang='lat' dir='ltr'>est</span> <span class='ocrx_word' id='word_1_397' title='bbox 1677 5306 1736 5352; x_wconf 91' lang='lat' dir='ltr'>ut</span> <span class='ocrx_word' id='word_1_398' title='bbox 1763 5297 1901 5353; x_wconf 90' lang='lat' dir='ltr'>tales</span> <span class='ocrx_word' id='word_1_399' title='bbox 1926 5297 2004 5354; x_wconf 89' lang='lat' dir='ltr'>le-</span> 
     </span>
    </p>
   </div>
   <div class='ocr_carea' id='block_1_59' title="bbox 421 5385 2003 5464">
    <p class='ocr_par' dir='ltr' id='par_1_59' title="bbox 421 5385 2003 5464">
     <span class='ocr_line' id='line_1_59' title="bbox 421 5385 2003 5464; baseline -0.004 -18"><span class='ocrx_word' id='word_1_400' title='bbox 421 5390 638 5464; x_wconf 87' lang='lat' dir='ltr'>galibus</span> <span class='ocrx_word' id='word_1_401' title='bbox 682 5390 859 5445; x_wconf 89' lang='lat' dir='ltr'>adhuc</span> <span class='ocrx_word' id='word_1_402' title='bbox 914 5388 1198 5460; x_wconf 64' lang='lat' dir='ltr'>praeceptis</span> <span class='ocrx_word' id='word_1_403' title='bbox 1260 5387 1618 5441; x_wconf 85' lang='lat' dir='ltr'>instruantur.</span> <span class='ocrx_word' id='word_1_404' title='bbox 1671 5385 1776 5454; x_wconf 90' lang='lat' dir='ltr'>Qui</span> <span class='ocrx_word' id='word_1_405' title='bbox 1822 5394 2003 5442; x_wconf 88' lang='lat' dir='ltr'>autem</span> 
     </span>
    </p>
   </div>
   <div class='ocr_carea' id='block_1_60' title="bbox 412 5473 2003 5546">
    <p class='ocr_par' dir='ltr' id='par_1_60' title="bbox 412 5473 2003 5546">
     <span class='ocr_line' id='line_1_60' title="bbox 412 5473 2003 5546; baseline -0.004 -11"><span class='ocrx_word' id='word_1_406' title='bbox 412 5480 616 5535; x_wconf 90' lang='lat' dir='ltr'>mundo</span> <span class='ocrx_word' id='word_1_407' title='bbox 660 5477 882 5534; x_wconf 89' lang='lat' dir='ltr'>omnino</span> <span class='ocrx_word' id='word_1_408' title='bbox 930 5475 1276 5545; x_wconf 88' lang='lat' dir='ltr'>renuntiant,</span> <span class='ocrx_word' id='word_1_409' title='bbox 1309 5483 1364 5529; x_wconf 91' lang='lat' dir='ltr'>et</span> <span class='ocrx_word' id='word_1_410' title='bbox 1411 5482 1644 5546; x_wconf 90' lang='lat' dir='ltr'>quatuor</span> <span class='ocrx_word' id='word_1_411' title='bbox 1679 5483 1804 5529; x_wconf 91' lang='lat' dir='ltr'>sunt</span> <span class='ocrx_word' id='word_1_412' title='bbox 1832 5473 2003 5531; x_wconf 88' lang='lat' dir='ltr'>millia</span> 
     </span>
    </p>
   </div>
   <div class='ocr_carea' id='block_1_61' title="bbox 416 5561 2001 5641">
    <p class='ocr_par' dir='ltr' id='par_1_61' title="bbox 416 5561 2001 5641">
     <span class='ocr_line' id='line_1_61' title="bbox 416 5561 2001 5641; baseline -0.004 -19"><span class='ocrx_word' id='word_1_413' title='bbox 416 5575 470 5622; x_wconf 89' lang='lat' dir='ltr'>et</span> <span class='ocrx_word' id='word_1_414' title='bbox 500 5575 709 5641; x_wconf 90' lang='lat' dir='ltr'>septem</span> <span class='ocrx_word' id='word_1_415' title='bbox 752 5565 986 5638; x_wconf 90' lang='lat' dir='ltr'>panibus</span> <span class='ocrx_word' id='word_1_416' title='bbox 1014 5563 1224 5633; x_wconf 89' lang='lat' dir='ltr'>refecti,</span> <span class='ocrx_word' id='word_1_417' title='bbox 1271 5565 1376 5620; x_wconf 91' lang='lat' dir='ltr'>hoc</span> <span class='ocrx_word' id='word_1_418' title='bbox 1417 5570 1500 5618; x_wconf 91' lang='lat' dir='ltr'>est</span> <span class='ocrx_word' id='word_1_419' title='bbox 1529 5561 1849 5636; x_wconf 87' lang='lat' dir='ltr'>evangelica</span> <span class='ocrx_word' id='word_1_420' title='bbox 1877 5578 2001 5634; x_wconf 91' lang='lat' dir='ltr'>per-</span> 
     </span>
    </p>
   </div>
   <div class='ocr_carea' id='block_1_62' title="bbox 414 5650 1998 5725">
    <p class='ocr_par' dir='ltr' id='par_1_62' title="bbox 414 5650 1998 5725">
     <span class='ocr_line' id='line_1_62' title="bbox 414 5650 1998 5725; baseline -0.004 -12"><span class='ocrx_word' id='word_1_421' title='bbox 414 5655 652 5714; x_wconf 89' lang='lat' dir='ltr'>fectione</span> <span class='ocrx_word' id='word_1_422' title='bbox 680 5655 961 5725; x_wconf 88' lang='lat' dir='ltr'>sublimes,</span> <span class='ocrx_word' id='word_1_423' title='bbox 994 5661 1049 5710; x_wconf 92' lang='lat' dir='ltr'>et</span> <span class='ocrx_word' id='word_1_424' title='bbox 1097 5652 1357 5725; x_wconf 80' lang='lat' dir='ltr'>Spirituali</span> <span class='ocrx_word' id='word_1_425' title='bbox 1404 5651 1584 5725; x_wconf 89' lang='lat' dir='ltr'>gratia</span> <span class='ocrx_word' id='word_1_426' title='bbox 1608 5651 1752 5706; x_wconf 90' lang='lat' dir='ltr'>intus</span> <span class='ocrx_word' id='word_1_427' title='bbox 1783 5650 1998 5707; x_wconf 90' lang='lat' dir='ltr'>eruditi.</span> 
     </span>
    </p>
   </div>
   <div class='ocr_carea' id='block_1_63' title="bbox 487 5746 2001 5822">
    <p class='ocr_par' dir='ltr' id='par_1_63' title="bbox 487 5746 2001 5822">
     <span class='ocr_line' id='line_1_63' title="bbox 487 5746 2001 5822; baseline -0.003 -13"><span class='ocrx_word' id='word_1_428' title='bbox 487 5752 659 5810; x_wconf 80' lang='lat' dir='ltr'>Vens.</span> <span class='ocrx_word' id='word_1_429' title='bbox 682 5754 771 5810; x_wconf 73' lang='grc'>45.</span> <span class='ocrx_word' id='word_1_430' title='bbox 793 5753 951 5808; x_wconf 85' lang='lat' dir='ltr'>—Et</span> <span class='ocrx_word' id='word_1_431' title='bbox 979 5752 1182 5808; x_wconf 77' lang='lat' dir='ltr'>statim</span> <span class='ocrx_word' id='word_1_432' title='bbox 1218 5751 1415 5822; x_wconf 86' lang='lat' dir='ltr'>coegit.</span> <span class='ocrx_word' id='word_1_433' title='bbox 1447 5746 1771 5820; x_wconf 86' lang='lat' dir='ltr'>Exemplum</span> <span class='ocrx_word' id='word_1_434' title='bbox 1799 5748 1890 5804; x_wconf 87' lang='lat' dir='ltr'>dat</span> <span class='ocrx_word' id='word_1_435' title='bbox 1909 5763 2001 5804; x_wconf 88' lang='lat' dir='ltr'>no-</span> 
     </span>
    </p>
   </div>
   <div class='ocr_carea' id='block_1_64' title="bbox 2100 587 3702 661">
    <p class='ocr_par' dir='ltr' id='par_1_64' title="bbox 2100 587 3702 661">
     <span class='ocr_line' id='line_1_64' title="bbox 2100 587 3702 661; baseline 0.004 -21"><span class='ocrx_word' id='word_1_436' title='bbox 2100 587 2176 641; x_wconf 89' lang='lat' dir='ltr'>ris</span> <span class='ocrx_word' id='word_1_437' title='bbox 2209 587 2621 642; x_wconf 84' lang='lat' dir='ltr'>retributionem</span> <span class='ocrx_word' id='word_1_438' title='bbox 2647 589 2875 644; x_wconf 90' lang='lat' dir='ltr'>vitemus</span> <span class='ocrx_word' id='word_1_439' title='bbox 2903 609 2915 645; x_wconf 95' lang='lat'>:</span> <span class='ocrx_word' id='word_1_440' title='bbox 2941 607 3009 645; x_wconf 91' lang='lat' dir='ltr'>ne</span> <span class='ocrx_word' id='word_1_441' title='bbox 3031 607 3132 645; x_wconf 91' lang='lat' dir='ltr'>nos</span> <span class='ocrx_word' id='word_1_442' title='bbox 3163 591 3410 661; x_wconf 90' lang='lat' dir='ltr'>operatio</span> <span class='ocrx_word' id='word_1_443' title='bbox 3432 591 3702 646; x_wconf 89' lang='lat' dir='ltr'>virtutum</span> 
     </span>
    </p>
   </div>
   <div class='ocr_carea' id='block_1_65' title="bbox 2101 675 3704 750">
    <p class='ocr_par' dir='ltr' id='par_1_65' title="bbox 2101 675 3704 750">
     <span class='ocr_line' id='line_1_65' title="bbox 2101 675 3704 750; baseline 0.003 -20"><span class='ocrx_word' id='word_1_444' title='bbox 2101 675 2171 731; x_wconf 91' lang='lat' dir='ltr'>ad</span> <span class='ocrx_word' id='word_1_445' title='bbox 2192 677 2690 748; x_wconf 89' lang='lat' dir='ltr'>concupiscentiam</span> <span class='ocrx_word' id='word_1_446' title='bbox 2721 678 2904 734; x_wconf 80' lang='lat' dir='ltr'>flectat</span> <span class='ocrx_word' id='word_1_447' title='bbox 2947 679 3348 750; x_wconf 90' lang='lat' dir='ltr'>temporalium.</span> <span class='ocrx_word' id='word_1_448' title='bbox 3383 679 3543 748; x_wconf 90' lang='lat' dir='ltr'>Quod</span> <span class='ocrx_word' id='word_1_449' title='bbox 3577 681 3704 750; x_wconf 91' lang='lat' dir='ltr'>ipse</span> 
     </span>
    </p>
   </div>
   <div class='ocr_carea' id='block_1_66' title="bbox 2103 765 3705 842">
    <p class='ocr_par' dir='ltr' id='par_1_66' title="bbox 2103 765 3705 842">
     <span class='ocr_line' id='line_1_66' title="bbox 2103 765 3705 842; baseline 0.004 -23"><span class='ocrx_word' id='word_1_450' title='bbox 2103 765 2366 821; x_wconf 92' lang='lat' dir='ltr'>Dominus</span> <span class='ocrx_word' id='word_1_451' title='bbox 2397 767 2556 822; x_wconf 90' lang='lat' dir='ltr'>nobis</span> <span class='ocrx_word' id='word_1_452' title='bbox 2584 767 2888 834; x_wconf 88' lang='lat' dir='ltr'>insinuans,</span> <span class='ocrx_word' id='word_1_453' title='bbox 2922 783 3047 824; x_wconf 89' lang='lat' dir='ltr'>cum</span> <span class='ocrx_word' id='word_1_454' title='bbox 3092 769 3149 822; x_wconf 90' lang='lat' dir='ltr'>hi</span> <span class='ocrx_word' id='word_1_455' title='bbox 3194 769 3286 842; x_wconf 92' lang='lat' dir='ltr'>qui</span> <span class='ocrx_word' id='word_1_456' title='bbox 3315 769 3546 824; x_wconf 90' lang='lat' dir='ltr'>virtutes</span> <span class='ocrx_word' id='word_1_457' title='bbox 3576 770 3705 838; x_wconf 86' lang='lat' dir='ltr'>ejus</span> 
     </span>
    </p>
   </div>
   <div class='ocr_carea' id='block_1_67' title="bbox 2102 855 3703 931">
    <p class='ocr_par' dir='ltr' id='par_1_67' title="bbox 2102 855 3703 931">
     <span class='ocr_line' id='line_1_67' title="bbox 2102 855 3703 931; baseline 0.002 -21"><span class='ocrx_word' id='word_1_458' title='bbox 2102 855 2532 922; x_wconf 90' lang='lat' dir='ltr'>admirabantur,</span> <span class='ocrx_word' id='word_1_459' title='bbox 2584 872 2776 928; x_wconf 84' lang='lat' dir='ltr'>regem</span> <span class='ocrx_word' id='word_1_460' title='bbox 2819 873 2942 911; x_wconf 92' lang='lat' dir='ltr'>eum</span> <span class='ocrx_word' id='word_1_461' title='bbox 2991 856 3177 912; x_wconf 88' lang='lat' dir='ltr'>facere</span> <span class='ocrx_word' id='word_1_462' title='bbox 3206 857 3427 924; x_wconf 90' lang='lat' dir='ltr'>vellent,</span> <span class='ocrx_word' id='word_1_463' title='bbox 3462 857 3607 931; x_wconf 85' lang='lat' dir='ltr'>fugit</span> <span class='ocrx_word' id='word_1_464' title='bbox 3641 859 3703 914; x_wconf 90' lang='lat' dir='ltr'>in</span> 
     </span>
    </p>
   </div>
   <div class='ocr_carea' id='block_1_68' title="bbox 2101 943 3706 1018">
    <p class='ocr_par' dir='ltr' id='par_1_68' title="bbox 2101 943 3706 1018">
     <span class='ocr_line' id='line_1_68' title="bbox 2101 943 3706 1018; baseline 0.002 -20"><span class='ocrx_word' id='word_1_465' title='bbox 2101 951 2343 999; x_wconf 90' lang='lat' dir='ltr'>montem</span> <span class='ocrx_word' id='word_1_466' title='bbox 2372 959 2553 1000; x_wconf 86' lang='lat' dir='ltr'>orare.</span> <span class='ocrx_word' id='word_1_467' title='bbox 2581 943 3012 1000; x_wconf 88' lang='lat' dir='ltr'>Crucifixoribus</span> <span class='ocrx_word' id='word_1_468' title='bbox 3041 954 3328 1018; x_wconf 89' lang='lat' dir='ltr'>promptus</span> <span class='ocrx_word' id='word_1_469' title='bbox 3347 948 3616 1014; x_wconf 88' lang='lat' dir='ltr'>occurrit,</span> <span class='ocrx_word' id='word_1_470' title='bbox 3644 956 3706 1002; x_wconf 90' lang='lat' dir='ltr'>ut</span> 
     </span>
    </p>
   </div>
   <div class='ocr_carea' id='block_1_69' title="bbox 2103 1031 3710 1103">
    <p class='ocr_par' dir='ltr' id='par_1_69' title="bbox 2103 1031 3710 1103">
     <span class='ocr_line' id='line_1_69' title="bbox 2103 1031 3710 1103; baseline 0.001 -15"><span class='ocrx_word' id='word_1_471' title='bbox 2103 1031 2312 1089; x_wconf 87' lang='lat' dir='ltr'>scilicet</span> <span class='ocrx_word' id='word_1_472' title='bbox 2339 1032 2516 1103; x_wconf 89' lang='lat' dir='ltr'>parati</span> <span class='ocrx_word' id='word_1_473' title='bbox 2548 1032 2718 1088; x_wconf 92' lang='lat' dir='ltr'>simus</span> <span class='ocrx_word' id='word_1_474' title='bbox 2747 1034 2817 1089; x_wconf 87' lang='lat' dir='ltr'>ad</span> <span class='ocrx_word' id='word_1_475' title='bbox 2846 1034 3082 1091; x_wconf 89' lang='lat' dir='ltr'>adversa</span> <span class='ocrx_word' id='word_1_476' title='bbox 3109 1035 3415 1102; x_wconf 87' lang='lat' dir='ltr'>toleranda,</span> <span class='ocrx_word' id='word_1_477' title='bbox 3449 1036 3601 1092; x_wconf 90' lang='lat' dir='ltr'>cauti</span> <span class='ocrx_word' id='word_1_478' title='bbox 3634 1036 3710 1091; x_wconf 88' lang='lat' dir='ltr'>ad</span> 
     </span>
    </p>
   </div>
   <div class='ocr_carea' id='block_1_70' title="bbox 2102 1122 3703 1193">
    <p class='ocr_par' dir='ltr' id='par_1_70' title="bbox 2102 1122 3703 1193">
     <span class='ocr_line' id='line_1_70' title="bbox 2102 1122 3703 1193; baseline 0.002 -16"><span class='ocrx_word' id='word_1_479' title='bbox 2102 1122 2476 1181; x_wconf 88' lang='lat' dir='ltr'>blandimenta</span> <span class='ocrx_word' id='word_1_480' title='bbox 2521 1123 2569 1180; x_wconf 92' lang='lat' dir='ltr'>si</span> <span class='ocrx_word' id='word_1_481' title='bbox 2615 1124 2902 1181; x_wconf 89' lang='lat' dir='ltr'>arriserint</span> <span class='ocrx_word' id='word_1_482' title='bbox 2925 1167 2938 1191; x_wconf 95' lang='lat'>,</span> <span class='ocrx_word' id='word_1_483' title='bbox 2973 1133 3027 1180; x_wconf 89' lang='lat' dir='ltr'>et</span> <span class='ocrx_word' id='word_1_484' title='bbox 3073 1139 3143 1180; x_wconf 88' lang='lat' dir='ltr'>ne</span> <span class='ocrx_word' id='word_1_485' title='bbox 3190 1139 3291 1180; x_wconf 91' lang='lat' dir='ltr'>nos</span> <span class='ocrx_word' id='word_1_486' title='bbox 3315 1167 3329 1191; x_wconf 97' lang='lat'>,</span> <span class='ocrx_word' id='word_1_487' title='bbox 3364 1125 3411 1179; x_wconf 89' lang='lat' dir='ltr'>si</span> <span class='ocrx_word' id='word_1_488' title='bbox 3441 1124 3703 1193; x_wconf 75' lang='lat' dir='ltr'>afﬂuant,</span> 
     </span>
    </p>
   </div>
   <div class='ocr_carea' id='block_1_71' title="bbox 2102 1213 3705 1290">
    <p class='ocr_par' dir='ltr' id='par_1_71' title="bbox 2102 1213 3705 1290">
     <span class='ocr_line' id='line_1_71' title="bbox 2102 1213 3705 1290; baseline 0.001 -23"><span class='ocrx_word' id='word_1_489' title='bbox 2102 1214 2431 1271; x_wconf 89' lang='lat' dir='ltr'>emolliendo</span> <span class='ocrx_word' id='word_1_490' title='bbox 2487 1216 2781 1290; x_wconf 90' lang='lat' dir='ltr'>decipiant,</span> <span class='ocrx_word' id='word_1_491' title='bbox 2844 1213 3055 1272; x_wconf 88' lang='lat' dir='ltr'>crebris</span> <span class='ocrx_word' id='word_1_492' title='bbox 3085 1229 3120 1269; x_wconf 90' lang='lat' dir='ltr'>a</span> <span class='ocrx_word' id='word_1_493' title='bbox 3148 1213 3380 1270; x_wconf 88' lang='lat' dir='ltr'>Domino</span> <span class='ocrx_word' id='word_1_494' title='bbox 3436 1213 3705 1286; x_wconf 90' lang='lat' dir='ltr'>precibus</span> 
     </span>
    </p>
   </div>
   <div class='ocr_carea' id='block_1_72' title="bbox 2101 1302 2480 1375">
    <p class='ocr_par' dir='ltr' id='par_1_72' title="bbox 2101 1302 2480 1375">
     <span class='ocr_line' id='line_1_72' title="bbox 2101 1302 2480 1375; baseline 0.013 -18"><span class='ocrx_word' id='word_1_495' title='bbox 2101 1302 2480 1375; x_wconf 90' lang='lat' dir='ltr'>imploremus.</span> 
     </span>
    </p>
   </div>
   <div class='ocr_carea' id='block_1_73' title="bbox 2171 1391 3704 1466">
    <p class='ocr_par' dir='ltr' id='par_1_73' title="bbox 2171 1391 3704 1466">
     <span class='ocr_line' id='line_1_73' title="bbox 2171 1391 3704 1466; baseline 0 -18"><span class='ocrx_word' id='word_1_496' title='bbox 2171 1394 2254 1448; x_wconf 85' lang='lat' dir='ltr'>Ad</span> <span class='ocrx_word' id='word_1_497' title='bbox 2285 1395 2664 1452; x_wconf 80' lang='lat' dir='ltr'>Bethsaidam.</span> <span class='ocrx_word' id='word_1_498' title='bbox 2716 1393 2937 1466; x_wconf 75' lang='lat' dir='ltr'>(BenA.)</span> <span class='ocrx_word' id='word_1_499' title='bbox 2966 1393 3253 1448; x_wconf 89' lang='lat' dir='ltr'>Bethsaida</span> <span class='ocrx_word' id='word_1_500' title='bbox 3303 1391 3496 1449; x_wconf 87' lang='lat' dir='ltr'>civitas</span> <span class='ocrx_word' id='word_1_501' title='bbox 3525 1401 3615 1449; x_wconf 89' lang='lat' dir='ltr'>est</span> <span class='ocrx_word' id='word_1_502' title='bbox 3645 1392 3704 1448; x_wconf 90' lang='lat' dir='ltr'>in</span> 
     </span>
    </p>
   </div>
   <div class='ocr_carea' id='block_1_74' title="bbox 2103 1481 3702 1556">
    <p class='ocr_par' dir='ltr' id='par_1_74' title="bbox 2103 1481 3702 1556">
     <span class='ocr_line' id='line_1_74' title="bbox 2103 1481 3702 1556; baseline -0.001 -19"><span class='ocrx_word' id='word_1_503' title='bbox 2103 1481 2332 1538; x_wconf 68' lang='lat' dir='ltr'>Galilaea</span> <span class='ocrx_word' id='word_1_504' title='bbox 2359 1484 2593 1539; x_wconf 68' lang='lat' dir='ltr'>Andreas</span> <span class='ocrx_word' id='word_1_505' title='bbox 2621 1491 2675 1539; x_wconf 90' lang='lat' dir='ltr'>et</span> <span class='ocrx_word' id='word_1_506' title='bbox 2705 1483 2852 1538; x_wconf 87' lang='lat' dir='ltr'>Petri</span> <span class='ocrx_word' id='word_1_507' title='bbox 2881 1489 2934 1539; x_wconf 93' lang='lat' dir='ltr'>et</span> <span class='ocrx_word' id='word_1_508' title='bbox 2971 1481 3205 1554; x_wconf 87' lang='lat' dir='ltr'>Philippi</span> <span class='ocrx_word' id='word_1_509' title='bbox 3229 1497 3403 1554; x_wconf 90' lang='lat' dir='ltr'>prope</span> <span class='ocrx_word' id='word_1_510' title='bbox 3435 1489 3702 1556; x_wconf 89' lang='lat' dir='ltr'>stagnum</span> 
     </span>
    </p>
   </div>
   <div class='ocr_carea' id='block_1_75' title="bbox 2102 1569 3701 1644">
    <p class='ocr_par' dir='ltr' id='par_1_75' title="bbox 2102 1569 3701 1644">
     <span class='ocr_line' id='line_1_75' title="bbox 2102 1569 3701 1644; baseline 0.001 -18"><span class='ocrx_word' id='word_1_511' title='bbox 2102 1569 2463 1628; x_wconf 90' lang='lat' dir='ltr'>Genesareth.</span> <span class='ocrx_word' id='word_1_512' title='bbox 2499 1571 2607 1628; x_wconf 91' lang='lat' dir='ltr'>Sed</span> <span class='ocrx_word' id='word_1_513' title='bbox 2636 1573 2854 1628; x_wconf 90' lang='lat' dir='ltr'>Marcus</span> <span class='ocrx_word' id='word_1_514' title='bbox 2900 1571 3051 1639; x_wconf 90' lang='lat' dir='ltr'>dicit,</span> <span class='ocrx_word' id='word_1_515' title='bbox 3085 1579 3189 1627; x_wconf 92' lang='lat' dir='ltr'>etc.</span> <span class='ocrx_word' id='word_1_516' title='bbox 3219 1613 3232 1638; x_wconf 95' lang='lat'>,</span> <span class='ocrx_word' id='word_1_517' title='bbox 3265 1587 3441 1644; x_wconf 82' lang='lat' dir='ltr'>usque</span> <span class='ocrx_word' id='word_1_518' title='bbox 3469 1571 3544 1627; x_wconf 85' lang='lat' dir='ltr'>ad</span> <span class='ocrx_word' id='word_1_519' title='bbox 3574 1587 3701 1644; x_wconf 66' lang='lat' dir='ltr'>quae</span> 
     </span>
    </p>
   </div>
   <div class='ocr_carea' id='block_1_76' title="bbox 2101 1660 3700 1731">
    <p class='ocr_par' dir='ltr' id='par_1_76' title="bbox 2101 1660 3700 1731">
     <span class='ocr_line' id='line_1_76' title="bbox 2101 1660 3700 1731; baseline 0.001 -17"><span class='ocrx_word' id='word_1_520' title='bbox 2101 1660 2278 1716; x_wconf 88' lang='lat' dir='ltr'>ambae</span> <span class='ocrx_word' id='word_1_521' title='bbox 2307 1667 2432 1716; x_wconf 92' lang='lat' dir='ltr'>sunt</span> <span class='ocrx_word' id='word_1_522' title='bbox 2460 1660 2708 1717; x_wconf 88' lang='lat' dir='ltr'>civitates</span> <span class='ocrx_word' id='word_1_523' title='bbox 2737 1661 2795 1716; x_wconf 92' lang='lat' dir='ltr'>in</span> <span class='ocrx_word' id='word_1_524' title='bbox 2825 1660 3057 1716; x_wconf 67' lang='lat' dir='ltr'>Galilaea</span> <span class='ocrx_word' id='word_1_525' title='bbox 3096 1661 3251 1730; x_wconf 87' lang='lat' dir='ltr'>juxta</span> <span class='ocrx_word' id='word_1_526' title='bbox 3279 1667 3539 1731; x_wconf 87' lang='lat' dir='ltr'>stagnum</span> <span class='ocrx_word' id='word_1_527' title='bbox 3579 1661 3700 1715; x_wconf 89' lang='lat' dir='ltr'>Ge-</span> 
     </span>
    </p>
   </div>
   <div class='ocr_carea' id='block_1_77' title="bbox 2100 1748 3700 1822">
    <p class='ocr_par' dir='ltr' id='par_1_77' title="bbox 2100 1748 3700 1822">
     <span class='ocr_line' id='line_1_77' title="bbox 2100 1748 3700 1822; baseline 0.002 -20"><span class='ocrx_word' id='word_1_528' title='bbox 2100 1751 2357 1804; x_wconf 88' lang='lat' dir='ltr'>nesareth</span> <span class='ocrx_word' id='word_1_529' title='bbox 2397 1768 2411 1804; x_wconf 94' lang='lat'><strong>:</strong></span> <span class='ocrx_word' id='word_1_530' title='bbox 2444 1750 2590 1822; x_wconf 89' lang='lat' dir='ltr'>quod</span> <span class='ocrx_word' id='word_1_531' title='bbox 2620 1749 2784 1806; x_wconf 90' lang='lat' dir='ltr'>etiam</span> <span class='ocrx_word' id='word_1_532' title='bbox 2811 1748 3118 1806; x_wconf 89' lang='lat' dir='ltr'>Tiberiadis</span> <span class='ocrx_word' id='word_1_533' title='bbox 3155 1764 3189 1804; x_wconf 93' lang='lat' dir='ltr'>a</span> <span class='ocrx_word' id='word_1_534' title='bbox 3234 1749 3527 1805; x_wconf 89' lang='lat' dir='ltr'>Tiberiade</span> <span class='ocrx_word' id='word_1_535' title='bbox 3557 1749 3700 1805; x_wconf 86' lang='lat' dir='ltr'>civi-</span> 
     </span>
    </p>
   </div>
   <div class='ocr_carea' id='block_1_78' title="bbox 2014 1839 2597 1903">
    <p class='ocr_par' dir='ltr' id='par_1_78' title="bbox 2014 1839 2597 1903">
     <span class='ocr_line' id='line_1_78' title="bbox 2014 1839 2597 1903; baseline 0.003 -11"><span class='ocrx_word' id='word_1_536' title='bbox 2014 1843 2067 1903; x_wconf 91' lang='lat' dir='ltr'><strong>B</strong></span> <span class='ocrx_word' id='word_1_537' title='bbox 2106 1846 2212 1894; x_wconf 87' lang='lat' dir='ltr'>tate</span> <span class='ocrx_word' id='word_1_538' title='bbox 2243 1839 2323 1896; x_wconf 90' lang='lat' dir='ltr'>sic</span> <span class='ocrx_word' id='word_1_539' title='bbox 2353 1847 2597 1895; x_wconf 86' lang='lat' dir='ltr'>vocatur.</span> 
     </span>
    </p>
   </div>
   <div class='ocr_carea' id='block_1_79' title="bbox 2173 1954 3703 2026">
    <p class='ocr_par' dir='ltr' id='par_1_79' title="bbox 2173 1954 3703 2026">
     <span class='ocr_line' id='line_1_79' title="bbox 2173 1954 3703 2026; baseline 0.001 -17"><span class='ocrx_word' id='word_1_540' title='bbox 2173 1955 2343 2010; x_wconf 87' lang='lat' dir='ltr'>Vens.</span> <span class='ocrx_word' id='word_1_541' title='bbox 2377 1956 2466 2010; x_wconf 80' lang='grc'>46.</span> <span class='ocrx_word' id='word_1_542' title='bbox 2499 1985 2569 1995; x_wconf 90' lang='grc'><strong>-</strong></span> <span class='ocrx_word' id='word_1_543' title='bbox 2614 1955 2766 2010; x_wconf 84' lang='lat' dir='ltr'>Abiit</span> <span class='ocrx_word' id='word_1_544' title='bbox 2811 1957 2875 2010; x_wconf 84' lang='lat' dir='ltr'>in</span> <span class='ocrx_word' id='word_1_545' title='bbox 2924 1959 3196 2011; x_wconf 83' lang='lat' dir='ltr'>montem.</span> <span class='ocrx_word' id='word_1_546' title='bbox 3237 1954 3368 2026; x_wconf 79' lang='lat'>(10.)</span> <span class='ocrx_word' id='word_1_547' title='bbox 3399 1954 3546 2010; x_wconf 90' lang='lat' dir='ltr'>Bene</span> <span class='ocrx_word' id='word_1_548' title='bbox 3576 1962 3703 2010; x_wconf 87' lang='lat' dir='ltr'>orat</span> 
     </span>
    </p>
   </div>
   <div class='ocr_carea' id='block_1_80' title="bbox 2102 2041 3706 2115">
    <p class='ocr_par' dir='ltr' id='par_1_80' title="bbox 2102 2041 3706 2115">
     <span class='ocr_line' id='line_1_80' title="bbox 2102 2041 3706 2115; baseline 0.001 -17"><span class='ocrx_word' id='word_1_549' title='bbox 2102 2042 2195 2115; x_wconf 86' lang='lat' dir='ltr'>qui</span> <span class='ocrx_word' id='word_1_550' title='bbox 2226 2043 2402 2099; x_wconf 90' lang='lat' dir='ltr'>Deum</span> <span class='ocrx_word' id='word_1_551' title='bbox 2449 2043 2659 2098; x_wconf 91' lang='lat' dir='ltr'>orando</span> <span class='ocrx_word' id='word_1_552' title='bbox 2707 2042 2934 2115; x_wconf 67' lang='lat' dir='ltr'>qumrit,</span> <span class='ocrx_word' id='word_1_553' title='bbox 2968 2058 3002 2098; x_wconf 94' lang='lat' dir='ltr'>a</span> <span class='ocrx_word' id='word_1_554' title='bbox 3049 2042 3282 2098; x_wconf 90' lang='lat' dir='ltr'>terrenis</span> <span class='ocrx_word' id='word_1_555' title='bbox 3311 2041 3381 2098; x_wconf 91' lang='lat' dir='ltr'>ad</span> <span class='ocrx_word' id='word_1_556' title='bbox 3413 2043 3706 2114; x_wconf 87' lang='lat' dir='ltr'>superiora</span> 
     </span>
    </p>
   </div>
   <div class='ocr_carea' id='block_1_81' title="bbox 2100 2131 3702 2204">
    <p class='ocr_par' dir='ltr' id='par_1_81' title="bbox 2100 2131 3702 2204">
     <span class='ocr_line' id='line_1_81' title="bbox 2100 2131 3702 2204; baseline 0.001 -17"><span class='ocrx_word' id='word_1_557' title='bbox 2100 2131 2461 2204; x_wconf 84' lang='lat' dir='ltr'>progrediens</span> <span class='ocrx_word' id='word_1_558' title='bbox 2485 2175 2497 2199; x_wconf 92' lang='lat'>,</span> <span class='ocrx_word' id='word_1_559' title='bbox 2531 2131 2793 2188; x_wconf 89' lang='lat' dir='ltr'>verticem</span> <span class='ocrx_word' id='word_1_560' title='bbox 2839 2131 3005 2188; x_wconf 73' lang='lat' dir='ltr'>curiae</span> <span class='ocrx_word' id='word_1_561' title='bbox 3064 2131 3398 2187; x_wconf 91' lang='lat' dir='ltr'>sublimioris</span> <span class='ocrx_word' id='word_1_562' title='bbox 3427 2133 3702 2188; x_wconf 89' lang='lat' dir='ltr'>ascendit.</span> 
     </span>
    </p>
   </div>
   <div class='ocr_carea' id='block_1_82' title="bbox 2103 2220 3703 2294">
    <p class='ocr_par' dir='ltr' id='par_1_82' title="bbox 2103 2220 3703 2294">
     <span class='ocr_line' id='line_1_82' title="bbox 2103 2220 3703 2294; baseline 0.002 -19"><span class='ocrx_word' id='word_1_563' title='bbox 2103 2220 2208 2289; x_wconf 93' lang='lat' dir='ltr'>Qui</span> <span class='ocrx_word' id='word_1_564' title='bbox 2238 2221 2308 2276; x_wconf 92' lang='lat' dir='ltr'>de</span> <span class='ocrx_word' id='word_1_565' title='bbox 2337 2220 2558 2286; x_wconf 91' lang='lat' dir='ltr'>divitiis,</span> <span class='ocrx_word' id='word_1_566' title='bbox 2591 2229 2721 2288; x_wconf 90' lang='lat' dir='ltr'>etc.,</span> <span class='ocrx_word' id='word_1_567' title='bbox 2754 2237 2929 2294; x_wconf 81' lang='lat' dir='ltr'>usque</span> <span class='ocrx_word' id='word_1_568' title='bbox 2977 2221 3047 2276; x_wconf 88' lang='lat' dir='ltr'>ad</span> <span class='ocrx_word' id='word_1_569' title='bbox 3085 2221 3269 2275; x_wconf 89' lang='lat' dir='ltr'>omnia</span> <span class='ocrx_word' id='word_1_570' title='bbox 3295 2237 3416 2292; x_wconf 80' lang='lat' dir='ltr'>quae</span> <span class='ocrx_word' id='word_1_571' title='bbox 3445 2222 3565 2278; x_wconf 88' lang='lat' dir='ltr'>vult</span> <span class='ocrx_word' id='word_1_572' title='bbox 3595 2237 3703 2292; x_wconf 88' lang='lat' dir='ltr'>po-</span> 
     </span>
    </p>
   </div>
   <div class='ocr_carea' id='block_1_83' title="bbox 2102 2309 3706 2381">
    <p class='ocr_par' dir='ltr' id='par_1_83' title="bbox 2102 2309 3706 2381">
     <span class='ocr_line' id='line_1_83' title="bbox 2102 2309 3706 2381; baseline 0.002 -17"><span class='ocrx_word' id='word_1_573' title='bbox 2102 2317 2210 2365; x_wconf 90' lang='lat' dir='ltr'>test</span> <span class='ocrx_word' id='word_1_574' title='bbox 2257 2309 2389 2381; x_wconf 89' lang='lat' dir='ltr'>quin</span> <span class='ocrx_word' id='word_1_575' title='bbox 2443 2310 2744 2366; x_wconf 90' lang='lat' dir='ltr'>advocatus</span> <span class='ocrx_word' id='word_1_576' title='bbox 2783 2317 2838 2365; x_wconf 90' lang='lat' dir='ltr'>et</span> <span class='ocrx_word' id='word_1_577' title='bbox 2862 2309 3027 2378; x_wconf 82' lang='lat' dir='ltr'>judex</span> <span class='ocrx_word' id='word_1_578' title='bbox 3065 2317 3253 2364; x_wconf 89' lang='lat' dir='ltr'>noster</span> <span class='ocrx_word' id='word_1_579' title='bbox 3300 2319 3421 2377; x_wconf 87' lang='lat' dir='ltr'>est;</span> <span class='ocrx_word' id='word_1_580' title='bbox 3469 2311 3706 2367; x_wconf 89' lang='lat' dir='ltr'>alterum</span> 
     </span>
    </p>
   </div>
   <div class='ocr_carea' id='block_1_84' title="bbox 2103 2397 3480 2470">
    <p class='ocr_par' dir='ltr' id='par_1_84' title="bbox 2103 2397 3480 2470">
     <span class='ocr_line' id='line_1_84' title="bbox 2103 2397 3480 2470; baseline 0.001 -17"><span class='ocrx_word' id='word_1_581' title='bbox 2103 2397 2320 2470; x_wconf 88' lang='lat' dir='ltr'>pietatis</span> <span class='ocrx_word' id='word_1_582' title='bbox 2367 2397 2625 2465; x_wconf 87' lang='lat' dir='ltr'>ofﬁcium,</span> <span class='ocrx_word' id='word_1_583' title='bbox 2668 2398 2902 2454; x_wconf 88' lang='lat' dir='ltr'>alterum</span> <span class='ocrx_word' id='word_1_584' title='bbox 2941 2399 3224 2470; x_wconf 88' lang='lat' dir='ltr'>potestatis</span> <span class='ocrx_word' id='word_1_585' title='bbox 3244 2399 3480 2470; x_wconf 88' lang='lat' dir='ltr'>insigne.</span> 
     </span>
    </p>
   </div>
   <div class='ocr_carea' id='block_1_85' title="bbox 2176 2500 3703 2574">
    <p class='ocr_par' dir='ltr' id='par_1_85' title="bbox 2176 2500 3703 2574">
     <span class='ocr_line' id='line_1_85' title="bbox 2176 2500 3703 2574; baseline 0.001 -18"><span class='ocrx_word' id='word_1_586' title='bbox 2176 2502 2349 2556; x_wconf 85' lang='lat' dir='ltr'>Vens.</span> <span class='ocrx_word' id='word_1_587' title='bbox 2381 2503 2470 2556; x_wconf 76' lang='grc'>47.</span> <span class='ocrx_word' id='word_1_588' title='bbox 2503 2531 2572 2541; x_wconf 93' lang='lat'>-—</span> <span class='ocrx_word' id='word_1_589' title='bbox 2620 2504 2690 2557; x_wconf 87' lang='lat' dir='ltr'>Et</span> <span class='ocrx_word' id='word_1_590' title='bbox 2736 2503 2852 2574; x_wconf 85' lang='lat' dir='ltr'>ipse</span> <span class='ocrx_word' id='word_1_591' title='bbox 2882 2503 3054 2567; x_wconf 79' lang='lat' dir='ltr'>solus,</span> <span class='ocrx_word' id='word_1_592' title='bbox 3108 2509 3212 2556; x_wconf 91' lang='lat' dir='ltr'>etc.</span> <span class='ocrx_word' id='word_1_593' title='bbox 3266 2500 3372 2570; x_wconf 92' lang='lat' dir='ltr'>Qui</span> <span class='ocrx_word' id='word_1_594' title='bbox 3402 2501 3703 2574; x_wconf 88' lang='lat' dir='ltr'>aliquando</span> 
     </span>
    </p>
   </div>
   <div class='ocr_carea' id='block_1_86' title="bbox 2059 2587 3693 2661">
    <p class='ocr_par' dir='ltr' id='par_1_86' title="bbox 2059 2587 3693 2661">
     <span class='ocr_line' id='line_1_86' title="bbox 2059 2587 3693 2661; baseline 0.001 -17"><span class='ocrx_word' id='word_1_595' title='bbox 2059 2621 2062 2624; x_wconf 64' lang='grc'><strong><em>«</em></strong></span> <span class='ocrx_word' id='word_1_596' title='bbox 2107 2589 2326 2645; x_wconf 91' lang='lat' dir='ltr'>omnino</span> <span class='ocrx_word' id='word_1_597' title='bbox 2357 2589 2414 2644; x_wconf 89' lang='lat' dir='ltr'>in</span> <span class='ocrx_word' id='word_1_598' title='bbox 2441 2589 2702 2661; x_wconf 91' lang='lat' dir='ltr'>periculis</span> <span class='ocrx_word' id='word_1_599' title='bbox 2750 2589 3058 2646; x_wconf 88' lang='lat' dir='ltr'>Ecclesiam</span> <span class='ocrx_word' id='word_1_600' title='bbox 3089 2589 3404 2646; x_wconf 88' lang='lat' dir='ltr'>deseruisse</span> <span class='ocrx_word' id='word_1_601' title='bbox 3433 2587 3693 2658; x_wconf 85' lang='lat' dir='ltr'>videtur;</span> 
     </span>
    </p>
   </div>
   <div class='ocr_carea' id='block_1_87' title="bbox 2106 2678 3706 2751">
    <p class='ocr_par' dir='ltr' id='par_1_87' title="bbox 2106 2678 3706 2751">
     <span class='ocr_line' id='line_1_87' title="bbox 2106 2678 3706 2751; baseline 0.001 -20"><span class='ocrx_word' id='word_1_602' title='bbox 2106 2678 2249 2733; x_wconf 90' lang='lat' dir='ltr'>unde</span> <span class='ocrx_word' id='word_1_603' title='bbox 2276 2696 2289 2733; x_wconf 90' lang='lat'><strong>:</strong></span> <span class='ocrx_word' id='word_1_604' title='bbox 2331 2681 2399 2736; x_wconf 85' lang='lat' dir='ltr'>Ut</span> <span class='ocrx_word' id='word_1_605' title='bbox 2437 2679 2588 2751; x_wconf 89' lang='lat' dir='ltr'>quid,</span> <span class='ocrx_word' id='word_1_606' title='bbox 2613 2680 2864 2745; x_wconf 84' lang='lat' dir='ltr'>Domine,</span> <span class='ocrx_word' id='word_1_607' title='bbox 2891 2681 3176 2734; x_wconf 83' lang='lat' dir='ltr'>recessisti</span> <span class='ocrx_word' id='word_1_608' title='bbox 3199 2680 3356 2751; x_wconf 84' lang='lat' dir='ltr'>longe</span> <span class='ocrx_word' id='word_1_609' title='bbox 3377 2680 3555 2751; x_wconf 82' lang='lat' dir='ltr'>(Psal.</span> <span class='ocrx_word' id='word_1_610' title='bbox 3589 2681 3653 2750; x_wconf 68' lang='grc' dir='ltr'>χ)</span> <span class='ocrx_word' id='word_1_611' title='bbox 3677 2679 3706 2734; x_wconf 70' lang='grc'><strong>7</strong></span> 
     </span>
    </p>
   </div>
   <div class='ocr_carea' id='block_1_88' title="bbox 2107 2767 3699 2840">
    <p class='ocr_par' dir='ltr' id='par_1_88' title="bbox 2107 2767 3699 2840">
     <span class='ocr_line' id='line_1_88' title="bbox 2107 2767 3699 2840; baseline 0.001 -17"><span class='ocrx_word' id='word_1_612' title='bbox 2107 2776 2211 2824; x_wconf 92' lang='lat' dir='ltr'>etc.</span> <span class='ocrx_word' id='word_1_613' title='bbox 2246 2767 2353 2822; x_wconf 90' lang='lat' dir='ltr'>Sed</span> <span class='ocrx_word' id='word_1_614' title='bbox 2383 2767 2511 2840; x_wconf 90' lang='lat' dir='ltr'>quia</span> <span class='ocrx_word' id='word_1_615' title='bbox 2540 2767 2720 2824; x_wconf 83' lang='lat' dir='ltr'>differt</span> <span class='ocrx_word' id='word_1_616' title='bbox 2749 2767 3026 2833; x_wconf 86' lang='lat' dir='ltr'>auxilium,</span> <span class='ocrx_word' id='word_1_617' title='bbox 3049 2783 3161 2824; x_wconf 90' lang='lat' dir='ltr'>non</span> <span class='ocrx_word' id='word_1_618' title='bbox 3179 2767 3353 2824; x_wconf 90' lang='lat' dir='ltr'>aufert</span> <span class='ocrx_word' id='word_1_619' title='bbox 3371 2768 3699 2825; x_wconf 90' lang='lat' dir='ltr'>subsidium.</span> 
     </span>
    </p>
   </div>
   <div class='ocr_carea' id='block_1_89' title="bbox 2177 2883 3706 2956">
    <p class='ocr_par' dir='ltr' id='par_1_89' title="bbox 2177 2883 3706 2956">
     <span class='ocr_line' id='line_1_89' title="bbox 2177 2883 3706 2956; baseline 0.002 -19"><span class='ocrx_word' id='word_1_620' title='bbox 2177 2883 2349 2939; x_wconf 87' lang='lat' dir='ltr'>Vens.</span> <span class='ocrx_word' id='word_1_621' title='bbox 2383 2885 2471 2939; x_wconf 77' lang='grc'>48.</span> <span class='ocrx_word' id='word_1_622' title='bbox 2506 2913 2575 2923; x_wconf 94' lang='grc'><strong>-</strong></span> <span class='ocrx_word' id='word_1_623' title='bbox 2603 2885 2674 2939; x_wconf 85' lang='lat' dir='ltr'>Et</span> <span class='ocrx_word' id='word_1_624' title='bbox 2703 2885 2856 2940; x_wconf 87' lang='lat' dir='ltr'>circa</span> <span class='ocrx_word' id='word_1_625' title='bbox 2876 2888 3160 2956; x_wconf 86' lang='lat' dir='ltr'>quartam.</span> <span class='ocrx_word' id='word_1_626' title='bbox 3183 2883 3405 2955; x_wconf 76' lang='lat' dir='ltr'>(BI-20A.)</span> <span class='ocrx_word' id='word_1_627' title='bbox 3427 2883 3706 2941; x_wconf 87' lang='lat' dir='ltr'>Stationes</span> 
     </span>
    </p>
   </div>
   <div class='ocr_carea' id='block_1_90' title="bbox 2105 2971 3701 3043">
    <p class='ocr_par' dir='ltr' id='par_1_90' title="bbox 2105 2971 3701 3043">
     <span class='ocr_line' id='line_1_90' title="bbox 2105 2971 3701 3043; baseline 0 -15"><span class='ocrx_word' id='word_1_628' title='bbox 2105 2981 2160 3028; x_wconf 91' lang='lat' dir='ltr'>et</span> <span class='ocrx_word' id='word_1_629' title='bbox 2206 2972 2405 3043; x_wconf 71' lang='lat' dir='ltr'>vigiliae</span> <span class='ocrx_word' id='word_1_630' title='bbox 2455 2971 2742 3038; x_wconf 89' lang='lat' dir='ltr'>militares,</span> <span class='ocrx_word' id='word_1_631' title='bbox 2794 2973 3054 3027; x_wconf 88' lang='lat' dir='ltr'>horarum</span> <span class='ocrx_word' id='word_1_632' title='bbox 3105 2973 3284 3043; x_wconf 90' lang='lat' dir='ltr'>spatio</span> <span class='ocrx_word' id='word_1_633' title='bbox 3330 2972 3701 3028; x_wconf 91' lang='lat' dir='ltr'>dividuntur:</span> 
     </span>
    </p>
   </div>
   <div class='ocr_carea' id='block_1_91' title="bbox 2107 3061 3702 3134">
    <p class='ocr_par' dir='ltr' id='par_1_91' title="bbox 2107 3061 3702 3134">
     <span class='ocr_line' id='line_1_91' title="bbox 2107 3061 3702 3134; baseline 0.001 -18"><span class='ocrx_word' id='word_1_634' title='bbox 2107 3068 2257 3132; x_wconf 92' lang='lat' dir='ltr'>patet</span> <span class='ocrx_word' id='word_1_635' title='bbox 2277 3077 2412 3134; x_wconf 87' lang='lat' dir='ltr'>ergo</span> <span class='ocrx_word' id='word_1_636' title='bbox 2442 3076 2558 3127; x_wconf 92' lang='lat' dir='ltr'>eos,</span> <span class='ocrx_word' id='word_1_637' title='bbox 2591 3068 2720 3128; x_wconf 90' lang='lat' dir='ltr'>etc.,</span> <span class='ocrx_word' id='word_1_638' title='bbox 2767 3076 2942 3134; x_wconf 80' lang='lat' dir='ltr'>usque</span> <span class='ocrx_word' id='word_1_639' title='bbox 2973 3061 3044 3116; x_wconf 88' lang='lat' dir='ltr'>ad</span> <span class='ocrx_word' id='word_1_640' title='bbox 3073 3061 3292 3117; x_wconf 88' lang='lat' dir='ltr'>Lucifer</span> <span class='ocrx_word' id='word_1_641' title='bbox 3318 3075 3556 3133; x_wconf 88' lang='lat' dir='ltr'>namque</span> <span class='ocrx_word' id='word_1_642' title='bbox 3589 3070 3702 3118; x_wconf 91' lang='lat' dir='ltr'>tres</span> 
     </span>
    </p>
   </div>
   <div class='ocr_carea' id='block_1_92' title="bbox 2107 3149 3703 3221">
    <p class='ocr_par' dir='ltr' id='par_1_92' title="bbox 2107 3149 3703 3221">
     <span class='ocr_line' id='line_1_92' title="bbox 2107 3149 3703 3221; baseline 0.001 -16"><span class='ocrx_word' id='word_1_643' title='bbox 2107 3151 2275 3205; x_wconf 87' lang='lat' dir='ltr'>horas</span> <span class='ocrx_word' id='word_1_644' title='bbox 2303 3149 2499 3216; x_wconf 90' lang='lat' dir='ltr'>noctis,</span> <span class='ocrx_word' id='word_1_645' title='bbox 2533 3149 2589 3205; x_wconf 90' lang='lat' dir='ltr'>id</span> <span class='ocrx_word' id='word_1_646' title='bbox 2619 3158 2720 3218; x_wconf 89' lang='lat' dir='ltr'>est,</span> <span class='ocrx_word' id='word_1_647' title='bbox 2765 3157 2932 3206; x_wconf 88' lang='lat' dir='ltr'>totam</span> <span class='ocrx_word' id='word_1_648' title='bbox 2960 3149 3206 3221; x_wconf 85' lang='lat' dir='ltr'>vigiliam</span> <span class='ocrx_word' id='word_1_649' title='bbox 3234 3150 3558 3206; x_wconf 90' lang='lat' dir='ltr'>matutinam</span> <span class='ocrx_word' id='word_1_650' title='bbox 3579 3151 3703 3206; x_wconf 92' lang='lat' dir='ltr'>illu-</span> 
     </span>
    </p>
   </div>
   <div class='ocr_carea' id='block_1_93' title="bbox 2106 3238 2562 3294">
    <p class='ocr_par' dir='ltr' id='par_1_93' title="bbox 2106 3238 2562 3294">
     <span class='ocr_line' id='line_1_93' title="bbox 2106 3238 2562 3294; baseline 0.002 -1"><span class='ocrx_word' id='word_1_651' title='bbox 2106 3238 2317 3294; x_wconf 91' lang='lat' dir='ltr'>minare</span> <span class='ocrx_word' id='word_1_652' title='bbox 2345 3238 2562 3294; x_wconf 91' lang='lat' dir='ltr'>dicitur.</span> 
     </span>
    </p>
   </div>
   <div class='ocr_carea' id='block_1_94' title="bbox 2174 3329 3697 3402">
    <p class='ocr_par' dir='ltr' id='par_1_94' title="bbox 2174 3329 3697 3402">
     <span class='ocr_line' id='line_1_94' title="bbox 2174 3329 3697 3402; baseline 0.001 -19"><span class='ocrx_word' id='word_1_653' title='bbox 2174 3331 2244 3384; x_wconf 81' lang='lat' dir='ltr'>Et</span> <span class='ocrx_word' id='word_1_654' title='bbox 2302 3329 2520 3386; x_wconf 81' lang='lat' dir='ltr'>volebat</span> <span class='ocrx_word' id='word_1_655' title='bbox 2563 3331 2862 3402; x_wconf 65' lang='lat' dir='ltr'>praeterire</span> <span class='ocrx_word' id='word_1_656' title='bbox 2909 3345 3018 3387; x_wconf 85' lang='lat' dir='ltr'>eos.</span> <span class='ocrx_word' id='word_1_657' title='bbox 3073 3331 3205 3402; x_wconf 76' lang='lat'>(11).)</span> <span class='ocrx_word' id='word_1_658' title='bbox 3253 3329 3323 3386; x_wconf 92' lang='lat' dir='ltr'>Ut</span> <span class='ocrx_word' id='word_1_659' title='bbox 3362 3330 3432 3385; x_wconf 89' lang='lat' dir='ltr'>ad</span> <span class='ocrx_word' id='word_1_660' title='bbox 3480 3330 3697 3396; x_wconf 89' lang='lat' dir='ltr'>horam,</span> 
     </span>
    </p>
   </div>
   <div class='ocr_carea' id='block_1_95' title="bbox 2103 3416 3702 3490">
    <p class='ocr_par' dir='ltr' id='par_1_95' title="bbox 2103 3416 3702 3490">
     <span class='ocr_line' id='line_1_95' title="bbox 2103 3416 3702 3490; baseline 0.001 -18"><span class='ocrx_word' id='word_1_661' title='bbox 2103 3416 2330 3484; x_wconf 92' lang='lat' dir='ltr'>scilicet,</span> <span class='ocrx_word' id='word_1_662' title='bbox 2365 3417 2673 3473; x_wconf 89' lang='lat' dir='ltr'>conturbati</span> <span class='ocrx_word' id='word_1_663' title='bbox 2707 3435 2721 3472; x_wconf 92' lang='lat'>:</span> <span class='ocrx_word' id='word_1_664' title='bbox 2762 3418 2861 3474; x_wconf 90' lang='lat' dir='ltr'>sed</span> <span class='ocrx_word' id='word_1_665' title='bbox 2918 3418 3175 3475; x_wconf 89' lang='lat' dir='ltr'>continuo</span> <span class='ocrx_word' id='word_1_666' title='bbox 3204 3417 3440 3485; x_wconf 89' lang='lat' dir='ltr'>liberati,</span> <span class='ocrx_word' id='word_1_667' title='bbox 3473 3417 3602 3490; x_wconf 89' lang='lat' dir='ltr'>plus</span> <span class='ocrx_word' id='word_1_668' title='bbox 3629 3419 3702 3474; x_wconf 90' lang='lat' dir='ltr'>li-</span> 
     </span>
    </p>
   </div>
   <div class='ocr_carea' id='block_1_96' title="bbox 2103 3505 3696 3579">
    <p class='ocr_par' dir='ltr' id='par_1_96' title="bbox 2103 3505 3696 3579">
     <span class='ocr_line' id='line_1_96' title="bbox 2103 3505 3696 3579; baseline 0.003 -20"><span class='ocrx_word' id='word_1_669' title='bbox 2103 3505 2400 3561; x_wconf 89' lang='lat' dir='ltr'>berationis</span> <span class='ocrx_word' id='word_1_670' title='bbox 2430 3523 2541 3562; x_wconf 86' lang='lat' dir='ltr'>suae</span> <span class='ocrx_word' id='word_1_671' title='bbox 2569 3506 2894 3562; x_wconf 85' lang='lat' dir='ltr'>miraculum</span> <span class='ocrx_word' id='word_1_672' title='bbox 2916 3516 3214 3579; x_wconf 89' lang='lat' dir='ltr'>stuperent,</span> <span class='ocrx_word' id='word_1_673' title='bbox 3239 3515 3293 3562; x_wconf 93' lang='lat' dir='ltr'>et</span> <span class='ocrx_word' id='word_1_674' title='bbox 3312 3508 3552 3578; x_wconf 90' lang='lat' dir='ltr'>ereptori</span> <span class='ocrx_word' id='word_1_675' title='bbox 3575 3524 3696 3574; x_wconf 89' lang='lat' dir='ltr'>suo,</span> 
     </span>
    </p>
   </div>
   <div class='ocr_carea' id='block_1_97' title="bbox 2101 3594 3697 3668">
    <p class='ocr_par' dir='ltr' id='par_1_97' title="bbox 2101 3594 3697 3668">
     <span class='ocr_line' id='line_1_97' title="bbox 2101 3594 3697 3668; baseline 0.001 -18"><span class='ocrx_word' id='word_1_676' title='bbox 2101 3602 2228 3661; x_wconf 90' lang='lat' dir='ltr'>etc.,</span> <span class='ocrx_word' id='word_1_677' title='bbox 2264 3611 2436 3668; x_wconf 86' lang='lat' dir='ltr'>usque</span> <span class='ocrx_word' id='word_1_678' title='bbox 2469 3595 2541 3651; x_wconf 87' lang='lat' dir='ltr'>ad</span> <span class='ocrx_word' id='word_1_679' title='bbox 2572 3594 2707 3650; x_wconf 90' lang='lat' dir='ltr'>Cum</span> <span class='ocrx_word' id='word_1_680' title='bbox 2736 3597 3107 3652; x_wconf 88' lang='lat' dir='ltr'>ambulaveris</span> <span class='ocrx_word' id='word_1_681' title='bbox 3138 3597 3196 3650; x_wconf 90' lang='lat' dir='ltr'>in</span> <span class='ocrx_word' id='word_1_682' title='bbox 3224 3595 3372 3668; x_wconf 89' lang='lat' dir='ltr'>igne,</span> <span class='ocrx_word' id='word_1_683' title='bbox 3405 3611 3516 3652; x_wconf 91' lang='lat' dir='ltr'>non</span> <span class='ocrx_word' id='word_1_684' title='bbox 3546 3611 3697 3652; x_wconf 90' lang='lat' dir='ltr'>com-</span> 
     </span>
    </p>
   </div>
   <div class='ocr_carea' id='block_1_98' title="bbox 2103 3682 3262 3749">
    <p class='ocr_par' dir='ltr' id='par_1_98' title="bbox 2103 3682 3262 3749">
     <span class='ocr_line' id='line_1_98' title="bbox 2103 3682 3262 3749; baseline 0.003 -13"><span class='ocrx_word' id='word_1_685' title='bbox 2103 3682 2337 3749; x_wconf 88' lang='lat' dir='ltr'>bureris,</span> <span class='ocrx_word' id='word_1_686' title='bbox 2372 3690 2426 3739; x_wconf 90' lang='lat' dir='ltr'>et</span> <span class='ocrx_word' id='word_1_687' title='bbox 2455 3683 2676 3738; x_wconf 89' lang='lat' dir='ltr'>ﬂamma</span> <span class='ocrx_word' id='word_1_688' title='bbox 2704 3698 2814 3740; x_wconf 90' lang='lat' dir='ltr'>non</span> <span class='ocrx_word' id='word_1_689' title='bbox 2845 3684 3058 3740; x_wconf 88' lang='lat' dir='ltr'>ardebit</span> <span class='ocrx_word' id='word_1_690' title='bbox 3085 3683 3142 3739; x_wconf 91' lang='lat' dir='ltr'>in</span> <span class='ocrx_word' id='word_1_691' title='bbox 3189 3691 3262 3740; x_wconf 90' lang='lat' dir='ltr'>te.</span> 
     </span>
    </p>
   </div>
   <div class='ocr_carea' id='block_1_99' title="bbox 2172 3800 3704 3872">
    <p class='ocr_par' dir='ltr' id='par_1_99' title="bbox 2172 3800 3704 3872">
     <span class='ocr_line' id='line_1_99' title="bbox 2172 3800 3704 3872; baseline 0.002 -17"><span class='ocrx_word' id='word_1_692' title='bbox 2172 3800 2342 3855; x_wconf 86' lang='lat' dir='ltr'>Vens.</span> <span class='ocrx_word' id='word_1_693' title='bbox 2375 3802 2462 3856; x_wconf 81' lang='grc'>49.</span> <span class='ocrx_word' id='word_1_694' title='bbox 2495 3829 2566 3841; x_wconf 88' lang='lat'><strong>-</strong></span> <span class='ocrx_word' id='word_1_695' title='bbox 2592 3802 2965 3857; x_wconf 85' lang='lat' dir='ltr'>Putaveru-nt.</span> <span class='ocrx_word' id='word_1_696' title='bbox 3000 3801 3221 3872; x_wconf 82' lang='lat' dir='ltr'>(BEDA.)</span> <span class='ocrx_word' id='word_1_697' title='bbox 3240 3800 3432 3856; x_wconf 82' lang='lat' dir='ltr'>Adhuc</span> <span class='ocrx_word' id='word_1_698' title='bbox 3459 3801 3704 3858; x_wconf 69' lang='lat' dir='ltr'>hei-aenei</span> 
     </span>
    </p>
   </div>
   <div class='ocr_carea' id='block_1_100' title="bbox 2100 3889 3702 3963">
    <p class='ocr_par' dir='ltr' id='par_1_100' title="bbox 2100 3889 3702 3963">
     <span class='ocr_line' id='line_1_100' title="bbox 2100 3889 3702 3963; baseline 0.002 -19"><span class='ocrx_word' id='word_1_699' title='bbox 2100 3897 2289 3960; x_wconf 90' lang='lat' dir='ltr'>putant</span> <span class='ocrx_word' id='word_1_700' title='bbox 2315 3890 2642 3960; x_wconf 89' lang='lat' dir='ltr'>phantasma</span> <span class='ocrx_word' id='word_1_701' title='bbox 2661 3905 2803 3960; x_wconf 90' lang='lat' dir='ltr'>esse,</span> <span class='ocrx_word' id='word_1_702' title='bbox 2825 3905 2929 3946; x_wconf 90' lang='lat' dir='ltr'>nec</span> <span class='ocrx_word' id='word_1_703' title='bbox 2950 3905 3137 3946; x_wconf 88' lang='lat' dir='ltr'>veram</span> <span class='ocrx_word' id='word_1_704' title='bbox 3157 3905 3381 3946; x_wconf 88' lang='lat' dir='ltr'>carnem</span> <span class='ocrx_word' id='word_1_705' title='bbox 3394 3889 3464 3946; x_wconf 92' lang='lat' dir='ltr'>de</span> <span class='ocrx_word' id='word_1_706' title='bbox 3485 3889 3702 3963; x_wconf 87' lang='lat' dir='ltr'>virgine</span> 
     </span>
    </p>
   </div>
   <div class='ocr_carea' id='block_1_101' title="bbox 2100 3977 3704 4051">
    <p class='ocr_par' dir='ltr' id='par_1_101' title="bbox 2100 3977 3704 4051">
     <span class='ocr_line' id='line_1_101' title="bbox 2100 3977 3704 4051; baseline 0.002 -19"><span class='ocrx_word' id='word_1_707' title='bbox 2100 3977 2486 4048; x_wconf 89' lang='lat' dir='ltr'>assumpsisse.</span> <span class='ocrx_word' id='word_1_708' title='bbox 2533 3977 2852 4034; x_wconf 91' lang='lat' dir='ltr'>Theodorus</span> <span class='ocrx_word' id='word_1_709' title='bbox 2911 3977 3075 4045; x_wconf 88' lang='lat' dir='ltr'>enim,</span> <span class='ocrx_word' id='word_1_710' title='bbox 3109 3987 3238 4045; x_wconf 89' lang='lat' dir='ltr'>etc.,</span> <span class='ocrx_word' id='word_1_711' title='bbox 3297 3994 3470 4051; x_wconf 79' lang='lat' dir='ltr'>usque</span> <span class='ocrx_word' id='word_1_712' title='bbox 3527 3979 3604 4035; x_wconf 89' lang='lat' dir='ltr'>ad</span> <span class='ocrx_word' id='word_1_713' title='bbox 3651 3987 3704 4035; x_wconf 88' lang='lat' dir='ltr'>et</span> 
     </span>
    </p>
   </div>
   <div class='ocr_carea' id='block_1_102' title="bbox 2102 4065 3701 4140">
    <p class='ocr_par' dir='ltr' id='par_1_102' title="bbox 2102 4065 3701 4140">
     <span class='ocr_line' id='line_1_102' title="bbox 2102 4065 3701 4140; baseline 0.001 -19"><span class='ocrx_word' id='word_1_714' title='bbox 2102 4066 2334 4139; x_wconf 90' lang='lat' dir='ltr'>qualiter</span> <span class='ocrx_word' id='word_1_715' title='bbox 2363 4081 2473 4123; x_wconf 90' lang='lat' dir='ltr'>non</span> <span class='ocrx_word' id='word_1_716' title='bbox 2501 4065 2695 4122; x_wconf 91' lang='lat' dir='ltr'>infusis</span> <span class='ocrx_word' id='word_1_717' title='bbox 2724 4065 2954 4140; x_wconf 91' lang='lat' dir='ltr'>pedibus</span> <span class='ocrx_word' id='word_1_718' title='bbox 3001 4066 3288 4138; x_wconf 91' lang='lat' dir='ltr'>corporale</span> <span class='ocrx_word' id='word_1_719' title='bbox 3333 4066 3550 4138; x_wconf 89' lang='lat' dir='ltr'>pondus</span> <span class='ocrx_word' id='word_1_720' title='bbox 3597 4068 3701 4122; x_wconf 91' lang='lat' dir='ltr'>ha-</span> 
     </span>
    </p>
   </div>
   <div class='ocr_carea' id='block_1_103' title="bbox 2099 4154 3702 4224">
    <p class='ocr_par' dir='ltr' id='par_1_103' title="bbox 2099 4154 3702 4224">
     <span class='ocr_line' id='line_1_103' title="bbox 2099 4154 3702 4224; baseline 0.002 -15"><span class='ocrx_word' id='word_1_721' title='bbox 2099 4155 2353 4212; x_wconf 88' lang='lat' dir='ltr'>bentibus</span> <span class='ocrx_word' id='word_1_722' title='bbox 2372 4163 2426 4211; x_wconf 92' lang='lat' dir='ltr'>et</span> <span class='ocrx_word' id='word_1_723' title='bbox 2451 4155 2730 4211; x_wconf 90' lang='lat' dir='ltr'>materiale</span> <span class='ocrx_word' id='word_1_724' title='bbox 2761 4171 2918 4224; x_wconf 91' lang='lat' dir='ltr'>onus,</span> <span class='ocrx_word' id='word_1_725' title='bbox 2939 4154 3329 4212; x_wconf 89' lang='lat' dir='ltr'>deambulabat</span> <span class='ocrx_word' id='word_1_726' title='bbox 3347 4155 3402 4210; x_wconf 89' lang='lat' dir='ltr'>in</span> <span class='ocrx_word' id='word_1_727' title='bbox 3420 4155 3702 4212; x_wconf 86' lang='lat' dir='ltr'>humidam</span> 
     </span>
    </p>
   </div>
   <div class='ocr_carea' id='block_1_104' title="bbox 2099 4243 2898 4301">
    <p class='ocr_par' dir='ltr' id='par_1_104' title="bbox 2099 4243 2898 4301">
     <span class='ocr_line' id='line_1_104' title="bbox 2099 4243 2898 4301; baseline 0.003 -2"><span class='ocrx_word' id='word_1_728' title='bbox 2099 4251 2153 4299; x_wconf 89' lang='lat' dir='ltr'>et</span> <span class='ocrx_word' id='word_1_729' title='bbox 2181 4243 2490 4298; x_wconf 89' lang='lat' dir='ltr'>instabilem</span> <span class='ocrx_word' id='word_1_730' title='bbox 2519 4244 2898 4301; x_wconf 90' lang='lat' dir='ltr'>substantiam.</span> 
     </span>
    </p>
   </div>
   <div class='ocr_carea' id='block_1_105' title="bbox 2171 4359 3700 4418">
    <p class='ocr_par' dir='ltr' id='par_1_105' title="bbox 2171 4359 3700 4418">
     <span class='ocr_line' id='line_1_105' title="bbox 2171 4359 3700 4418; baseline -0.001 -3"><span class='ocrx_word' id='word_1_731' title='bbox 2171 4361 2342 4416; x_wconf 87' lang='lat' dir='ltr'>Vens.</span> <span class='ocrx_word' id='word_1_732' title='bbox 2375 4362 2463 4416; x_wconf 78' lang='lat'>50.</span> <span class='ocrx_word' id='word_1_733' title='bbox 2497 4390 2567 4401; x_wconf 97' lang='lat'><strong>—</strong></span> <span class='ocrx_word' id='word_1_734' title='bbox 2595 4361 2778 4418; x_wconf 87' lang='lat' dir='ltr'>Nolite</span> <span class='ocrx_word' id='word_1_735' title='bbox 2853 4363 3072 4418; x_wconf 87' lang='lat' dir='ltr'>timere.</span> <span class='ocrx_word' id='word_1_736' title='bbox 3153 4359 3337 4416; x_wconf 89' lang='lat' dir='ltr'>Prima</span> <span class='ocrx_word' id='word_1_737' title='bbox 3409 4359 3700 4416; x_wconf 85' lang='lat' dir='ltr'>subventio</span> 
     </span>
    </p>
   </div>
   <div class='ocr_carea' id='block_1_106' title="bbox 2101 4449 3696 4520">
    <p class='ocr_par' dir='ltr' id='par_1_106' title="bbox 2101 4449 3696 4520">
     <span class='ocr_line' id='line_1_106' title="bbox 2101 4449 3696 4520; baseline 0 -17"><span class='ocrx_word' id='word_1_738' title='bbox 2101 4457 2184 4504; x_wconf 91' lang='lat' dir='ltr'>est</span> <span class='ocrx_word' id='word_1_739' title='bbox 2229 4449 2436 4520; x_wconf 92' lang='lat' dir='ltr'>pellere</span> <span class='ocrx_word' id='word_1_740' title='bbox 2485 4449 2778 4517; x_wconf 90' lang='lat' dir='ltr'>timorem;</span> <span class='ocrx_word' id='word_1_741' title='bbox 2811 4449 3084 4515; x_wconf 90' lang='lat' dir='ltr'>secunda,</span> <span class='ocrx_word' id='word_1_742' title='bbox 3135 4455 3516 4520; x_wconf 89' lang='lat' dir='ltr'>tempestatem</span> <span class='ocrx_word' id='word_1_743' title='bbox 3547 4463 3696 4520; x_wconf 64' lang='lat' dir='ltr'>prie-</span> 
     </span>
    </p>
   </div>
   <div class='ocr_carea' id='block_1_107' title="bbox 2027 4537 3699 4622">
    <p class='ocr_par' dir='ltr' id='par_1_107' title="bbox 2027 4537 3699 4622">
     <span class='ocr_line' id='line_1_107' title="bbox 2027 4537 3699 4622; baseline 0.001 -29"><span class='ocrx_word' id='word_1_744' title='bbox 2027 4560 2080 4622; x_wconf 83' lang='lat' dir='ltr'>D</span> <span class='ocrx_word' id='word_1_745' title='bbox 2111 4538 2300 4593; x_wconf 87' lang='lat' dir='ltr'>sentiae</span> <span class='ocrx_word' id='word_1_746' title='bbox 2330 4553 2442 4595; x_wconf 65' lang='lat' dir='ltr'>suae</span> <span class='ocrx_word' id='word_1_747' title='bbox 2470 4537 2668 4595; x_wconf 88' lang='lat' dir='ltr'>virtute</span> <span class='ocrx_word' id='word_1_748' title='bbox 2696 4553 3064 4609; x_wconf 91' lang='lat' dir='ltr'>compescere.</span> <span class='ocrx_word' id='word_1_749' title='bbox 3095 4538 3215 4594; x_wconf 91' lang='lat' dir='ltr'>Nec</span> <span class='ocrx_word' id='word_1_750' title='bbox 3260 4537 3458 4592; x_wconf 89' lang='lat' dir='ltr'>mirum</span> <span class='ocrx_word' id='word_1_751' title='bbox 3506 4537 3555 4592; x_wconf 93' lang='lat' dir='ltr'>si</span> <span class='ocrx_word' id='word_1_752' title='bbox 3585 4537 3699 4594; x_wconf 86' lang='lat' dir='ltr'>Do-</span> 
     </span>
    </p>
   </div>
   <div class='ocr_carea' id='block_1_108' title="bbox 2108 4625 3703 4698">
    <p class='ocr_par' dir='ltr' id='par_1_108' title="bbox 2108 4625 3703 4698">
     <span class='ocr_line' id='line_1_108' title="bbox 2108 4625 3703 4698; baseline -0.001 -18"><span class='ocrx_word' id='word_1_753' title='bbox 2108 4627 2256 4682; x_wconf 91' lang='lat' dir='ltr'>mino</span> <span class='ocrx_word' id='word_1_754' title='bbox 2287 4627 2618 4683; x_wconf 89' lang='lat' dir='ltr'>ascendente</span> <span class='ocrx_word' id='word_1_755' title='bbox 2663 4627 2722 4682; x_wconf 91' lang='lat' dir='ltr'>in</span> <span class='ocrx_word' id='word_1_756' title='bbox 2749 4626 2931 4684; x_wconf 89' lang='lat' dir='ltr'>navim</span> <span class='ocrx_word' id='word_1_757' title='bbox 2968 4635 3150 4683; x_wconf 88' lang='lat' dir='ltr'>cessat</span> <span class='ocrx_word' id='word_1_758' title='bbox 3194 4634 3389 4683; x_wconf 86' lang='lat' dir='ltr'>ventus</span> <span class='ocrx_word' id='word_1_759' title='bbox 3421 4643 3436 4680; x_wconf 85' lang='lat'><strong>:</strong></span> <span class='ocrx_word' id='word_1_760' title='bbox 3469 4625 3600 4698; x_wconf 89' lang='lat' dir='ltr'>quia</span> <span class='ocrx_word' id='word_1_761' title='bbox 3646 4625 3703 4679; x_wconf 89' lang='lat' dir='ltr'>in</span> 
     </span>
    </p>
   </div>
   <div class='ocr_carea' id='block_1_109' title="bbox 2112 4713 3696 4789">
    <p class='ocr_par' dir='ltr' id='par_1_109' title="bbox 2112 4713 3696 4789">
     <span class='ocr_line' id='line_1_109' title="bbox 2112 4713 3696 4789; baseline -0.001 -19"><span class='ocrx_word' id='word_1_762' title='bbox 2112 4731 2437 4788; x_wconf 88' lang='lat' dir='ltr'>quocunque</span> <span class='ocrx_word' id='word_1_763' title='bbox 2493 4715 2660 4772; x_wconf 91' lang='lat' dir='ltr'>corde</span> <span class='ocrx_word' id='word_1_764' title='bbox 2718 4731 2821 4787; x_wconf 92' lang='lat' dir='ltr'>per</span> <span class='ocrx_word' id='word_1_765' title='bbox 2865 4715 3102 4789; x_wconf 88' lang='lat' dir='ltr'>gratiam</span> <span class='ocrx_word' id='word_1_766' title='bbox 3159 4714 3244 4771; x_wconf 91' lang='lat' dir='ltr'>sui</span> <span class='ocrx_word' id='word_1_767' title='bbox 3284 4713 3488 4770; x_wconf 90' lang='lat' dir='ltr'>amoris</span> <span class='ocrx_word' id='word_1_768' title='bbox 3521 4713 3696 4780; x_wconf 87' lang='lat' dir='ltr'>adest,</span> 
     </span>
    </p>
   </div>
   <div class='ocr_carea' id='block_1_110' title="bbox 2105 4802 3699 4861">
    <p class='ocr_par' dir='ltr' id='par_1_110' title="bbox 2105 4802 3699 4861">
     <span class='ocr_line' id='line_1_110' title="bbox 2105 4802 3699 4861; baseline -0.003 -1"><span class='ocrx_word' id='word_1_769' title='bbox 2105 4819 2231 4860; x_wconf 86' lang='lat' dir='ltr'>mox</span> <span class='ocrx_word' id='word_1_770' title='bbox 2259 4805 2518 4861; x_wconf 90' lang='lat' dir='ltr'>universa</span> <span class='ocrx_word' id='word_1_771' title='bbox 2546 4803 2800 4861; x_wconf 89' lang='lat' dir='ltr'>vitiorum</span> <span class='ocrx_word' id='word_1_772' title='bbox 2830 4813 2884 4860; x_wconf 90' lang='lat' dir='ltr'>et</span> <span class='ocrx_word' id='word_1_773' title='bbox 2913 4802 3260 4861; x_wconf 89' lang='lat' dir='ltr'>adversantis</span> <span class='ocrx_word' id='word_1_774' title='bbox 3289 4802 3478 4859; x_wconf 91' lang='lat' dir='ltr'>mundi</span> <span class='ocrx_word' id='word_1_775' title='bbox 3509 4810 3565 4859; x_wconf 90' lang='lat' dir='ltr'>et</span> <span class='ocrx_word' id='word_1_776' title='bbox 3581 4816 3699 4857; x_wconf 86' lang='lat' dir='ltr'>ma-</span> 
     </span>
    </p>
   </div>
   <div class='ocr_carea' id='block_1_111' title="bbox 2105 4891 3198 4966">
    <p class='ocr_par' dir='ltr' id='par_1_111' title="bbox 2105 4891 3198 4966">
     <span class='ocr_line' id='line_1_111' title="bbox 2105 4891 3198 4966; baseline 0.001 -20"><span class='ocrx_word' id='word_1_777' title='bbox 2105 4891 2382 4964; x_wconf 87' lang='lat' dir='ltr'>lignorum</span> <span class='ocrx_word' id='word_1_778' title='bbox 2414 4893 2700 4966; x_wconf 89' lang='lat' dir='ltr'>spirituum</span> <span class='ocrx_word' id='word_1_779' title='bbox 2729 4891 2876 4950; x_wconf 90' lang='lat' dir='ltr'>bella</span> <span class='ocrx_word' id='word_1_780' title='bbox 2893 4892 3198 4966; x_wconf 86' lang='lat' dir='ltr'>quiescunt.</span> 
     </span>
    </p>
   </div>
   <div class='ocr_carea' id='block_1_112' title="bbox 2175 5007 3705 5078">
    <p class='ocr_par' dir='ltr' id='par_1_112' title="bbox 2175 5007 3705 5078">
     <span class='ocr_line' id='line_1_112' title="bbox 2175 5007 3705 5078; baseline -0.001 -14"><span class='ocrx_word' id='word_1_781' title='bbox 2175 5009 2346 5064; x_wconf 86' lang='lat' dir='ltr'>Vens.</span> <span class='ocrx_word' id='word_1_782' title='bbox 2401 5013 2490 5065; x_wconf 77' lang='lat'>52.</span> <span class='ocrx_word' id='word_1_783' title='bbox 2541 5039 2610 5050; x_wconf 92' lang='lat'>-—</span> <span class='ocrx_word' id='word_1_784' title='bbox 2658 5009 2780 5065; x_wconf 85' lang='lat' dir='ltr'>Non</span> <span class='ocrx_word' id='word_1_785' title='bbox 2828 5010 2986 5066; x_wconf 86' lang='lat' dir='ltr'>enim</span> <span class='ocrx_word' id='word_1_786' title='bbox 3024 5009 3448 5065; x_wconf 74' lang='lat' dir='ltr'>intellexerunt</span> <span class='ocrx_word' id='word_1_787' title='bbox 3478 5007 3705 5078; x_wconf 74' lang='lat' dir='ltr'>(Ben.\.)</span> 
     </span>
    </p>
   </div>
   <div class='ocr_carea' id='block_1_113' title="bbox 2103 5095 3704 5170">
    <p class='ocr_par' dir='ltr' id='par_1_113' title="bbox 2103 5095 3704 5170">
     <span class='ocr_line' id='line_1_113' title="bbox 2103 5095 3704 5170; baseline -0.001 -18"><span class='ocrx_word' id='word_1_788' title='bbox 2103 5096 2367 5154; x_wconf 86' lang='lat' dir='ltr'>Miraculo</span> <span class='ocrx_word' id='word_1_789' title='bbox 2417 5112 2642 5169; x_wconf 91' lang='lat' dir='ltr'>panum,</span> <span class='ocrx_word' id='word_1_790' title='bbox 2675 5097 2824 5170; x_wconf 90' lang='lat' dir='ltr'>quod</span> <span class='ocrx_word' id='word_1_791' title='bbox 2852 5105 3002 5154; x_wconf 90' lang='lat' dir='ltr'>esset</span> <span class='ocrx_word' id='word_1_792' title='bbox 3028 5113 3214 5154; x_wconf 89' lang='lat' dir='ltr'>rerum</span> <span class='ocrx_word' id='word_1_793' title='bbox 3244 5095 3495 5153; x_wconf 87' lang='lat' dir='ltr'>conditor</span> <span class='ocrx_word' id='word_1_794' title='bbox 3515 5105 3704 5152; x_wconf 88' lang='lat' dir='ltr'>osten-</span> 
     </span>
    </p>
   </div>
   <div class='ocr_carea' id='block_1_114' title="bbox 2103 5185 3705 5258">
    <p class='ocr_par' dir='ltr' id='par_1_114' title="bbox 2103 5185 3705 5258">
     <span class='ocr_line' id='line_1_114' title="bbox 2103 5185 3705 5258; baseline 0.001 -18"><span class='ocrx_word' id='word_1_795' title='bbox 2103 5185 2200 5240; x_wconf 87' lang='lat' dir='ltr'>dit.</span> <span class='ocrx_word' id='word_1_796' title='bbox 2253 5185 2605 5242; x_wconf 78' lang='lat' dir='ltr'>Ambulando</span> <span class='ocrx_word' id='word_1_797' title='bbox 2653 5203 2820 5258; x_wconf 92' lang='lat' dir='ltr'>super</span> <span class='ocrx_word' id='word_1_798' title='bbox 2865 5187 3042 5242; x_wconf 90' lang='lat' dir='ltr'>undas</span> <span class='ocrx_word' id='word_1_799' title='bbox 3069 5231 3082 5252; x_wconf 96' lang='lat'>,</span> <span class='ocrx_word' id='word_1_800' title='bbox 3118 5186 3266 5257; x_wconf 88' lang='lat' dir='ltr'>quod</span> <span class='ocrx_word' id='word_1_801' title='bbox 3293 5193 3468 5242; x_wconf 90' lang='lat' dir='ltr'>totum</span> <span class='ocrx_word' id='word_1_802' title='bbox 3497 5200 3705 5256; x_wconf 89' lang='lat' dir='ltr'>corpus</span> 
     </span>
    </p>
   </div>
   <div class='ocr_carea' id='block_1_115' title="bbox 2102 5273 3706 5348">
    <p class='ocr_par' dir='ltr' id='par_1_115' title="bbox 2102 5273 3706 5348">
     <span class='ocr_line' id='line_1_115' title="bbox 2102 5273 3706 5348; baseline 0.001 -20"><span class='ocrx_word' id='word_1_803' title='bbox 2102 5273 2341 5330; x_wconf 87' lang='lat' dir='ltr'>habebat</span> <span class='ocrx_word' id='word_1_804' title='bbox 2370 5275 2604 5330; x_wconf 90' lang='lat' dir='ltr'>liberum</span> <span class='ocrx_word' id='word_1_805' title='bbox 2650 5275 2720 5330; x_wconf 90' lang='lat' dir='ltr'>ab</span> <span class='ocrx_word' id='word_1_806' title='bbox 2768 5274 2916 5330; x_wconf 90' lang='lat' dir='ltr'>omni</span> <span class='ocrx_word' id='word_1_807' title='bbox 2963 5275 3263 5348; x_wconf 90' lang='lat' dir='ltr'>gravedine</span> <span class='ocrx_word' id='word_1_808' title='bbox 3306 5274 3540 5346; x_wconf 88' lang='lat' dir='ltr'>peccati.</span> <span class='ocrx_word' id='word_1_809' title='bbox 3572 5274 3706 5330; x_wconf 88' lang='lat' dir='ltr'>Pla-</span> 
     </span>
    </p>
   </div>
   <div class='ocr_carea' id='block_1_116' title="bbox 2103 5363 3706 5436">
    <p class='ocr_par' dir='ltr' id='par_1_116' title="bbox 2103 5363 3706 5436">
     <span class='ocr_line' id='line_1_116' title="bbox 2103 5363 3706 5436; baseline 0.001 -18"><span class='ocrx_word' id='word_1_810' title='bbox 2103 5363 2281 5419; x_wconf 90' lang='lat' dir='ltr'>cando</span> <span class='ocrx_word' id='word_1_811' title='bbox 2309 5372 2501 5418; x_wconf 90' lang='lat' dir='ltr'>ventos</span> <span class='ocrx_word' id='word_1_812' title='bbox 2532 5371 2586 5419; x_wconf 89' lang='lat' dir='ltr'>et</span> <span class='ocrx_word' id='word_1_813' title='bbox 2614 5364 2810 5430; x_wconf 91' lang='lat' dir='ltr'>undas,</span> <span class='ocrx_word' id='word_1_814' title='bbox 2861 5365 3008 5436; x_wconf 90' lang='lat' dir='ltr'>quod</span> <span class='ocrx_word' id='word_1_815' title='bbox 3053 5363 3339 5420; x_wconf 90' lang='lat' dir='ltr'>elementis</span> <span class='ocrx_word' id='word_1_816' title='bbox 3387 5363 3706 5420; x_wconf 86' lang='lat' dir='ltr'>dominare-</span> 
     </span>
    </p>
   </div>
   <div class='ocr_carea' id='block_1_117' title="bbox 2102 5451 3707 5525">
    <p class='ocr_par' dir='ltr' id='par_1_117' title="bbox 2102 5451 3707 5525">
     <span class='ocr_line' id='line_1_117' title="bbox 2102 5451 3707 5525; baseline 0.001 -19"><span class='ocrx_word' id='word_1_817' title='bbox 2102 5458 2189 5506; x_wconf 92' lang='lat' dir='ltr'>tur</span> <span class='ocrx_word' id='word_1_818' title='bbox 2208 5451 2463 5508; x_wconf 90' lang='lat' dir='ltr'>ostendit.</span> <span class='ocrx_word' id='word_1_819' title='bbox 2497 5452 2606 5507; x_wconf 91' lang='lat' dir='ltr'>Sed</span> <span class='ocrx_word' id='word_1_820' title='bbox 2635 5452 2886 5508; x_wconf 88' lang='lat' dir='ltr'>carnales</span> <span class='ocrx_word' id='word_1_821' title='bbox 2919 5452 3096 5508; x_wconf 91' lang='lat' dir='ltr'>adhuc</span> <span class='ocrx_word' id='word_1_822' title='bbox 3123 5451 3377 5523; x_wconf 90' lang='lat' dir='ltr'>discipuli</span> <span class='ocrx_word' id='word_1_823' title='bbox 3427 5451 3707 5525; x_wconf 81' lang='lat' dir='ltr'>magnitu-</span> 
     </span>
    </p>
   </div>
   <div class='ocr_carea' id='block_1_118' title="bbox 2102 5540 3709 5614">
    <p class='ocr_par' dir='ltr' id='par_1_118' title="bbox 2102 5540 3709 5614">
     <span class='ocr_line' id='line_1_118' title="bbox 2102 5540 3709 5614; baseline 0.002 -19"><span class='ocrx_word' id='word_1_824' title='bbox 2102 5540 2229 5597; x_wconf 89' lang='lat' dir='ltr'>dine</span> <span class='ocrx_word' id='word_1_825' title='bbox 2257 5541 2477 5614; x_wconf 90' lang='lat' dir='ltr'>quidem</span> <span class='ocrx_word' id='word_1_826' title='bbox 2505 5541 2767 5597; x_wconf 90' lang='lat' dir='ltr'>virtutum</span> <span class='ocrx_word' id='word_1_827' title='bbox 2796 5542 3105 5612; x_wconf 86' lang='lat' dir='ltr'>stupebant,</span> <span class='ocrx_word' id='word_1_828' title='bbox 3141 5541 3237 5597; x_wconf 90' lang='lat' dir='ltr'>sed</span> <span class='ocrx_word' id='word_1_829' title='bbox 3267 5540 3466 5598; x_wconf 69' lang='lat' dir='ltr'>divinae</span> <span class='ocrx_word' id='word_1_830' title='bbox 3495 5541 3709 5611; x_wconf 84' lang='lat' dir='ltr'>majes-</span> 
     </span>
    </p>
   </div>
   <div class='ocr_carea' id='block_1_119' title="bbox 2102 5630 3140 5702">
    <p class='ocr_par' dir='ltr' id='par_1_119' title="bbox 2102 5630 3140 5702">
     <span class='ocr_line' id='line_1_119' title="bbox 2102 5630 3140 5702; baseline -0.001 -16"><span class='ocrx_word' id='word_1_831' title='bbox 2102 5630 2230 5687; x_wconf 88' lang='lat' dir='ltr'>tatis</span> <span class='ocrx_word' id='word_1_832' title='bbox 2261 5631 2546 5688; x_wconf 88' lang='lat' dir='ltr'>veritatem</span> <span class='ocrx_word' id='word_1_833' title='bbox 2574 5646 2683 5686; x_wconf 90' lang='lat' dir='ltr'>non</span> <span class='ocrx_word' id='word_1_834' title='bbox 2715 5631 3140 5702; x_wconf 87' lang='lat' dir='ltr'>cognoscebant.</span> 
     </span>
    </p>
   </div>
   <div class='ocr_carea' id='block_1_120' title="bbox 2171 5743 3713 5818">
    <p class='ocr_par' dir='ltr' id='par_1_120' title="bbox 2171 5743 3713 5818">
     <span class='ocr_line' id='line_1_120' title="bbox 2171 5743 3713 5818; baseline -0.001 -16"><span class='ocrx_word' id='word_1_835' title='bbox 2171 5747 2344 5803; x_wconf 84' lang='lat' dir='ltr'>Vens.</span> <span class='ocrx_word' id='word_1_836' title='bbox 2379 5747 2468 5804; x_wconf 71' lang='grc'>54.</span> <span class='ocrx_word' id='word_1_837' title='bbox 2493 5774 2562 5789; x_wconf 92' lang='grc'><strong>-</strong></span> <span class='ocrx_word' id='word_1_838' title='bbox 2587 5748 2998 5818; x_wconf 84' lang='lat' dir='ltr'>Cognoverunt.</span> <span class='ocrx_word' id='word_1_839' title='bbox 3016 5746 3279 5817; x_wconf 80' lang='lat' dir='ltr'>Rumore,</span> <span class='ocrx_word' id='word_1_840' title='bbox 3304 5759 3416 5804; x_wconf 89' lang='lat' dir='ltr'>non</span> <span class='ocrx_word' id='word_1_841' title='bbox 3445 5743 3594 5803; x_wconf 85' lang='lat' dir='ltr'>facie</span> <span class='ocrx_word' id='word_1_842' title='bbox 3623 5743 3713 5802; x_wconf 85' lang='lat' dir='ltr'>vel</span> 
     </span>
    </p>
   </div>
  </div>
