3932 6178
295 390 396 445 205

1255 386 1523 444 GLOSSA
1560 385 1968 444 ORDINARIA.
2009 413 2078 428 --
2115 383 2379 442 EVANG.
2421 384 2657 442 MARCI.

3478 386 3586 441 206

301 510 678 584 magnitudine
718 511 986 586 signorun
1016 529 1028 565 :
1061 512 1226 568 etiam
1261 511 1410 568 vultu
1445 511 1692 583 plurimis
1729 518 1889 568 notus
1909 509 1966 572 A
1992 509 2350 581 idolothytum
2382 510 2436 563 in
2487 515 2742 580 quantum
2790 506 2942 563 cibus
2973 514 3073 575 est,
3108 507 3164 562 in
3194 514 3453 578 quantum
3485 506 3589 561 Dei

299 609 433 656 erat.

355 689 522 744 Vans.
541 693 706 744 56.—
719 690 1021 746 Fimbriam
1036 689 1891 760 vestimenti.(BnnA.)Minimum

300 778 615 832 mandatum
660 778 807 849 quod
851 779 941 850 qui
985 787 1360 850 transgressus
1405 777 1586 844 fuerit,
1636 778 1892 832 minimus

301 866 581 922 vocabitur
634 867 689 920 in
743 883 914 939 regno
961 868 1220 924 caelorum
1261 884 1274 920 :
1318 867 1405 921 vel
1464 867 1892 938 assumptionem

301 955 484 1012 carnis
512 972 612 1027 per
641 971 806 1028 quam
837 956 1084 1014 venimus
1115 957 1185 1012 ad
1217 956 1454 1013 Verbum
1484 956 1605 1012 Dei.

835 1151 1062 1208 CAPUT
1088 1152 1212 1208 VII.

384 1320 558 1376 Vsns.
605 1323 655 1374 1.
690 1350 758 1360 -
801 1321 873 1376 Et
923 1321 1289 1377 conveniunt.
1351 1318 1480 1389 (Io.)
1530 1319 1681 1374 Patet
1731 1333 1896 1390 quam

295 1420 430 1460 vera
469 1406 542 1459 sit
584 1403 859 1460 confessio
898 1406 1113 1460 Domini
1151 1405 1221 1460 ad
1259 1404 1474 1460 Patrem
1513 1418 1621 1474 qua
1653 1403 1849 1458 dicitur
1881 1422 1896 1460 :

301 1494 441 1562 Quia
471 1493 817 1550 abscondisti
845 1494 960 1550 haec
977 1511 1010 1548 a
1036 1495 1387 1566 sapientibus
1418 1497 1474 1548 et
1498 1492 1892 1564 prudentibus,

297 1587 352 1638 et
377 1583 651 1638 revelasti
675 1598 742 1637 ea
767 1583 1019 1654 parvulis
1045 1582 1374 1652 (Matth.x1).
1403 1581 1608 1636 Indocti
1649 1581 1890 1648 veniunt,

299 1669 549 1725 inﬁrmos
567 1669 865 1736 adducunt,
892 1678 952 1724 ut
969 1669 1342 1725 vel'fimbriam
1369 1671 1485 1739 ejus
1497 1670 1832 1740 contingant,
1849 1677 1901 1724 et

304 1758 428 1814 ideo
444 1759 633 1829 cupita
650 1758 826 1813 salute
843 1759 1140 1829 patiuntur.
1161 1759 1420 1813 Pharisaei
1441 1775 1574 1815 vero
1592 1767 1642 1812 et
1672 1759 1897 1824 Scribaa,

1994 608 2237 654 creatura
2282 606 2384 666 est,
2427 598 2524 653 sed
2564 597 2958 652 daemoniorum
2997 596 3265 652 invocatio
3314 596 3419 652 hoc
3457 595 3588 651 facit

1993 687 2334 742 immundun.
2376 688 2529 742 Unde
2552 706 2569 742 :
2590 688 2710 742 Non
2737 688 2972 758 potestis
3003 685 3183 741 bibere
3213 686 3451 742 calicem
3488 686 3587 742 Do-

1993 778 2144 831 mini
2175 781 2230 830 et
2262 777 2500 832 calicem
2531 775 2940 832 daemoniorum
2973 775 3022 844 (I
3041 775 3161 831 Cor.
3186 777 3277 844 Χ).

2065 863 2235 918 Judzei
2265 880 2324 918 se
2353 871 2562 933 partem
2592 862 2693 918 Dei
2714 865 2940 931 jactant,
2971 878 3287 918 communes
3317 861 3470 918 cibos
3498 875 3581 916 vo-

1997 960 2140 1017 cant,
2203 952 2397 1022 quibus
2456 968 2645 1006 omnes
2703 951 2951 1006 homines
3006 959 3246 1017 utuntur,
3290 960 3349 1006 ut
3387 957 3584 1017 ostrea,

1997 1040 2233 1111 lepores,
2261 1049 2315 1095 et
2349 1039 2659 1110 hujusmodi
2703 1040 2976 1108 animalia,
3025 1056 3147 1110 qua:
3176 1038 3441 1112 ungulam
3485 1053 3594 1094 non

2001 1128 2230 1198 ﬁndunt,
2265 1145 2366 1185 nec
2413 1128 2707 1198 ruminant,
2756 1145 2858 1184 nec
2905 1143 3202 1200 squamosa
3247 1128 3304 1183 in
3348 1127 3593 1199 piscibus

2003 1226 2146 1273 sunt.

2074 1321 2341 1375 Vnns.18.
2357 1349 2425 1359 -
2437 1321 2507 1374 Et
2527 1335 2620 1376 vos
2639 1319 3046 1392 imprudentes.
3067 1317 3600 1390 Corripiuntur,quia

1999 1425 2120 1480 quae
2149 1425 2251 1480 per
2280 1425 2339 1464 se
2369 1416 2574 1478 patent,
2624 1407 2852 1479 mystica
2879 1415 3090 1478 putant.
3132 1409 3213 1462 Ex
3243 1422 3350 1479 quo
3393 1407 3598 1463 adver-

1997 1497 2162 1552 timus
2192 1497 2447 1554 vitiosum
2487 1514 2610 1553 esse
2641 1497 2961 1564 auditorem,
3005 1496 3096 1568 qui
3138 1497 3375 1552 obscura
3416 1495 3598 1552 mani-

1999 1586 2155 1653 feste,
2189 1595 2282 1642 aut
2313 1586 2603 1642 manifeste
2625 1587 2770 1642 dicta
2790 1587 3025 1642 obscure
3055 1584 3168 1640 vult
3197 1585 3527 1657 intelligere.

2073 1703 2335 1758 VsnsJQ.
2363 1704 2516 1757 —Et
2546 1704 2610 1758 in
2641 1719 2941 1757 secessum.
2971 1700 3192 1772 (Bson)
3222 1701 3359 1756 Hinc
3387 1700 3602 1756 calum-

2002 1790 2220 1844 niantur
2271 1790 2494 1861 quidam
2541 1789 2800 1857 haeretici,
2851 1789 2996 1860 quod
3038 1789 3303 1843 Dominus
3361 1790 3599 1859 physica

306 1847 685 1952 (ἶυξξίοθξοτθδ
715 1847 899 1918 Ρθρυίί
933 1864 1073 1952 θῗδθ,
1095 1847 1388 1952 “bibam,
1421 1863 1531 1952 ΠοῨ
1569 1847 1639 1952 af!
1671 1848 1896 1952 verb?!“
1925 1869 1979 1928 B
2006 1879 2233 1952 ignarus
2259 1847 2409 1949 putet
2440 1896 2632 1933 omnes
2662 1847 2834 1945 cibos,
2871 1847 3010 1946 etc.,
3056 1894 3229 1950 usque
3260 1877 3332 1933 ad
3361 1847 3478 1947 ‘pe'r
3507 1893 3601 1933 oc-

301 1936 662 2002 audiendum,
690 1952 801 1990 non
826 1936 980 2007 quasi
1008 1936 1078 1991 ad
1103 1936 1394 2003 medicum,
1424 1937 1522 1992 sed
1552 1936 1622 1991 ad
1648 1936 1897 2008 quazstio-

299 2043 428 2080 num
458 2040 681 2097 pugnas
711 2032 1062 2080 concurrunt.

363 2115 542 2170 Vnns.
565 2118 622 2170 2.
655 2144 725 2154 -
753 2114 1148 2170 Communibus
1178 2115 1458 2170 manibus.
1483 2113 1895 2185 (thnomﬂm-

295 2204 535 2269 mundis,
581 2202 672 2258 vel
715 2203 1094 2258 communibus
1148 2203 1402 2257 manibus
1459 2203 1895 2258 communionem

299 2293 543 2364 gentium
596 2289 888 2362 signiﬁcat.
941 2290 1204 2345 Munditia
1247 2291 1648 2346 Pharisaeorum
1693 2291 1895 2346 sterilis

302 2388 399 2447 est,
442 2380 758 2436 communio
797 2379 1170 2450 apostolorum
1211 2394 1320 2434 non
1358 2388 1470 2434 tota
1491 2380 1730 2435 extendit
1769 2381 1895 2451 pal-

302 2470 456 2525 mites
489 2485 624 2523 suos
654 2485 827 2539 usque
857 2469 927 2528 ad
964 2484 1136 2523 mare.
1181 2469 1300 2524 Non
1334 2469 1482 2524 lotis.
1516 2470 1595 2523 De
1625 2485 1733 2524 non
1770 2469 1896 2524 lotis

303 2558 550 2628 corporis
565 2557 819 2611 manibus
849 2557 1178 2627 vituperant,
1199 2573 1322 2612 cum
1341 2557 1395 2611 in
1421 2573 1610 2612 eorum
1635 2558 1895 2628 operibus

301 2647 430 2701 nihil
461 2646 822 2700 immunditiae
852 2646 1176 2700 inveniatur.
1213 2647 1318 2717 Ipsi
1348 2661 1492 2718 aqua
1514 2647 1747 2702 exterius
1775 2646 1890 2713 loti,

301 2735 653 2791 conscientiae
683 2735 854 2790 livore
887 2734 1030 2788 intus
1061 2743 1184 2788 sunt
1203 2735 1414 2804 polluti.

391 2824 566 2878 Vsns.
587 2827 641 2877 3.
674 2854 744 2863 -—
781 2824 1072 2879 Pharisaei.
1109 2824 1328 2894 (BEDA.)
1361 2823 1751 2893 Superstitiosa
1789 2824 1893 2878 ho-

299 2913 500 2967 minum
521 2911 745 2967 traditio
775 2911 1022 2967 crebrius
1053 2911 1246 2978 lavari,
1280 2912 1351 2967 ob
1376 2912 1815 2967 manducandum
1841 2919 1896 2966 et

302 3001 633 3071 hujusmodi.
683 3000 792 3056 Sed
834 3000 1151 3056 necessaria
1201 3000 1452 3055 doctrina
1503 3000 1746 3056 veritatis
1799 3015 1893 3055 eos

301 3091 469 3160 jubet,
505 3089 599 3160 qui
631 3105 828 3159 panem
859 3089 983 3144 vitae
1012 3089 1102 3160 qui
1133 3089 1202 3143 de
1231 3089 1370 3144 coelo
1409 3089 1693 3145 descendit
1731 3105 1892 3143 man-

303 3177 504 3234 ducare
560 3178 897 3242 desiderant,
953 3178 1149 3233 crebro
1207 3178 1698 3248 eleemosynarum,
1752 3177 1892 3232 alio-

306 3283 538 3338 rumque
563 3267 790 3336 justitia:
820 3267 1094 3322 fructuum
1133 3266 1378 3321 lamento
1418 3282 1519 3320 sua
1557 3281 1730 3337 opera
1766 3282 1902 3337 pur-

305 3373 453 3428 gare.

373 3446 548 3499 Vnns.
578 3445 631 3498 4.
652 3474 722 3482 —
761 3444 1132 3516 Baptismata.
1166 3441 1391 3498 Frustra
1423 3458 1681 3498 vasorum
1719 3442 1900 3513 bapti-

306 3543 476 3589 smata
520 3540 766 3598 servant,
811 3533 902 3603 qui
951 3532 1198 3588 cordium
1240 3547 1465 3586 suorum
1519 3540 1571 3587 et
1614 3547 1902 3603 corporum

307 3623 494 3679 sordes
526 3621 832 3694 negligunt.
863 3622 983 3675 Non
1002 3622 1147 3676 enim
1175 3622 1278 3676 hoc
1295 3621 1363 3675 de
1391 3621 1767 3676 materialibus
1794 3635 1904 3674 ma-

305 3711 464 3766 nibus
497 3711 703 3766 dictum
735 3718 834 3775 est,
869 3711 963 3764 sed
993 3725 1094 3781 pro
1124 3711 1387 3765 mentium
1419 3710 1821 3775 emundatione,
1851 3716 1905 3764 et

307 3815 535 3871 cperum
580 3797 962 3870 castigatione,
1005 3806 1059 3852 et
1099 3799 1407 3854 animarum
1451 3798 1807 3855 sanctimonia
1851 3804 1905 3852 et

310 3889 494 3944 salute.

375 3979 549 4033 Vnns.
571 3982 625 4032 5.
662 4007 730 4016 -
769 3978 948 4046 Quare
965 3976 1229 4049 discipuli
1249 3979 1352 4045 tui,
1374 3984 1478 4032 etc.
1499 3976 1636 4031 Mira
1653 3975 1898 4031 stultitia!

312 4066 498 4120 Filium
531 4065 633 4121 Dei
663 4072 920 4136 arguunt,
954 4065 1082 4136 quia
1113 4079 1221 4120 non
1251 4073 1436 4119 servat
1477 4073 1754 4135 prmcepta
1797 4065 1902 4120 ho-

310 4156 532 4209 minum.
553 4156 748 4209 Manus
772 4161 974 4218 autem,
993 4154 1047 4207 id
1065 4161 1166 4218 est,
1200 4169 1368 4224 Opera
1399 4169 1508 4207 non
1535 4153 1780 4224 corporis
1806 4152 1904 4208 sei

313 4245 506 4298 anima:
535 4242 784 4297 lavandae
815 4249 958 4307 sunt,
992 4249 1050 4295 ut
1079 4240 1169 4295 ﬁat
1198 4242 1253 4295 in
1285 4241 1392 4295 illis
1425 4242 1662 4298 Verbum
1694 4241 1812 4295 Dei.

376 4332 552 4386 Vnns.
569 4336 622 4385 6.
640 4361 709 4370 —
736 4333 884 4386 Bene
911 4330 1287 4402 prophetavit.
1312 4331 1600 4400 (HIERON.)
1625 4331 1902 4384 Latratum

313 4420 712 4474 Pharismorum
747 4419 988 4489 reprimit
1015 4419 1168 4474 furca
1197 4418 1442 4485 rationis,
1493 4419 1546 4472 id
1587 4426 1688 4485 est,
1731 4417 1903 4488 Moysi

312 4516 362 4562 et
402 4509 561 4563 Isaiae
604 4508 998 4578 increpatione,
1047 4515 1103 4562 ut
1147 4515 1199 4563 et
1246 4524 1347 4564 nos
1387 4507 1673 4564 haereticos
1718 4507 1903 4562 verbis

311 4597 606 4668 Scriptura:
635 4596 857 4652 vincere
886 4595 1178 4668 possimus.

379 4699 550 4754 Vens.
572 4702 625 4754 9.
647 4729 716 4739 —-
733 4700 879 4754 Bene
897 4699 1152 4754 irritum.
1187 4696 1403 4753 Falsam
1421 4697 1750 4754 calumniam
1771 4713 1901 4753 vera

312 4788 520 4843 ratione
551 4786 816 4852 confutat,
853 4787 1025 4858 quasi,
1044 4787 1154 4843 Vos
1171 4794 1397 4857 prOptcr
1428 4787 1772 4842 traditionem
1804 4787 1901 4842 ho-

311 4876 803 4948 minumfprzecepta
830 4875 931 4930 Dei
960 4876 1306 4932 contemnitis
1323 4884 1374 4930 et
1405 4876 1700 4947 negligitis,
1735 4890 1902 4947 quare

313 4980 445 5036 ergo
473 4980 629 5019 meos
667 4964 965 5035 discipulos
1008 4964 1252 5037 arguitis,
1304 4965 1395 5036 qui
1431 4965 1588 5034 jussa
1625 4965 1902 5022 seniorum

313 5053 732 5124 parvipendunt,
757 5061 815 5107 ut
836 5052 1146 5109 custodiant
1173 5053 1433 5108 mandata
1462 5053 1606 5108 Dei?

380 5168 552 5223 Vnns.
588 5171 674 5222 Η.
694 5199 764 5208 -
789 5169 884 5225 Vos
901 5173 1094 5224 autem
1123 5169 1333 5225 dicitis.
1351 5168 1571 5240 (Bson)
1601 5167 1902 5224 Consulens

315 5256 577 5312 Dominus
607 5257 986 5324 imbecillitati,
1019 5258 1105 5312 vel
1137 5265 1355 5312 aetatum
1385 5257 1471 5312 vel
1515 5257 1758 5328 penuria:
1798 5272 1902 5328 pa-

312 5355 546 5411 rentum,
563 5347 844 5417 praecepit,
880 5354 1008 5411 etc.,
1028 5363 1202 5418 usque
1221 5347 1293 5402 ad
1309 5347 1577 5418 quiverus
1607 5347 1768 5402 Pater
1798 5354 1900 5412 est,

316 5435 517 5490 oblatio
535 5435 756 5502 Domini
785 5443 1154 5505 prmponatur.
1190 5436 1303 5491 Tibi
1315 5438 1618 5508 profuerit.
1639 5436 1821 5506 (1511).)
1845 5437 1905 5489 In

318 5529 434 5579 tuos
479 5540 612 5577 usus
649 5523 1009 5590 consumitur,
1055 5524 1199 5595 quod
1253 5524 1602 5597 sacrilegium
1655 5533 1756 5580 est.
1805 5523 1904 5580 Vel

321 5600 728 5684 interrogative.
752 5611 919 5681 Quasi
940 5613 1084 5668 dicat
1109 5631 1120 5666 :
1156 5613 1509 5681 Proderit_tibi
1527 5615 1554 5668 ‘?
1570 5614 1694 5670 Non
1709 5613 1870 5669 debet
1890 5632 1904 5669 :

318 5697 427 5756 Hoc
453 5708 763 5755 metuentes
791 5708 979 5772 patres
1008 5700 1384 5757 adiciebantur
1413 5702 1616 5759 inedia.

393 5789 681 5846 Vnnst.
714 5817 784 5831 --
815 5789 970 5845 Nihil
1011 5793 1096 5847 est
1139 5794 1330 5859 extra,
1379 5797 1483 5848 etc.
1530 5790 1750 5863 (830.1.)
1788 5791 1907 5850 Nec

1923 3232 1972 3295 C

1997 1969 2171 2024 cultos
2211 1976 2422 2022 meatus
2457 1969 2620 2039 (quos
2659 1967 2835 2024 Graeci
2873 1983 3042 2037 poros
3081 1967 3302 2038 vocant)
3343 1965 3416 2021 ad
3458 1965 3596 2023 infe-

1997 2055 2148 2111 riora
2167 2056 2427 2111 dilabitur
2458 2055 2587 2111 etin
2617 2072 2897 2112 secessum
2928 2055 3098 2112 vadit.

2075 2144 2272 2217 (Λυα.)
2307 2144 2572 2214 Quaedam
2613 2145 2692 2201 sic
2735 2145 3005 2202 accedunt
3033 2152 3090 2198 ut
3120 2143 3284 2199 etiam
3312 2151 3520 2200 mutent
3551 2151 3608 2200 et

1991 2241 2296 2301 mutentur,
2332 2234 2471 2290 sicut
2499 2242 2552 2290 et
2573 2234 2691 2306 ipse
2708 2234 2863 2289 cibus
2885 2234 3138 2290 amittens
3160 2233 3401 2304 speciem
3421 2248 3600 2301 suam,

1993 2323 2050 2376 in
2079 2339 2276 2394 corpus
2311 2331 2560 2380 nostrum
2605 2323 2854 2391 vertitur,
2901 2331 2957 2379 et
2982 2338 3083 2378 nos
3123 2321 3313 2378 refecti
3340 2320 3399 2376 in
3426 2321 3600 2378 robur

1993 2419 2282 2467 mutamur.

2065 2527 2237 2581 Vsus.
2260 2528 2349 2581 21.
2383 2555 2452 2564 -
2479 2527 2556 2581 De
2586 2525 2748 2581 corde
2779 2523 3093 2581 hominum.
3127 2525 3348 2596 (BEDA.)
3375 2523 3587 2582 Animas

1991 2615 2146 2670 locus
2175 2613 2493 2685 principalis
2523 2629 2632 2668 non
2647 2614 2802 2682 juxta
2833 2613 3112 2668 Platonem
3144 2613 3197 2667 in
3219 2614 3472 2682 cerebro,
3497 2613 3597 2670 sed

1982 2703 2136 2772 juxta
2165 2703 2440 2757 Christum
2465 2701 2522 2756 in
2553 2702 2724 2758 corde
2766 2710 2866 2756 est.
2891 2704 3211 2774 Arguuntur
3253 2702 3438 2770 etiam,
3463 2712 3593 2770 etc.,

1994 2809 2166 2864 usque
2188 2792 2259 2866 ad
2280 2799 2337 2845 ut
2357 2791 2402 2845 si
2423 2791 2706 2862 pulchram
2730 2790 3015 2846 mulierem
3053 2807 3154 2846 nos
3175 2791 3371 2848 crebro
3391 2791 3591 2849 viderit

1993 2881 2284 2952 inspicere,
2319 2879 2572 2952 intelligit
2597 2895 2699 2934 nos
2729 2894 2936 2935 amare.

2061 2995 2232 3048 Vnns.
2252 2996 2342 3050 24.
2377 3025 2446 3033 -
2477 2995 2547 3048 Et
2579 2994 2711 3049 inde
2741 3010 3001 3066 surgens.
3046 2991 3266 3050 Relictis
3299 2993 3502 3050 Scribis
3541 3003 3593 3051 et

2014 3083 2302 3138 Pharisazis
2323 3082 2823 3150 calumniatoribus,
2855 3082 2912 3136 in
2938 3091 3124 3154 partes
3153 3082 3280 3154 Tyri
3301 3090 3353 3138 et
3382 3083 3600 3140 Sidonis

2003 3172 2247 3238 secessit,
2281 3178 2337 3225 ut
2363 3171 2556 3242 Tyrios
2589 3171 2951 3242 Sidoniosque
2989 3180 3226 3228 curaret.
3270 3173 3587 3229 Neminem.

2001 3262 2223 3331 (BEDA.)
2271 3259 2532 3329 Quamvis
2579 3259 2747 3316 latere
2795 3275 2906 3314 non
2965 3261 3219 3331 potuerit,
3272 3277 3380 3317 non
3407 3269 3590 3318 tamen

2001 3349 2204 3406 factum
2233 3356 2314 3403 est
2348 3349 2493 3420 quod
2521 3347 2707 3404 voluit.
2743 3348 2853 3404 Sed
2885 3349 3212 3420 exemplum,
3253 3357 3382 3417 etc.,
3416 3367 3592 3424 usque

2001 3439 2074 3494 ad
2123 3446 2181 3492 ut
2227 3438 2396 3492 ﬁliam
2457 3437 2892 3508 Syrophcenissae
2930 3453 2964 3493 a
3007 3437 3274 3493 daemonio
3329 3438 3591 3502 liberaret

2001 3536 2054 3581 et
2085 3544 2184 3598 per
2224 3527 2387 3582 ﬁdem
2433 3526 2654 3599 gentilis
2691 3526 2907 3582 feminae
2947 3526 3264 3584 Scribarum
3302 3535 3356 3583 et
3396 3528 3591 3584 Phari-

2005 3632 2240 3671 saeorum
2270 3615 2556 3686 perfidiam
2585 3623 2865 3687 argueret.

2073 3730 2434 3786 Vnns.25.—
2464 3731 2665 3784 Mulier
2695 3731 2870 3784 enim.
2895 3729 3112 3784 Marcus
3142 3728 3272 3785 dicit
3296 3729 3591 3785 Dominum

2001 3817 2170 3873 fuisse
2190 3817 2246 3870 in
2265 3817 2450 3883 domo,
2475 3834 2598 3872 cum
2628 3816 2777 3872 venit
2797 3816 2868 3872 ad
2908 3833 3030 3872 eum
3057 3815 3274 3887 mulier,
3303 3817 3590 3872 Matthzeus

2001 3906 2133 3962 dicit
2163 3906 2309 3978 quod
2337 3907 2550 3962 clamat
2573 3910 2703 3978 post
2737 3922 2840 3962 nos
2879 3905 3100 3977 (Matth.
3123 3907 3254 3978 xv).
3297 3905 3404 3961 Per
3443 3905 3593 3977 quod
3639 3979 3641 3981 _

2003 3995 2174 4050 innuit
2206 3995 2352 4067 quod
2381 4003 2503 4066 post
2533 3994 2898 4050 ambulantem
2927 4009 3120 4065 preces
3149 3993 3409 4050 emiserit.
3432 3993 3598 4050 Venit

2005 4100 2140 4156 ergo
2171 4083 2241 4138 ad
2271 4100 2395 4139 eum
2425 4083 2623 4139 mulier
2648 4083 2705 4137 in
2735 4083 2978 4148 domum,
3013 4083 3111 4138 sed
3139 4083 3268 4156 quia
3308 4083 3594 4140 Matthaaus

2003 4173 2075 4227 ait
2099 4191 2110 4226 ε
2140 4174 2257 4228 Non
2289 4173 2580 4246 respondit
2603 4174 2658 4228 ei
2684 4171 3097 4238 verbum,dedit
3123 4171 3428 4246 intelligere
3449 4170 3598 4244 quod

2003 4262 2166 4316 ambo
2195 4269 2504 4328 tacuerunt,
2535 4268 2588 4316 et
2619 4276 2744 4317 cum
2772 4261 2987 4317 silentio
3009 4260 3246 4334 ingressi
3267 4269 3410 4316 sunt.
3431 4261 3504 4317 Et
3522 4261 3595 4317 ita

2001 4358 2198 4406 caztera
2228 4358 2611 4418 contexuntur,
2647 4368 2768 4422 quae
2799 4351 2855 4404 in
2884 4345 3031 4404 nullo
3061 4349 3406 4405 dissentiunt.

2073 4439 2283 4510 (111nm)
2306 4439 2500 4494 Mulier
2529 4448 2610 4493 est
2636 4447 2812 4493 mater
2839 4446 3028 4493 nostra
3055 4439 3302 4494 Romana
3343 4436 3596 4494 Ecclesia

2003 4526 2163 4593 Nata,
2197 4526 2537 4583 dmmoniaca
2567 4526 2916 4583 occidentalis
2973 4526 3277 4594 barbaries,
3338 4527 3493 4598 cujus
3522 4526 3591 4583 ﬁ-

1929 4595 2104 4671 Ddes
2142 4616 2266 4671 fecit
2285 4617 2354 4671 de
2402 4631 2537 4671 cane
2585 4631 2762 4669 ovem.
2809 4614 2976 4669 Micas
3023 4614 3330 4671 intellectus
3379 4595 3592 4687 quaerit,

2000 4720 2109 4760 non
2137 4720 2334 4775 panem
2363 4703 2651 4760 infractum
2679 4703 2871 4758 littera:
2908 4702 3074 4774 cupit.

2073 4793 2294 4864 (BEDA.)
2314 4791 2505 4847 Mulier
2533 4791 2770 4864 gentilis,
2805 4791 2904 4846 sed
2923 4807 3047 4848 cum
3061 4791 3168 4847 ﬁde
3200 4792 3269 4847 ad
3301 4791 3590 4848 Dominum

2003 4881 2228 4938 veniens
2264 4880 2568 4936 Ecclesiam
2612 4878 2882 4952 signiﬁcat
2901 4881 2968 4936 de
2991 4881 3245 4952 gentibus
3284 4881 3590 4949 collectam,

2001 4988 2122 5044 quae
2150 4986 2252 5042 pro
2285 4969 2414 5036 ﬁlia,
2450 4977 2580 5035 etc.,
2624 4985 2797 5041 usque
2827 4969 2900 5024 ad
2927 4969 3019 5041 qui
3047 4969 3261 5041 priscas
3305 4987 3421 5026 suae
3456 4986 3591 5044 per-

2005 5059 2147 5115 fidiae
2164 5057 2478 5113 mansiones
2497 5056 2828 5129 relinquunt,
2860 5063 3024 5129 atque
3055 5056 3112 5111 in
3142 5055 3366 5115 domum
3384 5058 3506 5128 Dei,
3536 5060 3593 5118 id

2005 5154 2088 5203 est
2113 5145 2436 5213 Ecclesiam,
2471 5146 2564 5218 pia
2594 5162 2652 5201 se
2681 5145 2970 5202 devotione
2999 5146 3349 5204 transferunt.

2075 5262 2334 5318 Vens.27.
2355 5291 2423 5301 —
2445 5262 2576 5318 Sine
2591 5264 2753 5334 prius
2774 5264 3029 5318 saturari
3045 5262 3214 5331 ﬁlios.
3235 5261 3405 5331 Quasi
3421 5263 3596 5322 dicat:

2006 5351 2263 5405 Futurum
2286 5358 2444 5405 estut
2465 5358 2517 5406 et
2537 5366 2636 5405 vos
2656 5357 2849 5423 gentes
2880 5350 3112 5406 salutem
3140 5351 3553 5424 consequamini
3577 5370 3592 5408 :

2007 5440 2104 5495 sed
2123 5439 2272 5510 prius
2293 5447 2506 5509 Oportet
2526 5439 2764 5506 Iudaeos,
2798 5439 2890 5512 qui
2922 5441 3145 5512 antiqua
3192 5442 3457 5498 electione
3495 5439 3592 5494 lilii

2004 5527 2106 5583 Dei
2132 5527 2497 5595 nominantur,
2529 5544 2671 5598 pane
2711 5527 2918 5584 caelesti
2966 5528 3114 5585 refici
3161 5537 3215 5584 et
3259 5529 3338 5584 sic
3377 5523 3596 5582 tandem

2007 5617 2261 5688 gentibus
2292 5616 2416 5672 vita}
2442 5617 2645 5687 pabula
2673 5617 2988 5672 ministrari.
3027 5619 3319 5673 Filiorum.
3369 5615 3596 5687 (BEDA.)

2004 5705 2144 5761 Mira
2190 5705 2518 5762 conversio:
2551 5722 2677 5760 nam
2727 5705 2898 5761 Israel
2949 5705 3223 5776 quondam
3279 5703 3444 5772 ﬁlius,
3491 5720 3595 5762 nos

2007 5809 2194 5854 canes.
2226 5795 2333 5853 Pro
2361 5793 2677 5853 diversitate
2703 5791 2832 5854 ﬁdei
2860 5791 2998 5850 ordo
3026 5789 3306 5850 nominum
3333 5799 3594 5851 mutatur.
