3932 6178
324 381 427 435 207

856 364 1544 426 WALAFRIDI'STRABI
1572 361 1780 420 FULD.
1825 356 2002 416 MON.
2033 355 2187 413 OPP.
2229 354 2405 412 PARS
2431 354 2474 410 Ι.
2515 382 2585 395 -
2611 348 3082 409 THEOLOGICA.

3511 348 3618 403 208

327 503 408 557 De
447 500 556 555 illis
593 498 790 553 dicitur
819 514 832 550 :
866 493 1374 552 Circumdederunt
1409 504 1500 545 me
1536 502 1705 544 canes
1742 485 1916 540 multi
1938 482 1997 544 A
2022 480 2273 553 linguam
2300 478 2437 535 muti
2463 486 2525 534 ut
2551 478 2700 551 loqui
2734 475 2931 541 valeat,
2976 472 3171 544 tangit,
3213 485 3340 528 cum
3380 483 3485 527 ora
3524 468 3620 525 diu

330 589 507 659 (Psal.
543 588 689 657 xm).
721 586 803 641 De
831 583 1028 639 nobis:
1061 583 1217 637 Alias
1247 595 1371 639 oves
1418 578 1604 642 habeo,
1644 590 1768 647 quae
1803 588 1921 629 non

332 680 475 735 sunt
504 691 579 733 ex
610 676 709 732 hoc
738 674 872 730 ovili
900 671 1082 743 (Joan.
1124 668 1207 738 χ).

400 791 677 849 Vaas.28.
711 817 780 829 —
807 785 1081 858 Dejmicis.
1127 783 1253 838 Non
1293 782 1540 853 integros
1570 777 1725 835 cibos
1755 776 1924 848 digna

332 896 455 936 sum
480 878 750 949 recipere,
780 874 1027 946 reliquiis
1059 871 1383 929 catellorum
1412 876 1669 937 contenta
1694 880 1836 932 sum,
1866 872 1926 919 ut

333 970 415 1026 sic
430 967 646 1025 veniam
661 965 731 1021 ad
747 978 947 1035 panem
962 962 1257 1033 integrum.
1283 959 1504 1029 (ΒΕΒΑ.)
1521 958 1597 1013 De
1612 957 1796 1022 micis,
1816 961 1920 1009 etc.

332 1057 540 1122 Mensa,
573 1054 865 1124 scriptura,
896 1049 1041 1106 unde
1061 1067 1074 1103 :
1094 1048 1323 1105 Parasti
1351 1048 1416 1101 in
1458 1048 1762 1118 conspectu
1802 1057 1924 1098 meo

332 1160 610 1201 mensam.
645 1139 1003 1211 (Psal.xxn).
1044 1138 1200 1193 Mica
1228 1149 1547 1208 puerorum,
1582 1141 1711 1199 etc.,
1752 1145 1926 1202 usque

332 1232 408 1289 ad
436 1239 494 1286 ut
522 1230 594 1286 ad
623 1228 895 1300 speranda
925 1241 1165 1298 superna
1193 1241 1316 1297 qua
1344 1240 1374 1278 a
1404 1222 1637 1277 Domino
1653 1218 1927 1293 promissa

333 1328 459 1376 sunt
486 1317 710 1391 pramia
738 1316 795 1371 in
823 1315 985 1381 coelo,
1018 1314 1211 1370 merito
1240 1329 1300 1369 se
1328 1310 1647 1367 humilitatis
1690 1308 1922 1380 erigant.

406 1426 578 1480 Vnus.
592 1428 683 1482 29.
705 1425 1021 1494 —Propter
1037 1421 1189 1476 hunc
1208 1434 1543 1475 sermonem.
1576 1413 1797 1487 (Bam.)
1827 1412 1929 1469 Hic

335 1514 495 1569 datur
522 1510 829 1582 exemplum
859 1507 1224 1566 catechizandi
1254 1515 1308 1562 et
1336 1504 1643 1576 baptizandi
1672 1502 1924 1568 infantes,

336 1601 466 1674 quia
480 1616 579 1673 per
593 1598 757 1655 ﬁdem
774 1606 827 1654 et
847 1596 1247 1653 confessionem
1277 1601 1565 1665 parentum
1583 1592 1639 1646 in
1654 1589 1927 1662 baptismo

334 1690 637 1746 liberantur
663 1704 695 1742 a
723 1686 991 1742 damonio
1035 1683 1268 1755 parvuli,
1315 1682 1408 1753 qui
1448 1680 1685 1737 necdum
1725 1694 1826 1750 per
1867 1693 1928 1733 se

336 1794 531 1850 sapere
559 1776 646 1833 vel
674 1775 877 1847 aliquid
907 1789 1071 1845 agere
1095 1772 1222 1827 boni
1250 1778 1480 1841 possunt
1507 1776 1598 1824 aut
1624 1766 1772 1823 mali.

425 1873 593 1930 Vens.
628 1876 723 1927 31.
762 1903 830 1913 ——
852 1873 997 1944 Tyri.
1029 1870 1319 1940 (ΗιειιοΝ.)
1349 1869 1525 1940 Tyrus
1555 1865 1808 1937 angustia
1849 1863 1929 1919 si-

338 1961 605 2035 gniﬁcans
632 1960 898 2026 Judaam,
917 1960 1001 2015 cui
1042 1959 1339 2014 Dominus:
1364 1958 1807 2027 Coangustatum
1846 1957 1933 2008 est

340 2055 591 2108 stratum
611 2054 667 2105 et
687 2051 930 2122 pallium
948 2048 1126 2113 breve,
1151 2050 1455 2117 utrumque
1475 2045 1692 2116 operire
1707 2059 1822 2100 non
1840 2058 1935 2113 po-

348 2143 480 2206 test,
500 2143 567 2194 ut
584 2140 899 2209 transferat
921 2153 979 2192 se
996 2136 1067 2191 ad
1082 2136 1229 2191 alias
1244 2138 1437 2207 gentes
1460 2130 1807 2204 (Isai.xvul).
1839 2130 1931 2185 Si-

340 2226 857 2299 donem.(Hma0N.)
877 2223 1304 2290 Sidon,venatio,
1325 2222 1435 2277 fera
1452 2220 1732 2286 indomita,
1750 2226 1931 2274 nostra

338 2316 491 2387 regio
505 2315 593 2371 vel
612 2315 761 2371 natio
778 2321 886 2370 est.
912 2313 1263 2385 Decapoleos.
1293 2310 1514 2381 (BBDA.)
1540 2308 1711 2380 Regio
1740 2308 1932 2363 decem

336 2404 555 2459 urbium
570 2412 723 2459 trans
738 2403 1028 2457 Jordanem
1046 2401 1116 2455 ad
1135 2400 1436 2457 Orientem.
1458 2397 1617 2467 Quod
1635 2404 1817 2451 autem
1842 2396 1931 2451 di-

337 2494 511 2550 citur:
543 2494 700 2549 Venit
716 2492 788 2548 ad
803 2507 961 2546 mare
982 2491 1227 2547 Galiltece
1245 2490 1304 2543 in
1314 2493 1401 2544 ter
1416 2488 1625 2543 medios
1649 2486 1791 2555 ﬁnes
1820 2487 1930 2540 De-

334 2582 608 2654 capoleos,
642 2595 752 2635 non
783 2580 934 2651 ipsos
964 2594 1089 2634 eum
1129 2578 1365 2632 intrasse
1416 2572 1708 2647 signiﬁcat,
1755 2588 1932 2645 neque

334 2669 481 2726 enim
524 2685 675 2724 mare
718 2668 1167 2738 transnavigasse
1222 2666 1440 2730 dicitur,
1486 2664 1584 2718 sed
1638 2679 1811 2732 usque
1864 2661 1932 2715 ad

246 2749 265 2758 “
333 2773 488 2813 mare
518 2757 755 2822 venisse,
789 2764 952 2827 atque
977 2755 1045 2809 ad
1075 2754 1252 2809 locum
1281 2752 1375 2824 qui
1403 2749 1615 2806 medios
1642 2748 1780 2804 ﬁnes
1817 2749 1932 2804 De-

337 2844 595 2916 capoleos
623 2843 786 2914 longe
818 2851 970 2897 trans
999 2857 1148 2896 mare
1178 2840 1387 2911 positos
1416 2837 1766 2909 respiciebat.

410 2934 700 3004 (ΗιειιοΝ.)
732 2932 978 2987 Salvator
995 2930 1067 2985 ad
1112 2927 1403 2985 salvandas
1446 2934 1640 2998 gentes
1682 2925 1752 2981 ab
1794 2941 1932 2997 apo-

338 3021 493 3078 stolis
522 3020 826 3087 deducitur,
860 3028 912 3074 et
940 3019 1101 3075 docet
1139 3018 1286 3089 quod
1321 3016 1654 3072 adolescenti
1694 3015 1931 3070 interro-

335 3111 486 3183 ganti
520 3108 833 3180 respondit:
864 3108 1023 3164 Nosti
1058 3106 1351 3172 mandata,
1386 3105 1502 3161 haec
1540 3107 1633 3176 fac
1683 3108 1739 3161 et
1787 3105 1935 3160 vives

336 3198 496 3269 (Luc.
516 3197 700 3268 xvm).

404 3314 576 3370 Vens.
594 3316 682 3369 32.
704 3342 773 3353 —
791 3311 1039 3368 Surdum
1055 3315 1112 3366 et
1131 3315 1376 3366 mutum.
1397 3309 1618 3380 (BEDA.)
1642 3307 1747 3376 Qui
1777 3307 1930 3364 scili-

336 3410 442 3469 cet,
472 3417 572 3458 nec
601 3417 759 3457 aures
789 3400 975 3457 verbis
1006 3399 1106 3455 Dei
1134 3398 1437 3464 audiendis,
1478 3413 1581 3454 nec
1610 3413 1674 3453 os
1703 3412 1804 3469 pro
1844 3396 1930 3451 lo-

334 3491 569 3564 quendis
599 3491 794 3561 aperit.
829 3489 1033 3558 Quales
1061 3503 1291 3544 necesse
1330 3494 1412 3542 est
1443 3494 1501 3541 ut
1530 3487 1586 3541 hi
1611 3486 1703 3558 qui
1740 3485 1933 3541 audire

335 3588 389 3637 et
417 3580 567 3651 loqui
597 3578 824 3636 verbum
854 3577 955 3633 Dei
982 3577 1150 3648 longo
1182 3592 1283 3631 usu
1327 3575 1655 3642 didicerunt,
1698 3573 1932 3629 Domino

335 3668 610 3724 sanandos
636 3665 885 3735 offerant,
916 3673 977 3720 ut
992 3681 1089 3721 eos
1119 3680 1258 3737 quos
1283 3665 1520 3720 humana
1549 3662 1820 3735 fragilitas
1843 3678 1936 3717 ne-

335 3757 471 3830 quit,
504 3756 699 3828 gratia
727 3754 952 3811 dextera
979 3753 1172 3809 salvet.

405 3845 698 3916 (ΗιειιοΝ.)
720 3844 908 3900 Genus
952 3843 1251 3899 humanum
1291 3849 1552 3913 tanquam
1594 3856 1736 3896 unus
1770 3840 1935 3895 homo

334 3934 485 3989 varia
513 3941 669 4004 peste
697 3933 1019 4003 absumptus
1047 3932 1103 3985 in
1134 3930 1495 4001 protoplasto,
1527 3938 1762 3987 cacatur
1803 3928 1934 3983 dum

336 4021 506 4087 videt,
539 4021 740 4075 surdus
771 4019 830 4074 ﬁt
855 4020 985 4074 dum
1016 4018 1186 4086 audit,
1217 4018 1347 4072 dum
1375 4017 1572 4073 odorat
1599 4015 1931 4087 emungitur,

337 4107 667 4165 obmutescit
705 4107 836 4161 dum
877 4106 1135 4177 loquitur,
1183 4121 1412 4160 mancus
1457 4104 1517 4158 fit
1559 4104 1688 4159 dum
1740 4119 1936 4158 manus

338 4195 523 4268 erigit,
556 4195 873 4251 incurvatur
894 4194 1026 4248 dum
1066 4192 1314 4264 erigitur,
1359 4192 1690 4264 hydropicus
1718 4190 1778 4246 fit
1805 4191 1936 4246 dum

339 4283 697 4356 concupiscit,
732 4282 963 4339 claudus
990 4282 1121 4337 dum
1151 4281 1521 4353 progreditur,
1540 4276 1708 4351 lepra
1737 4279 1936 4335 suffun-

341 4373 489 4431 ditur
513 4372 646 4428 dum
671 4372 984 4451 mandatur,
1018 4370 1268 4426 damone
1296 4368 1555 4440 impletur
1581 4368 1712 4423 dum
1739 4367 1937 4425 divini-

340 4469 511 4518 tatem
540 4459 765 4533 appetit,
796 4459 1030 4516 moritur
1056 4465 1231 4514 morte
1255 4457 1384 4512 dum
1414 4457 1670 4513 audacter
1689 4464 1931 4512 excusat.

2021 569 2182 625 bruta
2210 569 2282 625 ad
2312 568 2484 624 verba
2512 564 2797 639 sapientia
2835 561 3170 635 proferenda
3207 566 3463 617 contactu
3500 572 3617 614 sua

2020 657 2238 730 pietatis
2267 656 2545 713 informat.

2103 747 2275 802 Vnus.
2311 748 2400 803 34.
2418 774 2489 786 -
2507 745 2579 802 Et
2610 744 2944 817 suscipiens,
2996 747 3102 797 etc.
3131 736 3426 811 (ΗιΒιιοΝ.)
3454 735 3620 808 Inge-

2022 836 2191 892 muit.
2225 835 2463 891 Gemere
2490 848 2593 889 nos
2631 831 2836 898 docuit,
2878 835 2933 885 et
2961 828 3017 884 in
3058 827 3259 884 calum
3300 826 3624 882 thesaurum

2023 923 2197 981 nostri
2226 922 2410 980 cordis
2436 921 2675 995 erigere,
2708 918 2857 992 quod
2884 934 2986 990 per
3014 914 3490 987 compunctionem
3503 927 3627 971 cor-

2024 1012 2112 1068 dis
2130 1010 2378 1068 afrivola
2407 1010 2591 1068 carnis
2613 1008 2801 1065 latitia
2837 1012 3123 1079 purgatur,
3156 1012 3215 1060 ut
3251 1002 3622 1060 dicitursz

2024 1101 2242 1173 giebam
2262 1118 2298 1156 a
2324 1100 2543 1172 gemitu
2568 1097 2751 1155 cordis
2774 1096 2890 1151 mei
2906 1116 2925 1164 ,-
2941 1094 3192 1159 Domine,
3221 1095 3358 1148 ante
3383 1095 3622 1149 teomne

2030 1188 2375 1245 desiderium
2398 1203 2609 1253 meum,
2643 1192 2747 1241 etc.
2776 1186 2846 1242 Et
2872 1184 2957 1239 ait
2980 1182 3107 1238 illi:
3135 1179 3445 1253 Ephpheta,
3476 1177 3624 1252 quod

2026 1281 2111 1334 est
2131 1276 2459 1349 Adaperire.
2485 1275 2658 1334 Corde
2673 1272 2926 1331 creditur
2941 1270 3013 1326 ad
3026 1270 3323 1343 justitiam
3348 1265 3621 1340 (Rom.x),

2027 1373 2131 1421 etc.
2150 1367 2221 1421 Et
2235 1365 2435 1420 statim
2450 1367 2680 1437 apertae,
2698 1369 2805 1418 etc.
2820 1363 2999 1416 Aures
3013 1362 3217 1430 aperta
3235 1364 3361 1412 sunt
3379 1354 3451 1411 ad
3470 1355 3626 1428 hym-

2034 1469 2137 1511 nos
2152 1462 2205 1510 et
2221 1453 2437 1509 cantica
2452 1460 2505 1508 et
2529 1451 2794 1524 psalmos.
2830 1448 3071 1506 Solvitur
3098 1445 3307 1518 lingua,
3337 1452 3396 1501 ut
3411 1452 3628 1501 eructat

2026 1543 2258 1599 verbum
2273 1542 2498 1608 bonum,
2516 1540 2663 1614 quod
2676 1554 2788 1595 non
2801 1544 3031 1610 possunt
3044 1550 3147 1591 nec
3157 1535 3320 1591 mina
3334 1549 3436 1590 nec
3450 1531 3628 1590 verba

2028 1631 2289 1688 cohibere
2303 1629 2392 1687 vel
2407 1628 2720 1702 prohibere.
2734 1626 2889 1684 Unde
2906 1624 3242 1697 PauluszEgo
3257 1624 3482 1681 vinctus
3493 1638 3628 1679 sum

2027 1719 2125 1777 sed
2138 1720 2368 1777 verbum
2383 1720 2485 1775 Dei
2517 1735 2635 1776 non
2653 1721 2741 1774 est
2758 1717 3059 1788 alligatum
3071 1715 3135 1769 in
3155 1728 3245 1769 me
3261 1712 3311 1783 (Ι
3330 1713 3467 1769 Tim.
3500 1710 3587 1783 ιι).

1947 1837 2002 1897 Β
2102 1809 2273 1865 Vens.
2298 1810 2464 1897 36.f
2482 1809 2553 1897 Et
2564 1807 2834 1879 praecepit
2854 1805 2973 1861 illis
2993 1819 3065 1859 ne
3090 1802 3189 1897 cui
3207 1801 3480 1897 dicerent.
3498 1799 3628 1855 Non

2030 1897 2387 1955 invirtutibus
2413 1894 2764 1967 gloriandum
2793 1908 2917 1949 esse
2945 1891 3146 1959 docuit,
3172 1890 3270 1946 sed
3296 1889 3354 1944 in
3377 1902 3544 1945 cruce
3572 1894 3631 1945 et

2030 1986 2088 2042 in
2120 1984 2513 2041 humiliatione.
2554 1984 2772 2053 Quanto
2810 1985 3002 2038 autem
3030 1981 3132 2047 eis,
3177 1986 3281 2035 etc.
3324 1977 3528 2033 Civitas
3568 1976 3630 2031 in

2031 2082 2215 2130 monte
2257 2073 2439 2145 posita
2479 2072 2722 2145 undique
2766 2071 3167 2140 circumspecta
3207 2064 3472 2123 abscondi
3515 2080 3631 2121 non

2030 2171 2213 2235 potest
2241 2162 2463 2233 (Matth.
2495 2161 2597 2234 xv)
2619 2159 2924 2216 :humilitas
2964 2154 3455 2230 semperpracedit
3497 2154 3629 2227 glo-

2031 2267 2167 2307 riam
2176 2293 2187 2305 .

2100 2340 2430 2412 Adaperire.
2463 2338 2548 2394 Ad
2578 2353 2742 2393 aures
2770 2336 3014 2409 proprie.
3047 2338 3226 2390 Aures
3254 2333 3400 2390 enim
3428 2331 3502 2389 ad
3528 2347 3630 2389 au-

2032 2427 2291 2485 diendum
2320 2427 2649 2499 aperienda,
2682 2426 2870 2498 lingua
2896 2433 2955 2481 ut
2973 2425 3125 2497 loqui
3152 2423 3326 2496 possit
3353 2430 3473 2479 erat
3515 2421 3631 2479 sol-

2031 2517 2229 2574 venda.
2262 2517 2419 2574 Unde
2452 2516 2732 2588 sequitur:
2752 2516 2960 2573 Statim
2988 2518 3219 2587 apertae,
3250 2520 3356 2569 etc.

2104 2608 2274 2662 Vens.
2301 2609 2389 2661 35.
2413 2634 2483 2646 --
2503 2605 2923 2677 Etjoquebatur
2935 2607 3104 2660 recte.
3125 2602 3346 2674 (BE-DA.)
3363 2600 3459 2657 Ille
3476 2600 3632 2657 solus

2031 2703 2183 2751 recte
2229 2695 2472 2766 loquitur
2508 2694 2599 2750 vel
2638 2693 2930 2749 Dominum
2982 2690 3314 2760 cbnﬁtendo,
3367 2690 3455 2747 vel
3505 2690 3633 2746 aliis

2030 2782 2405 2856 pradicando,
2437 2784 2594 2853 cujus
2623 2782 2866 2837 auditum
2894 2788 2954 2836 ut
2986 2779 3301 2837 coelestibus
3328 2778 3503 2851 possit
3531 2794 3632 2835 au-

2032 2872 2270 2930 scultare
2300 2880 2354 2929 et
2381 2871 2760 2928 obsecundare
2789 2869 3063 2926 mandatis
3092 2869 3278 2925 divina
3291 2868 3473 2940 gratia
3486 2866 3634 2924 refe-

2033 2970 2137 3016 rat.
2183 2960 2349 3031 Cujus
2386 2960 2633 3033 linguam
2672 2959 2938 3015 Dominus
2975 2965 3123 3014 tactu
3167 2957 3465 3029 sapientia,
3509 2972 3634 3029 qua

2032 3050 2151 3123 ipse
2176 3057 2279 3116 est,
2311 3049 2383 3105 ad
2412 3048 2748 3122 loquendum
2774 3046 3013 3104 instruit.
3044 3046 3145 3103 Hic
3171 3046 3295 3102 talis
3323 3046 3512 3102 dicere
3538 3059 3635 3116 po-

2031 3146 2138 3194 test
2156 3156 2170 3192 :
2188 3139 2441 3205 Domine,
2470 3138 2618 3194 labia
2646 3154 2774 3194 mea
2802 3136 3019 3209 aperies
3051 3136 3227 3207 (Psal.
3268 3135 3349 3205 v).
3374 3141 3483 3191 etc.

1950 3195 2001 3258 C
2112 3228 2283 3284 Vsus.
2317 3231 2404 3283 36.
2424 3195 2509 3266 '—
2545 3228 2763 3295 Quanto
2794 3195 2988 3281 autem
3015 3195 3096 3280 eis
3107 3195 3491 3297 praecipiebat,
3523 3230 3628 3279 etc.

2034 3316 2254 3372 Sciebat
2283 3315 2375 3370 ille
2422 3314 2514 3386 qui
2543 3314 2724 3370 omnia
2762 3314 2912 3370 novit
2950 3321 3246 3385 antequam
3283 3310 3436 3379 fiant,
3484 3310 3633 3383 quod

2033 3405 2212 3477 magis
2240 3403 2626 3475 pradicarent,
2660 3411 2714 3459 et
2734 3402 2837 3459 hoc
2856 3400 3228 3475 pracipiendo
3258 3400 3434 3473 pigris
3462 3399 3639 3457 voluit

2032 3493 2346 3558 ostendere,
2378 3499 2582 3564 quanto
2613 3491 2912 3547 studiosius
2940 3498 3252 3563 quantoque
3296 3488 3635 3560 frequentius

2035 3580 2375 3655 [ferventius]
2395 3580 2701 3651 pradicare
2732 3580 2990 3648 debeant,
3022 3578 3223 3650 quibus
3241 3577 3400 3648 jubet
3418 3585 3480 3633 ut
3495 3592 3637 3649 pra-

2033 3669 2283 3726 dicarent
2318 3687 2333 3725 :
2366 3668 2584 3743 quando
2626 3668 2706 3725 illi
2749 3669 2842 3742 qui
2884 3667 3246 3741 prohibentur
3287 3674 3478 3723 tacere
3524 3680 3637 3723 non

2033 3766 2307 3832 poterant.

2603 3898 2829 3956 CAPUT
2866 3898 3009 3956 VIII.

2107 4040 2277 4095 Vsus.
2308 4043 2364 4098 2.
2397 4067 2466 4080 —
2499 4039 2760 4098 Misereor
2795 4055 2965 4114 super
3007 4038 3251 4097 turbam.
3293 4037 3436 4110 Quia
3471 4054 3638 4097 verus

2034 4128 2199 4185 homo
2229 4128 2523 4184 miseretur
2550 4136 2605 4184 et
2633 4128 2962 4201 compatitur
2979 4127 3178 4185 affectu
3193 4129 3451 4186 humana
3464 4127 3638 4202 fragi-

2034 4215 2221 4273 litatis.
2256 4216 2417 4287 Quod
2446 4217 2515 4273 de
2545 4223 2756 4288 septem
2781 4217 3017 4289 panibus
3046 4224 3102 4272 et
3130 4217 3323 4289 paucis
3353 4216 3640 4289 pisciculi:

2037 4312 2273 4377 quatuor
2314 4305 2488 4361 millia
2528 4305 2811 4361 hominum
2854 4305 3091 4373 satiavit,
3137 4305 3338 4364 divina
3379 4306 3642 4378 potentia

2036 4408 2176 4465 opus
2204 4399 2289 4448 est
2316 4401 2509 4449 contra
2535 4393 2837 4450 Eutichetis
2866 4408 3134 4450 errorem.

2119 4482 2320 4539 Triduo
2351 4483 2661 4538 sustinent.
2698 4480 2883 4552 Quare
2909 4482 3093 4539 triduo
3123 4482 3456 4539 sustinerent
3491 4483 3641 4539 Mat-

346 4552 416 4605 Et
442 4550 908 4643 deprecabantur:
940 4546 1383 4643 incarnationem
1412 4544 1629 4601 Domini
1657 4544 1940 4616 propheta
1957 4546 2013 4612 D
2041 4570 2216 4626 mus
2232 4570 2363 4626 dicit
2379 4570 2460 4627 sic
2488 4544 2816 4643 (Matthgv)
2837 4590 2856 4628 ε
2872 4573 2945 4628 Et
2958 4571 3269 4629 ascende,”
3296 4571 3362 4627 ίη
3384 4576 3644 4629 montem

345 4644 399 4692 et
427 4636 752 4708 patriarcha
778 4635 1089 4708 cupiebant.

418 4751 588 4805 Vens.
605 4753 692 4804 33.
715 4751 865 4804 —Et
885 4750 1316 4822 apprehendens
1337 4766 1488 4815 eum,
1510 4756 1616 4804 etc.
1637 4747 1895 4803 Seorsum
1909 4762 1943 4801 a

349 4836 674 4895 turbulentis
703 4837 1129 4909 cogitationibus
1159 4846 1213 4893 et
1241 4838 1453 4893 actibus
1481 4835 1806 4892 inordinatis
1836 4850 1943 4891 ser-

349 4926 711 4999 monibusque
740 4925 1115 4997 incompositis
1146 4926 1397 4982 educitur
1427 4925 1520 4997 qui
1550 4924 1729 4979 sanari
1756 4940 1943 4980 mere-

350 5024 459 5072 tur.
507 5012 675 5086 Digiti
719 5014 897 5085 quiin
940 5028 1103 5069 aures
1147 5015 1451 5081 mittuntur,
1497 5013 1664 5069 verba
1711 5013 1945 5085 Spiritus

354 5103 549 5170 sancti,
593 5102 661 5158 de
704 5117 812 5174 quo
851 5102 1323 5175 diciturzDigitus
1362 5105 1463 5158 Dei
1500 5107 1587 5159 est
1614 5102 1704 5160 hic
1743 5102 1942 5174 (Exod.

354 5193 497 5263 νιιι).
530 5192 632 5246 Et:
656 5190 834 5263 Opera
860 5190 1166 5263 digitorum
1198 5195 1427 5249 tuorum
1456 5196 1593 5249 sunt
1613 5191 1738 5247 caeli
1767 5190 1941 5261 (Psal.

354 5281 502 5351 vui).
533 5279 734 5350 Tetigit
765 5279 1043 5351 linguam,
1064 5288 1170 5335 etc.
1205 5279 1409 5350 Spuma
1437 5279 1506 5333 de
1529 5293 1694 5334 carne
1706 5277 1943 5345 Domini,

354 5367 540 5426 divina
567 5367 857 5439 sapientia,
890 5384 1012 5439 qua
1041 5366 1201 5421 solvit
1230 5366 1596 5439 ignorantiam
1617 5366 1839 5422 humani
1856 5382 1947 5438 ge-

355 5457 527 5525 neris,
558 5464 617 5511 ut
648 5454 828 5511 dicat:
850 5454 1028 5511 Credo
1056 5454 1114 5510 in
1142 5455 1319 5510 Deum
1342 5455 1559 5510 Patrem
1599 5454 1945 5526 omnipoten-

354 5554 487 5615 tem,
521 5553 628 5602 etc.
660 5544 942 5600 Seorsum.
966 5543 1188 5614 (Βεω.)
1216 5543 1401 5599 Prima
1429 5542 1620 5599 salutis
1649 5543 1741 5600 via
1768 5551 1851 5599 est
1878 5542 1949 5599 de

356 5634 523 5693 turba
564 5633 742 5692 educi.
788 5633 870 5689 De
911 5631 1069 5687 turba
1110 5631 1294 5689 educit
1336 5631 1603 5687 Dominus
1646 5629 1944 5700 infirmum,

356 5737 484 5783 cum
512 5732 750 5783 mentem
765 5722 1029 5797 peccatis,
1060 5730 1188 5790 etc.,
1221 5735 1395 5793 usque
1424 5720 1496 5776 ad
1524 5735 1796 5793 exspuens
1813 5736 1949 5793 ergo

2041 4658 2267 4716 sedebat
2296 4658 2395 4725 ibi,
2419 4663 2477 4715 et
2489 4659 2936 4717 accesseruntad
2950 4675 3099 4727 eum,
3124 4667 3230 4717 etc.
3245 4659 3430 4716 Turba
3456 4659 3641 4717 triduo

2042 4746 2337 4804 Dominum
2363 4748 2591 4803 sustinet
2619 4755 2847 4820 prapter
2902 4749 3245 4806 sanationem
3270 4747 3643 4808 inﬁrmorum.

2044 4851 2289 4904 suorum,
2324 4850 2451 4893 cum
2479 4835 2639 4893 electi
2676 4836 2879 4908 quique
2935 4834 3043 4893 ﬁde
3099 4845 3305 4895 sancta
3358 4836 3648 4894 Trinitatis

2042 4924 2212 4982 lucidi
2241 4924 2495 4992 Domino,
2526 4940 2627 4998 pro
2657 4924 2771 4980 suis
2799 4939 3134 4997 suorumque
3156 4926 3415 4999 peccatis,
3444 4926 3650 4985 anima

2044 5014 2340 5086 peccantis,
2374 5013 2601 5079 scilicet,
2631 5012 2989 5084 languoribus
3016 5013 3284 5071 instanter
3309 5015 3645 5088 supplicant.

2116 5100 2300 5157 Turba
2324 5101 2493 5157 multa
2520 5101 2704 5158 triduo
2733 5102 3029 5158 Dominum
3057 5103 3305 5170 sustinet,
3329 5118 3457 5161 cum
3493 5104 3649 5159 mul-

2046 5188 2219 5246 titudo
2250 5188 2491 5245 ﬁdelium
2513 5198 2745 5262 peccata
2783 5205 2883 5247 sua
2916 5207 3017 5263 per
3049 5190 3424 5263 panitentiam
3464 5190 3651 5249 decli-

2046 5292 2187 5333 nans
2216 5276 2287 5332 ad
2316 5278 2609 5334 Dominum
2637 5295 2697 5335 se
2726 5279 2784 5335 in
2812 5293 3002 5359 opere,
3033 5278 3091 5336 in
3118 5278 3392 5338 locutione
3418 5287 3477 5338 et
3490 5282 3653 5355 cogi-

2047 5365 2251 5421 tatione
2282 5366 2569 5423 convertit.

2119 5453 2340 5527 (Βεωι.)
2356 5455 2473 5512 Hoc
2485 5455 2755 5513 miraculo
2779 5456 3121 5529 designatur,
3150 5457 3299 5531 quod
3321 5458 3470 5516 viam
3493 5475 3653 5533 pra-

2048 5544 2218 5600 sentis
2256 5544 2464 5612 saculi,
2504 5544 2663 5601 aliter
2704 5545 3009 5602 incolumes
3045 5547 3285 5604 transire
3325 5548 3653 5621 nequimus,

2048 5632 2155 5689 nisi
2171 5631 2432 5691 alimento
2442 5632 2599 5690 verbi
2627 5634 2713 5691 sui
2725 5634 2971 5692 Christus
2987 5650 3090 5693 nos
3107 5633 3338 5693 reﬁciat.
3375 5637 3497 5697 Hoc
3513 5655 3658 5699 vero

2047 5722 2249 5795 typice,
2281 5730 2411 5791 etc.,
2442 5737 2617 5797 usque
2634 5723 2842 5797 adipse
2869 5723 2939 5780 ab
2968 5722 3171 5783 inﬁmis
3186 5724 3660 5788 delectationibus
