  <div class='ocr_page' id='page_1' title='image "/cluster/home/n/w/nwhite01/storage/ocr_20150623/114/hvd.32044052819893/110.png"; bbox 0 0 3932 6178; ppageno 0'>
   <div class='ocr_carea' id='block_1_1' title="bbox 291 241 395 298">
    <p class='ocr_par' dir='ltr' id='par_1_1' title="bbox 291 241 395 298">
     <span class='ocr_line' id='line_1_1' title="bbox 291 241 395 298; baseline -0.038 -1"><span class='ocrx_word' id='word_1_1' title='bbox 291 241 395 298; x_wconf 72' lang='grc'><strong>209</strong></span> 
     </span>
    </p>
   </div>
   <div class='ocr_carea' id='block_1_2' title="bbox 1191 235 2597 300">
    <p class='ocr_par' dir='ltr' id='par_1_2' title="bbox 1191 235 2597 300">
     <span class='ocr_line' id='line_1_2' title="bbox 1191 235 2597 300; baseline 0.003 -6"><span class='ocrx_word' id='word_1_2' title='bbox 1191 235 1461 295; x_wconf 86' lang='lat' dir='ltr'><strong>GLOSSA</strong></span> <span class='ocrx_word' id='word_1_3' title='bbox 1500 236 1908 296; x_wconf 79' lang='lat' dir='ltr'><strong>ORDINARIA.</strong></span> <span class='ocrx_word' id='word_1_4' title='bbox 1951 265 2021 282; x_wconf 92' lang='lat'><strong>-</strong></span> <span class='ocrx_word' id='word_1_5' title='bbox 2058 237 2321 298; x_wconf 73' lang='lat' dir='ltr'><strong>EVANG.</strong></span> <span class='ocrx_word' id='word_1_6' title='bbox 2362 241 2597 300; x_wconf 79' lang='lat' dir='ltr'><strong>MARCI.</strong></span> 
     </span>
    </p>
   </div>
   <div class='ocr_carea' id='block_1_3' title="bbox 3500 252 3605 306">
    <p class='ocr_par' dir='ltr' id='par_1_3' title="bbox 3500 252 3605 306">
     <span class='ocr_line' id='line_1_3' title="bbox 3500 252 3605 306; baseline 0 0"><span class='ocrx_word' id='word_1_7' title='bbox 3500 252 3605 306; x_wconf 74' lang='grc'><strong>210</strong></span> 
     </span>
    </p>
   </div>
   <div class='ocr_carea' id='block_1_4' title="bbox 295 361 3606 436">
    <p class='ocr_par' dir='ltr' id='par_1_4' title="bbox 295 361 3606 436">
     <span class='ocr_line' id='line_1_4' title="bbox 295 361 3606 436; baseline 0.003 -16"><span class='ocrx_word' id='word_1_8' title='bbox 295 363 625 420; x_wconf 80' lang='lat' dir='ltr'><strong>abstractam</strong></span> <span class='ocrx_word' id='word_1_9' title='bbox 653 376 796 435; x_wconf 88' lang='lat' dir='ltr'><strong>pane</strong></span> <span class='ocrx_word' id='word_1_10' title='bbox 842 362 968 418; x_wconf 58' lang='lat' dir='ltr'><strong>caeli</strong></span> <span class='ocrx_word' id='word_1_11' title='bbox 1023 361 1216 431; x_wconf 89' lang='lat' dir='ltr'><strong>reﬁcit,</strong></span> <span class='ocrx_word' id='word_1_12' title='bbox 1259 370 1424 435; x_wconf 90' lang='lat' dir='ltr'><strong>atque</strong></span> <span class='ocrx_word' id='word_1_13' title='bbox 1480 363 1550 418; x_wconf 92' lang='lat' dir='ltr'><strong>ad</strong></span> <span class='ocrx_word' id='word_1_14' title='bbox 1597 363 1974 436; x_wconf 78' lang='lat' dir='ltr'><strong>appetitumA</strong></span> <span class='ocrx_word' id='word_1_15' title='bbox 2001 364 2135 421; x_wconf 86' lang='lat' dir='ltr'><strong>dan.</strong></span> <span class='ocrx_word' id='word_1_16' title='bbox 2171 366 2279 421; x_wconf 88' lang='lat' dir='ltr'><strong>Sed</strong></span> <span class='ocrx_word' id='word_1_17' title='bbox 2309 382 2419 424; x_wconf 93' lang='lat' dir='ltr'><strong>non</strong></span> <span class='ocrx_word' id='word_1_18' title='bbox 2449 375 2535 422; x_wconf 88' lang='lat' dir='ltr'><strong>est</strong></span> <span class='ocrx_word' id='word_1_19' title='bbox 2561 367 2920 426; x_wconf 82' lang='lat' dir='ltr'><strong>dubitandum</strong></span> <span class='ocrx_word' id='word_1_20' title='bbox 2969 371 3222 430; x_wconf 88' lang='lat' dir='ltr'><strong>eumdem</strong></span> <span class='ocrx_word' id='word_1_21' title='bbox 3270 374 3450 430; x_wconf 90' lang='lat' dir='ltr'><strong>locum</strong></span> <span class='ocrx_word' id='word_1_22' title='bbox 3480 390 3606 432; x_wconf 88' lang='lat' dir='ltr'><strong>esse</strong></span> 
     </span>
    </p>
   </div>
   <div class='ocr_carea' id='block_1_5' title="bbox 294 451 1896 525">
    <p class='ocr_par' dir='ltr' id='par_1_5' title="bbox 294 451 1896 525">
     <span class='ocr_line' id='line_1_5' title="bbox 294 451 1896 525; baseline 0.001 -17"><span class='ocrx_word' id='word_1_23' title='bbox 294 468 549 524; x_wconf 63' lang='lat' dir='ltr'><strong>supernae</strong></span> <span class='ocrx_word' id='word_1_24' title='bbox 578 452 860 510; x_wconf 75' lang='lat' dir='ltr'><strong>suavitatis</strong></span> <span class='ocrx_word' id='word_1_25' title='bbox 889 451 998 508; x_wconf 87' lang='lat' dir='ltr'><strong>cibi</strong></span> <span class='ocrx_word' id='word_1_26' title='bbox 1030 451 1326 524; x_wconf 89' lang='lat' dir='ltr'><strong>spiritualis</strong></span> <span class='ocrx_word' id='word_1_27' title='bbox 1355 452 1484 508; x_wconf 90' lang='lat' dir='ltr'><strong>dato</strong></span> <span class='ocrx_word' id='word_1_28' title='bbox 1531 452 1765 525; x_wconf 88' lang='lat' dir='ltr'><strong>pignore</strong></span> <span class='ocrx_word' id='word_1_29' title='bbox 1795 468 1896 510; x_wconf 89' lang='lat' dir='ltr'><strong>ac-</strong></span> 
     </span>
    </p>
   </div>
   <div class='ocr_carea' id='block_1_6' title="bbox 304 540 509 598">
    <p class='ocr_par' dir='ltr' id='par_1_6' title="bbox 304 540 509 598">
     <span class='ocr_line' id='line_1_6' title="bbox 304 540 509 598; baseline -0.015 0"><span class='ocrx_word' id='word_1_30' title='bbox 304 540 509 598; x_wconf 88' lang='lat' dir='ltr'><strong>cendit.</strong></span> 
     </span>
    </p>
   </div>
   <div class='ocr_carea' id='block_1_7' title="bbox 369 655 1902 729">
    <p class='ocr_par' dir='ltr' id='par_1_7' title="bbox 369 655 1902 729">
     <span class='ocr_line' id='line_1_7' title="bbox 369 655 1902 729; baseline 0.003 -19"><span class='ocrx_word' id='word_1_31' title='bbox 369 655 544 712; x_wconf 74' lang='lat' dir='ltr'><strong>Vnus.</strong></span> <span class='ocrx_word' id='word_1_32' title='bbox 578 658 630 712; x_wconf 87' lang='grc'><strong>3.</strong></span> <span class='ocrx_word' id='word_1_33' title='bbox 664 686 732 696; x_wconf 93' lang='grc'><strong><em>-</em></strong></span> <span class='ocrx_word' id='word_1_34' title='bbox 793 656 853 712; x_wconf 82' lang='lat' dir='ltr'><strong>Si</strong></span> <span class='ocrx_word' id='word_1_35' title='bbox 881 655 1147 714; x_wconf 78' lang='lat' dir='ltr'><strong>dimisero</strong></span> <span class='ocrx_word' id='word_1_36' title='bbox 1178 669 1286 714; x_wconf 87' lang='lat' dir='ltr'><strong>eos.</strong></span> <span class='ocrx_word' id='word_1_37' title='bbox 1321 655 1460 725; x_wconf 88' lang='lat' dir='ltr'><strong>Quia</strong></span> <span class='ocrx_word' id='word_1_38' title='bbox 1489 655 1743 713; x_wconf 85' lang='lat' dir='ltr'><strong>conversi</strong></span> <span class='ocrx_word' id='word_1_39' title='bbox 1773 670 1902 729; x_wconf 88' lang='lat' dir='ltr'><strong>pec-</strong></span> 
     </span>
    </p>
   </div>
   <div class='ocr_carea' id='block_1_8' title="bbox 296 744 1903 816">
    <p class='ocr_par' dir='ltr' id='par_1_8' title="bbox 296 744 1903 816">
     <span class='ocr_line' id='line_1_8' title="bbox 296 744 1903 816; baseline -0.001 -14"><span class='ocrx_word' id='word_1_40' title='bbox 296 752 516 802; x_wconf 90' lang='lat' dir='ltr'><strong>catores</strong></span> <span class='ocrx_word' id='word_1_41' title='bbox 545 744 601 799; x_wconf 92' lang='lat' dir='ltr'><strong>in</strong></span> <span class='ocrx_word' id='word_1_42' title='bbox 630 744 919 816; x_wconf 66' lang='lat' dir='ltr'><strong>praesentis</strong></span> <span class='ocrx_word' id='word_1_43' title='bbox 966 745 1091 801; x_wconf 75' lang='lat' dir='ltr'><strong>vita:</strong></span> <span class='ocrx_word' id='word_1_44' title='bbox 1139 745 1225 800; x_wconf 94' lang='lat' dir='ltr'><strong>via</strong></span> <span class='ocrx_word' id='word_1_45' title='bbox 1271 744 1550 814; x_wconf 90' lang='lat' dir='ltr'><strong>deﬁciunt,</strong></span> <span class='ocrx_word' id='word_1_46' title='bbox 1605 745 1652 800; x_wconf 90' lang='lat' dir='ltr'><strong>si</strong></span> <span class='ocrx_word' id='word_1_47' title='bbox 1701 745 1756 800; x_wconf 92' lang='lat' dir='ltr'><strong>in</strong></span> <span class='ocrx_word' id='word_1_48' title='bbox 1806 761 1903 801; x_wconf 90' lang='lat' dir='ltr'><strong>sua</strong></span> 
     </span>
    </p>
   </div>
   <div class='ocr_carea' id='block_1_9' title="bbox 300 833 1719 905">
    <p class='ocr_par' dir='ltr' id='par_1_9' title="bbox 300 833 1719 905">
     <span class='ocr_line' id='line_1_9' title="bbox 300 833 1719 905; baseline -0.002 -14"><span class='ocrx_word' id='word_1_49' title='bbox 300 833 640 891; x_wconf 83' lang='lat' dir='ltr'><strong>conscientia</strong></span> <span class='ocrx_word' id='word_1_50' title='bbox 669 833 786 888; x_wconf 91' lang='lat' dir='ltr'><strong>sine</strong></span> <span class='ocrx_word' id='word_1_51' title='bbox 817 833 1081 890; x_wconf 69' lang='lat' dir='ltr'><strong>doctrinae</strong></span> <span class='ocrx_word' id='word_1_52' title='bbox 1119 833 1334 905; x_wconf 90' lang='lat' dir='ltr'><strong>pabulis</strong></span> <span class='ocrx_word' id='word_1_53' title='bbox 1363 833 1719 889; x_wconf 81' lang='lat' dir='ltr'><strong>dimittantur.</strong></span> 
     </span>
    </p>
   </div>
   <div class='ocr_carea' id='block_1_10' title="bbox 367 919 1903 996">
    <p class='ocr_par' dir='ltr' id='par_1_10' title="bbox 367 919 1903 996">
     <span class='ocr_line' id='line_1_10' title="bbox 367 919 1903 996; baseline 0 -18"><span class='ocrx_word' id='word_1_54' title='bbox 367 925 446 979; x_wconf 90' lang='lat' dir='ltr'><strong>De</strong></span> <span class='ocrx_word' id='word_1_55' title='bbox 477 922 659 995; x_wconf 79' lang='lat' dir='ltr'><strong>longe.</strong></span> <span class='ocrx_word' id='word_1_56' title='bbox 692 953 762 963; x_wconf 98' lang='lat'>—</span> <span class='ocrx_word' id='word_1_57' title='bbox 788 922 1079 978; x_wconf 90' lang='lat' dir='ltr'><strong>Moraliter.</strong></span> <span class='ocrx_word' id='word_1_58' title='bbox 1107 919 1212 990; x_wconf 89' lang='lat' dir='ltr'><strong>Qui</strong></span> <span class='ocrx_word' id='word_1_59' title='bbox 1228 922 1361 977; x_wconf 88' lang='lat' dir='ltr'><strong>nihil</strong></span> <span class='ocrx_word' id='word_1_60' title='bbox 1389 922 1642 978; x_wconf 73' lang='lat' dir='ltr'><strong>carnalis</strong></span> <span class='ocrx_word' id='word_1_61' title='bbox 1661 938 1788 979; x_wconf 91' lang='lat' dir='ltr'><strong>corr</strong></span> <span class='ocrx_word' id='word_1_62' title='bbox 1805 940 1903 996; x_wconf 88' lang='lat' dir='ltr'><strong>up-</strong></span> 
     </span>
    </p>
   </div>
   <div class='ocr_carea' id='block_1_11' title="bbox 297 1010 1902 1083">
    <p class='ocr_par' dir='ltr' id='par_1_11' title="bbox 297 1010 1902 1083">
     <span class='ocr_line' id='line_1_11' title="bbox 297 1010 1902 1083; baseline 0.001 -17"><span class='ocrx_word' id='word_1_63' title='bbox 297 1010 464 1067; x_wconf 88' lang='lat' dir='ltr'><strong>tionis</strong></span> <span class='ocrx_word' id='word_1_64' title='bbox 493 1018 767 1083; x_wconf 83' lang='lat' dir='ltr'><strong>expertus,</strong></span> <span class='ocrx_word' id='word_1_65' title='bbox 803 1010 873 1066; x_wconf 92' lang='lat' dir='ltr'><strong>ad</strong></span> <span class='ocrx_word' id='word_1_66' title='bbox 903 1011 1221 1066; x_wconf 84' lang='lat' dir='ltr'><strong>servitutem</strong></span> <span class='ocrx_word' id='word_1_67' title='bbox 1251 1011 1352 1066; x_wconf 88' lang='lat' dir='ltr'><strong>Dei</strong></span> <span class='ocrx_word' id='word_1_68' title='bbox 1384 1010 1624 1080; x_wconf 80' lang='lat' dir='ltr'><strong>festinat,</strong></span> <span class='ocrx_word' id='word_1_69' title='bbox 1659 1012 1729 1067; x_wconf 90' lang='lat' dir='ltr'><strong>de</strong></span> <span class='ocrx_word' id='word_1_70' title='bbox 1777 1011 1902 1067; x_wconf 92' lang='lat' dir='ltr'><strong>lon-</strong></span> 
     </span>
    </p>
   </div>
   <div class='ocr_carea' id='block_1_12' title="bbox 300 1099 1903 1172">
    <p class='ocr_par' dir='ltr' id='par_1_12' title="bbox 300 1099 1903 1172">
     <span class='ocr_line' id='line_1_12' title="bbox 300 1099 1903 1172; baseline 0 -17"><span class='ocrx_word' id='word_1_71' title='bbox 300 1099 511 1172; x_wconf 89' lang='lat' dir='ltr'><strong>ginquo</strong></span> <span class='ocrx_word' id='word_1_72' title='bbox 538 1115 650 1155; x_wconf 91' lang='lat' dir='ltr'><strong>non</strong></span> <span class='ocrx_word' id='word_1_73' title='bbox 679 1099 864 1168; x_wconf 82' lang='lat' dir='ltr'><strong>venit;</strong></span> <span class='ocrx_word' id='word_1_74' title='bbox 897 1099 990 1171; x_wconf 89' lang='lat' dir='ltr'><strong>qui</strong></span> <span class='ocrx_word' id='word_1_75' title='bbox 1021 1099 1185 1154; x_wconf 88' lang='lat' dir='ltr'><strong>etiam</strong></span> <span class='ocrx_word' id='word_1_76' title='bbox 1214 1099 1361 1154; x_wconf 89' lang='lat' dir='ltr'><strong>nulla</strong></span> <span class='ocrx_word' id='word_1_77' title='bbox 1393 1099 1746 1171; x_wconf 86' lang='lat' dir='ltr'><strong>impudicitia,</strong></span> <span class='ocrx_word' id='word_1_78' title='bbox 1786 1100 1903 1155; x_wconf 88' lang='lat' dir='ltr'><strong>nul-</strong></span> 
     </span>
    </p>
   </div>
   <div class='ocr_carea' id='block_1_13' title="bbox 297 1187 1902 1260">
    <p class='ocr_par' dir='ltr' id='par_1_13' title="bbox 297 1187 1902 1260">
     <span class='ocr_line' id='line_1_13' title="bbox 297 1187 1902 1260; baseline 0.001 -17"><span class='ocrx_word' id='word_1_79' title='bbox 297 1188 368 1244; x_wconf 87' lang='lat' dir='ltr'><strong>lis</strong></span> <span class='ocrx_word' id='word_1_80' title='bbox 397 1188 617 1260; x_wconf 89' lang='lat' dir='ltr'><strong>ﬂagitiis</strong></span> <span class='ocrx_word' id='word_1_81' title='bbox 646 1188 980 1260; x_wconf 88' lang='lat' dir='ltr'><strong>inquinatus,</strong></span> <span class='ocrx_word' id='word_1_82' title='bbox 1017 1187 1194 1244; x_wconf 91' lang='lat' dir='ltr'><strong>solum</strong></span> <span class='ocrx_word' id='word_1_83' title='bbox 1231 1196 1411 1244; x_wconf 91' lang='lat' dir='ltr'><strong>autem</strong></span> <span class='ocrx_word' id='word_1_84' title='bbox 1442 1188 1758 1258; x_wconf 81' lang='lat' dir='ltr'><strong>conjugium</strong></span> <span class='ocrx_word' id='word_1_85' title='bbox 1805 1205 1902 1245; x_wconf 88' lang='lat' dir='ltr'><strong>ex-</strong></span> 
     </span>
    </p>
   </div>
   <div class='ocr_carea' id='block_1_14' title="bbox 301 1277 1907 1352">
    <p class='ocr_par' dir='ltr' id='par_1_14' title="bbox 301 1277 1907 1352">
     <span class='ocr_line' id='line_1_14' title="bbox 301 1277 1907 1352; baseline 0 -18"><span class='ocrx_word' id='word_1_86' title='bbox 301 1285 515 1352; x_wconf 89' lang='lat' dir='ltr'><strong>pertus,</strong></span> <span class='ocrx_word' id='word_1_87' title='bbox 546 1293 650 1334; x_wconf 91' lang='lat' dir='ltr'><strong>nec</strong></span> <span class='ocrx_word' id='word_1_88' title='bbox 677 1277 780 1333; x_wconf 90' lang='lat' dir='ltr'><strong>iste</strong></span> <span class='ocrx_word' id='word_1_89' title='bbox 801 1277 870 1333; x_wconf 90' lang='lat' dir='ltr'><strong>de</strong></span> <span class='ocrx_word' id='word_1_90' title='bbox 890 1277 1210 1351; x_wconf 92' lang='lat' dir='ltr'><strong>longinquo.</strong></span> <span class='ocrx_word' id='word_1_91' title='bbox 1233 1278 1340 1333; x_wconf 76' lang='lat' dir='ltr'><strong>Alii</strong></span> <span class='ocrx_word' id='word_1_92' title='bbox 1358 1286 1482 1351; x_wconf 91' lang='lat' dir='ltr'><strong>post</strong></span> <span class='ocrx_word' id='word_1_93' title='bbox 1501 1277 1669 1334; x_wconf 86' lang='lat' dir='ltr'><strong>multa</strong></span> <span class='ocrx_word' id='word_1_94' title='bbox 1698 1277 1907 1351; x_wconf 89' lang='lat' dir='ltr'><strong>ﬂagitia</strong></span> 
     </span>
    </p>
   </div>
   <div class='ocr_carea' id='block_1_15' title="bbox 304 1366 1262 1439">
    <p class='ocr_par' dir='ltr' id='par_1_15' title="bbox 304 1366 1262 1439">
     <span class='ocr_line' id='line_1_15' title="bbox 304 1366 1262 1439; baseline 0 -17"><span class='ocrx_word' id='word_1_95' title='bbox 304 1366 530 1424; x_wconf 76' lang='lat' dir='ltr'><strong>veniunt</strong></span> <span class='ocrx_word' id='word_1_96' title='bbox 563 1384 577 1421; x_wconf 94' lang='lat'><strong>:</strong></span> <span class='ocrx_word' id='word_1_97' title='bbox 611 1373 663 1422; x_wconf 93' lang='lat' dir='ltr'><strong>et</strong></span> <span class='ocrx_word' id='word_1_98' title='bbox 691 1367 814 1422; x_wconf 91' lang='lat' dir='ltr'><strong>ideo</strong></span> <span class='ocrx_word' id='word_1_99' title='bbox 842 1367 911 1422; x_wconf 91' lang='lat' dir='ltr'><strong>de</strong></span> <span class='ocrx_word' id='word_1_100' title='bbox 940 1366 1262 1439; x_wconf 89' lang='lat' dir='ltr'><strong>longinquo.</strong></span> 
     </span>
    </p>
   </div>
   <div class='ocr_carea' id='block_1_16' title="bbox 377 1481 1906 1554">
    <p class='ocr_par' dir='ltr' id='par_1_16' title="bbox 377 1481 1906 1554">
     <span class='ocr_line' id='line_1_16' title="bbox 377 1481 1906 1554; baseline -0.001 -16"><span class='ocrx_word' id='word_1_101' title='bbox 377 1483 550 1538; x_wconf 75' lang='lat' dir='ltr'><strong>Vsus.</strong></span> <span class='ocrx_word' id='word_1_102' title='bbox 583 1485 635 1538; x_wconf 84' lang='lat'><strong>5.</strong></span> <span class='ocrx_word' id='word_1_103' title='bbox 668 1512 737 1522; x_wconf 96' lang='lat'><strong>—</strong></span> <span class='ocrx_word' id='word_1_104' title='bbox 767 1483 1008 1554; x_wconf 78' lang='lat' dir='ltr'><strong>Septem.</strong></span> <span class='ocrx_word' id='word_1_105' title='bbox 1043 1483 1260 1553; x_wconf 79' lang='grc' dir='ltr'><strong>(ΒΕΒΑ).</strong></span> <span class='ocrx_word' id='word_1_106' title='bbox 1308 1481 1623 1553; x_wconf 83' lang='lat' dir='ltr'><strong>Mysterium</strong></span> <span class='ocrx_word' id='word_1_107' title='bbox 1654 1489 1739 1538; x_wconf 90' lang='lat' dir='ltr'><strong>est</strong></span> <span class='ocrx_word' id='word_1_108' title='bbox 1765 1481 1906 1537; x_wconf 89' lang='lat' dir='ltr'><strong>Novi</strong></span> 
     </span>
    </p>
   </div>
   <div class='ocr_carea' id='block_1_17' title="bbox 305 1569 1906 1643">
    <p class='ocr_par' dir='ltr' id='par_1_17' title="bbox 305 1569 1906 1643">
     <span class='ocr_line' id='line_1_17' title="bbox 305 1569 1906 1643; baseline -0.002 -15"><span class='ocrx_word' id='word_1_109' title='bbox 305 1570 659 1636; x_wconf 88' lang='lat' dir='ltr'><strong>Testamenti,</strong></span> <span class='ocrx_word' id='word_1_110' title='bbox 692 1569 747 1625; x_wconf 92' lang='lat' dir='ltr'><strong>in</strong></span> <span class='ocrx_word' id='word_1_111' title='bbox 778 1585 885 1642; x_wconf 92' lang='lat' dir='ltr'><strong>quo</strong></span> <span class='ocrx_word' id='word_1_112' title='bbox 917 1570 1249 1641; x_wconf 90' lang='lat' dir='ltr'><strong>septiformis</strong></span> <span class='ocrx_word' id='word_1_113' title='bbox 1298 1570 1530 1642; x_wconf 83' lang='lat' dir='ltr'><strong>Spiritus</strong></span> <span class='ocrx_word' id='word_1_114' title='bbox 1578 1570 1754 1643; x_wconf 90' lang='lat' dir='ltr'><strong>gratia</strong></span> <span class='ocrx_word' id='word_1_115' title='bbox 1783 1569 1906 1641; x_wconf 92' lang='lat' dir='ltr'><strong>ple-</strong></span> 
     </span>
    </p>
   </div>
   <div class='ocr_carea' id='block_1_18' title="bbox 307 1658 1901 1730">
    <p class='ocr_par' dir='ltr' id='par_1_18' title="bbox 307 1658 1901 1730">
     <span class='ocr_line' id='line_1_18' title="bbox 307 1658 1901 1730; baseline -0.003 -13"><span class='ocrx_word' id='word_1_116' title='bbox 307 1661 429 1717; x_wconf 89' lang='lat' dir='ltr'><strong>nius</strong></span> <span class='ocrx_word' id='word_1_117' title='bbox 458 1659 705 1716; x_wconf 86' lang='lat' dir='ltr'><strong>creditur</strong></span> <span class='ocrx_word' id='word_1_118' title='bbox 733 1666 786 1714; x_wconf 91' lang='lat' dir='ltr'><strong>et</strong></span> <span class='ocrx_word' id='word_1_119' title='bbox 811 1658 991 1714; x_wconf 89' lang='lat' dir='ltr'><strong>datur.</strong></span> <span class='ocrx_word' id='word_1_120' title='bbox 1038 1660 1155 1715; x_wconf 87' lang='lat' dir='ltr'><strong>Nec</strong></span> <span class='ocrx_word' id='word_1_121' title='bbox 1203 1666 1326 1714; x_wconf 90' lang='lat' dir='ltr'><strong>sunt</strong></span> <span class='ocrx_word' id='word_1_122' title='bbox 1372 1669 1543 1730; x_wconf 82' lang='lat' dir='ltr'><strong>panes</strong></span> <span class='ocrx_word' id='word_1_123' title='bbox 1590 1659 1901 1724; x_wconf 87' lang='lat' dir='ltr'><strong>hordeacei,</strong></span> 
     </span>
    </p>
   </div>
   <div class='ocr_carea' id='block_1_19' title="bbox 305 1722 1988 1820">
    <p class='ocr_par' dir='ltr' id='par_1_19' title="bbox 305 1722 1988 1820">
     <span class='ocr_line' id='line_1_19' title="bbox 305 1722 1988 1820; baseline -0.002 -14"><span class='ocrx_word' id='word_1_124' title='bbox 305 1750 444 1806; x_wconf 85' lang='lat' dir='ltr'><strong>sicut</strong></span> <span class='ocrx_word' id='word_1_125' title='bbox 473 1747 555 1803; x_wconf 89' lang='lat' dir='ltr'><strong>illi</strong></span> <span class='ocrx_word' id='word_1_126' title='bbox 589 1747 828 1820; x_wconf 89' lang='lat' dir='ltr'><strong>quinque</strong></span> <span class='ocrx_word' id='word_1_127' title='bbox 849 1747 918 1802; x_wconf 90' lang='lat' dir='ltr'><strong>de</strong></span> <span class='ocrx_word' id='word_1_128' title='bbox 939 1747 1134 1819; x_wconf 90' lang='lat' dir='ltr'><strong>quibus</strong></span> <span class='ocrx_word' id='word_1_129' title='bbox 1163 1722 1402 1819; x_wconf 76' lang='lat' dir='ltr'><strong>quinque</strong></span> <span class='ocrx_word' id='word_1_130' title='bbox 1431 1747 1598 1802; x_wconf 87' lang='lat' dir='ltr'><strong>millia</strong></span> <span class='ocrx_word' id='word_1_131' title='bbox 1626 1722 1904 1803; x_wconf 83' lang='lat' dir='ltr'><strong>hominum</strong></span> <span class='ocrx_word' id='word_1_132' title='bbox 1933 1722 1988 1782; x_wconf 86' lang='lat' dir='ltr'><strong>B</strong></span> 
     </span>
    </p>
   </div>
   <div class='ocr_carea' id='block_1_20' title="bbox 308 1835 1907 1909">
    <p class='ocr_par' dir='ltr' id='par_1_20' title="bbox 308 1835 1907 1909">
     <span class='ocr_line' id='line_1_20' title="bbox 308 1835 1907 1909; baseline -0.002 -16"><span class='ocrx_word' id='word_1_133' title='bbox 308 1838 499 1893; x_wconf 87' lang='lat' dir='ltr'><strong>satiata</strong></span> <span class='ocrx_word' id='word_1_134' title='bbox 529 1845 676 1902; x_wconf 92' lang='lat' dir='ltr'><strong>sunt,</strong></span> <span class='ocrx_word' id='word_1_135' title='bbox 709 1852 798 1901; x_wconf 91' lang='lat' dir='ltr'><strong>ne,</strong></span> <span class='ocrx_word' id='word_1_136' title='bbox 833 1835 971 1892; x_wconf 91' lang='lat' dir='ltr'><strong>sicut</strong></span> <span class='ocrx_word' id='word_1_137' title='bbox 998 1836 1053 1890; x_wconf 90' lang='lat' dir='ltr'><strong>in</strong></span> <span class='ocrx_word' id='word_1_138' title='bbox 1084 1835 1228 1909; x_wconf 83' lang='lat' dir='ltr'><strong>lege,</strong></span> <span class='ocrx_word' id='word_1_139' title='bbox 1259 1835 1436 1892; x_wconf 87' lang='lat' dir='ltr'><strong>vitalis</strong></span> <span class='ocrx_word' id='word_1_140' title='bbox 1457 1837 1654 1891; x_wconf 68' lang='lat' dir='ltr'><strong>anima:</strong></span> <span class='ocrx_word' id='word_1_141' title='bbox 1677 1837 1907 1891; x_wconf 90' lang='lat' dir='ltr'><strong>alimen-</strong></span> 
     </span>
    </p>
   </div>
   <div class='ocr_carea' id='block_1_21' title="bbox 308 1923 1907 1997">
    <p class='ocr_par' dir='ltr' id='par_1_21' title="bbox 308 1923 1907 1997">
     <span class='ocr_line' id='line_1_21' title="bbox 308 1923 1907 1997; baseline -0.002 -15"><span class='ocrx_word' id='word_1_142' title='bbox 308 1935 422 1982; x_wconf 90' lang='lat' dir='ltr'><strong>tum</strong></span> <span class='ocrx_word' id='word_1_143' title='bbox 444 1925 827 1997; x_wconf 88' lang='lat' dir='ltr'><strong>corporalibus</strong></span> <span class='ocrx_word' id='word_1_144' title='bbox 847 1923 1205 1980; x_wconf 81' lang='lat' dir='ltr'><strong>sacramentis</strong></span> <span class='ocrx_word' id='word_1_145' title='bbox 1222 1932 1522 1997; x_wconf 87' lang='lat' dir='ltr'><strong>tegeretur.</strong></span> <span class='ocrx_word' id='word_1_146' title='bbox 1547 1925 1907 1980; x_wconf 85' lang='lat' dir='ltr'><strong>Hordeienim</strong></span> 
     </span>
    </p>
   </div>
   <div class='ocr_carea' id='block_1_22' title="bbox 312 2012 1369 2085">
    <p class='ocr_par' dir='ltr' id='par_1_22' title="bbox 312 2012 1369 2085">
     <span class='ocr_line' id='line_1_22' title="bbox 312 2012 1369 2085; baseline -0.002 -15"><span class='ocrx_word' id='word_1_147' title='bbox 312 2013 557 2070; x_wconf 89' lang='lat' dir='ltr'><strong>medulla</strong></span> <span class='ocrx_word' id='word_1_148' title='bbox 586 2013 935 2069; x_wconf 90' lang='lat' dir='ltr'><strong>tenacissima</strong></span> <span class='ocrx_word' id='word_1_149' title='bbox 963 2012 1165 2085; x_wconf 85' lang='lat' dir='ltr'><strong>tegitur</strong></span> <span class='ocrx_word' id='word_1_150' title='bbox 1193 2013 1369 2084; x_wconf 87' lang='lat' dir='ltr'><strong>palea.</strong></span> 
     </span>
    </p>
   </div>
   <div class='ocr_carea' id='block_1_23' title="bbox 378 2100 1903 2172">
    <p class='ocr_par' dir='ltr' id='par_1_23' title="bbox 378 2100 1903 2172">
     <span class='ocr_line' id='line_1_23' title="bbox 378 2100 1903 2172; baseline -0.001 -15"><span class='ocrx_word' id='word_1_151' title='bbox 378 2102 594 2172; x_wconf 74' lang='lat' dir='ltr'><strong>(HIEB).</strong></span> <span class='ocrx_word' id='word_1_152' title='bbox 621 2102 840 2172; x_wconf 90' lang='lat' dir='ltr'><strong>Septem</strong></span> <span class='ocrx_word' id='word_1_153' title='bbox 854 2117 1046 2172; x_wconf 90' lang='lat' dir='ltr'><strong>panes,</strong></span> <span class='ocrx_word' id='word_1_154' title='bbox 1072 2109 1280 2172; x_wconf 86' lang='lat' dir='ltr'><strong>septem</strong></span> <span class='ocrx_word' id='word_1_155' title='bbox 1295 2101 1437 2156; x_wconf 92' lang='lat' dir='ltr'><strong>dona</strong></span> <span class='ocrx_word' id='word_1_156' title='bbox 1459 2100 1691 2172; x_wconf 90' lang='lat' dir='ltr'><strong>Spiritus</strong></span> <span class='ocrx_word' id='word_1_157' title='bbox 1710 2100 1903 2156; x_wconf 88' lang='lat' dir='ltr'><strong>sancti.</strong></span> 
     </span>
    </p>
   </div>
   <div class='ocr_carea' id='block_1_24' title="bbox 311 2189 1909 2262">
    <p class='ocr_par' dir='ltr' id='par_1_24' title="bbox 311 2189 1909 2262">
     <span class='ocr_line' id='line_1_24' title="bbox 311 2189 1909 2262; baseline 0 -16"><span class='ocrx_word' id='word_1_158' title='bbox 311 2189 562 2260; x_wconf 84' lang='lat' dir='ltr'><strong>Quatuor</strong></span> <span class='ocrx_word' id='word_1_159' title='bbox 588 2190 776 2258; x_wconf 90' lang='lat' dir='ltr'><strong>millia,</strong></span> <span class='ocrx_word' id='word_1_160' title='bbox 811 2207 984 2245; x_wconf 90' lang='lat' dir='ltr'><strong>annus</strong></span> <span class='ocrx_word' id='word_1_161' title='bbox 1013 2189 1151 2244; x_wconf 88' lang='lat' dir='ltr'><strong>Novi</strong></span> <span class='ocrx_word' id='word_1_162' title='bbox 1181 2190 1508 2244; x_wconf 86' lang='lat' dir='ltr'><strong>Testamenti</strong></span> <span class='ocrx_word' id='word_1_163' title='bbox 1530 2206 1653 2246; x_wconf 91' lang='lat' dir='ltr'><strong>cum</strong></span> <span class='ocrx_word' id='word_1_164' title='bbox 1675 2201 1909 2262; x_wconf 89' lang='lat' dir='ltr'><strong>quatuor</strong></span> 
     </span>
    </p>
   </div>
   <div class='ocr_carea' id='block_1_25' title="bbox 311 2279 1903 2351">
    <p class='ocr_par' dir='ltr' id='par_1_25' title="bbox 311 2279 1903 2351">
     <span class='ocr_line' id='line_1_25' title="bbox 311 2279 1903 2351; baseline 0 -17"><span class='ocrx_word' id='word_1_165' title='bbox 311 2280 670 2351; x_wconf 84' lang='lat' dir='ltr'><strong>temporibus.</strong></span> <span class='ocrx_word' id='word_1_166' title='bbox 706 2281 921 2349; x_wconf 88' lang='lat' dir='ltr'><strong>Septem</strong></span> <span class='ocrx_word' id='word_1_167' title='bbox 945 2285 1158 2350; x_wconf 63' lang='lat' dir='ltr'><strong>sporta},</strong></span> <span class='ocrx_word' id='word_1_168' title='bbox 1185 2288 1390 2348; x_wconf 89' lang='lat' dir='ltr'><strong>septem</strong></span> <span class='ocrx_word' id='word_1_169' title='bbox 1413 2279 1600 2348; x_wconf 68' lang='lat' dir='ltr'><strong>prima}</strong></span> <span class='ocrx_word' id='word_1_170' title='bbox 1624 2279 1903 2335; x_wconf 68' lang='lat' dir='ltr'><strong>Ecclesiae.</strong></span> 
     </span>
    </p>
   </div>
   <div class='ocr_carea' id='block_1_26' title="bbox 313 2366 1906 2442">
    <p class='ocr_par' dir='ltr' id='par_1_26' title="bbox 313 2366 1906 2442">
     <span class='ocr_line' id='line_1_26' title="bbox 313 2366 1906 2442; baseline -0.003 -18"><span class='ocrx_word' id='word_1_171' title='bbox 313 2369 640 2442; x_wconf 81' lang='lat' dir='ltr'><strong>Fragmenta</strong></span> <span class='ocrx_word' id='word_1_172' title='bbox 669 2383 872 2438; x_wconf 88' lang='lat' dir='ltr'><strong>panum</strong></span> <span class='ocrx_word' id='word_1_173' title='bbox 901 2366 1116 2437; x_wconf 76' lang='lat' dir='ltr'><strong>mystici</strong></span> <span class='ocrx_word' id='word_1_174' title='bbox 1146 2366 1454 2423; x_wconf 87' lang='lat' dir='ltr'><strong>intellectus</strong></span> <span class='ocrx_word' id='word_1_175' title='bbox 1501 2367 1690 2437; x_wconf 65' lang='lat' dir='ltr'><strong>prima)</strong></span> <span class='ocrx_word' id='word_1_176' title='bbox 1735 2368 1906 2437; x_wconf 90' lang='lat' dir='ltr'><strong>septi-</strong></span> 
     </span>
    </p>
   </div>
   <div class='ocr_carea' id='block_1_27' title="bbox 315 2455 1906 2514">
    <p class='ocr_par' dir='ltr' id='par_1_27' title="bbox 315 2455 1906 2514">
     <span class='ocr_line' id='line_1_27' title="bbox 315 2455 1906 2514; baseline -0.003 0"><span class='ocrx_word' id='word_1_177' title='bbox 315 2475 490 2514; x_wconf 69' lang='lat' dir='ltr'><strong>mana:</strong></span> <span class='ocrx_word' id='word_1_178' title='bbox 530 2464 675 2511; x_wconf 88' lang='lat' dir='ltr'><strong>sunt.</strong></span> <span class='ocrx_word' id='word_1_179' title='bbox 728 2455 976 2510; x_wconf 90' lang='lat' dir='ltr'><strong>Pisciculi</strong></span> <span class='ocrx_word' id='word_1_180' title='bbox 1024 2455 1339 2511; x_wconf 90' lang='lat' dir='ltr'><strong>benedicti:</strong></span> <span class='ocrx_word' id='word_1_181' title='bbox 1372 2455 1497 2509; x_wconf 83' lang='lat' dir='ltr'><strong>libri</strong></span> <span class='ocrx_word' id='word_1_182' title='bbox 1527 2456 1665 2510; x_wconf 90' lang='lat' dir='ltr'><strong>Novi</strong></span> <span class='ocrx_word' id='word_1_183' title='bbox 1711 2457 1906 2510; x_wconf 88' lang='lat' dir='ltr'><strong>Testa-</strong></span> 
     </span>
    </p>
   </div>
   <div class='ocr_carea' id='block_1_28' title="bbox 310 2544 1906 2618">
    <p class='ocr_par' dir='ltr' id='par_1_28' title="bbox 310 2544 1906 2618">
     <span class='ocr_line' id='line_1_28' title="bbox 310 2544 1906 2618; baseline -0.003 -17"><span class='ocrx_word' id='word_1_184' title='bbox 310 2547 496 2612; x_wconf 84' lang='lat' dir='ltr'><strong>menti,</strong></span> <span class='ocrx_word' id='word_1_185' title='bbox 534 2545 809 2618; x_wconf 87' lang='lat' dir='ltr'><strong>quomodo</strong></span> <span class='ocrx_word' id='word_1_186' title='bbox 837 2544 1004 2615; x_wconf 89' lang='lat' dir='ltr'><strong>piscis</strong></span> <span class='ocrx_word' id='word_1_187' title='bbox 1024 2544 1134 2599; x_wconf 86' lang='lat' dir='ltr'><strong>assi</strong></span> <span class='ocrx_word' id='word_1_188' title='bbox 1154 2554 1363 2614; x_wconf 91' lang='lat' dir='ltr'><strong>partem</strong></span> <span class='ocrx_word' id='word_1_189' title='bbox 1392 2561 1691 2614; x_wconf 83' lang='lat' dir='ltr'><strong>resurgens</strong></span> <span class='ocrx_word' id='word_1_190' title='bbox 1723 2555 1906 2614; x_wconf 85' lang='lat' dir='ltr'><strong>postu-</strong></span> 
     </span>
    </p>
   </div>
   <div class='ocr_carea' id='block_1_29' title="bbox 309 2632 1910 2705">
    <p class='ocr_par' dir='ltr' id='par_1_29' title="bbox 309 2632 1910 2705">
     <span class='ocr_line' id='line_1_29' title="bbox 309 2632 1910 2705; baseline -0.002 -15"><span class='ocrx_word' id='word_1_191' title='bbox 309 2635 406 2702; x_wconf 86' lang='lat' dir='ltr'><strong>lat,</strong></span> <span class='ocrx_word' id='word_1_192' title='bbox 460 2643 516 2690; x_wconf 90' lang='lat' dir='ltr'><strong>et</strong></span> <span class='ocrx_word' id='word_1_193' title='bbox 561 2634 770 2705; x_wconf 89' lang='lat' dir='ltr'><strong>piscem</strong></span> <span class='ocrx_word' id='word_1_194' title='bbox 825 2632 1227 2704; x_wconf 90' lang='lat' dir='ltr'><strong>superpositum</strong></span> <span class='ocrx_word' id='word_1_195' title='bbox 1281 2632 1469 2704; x_wconf 90' lang='lat' dir='ltr'><strong>prunis</strong></span> <span class='ocrx_word' id='word_1_196' title='bbox 1525 2632 1806 2703; x_wconf 88' lang='lat' dir='ltr'><strong>discipulis</strong></span> <span class='ocrx_word' id='word_1_197' title='bbox 1853 2632 1910 2686; x_wconf 92' lang='lat' dir='ltr'><strong>in</strong></span> 
     </span>
    </p>
   </div>
   <div class='ocr_carea' id='block_1_30' title="bbox 312 2722 1077 2796">
    <p class='ocr_par' dir='ltr' id='par_1_30' title="bbox 312 2722 1077 2796">
     <span class='ocr_line' id='line_1_30' title="bbox 312 2722 1077 2796; baseline -0.005 -16"><span class='ocrx_word' id='word_1_198' title='bbox 312 2732 540 2796; x_wconf 88' lang='lat' dir='ltr'><strong>captura</strong></span> <span class='ocrx_word' id='word_1_199' title='bbox 566 2722 800 2794; x_wconf 88' lang='lat' dir='ltr'><strong>piscium</strong></span> <span class='ocrx_word' id='word_1_200' title='bbox 827 2722 1077 2794; x_wconf 89' lang='lat' dir='ltr'><strong>porrigit.</strong></span> 
     </span>
    </p>
   </div>
   <div class='ocr_carea' id='block_1_31' title="bbox 379 2808 1907 2883">
    <p class='ocr_par' dir='ltr' id='par_1_31' title="bbox 379 2808 1907 2883">
     <span class='ocr_line' id='line_1_31' title="bbox 379 2808 1907 2883; baseline -0.003 -15"><span class='ocrx_word' id='word_1_201' title='bbox 379 2813 555 2868; x_wconf 77' lang='lat' dir='ltr'><strong>Vnus.</strong></span> <span class='ocrx_word' id='word_1_202' title='bbox 591 2814 643 2866; x_wconf 88' lang='lat'><strong>6.</strong></span> <span class='ocrx_word' id='word_1_203' title='bbox 677 2841 745 2851; x_wconf 91' lang='lat'><strong>-</strong></span> <span class='ocrx_word' id='word_1_204' title='bbox 773 2811 950 2883; x_wconf 86' lang='lat' dir='ltr'><strong>Super</strong></span> <span class='ocrx_word' id='word_1_205' title='bbox 981 2815 1213 2866; x_wconf 89' lang='lat' dir='ltr'><strong>terram.</strong></span> <span class='ocrx_word' id='word_1_206' title='bbox 1267 2810 1484 2880; x_wconf 73' lang='lat' dir='ltr'><strong>(BI-10A).</strong></span> <span class='ocrx_word' id='word_1_207' title='bbox 1520 2810 1580 2863; x_wconf 93' lang='lat' dir='ltr'><strong>In</strong></span> <span class='ocrx_word' id='word_1_208' title='bbox 1610 2808 1907 2864; x_wconf 86' lang='lat' dir='ltr'><strong>refectione</strong></span> 
     </span>
    </p>
   </div>
   <div class='ocr_carea' id='block_1_32' title="bbox 313 2897 1910 2974">
    <p class='ocr_par' dir='ltr' id='par_1_32' title="bbox 313 2897 1910 2974">
     <span class='ocr_line' id='line_1_32' title="bbox 313 2897 1910 2974; baseline -0.003 -18"><span class='ocrx_word' id='word_1_209' title='bbox 313 2901 550 2974; x_wconf 90' lang='lat' dir='ltr'><strong>quinque</strong></span> <span class='ocrx_word' id='word_1_210' title='bbox 579 2915 782 2970; x_wconf 92' lang='lat' dir='ltr'><strong>panum</strong></span> <span class='ocrx_word' id='word_1_211' title='bbox 810 2899 971 2954; x_wconf 89' lang='lat' dir='ltr'><strong>turba</strong></span> <span class='ocrx_word' id='word_1_212' title='bbox 999 2914 1163 2970; x_wconf 90' lang='lat' dir='ltr'><strong>supra</strong></span> <span class='ocrx_word' id='word_1_213' title='bbox 1201 2897 1385 2954; x_wconf 91' lang='lat' dir='ltr'><strong>fenum</strong></span> <span class='ocrx_word' id='word_1_214' title='bbox 1433 2897 1706 2954; x_wconf 90' lang='lat' dir='ltr'><strong>discubuit</strong></span> <span class='ocrx_word' id='word_1_215' title='bbox 1739 2916 1754 2964; x_wconf 87' lang='lat'><strong>;</strong></span> <span class='ocrx_word' id='word_1_216' title='bbox 1787 2914 1910 2968; x_wconf 69' lang='lat' dir='ltr'><strong>quas</strong></span> 
     </span>
    </p>
   </div>
   <div class='ocr_carea' id='block_1_33' title="bbox 310 2985 1907 3059">
    <p class='ocr_par' dir='ltr' id='par_1_33' title="bbox 310 2985 1907 3059">
     <span class='ocr_line' id='line_1_33' title="bbox 310 2985 1907 3059; baseline -0.004 -14"><span class='ocrx_word' id='word_1_217' title='bbox 310 2998 494 3045; x_wconf 90' lang='lat' dir='ltr'><strong>autem</strong></span> <span class='ocrx_word' id='word_1_218' title='bbox 523 2996 734 3059; x_wconf 90' lang='lat' dir='ltr'><strong>septem</strong></span> <span class='ocrx_word' id='word_1_219' title='bbox 763 2987 998 3058; x_wconf 90' lang='lat' dir='ltr'><strong>panibus</strong></span> <span class='ocrx_word' id='word_1_220' title='bbox 1027 2985 1319 3042; x_wconf 90' lang='lat' dir='ltr'><strong>reﬁcienda</strong></span> <span class='ocrx_word' id='word_1_221' title='bbox 1355 2994 1458 3053; x_wconf 90' lang='lat' dir='ltr'><strong>est,</strong></span> <span class='ocrx_word' id='word_1_222' title='bbox 1513 3003 1678 3057; x_wconf 92' lang='lat' dir='ltr'><strong>super</strong></span> <span class='ocrx_word' id='word_1_223' title='bbox 1706 2994 1907 3040; x_wconf 88' lang='lat' dir='ltr'><strong>terram</strong></span> 
     </span>
    </p>
   </div>
   <div class='ocr_carea' id='block_1_34' title="bbox 311 3075 1980 3148">
    <p class='ocr_par' dir='ltr' id='par_1_34' title="bbox 311 3075 1980 3148">
     <span class='ocr_line' id='line_1_34' title="bbox 311 3075 1980 3148; baseline -0.003 -14"><span class='ocrx_word' id='word_1_224' title='bbox 311 3077 661 3134; x_wconf 86' lang='lat' dir='ltr'><strong>discumbere</strong></span> <span class='ocrx_word' id='word_1_225' title='bbox 691 3077 1002 3148; x_wconf 84' lang='lat' dir='ltr'><strong>praecipitur</strong></span> <span class='ocrx_word' id='word_1_226' title='bbox 1027 3093 1040 3129; x_wconf 93' lang='lat'><strong>:</strong></span> <span class='ocrx_word' id='word_1_227' title='bbox 1064 3075 1188 3146; x_wconf 88' lang='lat' dir='ltr'><strong>quia</strong></span> <span class='ocrx_word' id='word_1_228' title='bbox 1209 3091 1308 3146; x_wconf 91' lang='lat' dir='ltr'><strong>per</strong></span> <span class='ocrx_word' id='word_1_229' title='bbox 1336 3075 1518 3147; x_wconf 89' lang='lat' dir='ltr'><strong>legem</strong></span> <span class='ocrx_word' id='word_1_230' title='bbox 1549 3075 1745 3141; x_wconf 91' lang='lat' dir='ltr'><strong>carnis,</strong></span> <span class='ocrx_word' id='word_1_231' title='bbox 1779 3083 1904 3143; x_wconf 89' lang='lat' dir='ltr'><strong>etc.,</strong></span> <span class='ocrx_word' id='word_1_232' title='bbox 1931 3079 1980 3142; x_wconf 78' lang='grc' dir='ltr'><strong>ί]</strong></span> 
     </span>
    </p>
   </div>
   <div class='ocr_carea' id='block_1_35' title="bbox 308 3163 1903 3240">
    <p class='ocr_par' dir='ltr' id='par_1_35' title="bbox 308 3163 1903 3240">
     <span class='ocr_line' id='line_1_35' title="bbox 308 3163 1903 3240; baseline -0.004 -16"><span class='ocrx_word' id='word_1_233' title='bbox 308 3183 478 3240; x_wconf 85' lang='lat' dir='ltr'><strong>usque</strong></span> <span class='ocrx_word' id='word_1_234' title='bbox 511 3167 585 3222; x_wconf 89' lang='lat' dir='ltr'><strong>ad</strong></span> <span class='ocrx_word' id='word_1_235' title='bbox 624 3165 713 3220; x_wconf 91' lang='lat' dir='ltr'><strong>hic</strong></span> <span class='ocrx_word' id='word_1_236' title='bbox 744 3172 923 3220; x_wconf 90' lang='lat' dir='ltr'><strong>autem</strong></span> <span class='ocrx_word' id='word_1_237' title='bbox 955 3174 1160 3219; x_wconf 91' lang='lat' dir='ltr'><strong>remota</strong></span> <span class='ocrx_word' id='word_1_238' title='bbox 1190 3163 1338 3218; x_wconf 90' lang='lat' dir='ltr'><strong>omni</strong></span> <span class='ocrx_word' id='word_1_239' title='bbox 1377 3163 1667 3233; x_wconf 90' lang='lat' dir='ltr'><strong>cupiditate</strong></span> <span class='ocrx_word' id='word_1_240' title='bbox 1696 3163 1903 3219; x_wconf 88' lang='lat' dir='ltr'><strong>carnali</strong></span> 
     </span>
    </p>
   </div>
   <div class='ocr_carea' id='block_1_36' title="bbox 309 3251 1908 3322">
    <p class='ocr_par' dir='ltr' id='par_1_36' title="bbox 309 3251 1908 3322">
     <span class='ocr_line' id='line_1_36' title="bbox 309 3251 1908 3322; baseline -0.003 -11"><span class='ocrx_word' id='word_1_241' title='bbox 309 3257 568 3313; x_wconf 83' lang='lat' dir='ltr'><strong>convivas</strong></span> <span class='ocrx_word' id='word_1_242' title='bbox 595 3253 737 3309; x_wconf 69' lang='lat' dir='ltr'><strong>Novi</strong></span> <span class='ocrx_word' id='word_1_243' title='bbox 765 3252 1094 3307; x_wconf 89' lang='lat' dir='ltr'><strong>Testamenti</strong></span> <span class='ocrx_word' id='word_1_244' title='bbox 1125 3252 1241 3322; x_wconf 90' lang='lat' dir='ltr'><strong>spei</strong></span> <span class='ocrx_word' id='word_1_245' title='bbox 1299 3251 1668 3322; x_wconf 88' lang='lat' dir='ltr'><strong>permanentis</strong></span> <span class='ocrx_word' id='word_1_246' title='bbox 1717 3251 1908 3306; x_wconf 89' lang='lat' dir='ltr'><strong>ﬁrma-</strong></span> 
     </span>
    </p>
   </div>
   <div class='ocr_carea' id='block_1_37' title="bbox 311 3339 1910 3413">
    <p class='ocr_par' dir='ltr' id='par_1_37' title="bbox 311 3339 1910 3413">
     <span class='ocr_line' id='line_1_37' title="bbox 311 3339 1910 3413; baseline -0.003 -14"><span class='ocrx_word' id='word_1_247' title='bbox 311 3353 551 3401; x_wconf 89' lang='lat' dir='ltr'><strong>mentum</strong></span> <span class='ocrx_word' id='word_1_248' title='bbox 583 3350 842 3413; x_wconf 88' lang='lat' dir='ltr'><strong>tanquam</strong></span> <span class='ocrx_word' id='word_1_249' title='bbox 873 3341 1044 3412; x_wconf 91' lang='lat' dir='ltr'><strong>ipsius</strong></span> <span class='ocrx_word' id='word_1_250' title='bbox 1072 3340 1270 3396; x_wconf 91' lang='lat' dir='ltr'><strong>montis</strong></span> <span class='ocrx_word' id='word_1_251' title='bbox 1302 3340 1549 3395; x_wconf 88' lang='lat' dir='ltr'><strong>soliditas</strong></span> <span class='ocrx_word' id='word_1_252' title='bbox 1595 3339 1744 3395; x_wconf 92' lang='lat' dir='ltr'><strong>nullo</strong></span> <span class='ocrx_word' id='word_1_253' title='bbox 1785 3339 1910 3395; x_wconf 90' lang='lat' dir='ltr'><strong>feno</strong></span> 
     </span>
    </p>
   </div>
   <div class='ocr_carea' id='block_1_38' title="bbox 311 3431 922 3505">
    <p class='ocr_par' dir='ltr' id='par_1_38' title="bbox 311 3431 922 3505">
     <span class='ocr_line' id='line_1_38' title="bbox 311 3431 922 3505; baseline -0.008 -16"><span class='ocrx_word' id='word_1_254' title='bbox 311 3432 636 3505; x_wconf 90' lang='lat' dir='ltr'><strong>interposito</strong></span> <span class='ocrx_word' id='word_1_255' title='bbox 665 3431 922 3487; x_wconf 88' lang='lat' dir='ltr'><strong>continet.</strong></span> 
     </span>
    </p>
   </div>
   <div class='ocr_carea' id='block_1_39' title="bbox 381 3543 1910 3617">
    <p class='ocr_par' dir='ltr' id='par_1_39' title="bbox 381 3543 1910 3617">
     <span class='ocr_line' id='line_1_39' title="bbox 381 3543 1910 3617; baseline -0.001 -15"><span class='ocrx_word' id='word_1_256' title='bbox 381 3550 555 3604; x_wconf 71' lang='lat' dir='ltr'><strong>Vens.</strong></span> <span class='ocrx_word' id='word_1_257' title='bbox 589 3548 642 3602; x_wconf 86' lang='lat'><strong>7.</strong></span> <span class='ocrx_word' id='word_1_258' title='bbox 663 3576 732 3586; x_wconf 98' lang='lat'><strong>—</strong></span> <span class='ocrx_word' id='word_1_259' title='bbox 752 3546 1076 3604; x_wconf 83' lang='lat' dir='ltr'><strong>Pisciculos.</strong></span> <span class='ocrx_word' id='word_1_260' title='bbox 1109 3545 1241 3616; x_wconf 80' lang='grc' dir='ltr'><strong>(Ιυ.)</strong></span> <span class='ocrx_word' id='word_1_261' title='bbox 1271 3545 1502 3601; x_wconf 90' lang='lat' dir='ltr'><strong>Sanctos</strong></span> <span class='ocrx_word' id='word_1_262' title='bbox 1523 3543 1667 3600; x_wconf 91' lang='lat' dir='ltr'><strong>illius</strong></span> <span class='ocrx_word' id='word_1_263' title='bbox 1695 3552 1910 3617; x_wconf 89' lang='lat' dir='ltr'><strong>tempo-</strong></span> 
     </span>
    </p>
   </div>
   <div class='ocr_carea' id='block_1_40' title="bbox 314 3632 1911 3709">
    <p class='ocr_par' dir='ltr' id='par_1_40' title="bbox 314 3632 1911 3709">
     <span class='ocr_line' id='line_1_40' title="bbox 314 3632 1911 3709; baseline -0.004 -14"><span class='ocrx_word' id='word_1_264' title='bbox 314 3639 407 3704; x_wconf 87' lang='lat' dir='ltr'><strong>ris,</strong></span> <span class='ocrx_word' id='word_1_265' title='bbox 465 3653 571 3709; x_wconf 91' lang='lat' dir='ltr'><strong>per</strong></span> <span class='ocrx_word' id='word_1_266' title='bbox 629 3651 766 3707; x_wconf 90' lang='lat' dir='ltr'><strong>quos</strong></span> <span class='ocrx_word' id='word_1_267' title='bbox 822 3634 1014 3690; x_wconf 90' lang='lat' dir='ltr'><strong>eadem</strong></span> <span class='ocrx_word' id='word_1_268' title='bbox 1060 3634 1276 3690; x_wconf 90' lang='lat' dir='ltr'><strong>condita</strong></span> <span class='ocrx_word' id='word_1_269' title='bbox 1321 3641 1405 3689; x_wconf 91' lang='lat' dir='ltr'><strong>est</strong></span> <span class='ocrx_word' id='word_1_270' title='bbox 1453 3634 1781 3705; x_wconf 89' lang='lat' dir='ltr'><strong>Scriptura:</strong></span> <span class='ocrx_word' id='word_1_271' title='bbox 1824 3632 1911 3688; x_wconf 87' lang='lat' dir='ltr'><strong>vel</strong></span> 
     </span>
    </p>
   </div>
   <div class='ocr_carea' id='block_1_41' title="bbox 314 3722 1912 3800">
    <p class='ocr_par' dir='ltr' id='par_1_41' title="bbox 314 3722 1912 3800">
     <span class='ocr_line' id='line_1_41' title="bbox 314 3722 1912 3800; baseline -0.004 -17"><span class='ocrx_word' id='word_1_272' title='bbox 314 3743 546 3800; x_wconf 89' lang='lat' dir='ltr'><strong>quorum</strong></span> <span class='ocrx_word' id='word_1_273' title='bbox 595 3724 719 3796; x_wconf 90' lang='lat' dir='ltr'><strong>ipsa</strong></span> <span class='ocrx_word' id='word_1_274' title='bbox 762 3723 1062 3796; x_wconf 88' lang='lat' dir='ltr'><strong>Scriptura,</strong></span> <span class='ocrx_word' id='word_1_275' title='bbox 1115 3722 1299 3788; x_wconf 88' lang='lat' dir='ltr'><strong>ﬁdem,</strong></span> <span class='ocrx_word' id='word_1_276' title='bbox 1351 3722 1515 3778; x_wconf 88' lang='lat' dir='ltr'><strong>vitam</strong></span> <span class='ocrx_word' id='word_1_277' title='bbox 1547 3730 1599 3777; x_wconf 89' lang='lat' dir='ltr'><strong>et</strong></span> <span class='ocrx_word' id='word_1_278' title='bbox 1625 3722 1912 3794; x_wconf 87' lang='lat' dir='ltr'><strong>passiones</strong></span> 
     </span>
    </p>
   </div>
   <div class='ocr_carea' id='block_1_42' title="bbox 317 3811 1913 3884">
    <p class='ocr_par' dir='ltr' id='par_1_42' title="bbox 317 3811 1913 3884">
     <span class='ocr_line' id='line_1_42' title="bbox 317 3811 1913 3884; baseline -0.004 -13"><span class='ocrx_word' id='word_1_279' title='bbox 317 3815 553 3872; x_wconf 88' lang='lat' dir='ltr'><strong>continet</strong></span> <span class='ocrx_word' id='word_1_280' title='bbox 585 3831 602 3879; x_wconf 88' lang='lat'><strong>;</strong></span> <span class='ocrx_word' id='word_1_281' title='bbox 637 3812 730 3884; x_wconf 89' lang='lat' dir='ltr'><strong>qui</strong></span> <span class='ocrx_word' id='word_1_282' title='bbox 760 3813 828 3866; x_wconf 91' lang='lat' dir='ltr'><strong>de</strong></span> <span class='ocrx_word' id='word_1_283' title='bbox 858 3811 1109 3866; x_wconf 90' lang='lat' dir='ltr'><strong>ﬂuctibus</strong></span> <span class='ocrx_word' id='word_1_284' title='bbox 1159 3811 1344 3867; x_wconf 72' lang='lat' dir='ltr'><strong>saeculi</strong></span> <span class='ocrx_word' id='word_1_285' title='bbox 1392 3811 1585 3884; x_wconf 89' lang='lat' dir='ltr'><strong>erepti,</strong></span> <span class='ocrx_word' id='word_1_286' title='bbox 1629 3818 1681 3866; x_wconf 91' lang='lat' dir='ltr'><strong>et</strong></span> <span class='ocrx_word' id='word_1_287' title='bbox 1728 3811 1913 3867; x_wconf 88' lang='lat' dir='ltr'><strong>divina</strong></span> 
     </span>
    </p>
   </div>
   <div class='ocr_carea' id='block_1_43' title="bbox 317 3899 1914 3965">
    <p class='ocr_par' dir='ltr' id='par_1_43' title="bbox 317 3899 1914 3965">
     <span class='ocr_line' id='line_1_43' title="bbox 317 3899 1914 3965; baseline -0.004 -5"><span class='ocrx_word' id='word_1_288' title='bbox 317 3900 696 3960; x_wconf 86' lang='lat' dir='ltr'><strong>benedictione</strong></span> <span class='ocrx_word' id='word_1_289' title='bbox 755 3899 1057 3956; x_wconf 89' lang='lat' dir='ltr'><strong>consecrati</strong></span> <span class='ocrx_word' id='word_1_290' title='bbox 1104 3899 1457 3956; x_wconf 87' lang='lat' dir='ltr'><strong>refectionem</strong></span> <span class='ocrx_word' id='word_1_291' title='bbox 1507 3899 1686 3965; x_wconf 91' lang='lat' dir='ltr'><strong>nobis,</strong></span> <span class='ocrx_word' id='word_1_292' title='bbox 1737 3915 1806 3955; x_wconf 90' lang='lat' dir='ltr'><strong>ne</strong></span> <span class='ocrx_word' id='word_1_293' title='bbox 1858 3899 1914 3954; x_wconf 92' lang='lat' dir='ltr'><strong>in</strong></span> 
     </span>
    </p>
   </div>
   <div class='ocr_carea' id='block_1_44' title="bbox 317 3987 1912 4062">
    <p class='ocr_par' dir='ltr' id='par_1_44' title="bbox 317 3987 1912 4062">
     <span class='ocr_line' id='line_1_44' title="bbox 317 3987 1912 4062; baseline -0.002 -15"><span class='ocrx_word' id='word_1_294' title='bbox 317 3993 470 4062; x_wconf 86' lang='lat' dir='ltr'><strong>hujus</strong></span> <span class='ocrx_word' id='word_1_295' title='bbox 501 3988 694 4045; x_wconf 91' lang='lat' dir='ltr'><strong>mundi</strong></span> <span class='ocrx_word' id='word_1_296' title='bbox 722 4004 956 4045; x_wconf 90' lang='lat' dir='ltr'><strong>excursu</strong></span> <span class='ocrx_word' id='word_1_297' title='bbox 986 3988 1320 4055; x_wconf 86' lang='lat' dir='ltr'><strong>deﬁciamus,</strong></span> <span class='ocrx_word' id='word_1_298' title='bbox 1354 3988 1476 4044; x_wconf 69' lang='lat' dir='ltr'><strong>vita:</strong></span> <span class='ocrx_word' id='word_1_299' title='bbox 1505 4004 1617 4044; x_wconf 84' lang='lat' dir='ltr'><strong>suae</strong></span> <span class='ocrx_word' id='word_1_300' title='bbox 1649 3996 1701 4043; x_wconf 90' lang='lat' dir='ltr'><strong>et</strong></span> <span class='ocrx_word' id='word_1_301' title='bbox 1720 3987 1912 4044; x_wconf 88' lang='lat' dir='ltr'><strong>mortis</strong></span> 
     </span>
    </p>
   </div>
   <div class='ocr_carea' id='block_1_45' title="bbox 320 4077 1046 4149">
    <p class='ocr_par' dir='ltr' id='par_1_45' title="bbox 320 4077 1046 4149">
     <span class='ocr_line' id='line_1_45' title="bbox 320 4077 1046 4149; baseline -0.007 -12"><span class='ocrx_word' id='word_1_302' title='bbox 320 4097 424 4137; x_wconf 66' lang='lat' dir='ltr'><strong>suae</strong></span> <span class='ocrx_word' id='word_1_303' title='bbox 454 4077 712 4149; x_wconf 80' lang='lat' dir='ltr'><strong>exemplo</strong></span> <span class='ocrx_word' id='word_1_304' title='bbox 741 4077 1046 4149; x_wconf 68' lang='lat' dir='ltr'><strong>praabuere.</strong></span> 
     </span>
    </p>
   </div>
   <div class='ocr_carea' id='block_1_46' title="bbox 382 4190 1914 4264">
    <p class='ocr_par' dir='ltr' id='par_1_46' title="bbox 382 4190 1914 4264">
     <span class='ocr_line' id='line_1_46' title="bbox 382 4190 1914 4264; baseline -0.003 -14"><span class='ocrx_word' id='word_1_305' title='bbox 382 4196 554 4252; x_wconf 74' lang='lat' dir='ltr'><strong>Vnus.</strong></span> <span class='ocrx_word' id='word_1_306' title='bbox 590 4197 643 4248; x_wconf 92' lang='lat'><strong>8.</strong></span> <span class='ocrx_word' id='word_1_307' title='bbox 677 4223 746 4234; x_wconf 88' lang='lat'><strong>—-</strong></span> <span class='ocrx_word' id='word_1_308' title='bbox 779 4193 1278 4248; x_wconf 82' lang='lat' dir='ltr'><strong>Ma-nducaverunt.</strong></span> <span class='ocrx_word' id='word_1_309' title='bbox 1311 4192 1442 4264; x_wconf 79' lang='lat'><strong>(11).)</strong></span> <span class='ocrx_word' id='word_1_310' title='bbox 1475 4193 1608 4248; x_wconf 92' lang='lat' dir='ltr'><strong>Sunt</strong></span> <span class='ocrx_word' id='word_1_311' title='bbox 1637 4190 1790 4246; x_wconf 92' lang='lat' dir='ltr'><strong>multi</strong></span> <span class='ocrx_word' id='word_1_312' title='bbox 1821 4191 1914 4263; x_wconf 89' lang='lat' dir='ltr'><strong>qui</strong></span> 
     </span>
    </p>
   </div>
   <div class='ocr_carea' id='block_1_47' title="bbox 318 4279 1915 4358">
    <p class='ocr_par' dir='ltr' id='par_1_47' title="bbox 318 4279 1915 4358">
     <span class='ocr_line' id='line_1_47' title="bbox 318 4279 1915 4358; baseline -0.004 -17"><span class='ocrx_word' id='word_1_313' title='bbox 318 4284 561 4358; x_wconf 86' lang='lat' dir='ltr'><strong>quamvis</strong></span> <span class='ocrx_word' id='word_1_314' title='bbox 582 4281 764 4339; x_wconf 88' lang='lat' dir='ltr'><strong>omnia</strong></span> <span class='ocrx_word' id='word_1_315' title='bbox 786 4297 885 4336; x_wconf 89' lang='lat' dir='ltr'><strong>sua</strong></span> <span class='ocrx_word' id='word_1_316' title='bbox 906 4281 1234 4354; x_wconf 89' lang='lat' dir='ltr'><strong>relinquere,</strong></span> <span class='ocrx_word' id='word_1_317' title='bbox 1260 4288 1314 4336; x_wconf 90' lang='lat' dir='ltr'><strong>et</strong></span> <span class='ocrx_word' id='word_1_318' title='bbox 1334 4281 1528 4336; x_wconf 87' lang='lat' dir='ltr'><strong>altiora</strong></span> <span class='ocrx_word' id='word_1_319' title='bbox 1543 4281 1704 4350; x_wconf 89' lang='lat' dir='ltr'><strong>hujus</strong></span> <span class='ocrx_word' id='word_1_320' title='bbox 1724 4279 1915 4335; x_wconf 90' lang='lat' dir='ltr'><strong>mundi</strong></span> 
     </span>
    </p>
   </div>
   <div class='ocr_carea' id='block_1_48' title="bbox 319 4368 1914 4446">
    <p class='ocr_par' dir='ltr' id='par_1_48' title="bbox 319 4368 1914 4446">
     <span class='ocr_line' id='line_1_48' title="bbox 319 4368 1914 4446; baseline -0.003 -18"><span class='ocrx_word' id='word_1_321' title='bbox 319 4379 588 4446; x_wconf 88' lang='lat' dir='ltr'><strong>nequeant</strong></span> <span class='ocrx_word' id='word_1_322' title='bbox 618 4371 868 4442; x_wconf 90' lang='lat' dir='ltr'><strong>implere,</strong></span> <span class='ocrx_word' id='word_1_323' title='bbox 893 4378 1069 4425; x_wconf 91' lang='lat' dir='ltr'><strong>tamen</strong></span> <span class='ocrx_word' id='word_1_324' title='bbox 1093 4369 1394 4425; x_wconf 87' lang='lat' dir='ltr'><strong>esurientes</strong></span> <span class='ocrx_word' id='word_1_325' title='bbox 1415 4377 1468 4425; x_wconf 91' lang='lat' dir='ltr'><strong>et</strong></span> <span class='ocrx_word' id='word_1_326' title='bbox 1489 4370 1728 4424; x_wconf 89' lang='lat' dir='ltr'><strong>sitientes</strong></span> <span class='ocrx_word' id='word_1_327' title='bbox 1754 4368 1914 4438; x_wconf 90' lang='lat' dir='ltr'><strong>justi-</strong></span> 
     </span>
    </p>
   </div>
   <div class='ocr_carea' id='block_1_49' title="bbox 2003 449 3603 527">
    <p class='ocr_par' dir='ltr' id='par_1_49' title="bbox 2003 449 3603 527">
     <span class='ocr_line' id='line_1_49' title="bbox 2003 449 3603 527; baseline 0.008 -25"><span class='ocrx_word' id='word_1_328' title='bbox 2003 449 2103 502; x_wconf 91' lang='lat' dir='ltr'><strong>sub</strong></span> <span class='ocrx_word' id='word_1_329' title='bbox 2130 456 2361 522; x_wconf 90' lang='lat' dir='ltr'><strong>utroque</strong></span> <span class='ocrx_word' id='word_1_330' title='bbox 2391 451 2629 507; x_wconf 90' lang='lat' dir='ltr'><strong>nomine.</strong></span> <span class='ocrx_word' id='word_1_331' title='bbox 2665 453 2805 508; x_wconf 90' lang='lat' dir='ltr'><strong>Nam</strong></span> <span class='ocrx_word' id='word_1_332' title='bbox 2835 454 3084 527; x_wconf 91' lang='lat' dir='ltr'><strong>plerique</strong></span> <span class='ocrx_word' id='word_1_333' title='bbox 3133 456 3352 513; x_wconf 89' lang='lat' dir='ltr'><strong>codices</strong></span> <span class='ocrx_word' id='word_1_334' title='bbox 3397 458 3603 514; x_wconf 84' lang='lat' dir='ltr'><strong>habent</strong></span> 
     </span>
    </p>
   </div>
   <div class='ocr_carea' id='block_1_50' title="bbox 2002 537 3092 610">
    <p class='ocr_par' dir='ltr' id='par_1_50' title="bbox 2002 537 3092 610">
     <span class='ocr_line' id='line_1_50' title="bbox 2002 537 3092 610; baseline 0.008 -19"><span class='ocrx_word' id='word_1_335' title='bbox 2002 537 2270 610; x_wconf 89' lang='lat' dir='ltr'><strong>Magedan</strong></span> <span class='ocrx_word' id='word_1_336' title='bbox 2301 538 2463 594; x_wconf 89' lang='lat' dir='ltr'><strong>etiam</strong></span> <span class='ocrx_word' id='word_1_337' title='bbox 2497 541 2797 596; x_wconf 90' lang='lat' dir='ltr'><strong>secundum</strong></span> <span class='ocrx_word' id='word_1_338' title='bbox 2827 543 3092 600; x_wconf 90' lang='lat' dir='ltr'><strong>Marcum.</strong></span> 
     </span>
    </p>
   </div>
   <div class='ocr_carea' id='block_1_51' title="bbox 2077 626 3602 706">
    <p class='ocr_par' dir='ltr' id='par_1_51' title="bbox 2077 626 3602 706">
     <span class='ocr_line' id='line_1_51' title="bbox 2077 626 3602 706; baseline 0.007 -26"><span class='ocrx_word' id='word_1_339' title='bbox 2077 626 2245 681; x_wconf 74' lang='lat' dir='ltr'><strong>Vnus.</strong></span> <span class='ocrx_word' id='word_1_340' title='bbox 2283 631 2368 683; x_wconf 85' lang='grc'><strong>11.</strong></span> <span class='ocrx_word' id='word_1_341' title='bbox 2394 659 2462 668; x_wconf 94' lang='grc'><strong>-</strong></span> <span class='ocrx_word' id='word_1_342' title='bbox 2486 629 2828 696; x_wconf 64' lang='lat' dir='ltr'><strong>Quasi-entes,</strong></span> <span class='ocrx_word' id='word_1_343' title='bbox 2865 639 2970 687; x_wconf 90' lang='lat' dir='ltr'><strong>etc.</strong></span> <span class='ocrx_word' id='word_1_344' title='bbox 3007 631 3177 701; x_wconf 89' lang='lat' dir='ltr'><strong>Quasi</strong></span> <span class='ocrx_word' id='word_1_345' title='bbox 3208 647 3270 688; x_wconf 90' lang='lat' dir='ltr'><strong>ea</strong></span> <span class='ocrx_word' id='word_1_346' title='bbox 3300 648 3421 706; x_wconf 73' lang='lat' dir='ltr'><strong>quae</strong></span> <span class='ocrx_word' id='word_1_347' title='bbox 3451 633 3602 690; x_wconf 90' lang='lat' dir='ltr'><strong>vide-</strong></span> 
     </span>
    </p>
   </div>
   <div class='ocr_carea' id='block_1_52' title="bbox 2002 713 3604 794">
    <p class='ocr_par' dir='ltr' id='par_1_52' title="bbox 2002 713 3604 794">
     <span class='ocr_line' id='line_1_52' title="bbox 2002 713 3604 794; baseline 0.006 -26"><span class='ocrx_word' id='word_1_348' title='bbox 2002 722 2141 780; x_wconf 90' lang='lat' dir='ltr'><strong>rant,</strong></span> <span class='ocrx_word' id='word_1_349' title='bbox 2174 731 2283 770; x_wconf 92' lang='lat' dir='ltr'><strong>non</strong></span> <span class='ocrx_word' id='word_1_350' title='bbox 2313 713 2541 772; x_wconf 83' lang='lat' dir='ltr'><strong>fuissent</strong></span> <span class='ocrx_word' id='word_1_351' title='bbox 2570 718 2745 790; x_wconf 90' lang='lat' dir='ltr'><strong>signa.</strong></span> <span class='ocrx_word' id='word_1_352' title='bbox 2780 719 2889 774; x_wconf 91' lang='lat' dir='ltr'><strong>Sed</strong></span> <span class='ocrx_word' id='word_1_353' title='bbox 2920 719 3049 791; x_wconf 88' lang='lat' dir='ltr'><strong>quid</strong></span> <span class='ocrx_word' id='word_1_354' title='bbox 3099 729 3341 794; x_wconf 73' lang='lat' dir='ltr'><strong>quaerant</strong></span> <span class='ocrx_word' id='word_1_355' title='bbox 3369 737 3470 792; x_wconf 91' lang='lat' dir='ltr'><strong>per</strong></span> <span class='ocrx_word' id='word_1_356' title='bbox 3497 721 3604 778; x_wconf 91' lang='lat' dir='ltr'><strong>hoc</strong></span> 
     </span>
    </p>
   </div>
   <div class='ocr_carea' id='block_1_53' title="bbox 2001 801 3602 882">
    <p class='ocr_par' dir='ltr' id='par_1_53' title="bbox 2001 801 3602 882">
     <span class='ocr_line' id='line_1_53' title="bbox 2001 801 3602 882; baseline 0.006 -26"><span class='ocrx_word' id='word_1_357' title='bbox 2001 801 2417 871; x_wconf 90' lang='lat' dir='ltr'><strong>determinatur,</strong></span> <span class='ocrx_word' id='word_1_358' title='bbox 2442 807 2510 860; x_wconf 93' lang='lat' dir='ltr'><strong>de</strong></span> <span class='ocrx_word' id='word_1_359' title='bbox 2542 807 2702 872; x_wconf 89' lang='lat' dir='ltr'><strong>coelo,</strong></span> <span class='ocrx_word' id='word_1_360' title='bbox 2738 807 2823 862; x_wconf 88' lang='lat' dir='ltr'><strong>vel</strong></span> <span class='ocrx_word' id='word_1_361' title='bbox 2854 807 2909 862; x_wconf 93' lang='lat' dir='ltr'><strong>in</strong></span> <span class='ocrx_word' id='word_1_362' title='bbox 2939 825 3150 864; x_wconf 90' lang='lat' dir='ltr'><strong>morem</strong></span> <span class='ocrx_word' id='word_1_363' title='bbox 3172 810 3308 866; x_wconf 60' lang='lat' dir='ltr'><strong>Elia}</strong></span> <span class='ocrx_word' id='word_1_364' title='bbox 3327 810 3512 882; x_wconf 89' lang='lat' dir='ltr'><strong>ignem</strong></span> <span class='ocrx_word' id='word_1_365' title='bbox 3531 811 3602 866; x_wconf 90' lang='lat' dir='ltr'><strong>de</strong></span> 
     </span>
    </p>
   </div>
   <div class='ocr_carea' id='block_1_54' title="bbox 2003 891 3602 960">
    <p class='ocr_par' dir='ltr' id='par_1_54' title="bbox 2003 891 3602 960">
     <span class='ocr_line' id='line_1_54' title="bbox 2003 891 3602 960; baseline 0.006 -16"><span class='ocrx_word' id='word_1_366' title='bbox 2003 891 2241 960; x_wconf 89' lang='lat' dir='ltr'><strong>sublimi,</strong></span> <span class='ocrx_word' id='word_1_367' title='bbox 2277 893 2364 948; x_wconf 91' lang='lat' dir='ltr'><strong>vel</strong></span> <span class='ocrx_word' id='word_1_368' title='bbox 2393 894 2464 948; x_wconf 91' lang='lat' dir='ltr'><strong>ad</strong></span> <span class='ocrx_word' id='word_1_369' title='bbox 2496 893 2903 951; x_wconf 90' lang='lat' dir='ltr'><strong>similitudinem</strong></span> <span class='ocrx_word' id='word_1_370' title='bbox 2933 898 3202 953; x_wconf 88' lang='lat' dir='ltr'><strong>Samuelis</strong></span> <span class='ocrx_word' id='word_1_371' title='bbox 3239 899 3427 954; x_wconf 68' lang='lat' dir='ltr'><strong>EBStiV&#39;O</strong></span> <span class='ocrx_word' id='word_1_372' title='bbox 3457 906 3602 956; x_wconf 83' lang='lat' dir='ltr'><strong>tem-</strong></span> 
     </span>
    </p>
   </div>
   <div class='ocr_carea' id='block_1_55' title="bbox 2003 980 3605 1059">
    <p class='ocr_par' dir='ltr' id='par_1_55' title="bbox 2003 980 3605 1059">
     <span class='ocr_line' id='line_1_55' title="bbox 2003 980 3605 1059; baseline 0.007 -26"><span class='ocrx_word' id='word_1_373' title='bbox 2003 994 2139 1050; x_wconf 90' lang='lat' dir='ltr'><strong>pore</strong></span> <span class='ocrx_word' id='word_1_374' title='bbox 2171 980 2385 1053; x_wconf 88' lang='lat' dir='ltr'><strong>mugire</strong></span> <span class='ocrx_word' id='word_1_375' title='bbox 2417 982 2667 1049; x_wconf 85' lang='lat' dir='ltr'><strong>tonitrua,</strong></span> <span class='ocrx_word' id='word_1_376' title='bbox 2702 984 2790 1038; x_wconf 91' lang='lat' dir='ltr'><strong>vel</strong></span> <span class='ocrx_word' id='word_1_377' title='bbox 2822 984 3038 1058; x_wconf 82' lang='lat' dir='ltr'><strong>fulgura</strong></span> <span class='ocrx_word' id='word_1_378' title='bbox 3068 986 3155 1042; x_wconf 90' lang='lat' dir='ltr'><strong>vel</strong></span> <span class='ocrx_word' id='word_1_379' title='bbox 3183 986 3410 1054; x_wconf 91' lang='lat' dir='ltr'><strong>imbres,</strong></span> <span class='ocrx_word' id='word_1_380' title='bbox 3444 987 3605 1059; x_wconf 90' lang='lat' dir='ltr'><strong>quasi</strong></span> 
     </span>
    </p>
   </div>
   <div class='ocr_carea' id='block_1_56' title="bbox 2003 1070 3600 1144">
    <p class='ocr_par' dir='ltr' id='par_1_56' title="bbox 2003 1070 3600 1144">
     <span class='ocr_line' id='line_1_56' title="bbox 2003 1070 3600 1144; baseline 0.006 -23"><span class='ocrx_word' id='word_1_381' title='bbox 2003 1082 2113 1122; x_wconf 92' lang='lat' dir='ltr'><strong>non</strong></span> <span class='ocrx_word' id='word_1_382' title='bbox 2140 1077 2363 1139; x_wconf 91' lang='lat' dir='ltr'><strong>possent</strong></span> <span class='ocrx_word' id='word_1_383' title='bbox 2394 1077 2448 1125; x_wconf 89' lang='lat' dir='ltr'><strong>et</strong></span> <span class='ocrx_word' id='word_1_384' title='bbox 2474 1071 2592 1126; x_wconf 65' lang='lat' dir='ltr'><strong>haec</strong></span> <span class='ocrx_word' id='word_1_385' title='bbox 2622 1070 2942 1128; x_wconf 88' lang='lat' dir='ltr'><strong>calumniari</strong></span> <span class='ocrx_word' id='word_1_386' title='bbox 2972 1073 3063 1144; x_wconf 90' lang='lat' dir='ltr'><strong>qui</strong></span> <span class='ocrx_word' id='word_1_387' title='bbox 3093 1089 3161 1128; x_wconf 90' lang='lat' dir='ltr'><strong>ea</strong></span> <span class='ocrx_word' id='word_1_388' title='bbox 3189 1074 3600 1131; x_wconf 89' lang='lat' dir='ltr'><strong>calumniaban-</strong></span> 
     </span>
    </p>
   </div>
   <div class='ocr_carea' id='block_1_57' title="bbox 2004 1157 3602 1234">
    <p class='ocr_par' dir='ltr' id='par_1_57' title="bbox 2004 1157 3602 1234">
     <span class='ocr_line' id='line_1_57' title="bbox 2004 1157 3602 1234; baseline 0.006 -25"><span class='ocrx_word' id='word_1_389' title='bbox 2004 1161 2092 1210; x_wconf 89' lang='lat' dir='ltr'><strong>tur</strong></span> <span class='ocrx_word' id='word_1_390' title='bbox 2121 1173 2242 1227; x_wconf 67' lang='lat' dir='ltr'><strong>qua:</strong></span> <span class='ocrx_word' id='word_1_391' title='bbox 2271 1157 2446 1212; x_wconf 90' lang='lat' dir='ltr'><strong>oculis</strong></span> <span class='ocrx_word' id='word_1_392' title='bbox 2492 1158 2758 1226; x_wconf 90' lang='lat' dir='ltr'><strong>viderant,</strong></span> <span class='ocrx_word' id='word_1_393' title='bbox 2803 1177 2963 1215; x_wconf 90' lang='lat' dir='ltr'><strong>manu</strong></span> <span class='ocrx_word' id='word_1_394' title='bbox 3012 1163 3326 1234; x_wconf 89' lang='lat' dir='ltr'><strong>tangebant,</strong></span> <span class='ocrx_word' id='word_1_395' title='bbox 3375 1162 3602 1220; x_wconf 87' lang='lat' dir='ltr'><strong>utilitate</strong></span> 
     </span>
    </p>
   </div>
   <div class='ocr_carea' id='block_1_58' title="bbox 2005 1243 3602 1322">
    <p class='ocr_par' dir='ltr' id='par_1_58' title="bbox 2005 1243 3602 1322">
     <span class='ocr_line' id='line_1_58' title="bbox 2005 1243 3602 1322; baseline 0.006 -25"><span class='ocrx_word' id='word_1_396' title='bbox 2005 1243 2328 1299; x_wconf 89' lang='lat' dir='ltr'><strong>sentiebant.</strong></span> <span class='ocrx_word' id='word_1_397' title='bbox 2363 1245 2462 1300; x_wconf 81' lang='lat' dir='ltr'><strong>Vel</strong></span> <span class='ocrx_word' id='word_1_398' title='bbox 2491 1246 2646 1317; x_wconf 90' lang='lat' dir='ltr'><strong>signa</strong></span> <span class='ocrx_word' id='word_1_399' title='bbox 2677 1247 2745 1302; x_wconf 92' lang='lat' dir='ltr'><strong>de</strong></span> <span class='ocrx_word' id='word_1_400' title='bbox 2776 1248 2935 1315; x_wconf 61' lang='lat' dir='ltr'><strong>caelo,</strong></span> <span class='ocrx_word' id='word_1_401' title='bbox 2967 1265 3182 1316; x_wconf 90' lang='lat' dir='ltr'><strong>manna,</strong></span> <span class='ocrx_word' id='word_1_402' title='bbox 3219 1258 3276 1304; x_wconf 91' lang='lat' dir='ltr'><strong>ut</strong></span> <span class='ocrx_word' id='word_1_403' title='bbox 3298 1250 3389 1322; x_wconf 90' lang='lat' dir='ltr'><strong>qui</strong></span> <span class='ocrx_word' id='word_1_404' title='bbox 3410 1251 3602 1322; x_wconf 90' lang='lat' dir='ltr'><strong>paucis</strong></span> 
     </span>
    </p>
   </div>
   <div class='ocr_carea' id='block_1_59' title="bbox 2002 1332 3604 1404">
    <p class='ocr_par' dir='ltr' id='par_1_59' title="bbox 2002 1332 3604 1404">
     <span class='ocr_line' id='line_1_59' title="bbox 2002 1332 3604 1404; baseline 0.007 -19"><span class='ocrx_word' id='word_1_405' title='bbox 2002 1332 2234 1403; x_wconf 91' lang='lat' dir='ltr'><strong>panibus</strong></span> <span class='ocrx_word' id='word_1_406' title='bbox 2265 1332 2432 1388; x_wconf 86' lang='lat' dir='ltr'><strong>multa</strong></span> <span class='ocrx_word' id='word_1_407' title='bbox 2461 1335 2740 1389; x_wconf 89' lang='lat' dir='ltr'><strong>hominum</strong></span> <span class='ocrx_word' id='word_1_408' title='bbox 2785 1336 2958 1391; x_wconf 90' lang='lat' dir='ltr'><strong>millia</strong></span> <span class='ocrx_word' id='word_1_409' title='bbox 3005 1337 3238 1404; x_wconf 88' lang='lat' dir='ltr'><strong>satiavit,</strong></span> <span class='ocrx_word' id='word_1_410' title='bbox 3290 1355 3432 1394; x_wconf 90' lang='lat' dir='ltr'><strong>nunc</strong></span> <span class='ocrx_word' id='word_1_411' title='bbox 3462 1340 3604 1396; x_wconf 90' lang='lat' dir='ltr'><strong>sicut</strong></span> 
     </span>
    </p>
   </div>
   <div class='ocr_carea' id='block_1_60' title="bbox 2005 1420 3603 1497">
    <p class='ocr_par' dir='ltr' id='par_1_60' title="bbox 2005 1420 3603 1497">
     <span class='ocr_line' id='line_1_60' title="bbox 2005 1420 3603 1497; baseline 0.005 -24"><span class='ocrx_word' id='word_1_412' title='bbox 2005 1420 2220 1490; x_wconf 86' lang='lat' dir='ltr'><strong>Moyses</strong></span> <span class='ocrx_word' id='word_1_413' title='bbox 2240 1436 2438 1476; x_wconf 92' lang='lat' dir='ltr'><strong>manna</strong></span> <span class='ocrx_word' id='word_1_414' title='bbox 2458 1422 2671 1478; x_wconf 79' lang='lat' dir='ltr'><strong>ccelitus</strong></span> <span class='ocrx_word' id='word_1_415' title='bbox 2691 1423 2860 1478; x_wconf 90' lang='lat' dir='ltr'><strong>misso</strong></span> <span class='ocrx_word' id='word_1_416' title='bbox 2882 1425 3143 1495; x_wconf 90' lang='lat' dir='ltr'><strong>populum</strong></span> <span class='ocrx_word' id='word_1_417' title='bbox 3164 1440 3378 1481; x_wconf 92' lang='lat' dir='ltr'><strong>omnem</strong></span> <span class='ocrx_word' id='word_1_418' title='bbox 3398 1425 3603 1497; x_wconf 90' lang='lat' dir='ltr'><strong>passim</strong></span> 
     </span>
    </p>
   </div>
   <div class='ocr_carea' id='block_1_61' title="bbox 2005 1506 3601 1584">
    <p class='ocr_par' dir='ltr' id='par_1_61' title="bbox 2005 1506 3601 1584">
     <span class='ocr_line' id='line_1_61' title="bbox 2005 1506 3601 1584; baseline 0.005 -23"><span class='ocrx_word' id='word_1_419' title='bbox 2005 1506 2230 1563; x_wconf 88' lang='lat' dir='ltr'><strong>reﬁciat.</strong></span> <span class='ocrx_word' id='word_1_420' title='bbox 2265 1510 2419 1565; x_wconf 91' lang='lat' dir='ltr'><strong>Unde</strong></span> <span class='ocrx_word' id='word_1_421' title='bbox 2451 1511 2687 1566; x_wconf 88' lang='lat' dir='ltr'><strong>Joannes</strong></span> <span class='ocrx_word' id='word_1_422' title='bbox 2729 1520 2852 1582; x_wconf 90' lang='lat' dir='ltr'><strong>post</strong></span> <span class='ocrx_word' id='word_1_423' title='bbox 2899 1511 3138 1567; x_wconf 87' lang='lat' dir='ltr'><strong>edulium</strong></span> <span class='ocrx_word' id='word_1_424' title='bbox 3182 1529 3384 1584; x_wconf 90' lang='lat' dir='ltr'><strong>panum</strong></span> <span class='ocrx_word' id='word_1_425' title='bbox 3413 1514 3601 1570; x_wconf 91' lang='lat' dir='ltr'><strong>turbas</strong></span> 
     </span>
    </p>
   </div>
   <div class='ocr_carea' id='block_1_62' title="bbox 2006 1596 3600 1672">
    <p class='ocr_par' dir='ltr' id='par_1_62' title="bbox 2006 1596 3600 1672">
     <span class='ocr_line' id='line_1_62' title="bbox 2006 1596 3600 1672; baseline 0.006 -23"><span class='ocrx_word' id='word_1_426' title='bbox 2006 1596 2268 1667; x_wconf 61' lang='lat' dir='ltr'><strong>quasisse</strong></span> <span class='ocrx_word' id='word_1_427' title='bbox 2297 1597 2426 1653; x_wconf 88' lang='lat' dir='ltr'><strong>dicit</strong></span> <span class='ocrx_word' id='word_1_428' title='bbox 2461 1615 2473 1652; x_wconf 91' lang='lat'><strong>:</strong></span> <span class='ocrx_word' id='word_1_429' title='bbox 2512 1599 2652 1665; x_wconf 88' lang='lat' dir='ltr'><strong>Quid</strong></span> <span class='ocrx_word' id='word_1_430' title='bbox 2681 1602 2933 1672; x_wconf 76' lang='lat' dir='ltr'><strong>operor-is</strong></span> <span class='ocrx_word' id='word_1_431' title='bbox 2958 1606 2981 1656; x_wconf 81' lang='lat'><strong><em>?</em></strong></span> <span class='ocrx_word' id='word_1_432' title='bbox 3006 1604 3206 1657; x_wconf 83' lang='lat' dir='ltr'><strong>Patres</strong></span> <span class='ocrx_word' id='word_1_433' title='bbox 3235 1603 3420 1659; x_wconf 77' lang='lat' dir='ltr'><strong>nostri</strong></span> <span class='ocrx_word' id='word_1_434' title='bbox 3438 1619 3600 1658; x_wconf 87' lang='lat' dir='ltr'><strong>man-</strong></span> 
     </span>
    </p>
   </div>
   <div class='ocr_carea' id='block_1_63' title="bbox 2008 1685 3429 1760">
    <p class='ocr_par' dir='ltr' id='par_1_63' title="bbox 2008 1685 3429 1760">
     <span class='ocr_line' id='line_1_63' title="bbox 2008 1685 3429 1760; baseline 0.003 -20"><span class='ocrx_word' id='word_1_435' title='bbox 2008 1685 2358 1741; x_wconf 86' lang='lat' dir='ltr'><strong>ducaverunt</strong></span> <span class='ocrx_word' id='word_1_436' title='bbox 2385 1703 2602 1742; x_wconf 85' lang='lat' dir='ltr'><strong>manna</strong></span> <span class='ocrx_word' id='word_1_437' title='bbox 2632 1689 2694 1742; x_wconf 87' lang='lat' dir='ltr'><strong>in</strong></span> <span class='ocrx_word' id='word_1_438' title='bbox 2727 1688 2944 1746; x_wconf 88' lang='lat' dir='ltr'><strong>deserto</strong></span> <span class='ocrx_word' id='word_1_439' title='bbox 2974 1690 3157 1758; x_wconf 88' lang='lat' dir='ltr'><strong>(Joan.</strong></span> <span class='ocrx_word' id='word_1_440' title='bbox 3191 1692 3292 1760; x_wconf 78' lang='lat' dir='ltr'><strong>v1),</strong></span> <span class='ocrx_word' id='word_1_441' title='bbox 3327 1697 3429 1746; x_wconf 92' lang='lat' dir='ltr'><strong>etc.</strong></span> 
     </span>
    </p>
   </div>
   <div class='ocr_carea' id='block_1_64' title="bbox 2080 1791 3600 1865">
    <p class='ocr_par' dir='ltr' id='par_1_64' title="bbox 2080 1791 3600 1865">
     <span class='ocr_line' id='line_1_64' title="bbox 2080 1791 3600 1865; baseline 0.006 -20"><span class='ocrx_word' id='word_1_442' title='bbox 2080 1791 2247 1846; x_wconf 76' lang='lat' dir='ltr'><strong>VERS.</strong></span> <span class='ocrx_word' id='word_1_443' title='bbox 2300 1795 2387 1848; x_wconf 79' lang='grc'><strong>12.</strong></span> <span class='ocrx_word' id='word_1_444' title='bbox 2420 1822 2491 1833; x_wconf 92' lang='lat'><strong>—</strong></span> <span class='ocrx_word' id='word_1_445' title='bbox 2517 1793 2577 1848; x_wconf 81' lang='lat' dir='ltr'><strong>Si</strong></span> <span class='ocrx_word' id='word_1_446' title='bbox 2623 1793 2866 1850; x_wconf 85' lang='lat' dir='ltr'><strong>dab-itur.</strong></span> <span class='ocrx_word' id='word_1_447' title='bbox 2928 1794 3119 1865; x_wconf 77' lang='grc' dir='ltr'>(Αυσ.)</span> <span class='ocrx_word' id='word_1_448' title='bbox 3177 1795 3257 1849; x_wconf 92' lang='lat' dir='ltr'><strong>De</strong></span> <span class='ocrx_word' id='word_1_449' title='bbox 3303 1795 3600 1854; x_wconf 83' lang='lat' dir='ltr'><strong>concordia</strong></span> 
     </span>
    </p>
   </div>
   <div class='ocr_carea' id='block_1_65' title="bbox 2006 1879 3591 1953">
    <p class='ocr_par' dir='ltr' id='par_1_65' title="bbox 2006 1879 3591 1953">
     <span class='ocr_line' id='line_1_65' title="bbox 2006 1879 3591 1953; baseline 0.004 -19"><span class='ocrx_word' id='word_1_450' title='bbox 2006 1879 2489 1952; x_wconf 88' lang='lat' dir='ltr'><strong>evangelistarum.</strong></span> <span class='ocrx_word' id='word_1_451' title='bbox 2521 1881 2581 1935; x_wconf 93' lang='lat' dir='ltr'><strong>In</strong></span> <span class='ocrx_word' id='word_1_452' title='bbox 2610 1881 2793 1937; x_wconf 85' lang='lat' dir='ltr'><strong>Marco</strong></span> <span class='ocrx_word' id='word_1_453' title='bbox 2839 1882 2913 1936; x_wconf 93' lang='lat' dir='ltr'><strong>ita</strong></span> <span class='ocrx_word' id='word_1_454' title='bbox 2961 1883 3225 1953; x_wconf 91' lang='lat' dir='ltr'><strong>scriptum</strong></span> <span class='ocrx_word' id='word_1_455' title='bbox 3267 1899 3389 1939; x_wconf 91' lang='lat' dir='ltr'><strong>esse</strong></span> <span class='ocrx_word' id='word_1_456' title='bbox 3418 1884 3591 1941; x_wconf 88' lang='lat' dir='ltr'><strong>dicit:</strong></span> 
     </span>
    </p>
   </div>
   <div class='ocr_carea' id='block_1_66' title="bbox 2006 1957 2789 2038">
    <p class='ocr_par' dir='ltr' id='par_1_66' title="bbox 2006 1957 2789 2038">
     <span class='ocr_line' id='line_1_66' title="bbox 2006 1957 2789 2038; baseline 0.003 -16"><span class='ocrx_word' id='word_1_457' title='bbox 2006 1975 2058 2022; x_wconf 89' lang='lat' dir='ltr'><strong>et</strong></span> <span class='ocrx_word' id='word_1_458' title='bbox 2085 1967 2302 2038; x_wconf 90' lang='lat' dir='ltr'><strong>signum</strong></span> <span class='ocrx_word' id='word_1_459' title='bbox 2332 1957 2442 2023; x_wconf 84' lang='lat' dir='ltr'><strong>non</strong></span> <span class='ocrx_word' id='word_1_460' title='bbox 2471 1969 2690 2023; x_wconf 91' lang='lat' dir='ltr'><strong>dabitur</strong></span> <span class='ocrx_word' id='word_1_461' title='bbox 2721 1970 2789 2024; x_wconf 91' lang='lat' dir='ltr'><strong>ei.</strong></span> 
     </span>
    </p>
   </div>
   <div class='ocr_carea' id='block_1_67' title="bbox 2089 2055 3604 2126">
    <p class='ocr_par' dir='ltr' id='par_1_67' title="bbox 2089 2055 3604 2126">
     <span class='ocr_line' id='line_1_67' title="bbox 2089 2055 3604 2126; baseline 0.005 -16"><span class='ocrx_word' id='word_1_462' title='bbox 2089 2055 2310 2126; x_wconf 81' lang='lat' dir='ltr'><strong>(BEDA.)</strong></span> <span class='ocrx_word' id='word_1_463' title='bbox 2335 2056 2686 2112; x_wconf 90' lang='lat' dir='ltr'><strong>Generationi</strong></span> <span class='ocrx_word' id='word_1_464' title='bbox 2708 2059 2814 2124; x_wconf 78' lang='lat' dir='ltr'><strong>isti,</strong></span> <span class='ocrx_word' id='word_1_465' title='bbox 2859 2057 2914 2113; x_wconf 90' lang='lat' dir='ltr'><strong>id</strong></span> <span class='ocrx_word' id='word_1_466' title='bbox 2934 2067 3016 2114; x_wconf 91' lang='lat' dir='ltr'><strong>est</strong></span> <span class='ocrx_word' id='word_1_467' title='bbox 3063 2059 3382 2115; x_wconf 88' lang='lat' dir='ltr'><strong>tentantium</strong></span> <span class='ocrx_word' id='word_1_468' title='bbox 3428 2062 3604 2118; x_wconf 91' lang='lat' dir='ltr'><strong>Deum</strong></span> 
     </span>
    </p>
   </div>
   <div class='ocr_carea' id='block_1_68' title="bbox 2006 2145 3594 2223">
    <p class='ocr_par' dir='ltr' id='par_1_68' title="bbox 2006 2145 3594 2223">
     <span class='ocr_line' id='line_1_68' title="bbox 2006 2145 3594 2223; baseline 0.005 -25"><span class='ocrx_word' id='word_1_469' title='bbox 2006 2151 2059 2198; x_wconf 92' lang='lat' dir='ltr'><strong>et</strong></span> <span class='ocrx_word' id='word_1_470' title='bbox 2085 2145 2573 2200; x_wconf 89' lang='lat' dir='ltr'><strong>contradicentium</strong></span> <span class='ocrx_word' id='word_1_471' title='bbox 2602 2147 2786 2201; x_wconf 87' lang='lat' dir='ltr'><strong>verbis</strong></span> <span class='ocrx_word' id='word_1_472' title='bbox 2817 2147 2955 2216; x_wconf 89' lang='lat' dir='ltr'><strong>ejus,</strong></span> <span class='ocrx_word' id='word_1_473' title='bbox 2989 2163 3097 2203; x_wconf 90' lang='lat' dir='ltr'><strong>non</strong></span> <span class='ocrx_word' id='word_1_474' title='bbox 3126 2149 3344 2203; x_wconf 88' lang='lat' dir='ltr'><strong>dabitur</strong></span> <span class='ocrx_word' id='word_1_475' title='bbox 3374 2149 3594 2223; x_wconf 89' lang='lat' dir='ltr'><strong>signum</strong></span> 
     </span>
    </p>
   </div>
   <div class='ocr_carea' id='block_1_69' title="bbox 2006 2233 3598 2309">
    <p class='ocr_par' dir='ltr' id='par_1_69' title="bbox 2006 2233 3598 2309">
     <span class='ocr_line' id='line_1_69' title="bbox 2006 2233 3598 2309; baseline 0.005 -23"><span class='ocrx_word' id='word_1_476' title='bbox 2006 2233 2074 2287; x_wconf 91' lang='lat' dir='ltr'><strong>de</strong></span> <span class='ocrx_word' id='word_1_477' title='bbox 2122 2233 2282 2299; x_wconf 86' lang='lat' dir='ltr'><strong>coelo,</strong></span> <span class='ocrx_word' id='word_1_478' title='bbox 2334 2235 2480 2305; x_wconf 91' lang='lat' dir='ltr'><strong>quod</strong></span> <span class='ocrx_word' id='word_1_479' title='bbox 2528 2242 2818 2300; x_wconf 90' lang='lat' dir='ltr'><strong>tentantes,</strong></span> <span class='ocrx_word' id='word_1_480' title='bbox 2868 2244 2996 2301; x_wconf 91' lang='lat' dir='ltr'><strong>etc.,</strong></span> <span class='ocrx_word' id='word_1_481' title='bbox 3046 2254 3219 2309; x_wconf 87' lang='lat' dir='ltr'><strong>usque</strong></span> <span class='ocrx_word' id='word_1_482' title='bbox 3267 2238 3341 2292; x_wconf 93' lang='lat' dir='ltr'><strong>ad</strong></span> <span class='ocrx_word' id='word_1_483' title='bbox 3369 2238 3598 2309; x_wconf 91' lang='lat' dir='ltr'><strong>imposi-</strong></span> 
     </span>
    </p>
   </div>
   <div class='ocr_carea' id='block_1_70' title="bbox 2006 2320 3600 2398">
    <p class='ocr_par' dir='ltr' id='par_1_70' title="bbox 2006 2320 3600 2398">
     <span class='ocr_line' id='line_1_70' title="bbox 2006 2320 3600 2398; baseline 0.005 -24"><span class='ocrx_word' id='word_1_484' title='bbox 2006 2320 2208 2375; x_wconf 91' lang='lat' dir='ltr'><strong>tionem</strong></span> <span class='ocrx_word' id='word_1_485' title='bbox 2237 2337 2497 2375; x_wconf 90' lang='lat' dir='ltr'><strong>manuum</strong></span> <span class='ocrx_word' id='word_1_486' title='bbox 2519 2323 2893 2392; x_wconf 90' lang='lat' dir='ltr'><strong>apostolorum</strong></span> <span class='ocrx_word' id='word_1_487' title='bbox 2914 2323 3148 2396; x_wconf 89' lang='lat' dir='ltr'><strong>gratiam</strong></span> <span class='ocrx_word' id='word_1_488' title='bbox 3171 2325 3343 2381; x_wconf 89' lang='lat' dir='ltr'><strong>sancti</strong></span> <span class='ocrx_word' id='word_1_489' title='bbox 3367 2327 3600 2398; x_wconf 89' lang='lat' dir='ltr'><strong>Spiritus</strong></span> 
     </span>
    </p>
   </div>
   <div class='ocr_carea' id='block_1_71' title="bbox 2005 2408 3166 2480">
    <p class='ocr_par' dir='ltr' id='par_1_71' title="bbox 2005 2408 3166 2480">
     <span class='ocr_line' id='line_1_71' title="bbox 2005 2408 3166 2480; baseline 0.003 -18"><span class='ocrx_word' id='word_1_490' title='bbox 2005 2408 2075 2462; x_wconf 91' lang='lat' dir='ltr'><strong>de</strong></span> <span class='ocrx_word' id='word_1_491' title='bbox 2103 2408 2243 2464; x_wconf 62' lang='lat' dir='ltr'><strong>caelo</strong></span> <span class='ocrx_word' id='word_1_492' title='bbox 2272 2409 2522 2480; x_wconf 90' lang='lat' dir='ltr'><strong>plurimis</strong></span> <span class='ocrx_word' id='word_1_493' title='bbox 2548 2411 2906 2465; x_wconf 87' lang='lat' dir='ltr'><strong>credentibus</strong></span> <span class='ocrx_word' id='word_1_494' title='bbox 2951 2411 3166 2466; x_wconf 81' lang='lat' dir='ltr'><strong>infudit.</strong></span> 
     </span>
    </p>
   </div>
   <div class='ocr_carea' id='block_1_72' title="bbox 2077 2523 3602 2598">
    <p class='ocr_par' dir='ltr' id='par_1_72' title="bbox 2077 2523 3602 2598">
     <span class='ocr_line' id='line_1_72' title="bbox 2077 2523 3602 2598; baseline 0.005 -22"><span class='ocrx_word' id='word_1_495' title='bbox 2077 2523 2246 2578; x_wconf 74' lang='lat' dir='ltr'><strong>Vnus.</strong></span> <span class='ocrx_word' id='word_1_496' title='bbox 2275 2527 2358 2578; x_wconf 82' lang='grc'><strong>13.</strong></span> <span class='ocrx_word' id='word_1_497' title='bbox 2383 2554 2451 2563; x_wconf 90' lang='grc'><strong>-</strong></span> <span class='ocrx_word' id='word_1_498' title='bbox 2472 2525 2738 2580; x_wconf 76' lang='lat' dir='ltr'><strong>Ascendit</strong></span> <span class='ocrx_word' id='word_1_499' title='bbox 2757 2527 2967 2580; x_wconf 82' lang='lat' dir='ltr'><strong>navim.</strong></span> <span class='ocrx_word' id='word_1_500' title='bbox 2989 2526 3119 2598; x_wconf 77' lang='lat'><strong>(10.)</strong></span> <span class='ocrx_word' id='word_1_501' title='bbox 3151 2527 3369 2597; x_wconf 91' lang='lat' dir='ltr'><strong>Septem</strong></span> <span class='ocrx_word' id='word_1_502' title='bbox 3399 2528 3602 2598; x_wconf 89' lang='lat' dir='ltr'><strong>sportis</strong></span> 
     </span>
    </p>
   </div>
   <div class='ocr_carea' id='block_1_73' title="bbox 2006 2611 3602 2682">
    <p class='ocr_par' dir='ltr' id='par_1_73' title="bbox 2006 2611 3602 2682">
     <span class='ocr_line' id='line_1_73' title="bbox 2006 2611 3602 2682; baseline 0.004 -18"><span class='ocrx_word' id='word_1_503' title='bbox 2006 2611 2169 2664; x_wconf 92' lang='lat' dir='ltr'><strong>modo</strong></span> <span class='ocrx_word' id='word_1_504' title='bbox 2200 2611 2452 2682; x_wconf 90' lang='lat' dir='ltr'><strong>impletis,</strong></span> <span class='ocrx_word' id='word_1_505' title='bbox 2487 2613 2669 2666; x_wconf 88' lang='lat' dir='ltr'><strong>statim</strong></span> <span class='ocrx_word' id='word_1_506' title='bbox 2709 2614 3072 2668; x_wconf 89' lang='lat' dir='ltr'><strong>ascenderunt</strong></span> <span class='ocrx_word' id='word_1_507' title='bbox 3101 2614 3156 2668; x_wconf 91' lang='lat' dir='ltr'><strong>in</strong></span> <span class='ocrx_word' id='word_1_508' title='bbox 3185 2615 3512 2682; x_wconf 87' lang='lat' dir='ltr'><strong>naviculam,</strong></span> <span class='ocrx_word' id='word_1_509' title='bbox 3547 2624 3602 2671; x_wconf 88' lang='lat' dir='ltr'><strong>et</strong></span> 
     </span>
    </p>
   </div>
   <div class='ocr_carea' id='block_1_74' title="bbox 2007 2699 3603 2776">
    <p class='ocr_par' dir='ltr' id='par_1_74' title="bbox 2007 2699 3603 2776">
     <span class='ocr_line' id='line_1_74' title="bbox 2007 2699 3603 2776; baseline 0.003 -22"><span class='ocrx_word' id='word_1_510' title='bbox 2007 2708 2272 2754; x_wconf 89' lang='lat' dir='ltr'><strong>venerunt</strong></span> <span class='ocrx_word' id='word_1_511' title='bbox 2293 2700 2347 2754; x_wconf 91' lang='lat' dir='ltr'><strong>in</strong></span> <span class='ocrx_word' id='word_1_512' title='bbox 2368 2699 2502 2754; x_wconf 89' lang='lat' dir='ltr'><strong>ﬁnes</strong></span> <span class='ocrx_word' id='word_1_513' title='bbox 2522 2701 2811 2773; x_wconf 84' lang='lat' dir='ltr'><strong>Magedan,</strong></span> <span class='ocrx_word' id='word_1_514' title='bbox 2836 2711 2887 2756; x_wconf 92' lang='lat' dir='ltr'><strong>et</strong></span> <span class='ocrx_word' id='word_1_515' title='bbox 2909 2703 2981 2756; x_wconf 90' lang='lat' dir='ltr'><strong>ibi</strong></span> <span class='ocrx_word' id='word_1_516' title='bbox 2997 2702 3380 2776; x_wconf 87' lang='lat' dir='ltr'><strong>navigantibus</strong></span> <span class='ocrx_word' id='word_1_517' title='bbox 3397 2704 3603 2760; x_wconf 89' lang='lat' dir='ltr'><strong>dictum</strong></span> 
     </span>
    </p>
   </div>
   <div class='ocr_carea' id='block_1_75' title="bbox 2008 2789 3599 2859">
    <p class='ocr_par' dir='ltr' id='par_1_75' title="bbox 2008 2789 3599 2859">
     <span class='ocr_line' id='line_1_75' title="bbox 2008 2789 3599 2859; baseline 0.004 -18"><span class='ocrx_word' id='word_1_518' title='bbox 2008 2796 2091 2842; x_wconf 89' lang='lat' dir='ltr'><strong>est</strong></span> <span class='ocrx_word' id='word_1_519' title='bbox 2121 2789 2266 2859; x_wconf 90' lang='lat' dir='ltr'><strong>quod</strong></span> <span class='ocrx_word' id='word_1_520' title='bbox 2296 2797 2555 2844; x_wconf 87' lang='lat' dir='ltr'><strong>caverent</strong></span> <span class='ocrx_word' id='word_1_521' title='bbox 2588 2806 2620 2843; x_wconf 92' lang='lat' dir='ltr'><strong>a</strong></span> <span class='ocrx_word' id='word_1_522' title='bbox 2651 2789 2916 2845; x_wconf 88' lang='lat' dir='ltr'><strong>fermento</strong></span> <span class='ocrx_word' id='word_1_523' title='bbox 2954 2791 3355 2846; x_wconf 75' lang='lat' dir='ltr'><strong>Pharisaeorum</strong></span> <span class='ocrx_word' id='word_1_524' title='bbox 3384 2800 3437 2846; x_wconf 92' lang='lat' dir='ltr'><strong>et</strong></span> <span class='ocrx_word' id='word_1_525' title='bbox 3466 2793 3599 2848; x_wconf 87' lang='lat' dir='ltr'><strong>sad-</strong></span> 
     </span>
    </p>
   </div>
   <div class='ocr_carea' id='block_1_76' title="bbox 2008 2875 3598 2951">
    <p class='ocr_par' dir='ltr' id='par_1_76' title="bbox 2008 2875 3598 2951">
     <span class='ocr_line' id='line_1_76' title="bbox 2008 2875 3598 2951; baseline 0.004 -21"><span class='ocrx_word' id='word_1_526' title='bbox 2008 2875 2340 2931; x_wconf 66' lang='lat' dir='ltr'><strong>ducmorum.</strong></span> <span class='ocrx_word' id='word_1_527' title='bbox 2377 2878 2484 2932; x_wconf 91' lang='lat' dir='ltr'><strong>Sed</strong></span> <span class='ocrx_word' id='word_1_528' title='bbox 2517 2878 2799 2948; x_wconf 87' lang='lat' dir='ltr'><strong>Scriptura</strong></span> <span class='ocrx_word' id='word_1_529' title='bbox 2828 2878 2958 2934; x_wconf 88' lang='lat' dir='ltr'><strong>dicit</strong></span> <span class='ocrx_word' id='word_1_530' title='bbox 2989 2881 3134 2950; x_wconf 91' lang='lat' dir='ltr'><strong>quod</strong></span> <span class='ocrx_word' id='word_1_531' title='bbox 3164 2880 3316 2934; x_wconf 92' lang='lat' dir='ltr'><strong>obliti</strong></span> <span class='ocrx_word' id='word_1_532' title='bbox 3349 2889 3471 2935; x_wconf 90' lang='lat' dir='ltr'><strong>sunt</strong></span> <span class='ocrx_word' id='word_1_533' title='bbox 3500 2896 3598 2951; x_wconf 88' lang='lat' dir='ltr'><strong>pa-</strong></span> 
     </span>
    </p>
   </div>
   <div class='ocr_carea' id='block_1_77' title="bbox 2008 2965 3601 3039">
    <p class='ocr_par' dir='ltr' id='par_1_77' title="bbox 2008 2965 3601 3039">
     <span class='ocr_line' id='line_1_77' title="bbox 2008 2965 3601 3039; baseline 0.003 -19"><span class='ocrx_word' id='word_1_534' title='bbox 2008 2981 2107 3020; x_wconf 91' lang='lat' dir='ltr'><strong>nes</strong></span> <span class='ocrx_word' id='word_1_535' title='bbox 2139 2966 2346 3030; x_wconf 90' lang='lat' dir='ltr'><strong>tollere,</strong></span> <span class='ocrx_word' id='word_1_536' title='bbox 2377 2965 2433 3019; x_wconf 91' lang='lat' dir='ltr'><strong>in</strong></span> <span class='ocrx_word' id='word_1_537' title='bbox 2465 2983 2572 3037; x_wconf 89' lang='lat' dir='ltr'><strong>quo</strong></span> <span class='ocrx_word' id='word_1_538' title='bbox 2600 2967 2905 3022; x_wconf 87' lang='lat' dir='ltr'><strong>ostenditur</strong></span> <span class='ocrx_word' id='word_1_539' title='bbox 2935 2969 3080 3039; x_wconf 89' lang='lat' dir='ltr'><strong>quod</strong></span> <span class='ocrx_word' id='word_1_540' title='bbox 3110 2969 3381 3024; x_wconf 91' lang='lat' dir='ltr'><strong>modicam</strong></span> <span class='ocrx_word' id='word_1_541' title='bbox 3411 2985 3601 3025; x_wconf 89' lang='lat' dir='ltr'><strong>curam</strong></span> 
     </span>
    </p>
   </div>
   <div class='ocr_carea' id='block_1_78' title="bbox 2009 3054 3301 3127">
    <p class='ocr_par' dir='ltr' id='par_1_78' title="bbox 2009 3054 3301 3127">
     <span class='ocr_line' id='line_1_78' title="bbox 2009 3054 3301 3127; baseline 0 -17"><span class='ocrx_word' id='word_1_542' title='bbox 2009 3054 2191 3110; x_wconf 88' lang='lat' dir='ltr'><strong>carnis</strong></span> <span class='ocrx_word' id='word_1_543' title='bbox 2220 3054 2486 3109; x_wconf 91' lang='lat' dir='ltr'><strong>haberent</strong></span> <span class='ocrx_word' id='word_1_544' title='bbox 2515 3055 2704 3110; x_wconf 90' lang='lat' dir='ltr'><strong>intenti</strong></span> <span class='ocrx_word' id='word_1_545' title='bbox 2734 3056 2951 3110; x_wconf 90' lang='lat' dir='ltr'><strong>Domini</strong></span> <span class='ocrx_word' id='word_1_546' title='bbox 2979 3057 3301 3127; x_wconf 66' lang='lat' dir='ltr'><strong>praesentiae.</strong></span> 
     </span>
    </p>
   </div>
   <div class='ocr_carea' id='block_1_79' title="bbox 2080 3170 3606 3243">
    <p class='ocr_par' dir='ltr' id='par_1_79' title="bbox 2080 3170 3606 3243">
     <span class='ocr_line' id='line_1_79' title="bbox 2080 3170 3606 3243; baseline 0.004 -19"><span class='ocrx_word' id='word_1_547' title='bbox 2080 3170 2248 3224; x_wconf 77' lang='lat' dir='ltr'><strong>Vnus.</strong></span> <span class='ocrx_word' id='word_1_548' title='bbox 2275 3172 2358 3224; x_wconf 85' lang='grc'><strong>17.</strong></span> <span class='ocrx_word' id='word_1_549' title='bbox 2382 3199 2452 3210; x_wconf 85' lang='lat'><strong>-—</strong></span> <span class='ocrx_word' id='word_1_550' title='bbox 2475 3170 2616 3238; x_wconf 89' lang='lat' dir='ltr'><strong>Quid</strong></span> <span class='ocrx_word' id='word_1_551' title='bbox 2635 3173 2910 3242; x_wconf 84' lang='lat' dir='ltr'><strong>cogitatis.</strong></span> <span class='ocrx_word' id='word_1_552' title='bbox 2937 3171 3158 3242; x_wconf 71' lang='lat' dir='ltr'><strong>(BEDA.)</strong></span> <span class='ocrx_word' id='word_1_553' title='bbox 3179 3175 3418 3243; x_wconf 84' lang='lat' dir='ltr'><strong>Accepta</strong></span> <span class='ocrx_word' id='word_1_554' title='bbox 3448 3187 3606 3229; x_wconf 66' lang='lat' dir='ltr'><strong>occa«</strong></span> 
     </span>
    </p>
   </div>
   <div class='ocr_carea' id='block_1_80' title="bbox 2009 3257 3600 3331">
    <p class='ocr_par' dir='ltr' id='par_1_80' title="bbox 2009 3257 3600 3331">
     <span class='ocr_line' id='line_1_80' title="bbox 2009 3257 3600 3331; baseline 0.003 -19"><span class='ocrx_word' id='word_1_555' title='bbox 2009 3258 2181 3323; x_wconf 90' lang='lat' dir='ltr'><strong>sione,</strong></span> <span class='ocrx_word' id='word_1_556' title='bbox 2197 3258 2356 3314; x_wconf 90' lang='lat' dir='ltr'><strong>docet</strong></span> <span class='ocrx_word' id='word_1_557' title='bbox 2377 3258 2507 3329; x_wconf 87' lang='lat' dir='ltr'><strong>quid</strong></span> <span class='ocrx_word' id='word_1_558' title='bbox 2528 3257 2838 3331; x_wconf 88' lang='lat' dir='ltr'><strong>signiﬁcent</strong></span> <span class='ocrx_word' id='word_1_559' title='bbox 2857 3260 3095 3331; x_wconf 91' lang='lat' dir='ltr'><strong>quinque</strong></span> <span class='ocrx_word' id='word_1_560' title='bbox 3116 3275 3287 3330; x_wconf 90' lang='lat' dir='ltr'><strong>panes</strong></span> <span class='ocrx_word' id='word_1_561' title='bbox 3307 3269 3358 3315; x_wconf 87' lang='lat' dir='ltr'><strong>et</strong></span> <span class='ocrx_word' id='word_1_562' title='bbox 3371 3269 3600 3331; x_wconf 90' lang='lat' dir='ltr'><strong>septem,</strong></span> 
     </span>
    </p>
   </div>
   <div class='ocr_carea' id='block_1_81' title="bbox 2009 3346 3604 3420">
    <p class='ocr_par' dir='ltr' id='par_1_81' title="bbox 2009 3346 3604 3420">
     <span class='ocr_line' id='line_1_81' title="bbox 2009 3346 3604 3420; baseline 0.002 -19"><span class='ocrx_word' id='word_1_563' title='bbox 2009 3354 2061 3401; x_wconf 88' lang='lat' dir='ltr'><strong>et</strong></span> <span class='ocrx_word' id='word_1_564' title='bbox 2088 3346 2249 3417; x_wconf 87' lang='lat' dir='ltr'><strong>pauci</strong></span> <span class='ocrx_word' id='word_1_565' title='bbox 2277 3346 2546 3417; x_wconf 90' lang='lat' dir='ltr'><strong>pisciculi,</strong></span> <span class='ocrx_word' id='word_1_566' title='bbox 2579 3347 2817 3419; x_wconf 89' lang='lat' dir='ltr'><strong>quinque</strong></span> <span class='ocrx_word' id='word_1_567' title='bbox 2845 3348 3015 3402; x_wconf 90' lang='lat' dir='ltr'><strong>millia</strong></span> <span class='ocrx_word' id='word_1_568' title='bbox 3045 3348 3324 3402; x_wconf 88' lang='lat' dir='ltr'><strong>hominum</strong></span> <span class='ocrx_word' id='word_1_569' title='bbox 3353 3358 3445 3404; x_wconf 89' lang='lat' dir='ltr'><strong>aut</strong></span> <span class='ocrx_word' id='word_1_570' title='bbox 3475 3365 3604 3420; x_wconf 86' lang='lat' dir='ltr'><strong>qua-</strong></span> 
     </span>
    </p>
   </div>
   <div class='ocr_carea' id='block_1_82' title="bbox 2010 3433 3602 3492">
    <p class='ocr_par' dir='ltr' id='par_1_82' title="bbox 2010 3433 3602 3492">
     <span class='ocr_line' id='line_1_82' title="bbox 2010 3433 3602 3492; baseline 0.001 -3"><span class='ocrx_word' id='word_1_571' title='bbox 2010 3442 2150 3489; x_wconf 89' lang='lat' dir='ltr'><strong>tuor.</strong></span> <span class='ocrx_word' id='word_1_572' title='bbox 2186 3434 2243 3489; x_wconf 90' lang='lat' dir='ltr'><strong>Si</strong></span> <span class='ocrx_word' id='word_1_573' title='bbox 2289 3434 2435 3490; x_wconf 88' lang='lat' dir='ltr'><strong>enim</strong></span> <span class='ocrx_word' id='word_1_574' title='bbox 2483 3433 2810 3490; x_wconf 86' lang='lat' dir='ltr'><strong>fermentum</strong></span> <span class='ocrx_word' id='word_1_575' title='bbox 2858 3437 3258 3491; x_wconf 71' lang='lat' dir='ltr'><strong>Pharisaeorum</strong></span> <span class='ocrx_word' id='word_1_576' title='bbox 3288 3444 3340 3492; x_wconf 89' lang='lat' dir='ltr'><strong>et</strong></span> <span class='ocrx_word' id='word_1_577' title='bbox 3368 3437 3602 3492; x_wconf 87' lang='lat' dir='ltr'><strong>Herodis</strong></span> 
     </span>
    </p>
   </div>
   <div class='ocr_carea' id='block_1_83' title="bbox 2010 3522 3600 3598">
    <p class='ocr_par' dir='ltr' id='par_1_83' title="bbox 2010 3522 3600 3598">
     <span class='ocr_line' id='line_1_83' title="bbox 2010 3522 3600 3598; baseline 0.002 -21"><span class='ocrx_word' id='word_1_578' title='bbox 2010 3522 2329 3578; x_wconf 89' lang='lat' dir='ltr'><strong>traditiones</strong></span> <span class='ocrx_word' id='word_1_579' title='bbox 2348 3539 2640 3594; x_wconf 89' lang='lat' dir='ltr'><strong>perversas</strong></span> <span class='ocrx_word' id='word_1_580' title='bbox 2661 3531 2713 3578; x_wconf 93' lang='lat' dir='ltr'><strong>et</strong></span> <span class='ocrx_word' id='word_1_581' title='bbox 2733 3524 2990 3580; x_wconf 74' lang='lat' dir='ltr'><strong>haeretica</strong></span> <span class='ocrx_word' id='word_1_582' title='bbox 3020 3523 3290 3598; x_wconf 81' lang='lat' dir='ltr'><strong>significat</strong></span> <span class='ocrx_word' id='word_1_583' title='bbox 3319 3526 3600 3598; x_wconf 89' lang='lat' dir='ltr'><strong>dogmata,</strong></span> 
     </span>
    </p>
   </div>
   <div class='ocr_carea' id='block_1_84' title="bbox 2012 3611 3600 3683">
    <p class='ocr_par' dir='ltr' id='par_1_84' title="bbox 2012 3611 3600 3683">
     <span class='ocr_line' id='line_1_84' title="bbox 2012 3611 3600 3683; baseline 0.002 -17"><span class='ocrx_word' id='word_1_584' title='bbox 2012 3627 2182 3683; x_wconf 90' lang='lat' dir='ltr'><strong>quare</strong></span> <span class='ocrx_word' id='word_1_585' title='bbox 2210 3611 2318 3667; x_wconf 91' lang='lat' dir='ltr'><strong>cibi</strong></span> <span class='ocrx_word' id='word_1_586' title='bbox 2347 3611 2544 3682; x_wconf 91' lang='lat' dir='ltr'><strong>quibus</strong></span> <span class='ocrx_word' id='word_1_587' title='bbox 2589 3611 2822 3666; x_wconf 90' lang='lat' dir='ltr'><strong>nutritus</strong></span> <span class='ocrx_word' id='word_1_588' title='bbox 2851 3621 2934 3666; x_wconf 91' lang='lat' dir='ltr'><strong>est</strong></span> <span class='ocrx_word' id='word_1_589' title='bbox 2963 3613 3196 3683; x_wconf 91' lang='lat' dir='ltr'><strong>populus</strong></span> <span class='ocrx_word' id='word_1_590' title='bbox 3235 3613 3337 3669; x_wconf 89' lang='lat' dir='ltr'><strong>Dei</strong></span> <span class='ocrx_word' id='word_1_591' title='bbox 3364 3629 3473 3668; x_wconf 90' lang='lat' dir='ltr'><strong>non</strong></span> <span class='ocrx_word' id='word_1_592' title='bbox 3504 3628 3600 3669; x_wconf 89' lang='lat' dir='ltr'><strong>ve-</strong></span> 
     </span>
    </p>
   </div>
   <div class='ocr_carea' id='block_1_85' title="bbox 2011 3698 3232 3773">
    <p class='ocr_par' dir='ltr' id='par_1_85' title="bbox 2011 3698 3232 3773">
     <span class='ocr_line' id='line_1_85' title="bbox 2011 3698 3232 3773; baseline 0.001 -20"><span class='ocrx_word' id='word_1_593' title='bbox 2011 3715 2130 3754; x_wconf 88' lang='lat' dir='ltr'><strong>ram</strong></span> <span class='ocrx_word' id='word_1_594' title='bbox 2160 3698 2465 3754; x_wconf 90' lang='lat' dir='ltr'><strong>doctrinam</strong></span> <span class='ocrx_word' id='word_1_595' title='bbox 2495 3700 2874 3772; x_wconf 88' lang='lat' dir='ltr'><strong>integramque</strong></span> <span class='ocrx_word' id='word_1_596' title='bbox 2905 3699 3176 3773; x_wconf 85' lang='lat' dir='ltr'><strong>signiﬁcat</strong></span> <span class='ocrx_word' id='word_1_597' title='bbox 3203 3701 3232 3754; x_wconf 81' lang='lat'><strong>?</strong></span> 
     </span>
    </p>
   </div>
   <div class='ocr_carea' id='block_1_86' title="bbox 2084 3814 3606 3885">
    <p class='ocr_par' dir='ltr' id='par_1_86' title="bbox 2084 3814 3606 3885">
     <span class='ocr_line' id='line_1_86' title="bbox 2084 3814 3606 3885; baseline 0.002 -19"><span class='ocrx_word' id='word_1_598' title='bbox 2084 3814 2252 3868; x_wconf 76' lang='lat' dir='ltr'><strong>Vnus.</strong></span> <span class='ocrx_word' id='word_1_599' title='bbox 2275 3817 2362 3869; x_wconf 73' lang='lat'><strong>23.</strong></span> <span class='ocrx_word' id='word_1_600' title='bbox 2387 3844 2456 3854; x_wconf 97' lang='lat'><em>—</em></span> <span class='ocrx_word' id='word_1_601' title='bbox 2476 3815 2545 3868; x_wconf 82' lang='lat' dir='ltr'><strong>Et</strong></span> <span class='ocrx_word' id='word_1_602' title='bbox 2566 3829 2870 3885; x_wconf 71' lang='lat' dir='ltr'><strong>exspuens.</strong></span> <span class='ocrx_word' id='word_1_603' title='bbox 2901 3815 2920 3883; x_wconf 91' lang='lat'><strong>(</strong></span> <span class='ocrx_word' id='word_1_604' title='bbox 2928 3815 3032 3884; x_wconf 87' lang='lat' dir='ltr'><strong>In.)</strong></span> <span class='ocrx_word' id='word_1_605' title='bbox 3065 3815 3290 3884; x_wconf 90' lang='lat' dir='ltr'><strong>Sputum</strong></span> <span class='ocrx_word' id='word_1_606' title='bbox 3321 3815 3390 3868; x_wconf 91' lang='lat' dir='ltr'><strong>ab</strong></span> <span class='ocrx_word' id='word_1_607' title='bbox 3411 3814 3554 3870; x_wconf 88' lang='lat' dir='ltr'><strong>intus</strong></span> <span class='ocrx_word' id='word_1_608' title='bbox 3573 3829 3606 3869; x_wconf 93' lang='lat' dir='ltr'><strong>a</strong></span> 
     </span>
    </p>
   </div>
   <div class='ocr_carea' id='block_1_87' title="bbox 2012 3901 3602 3972">
    <p class='ocr_par' dir='ltr' id='par_1_87' title="bbox 2012 3901 3602 3972">
     <span class='ocr_line' id='line_1_87' title="bbox 2012 3901 3602 3972; baseline 0.001 -15"><span class='ocrx_word' id='word_1_609' title='bbox 2012 3901 2188 3972; x_wconf 90' lang='lat' dir='ltr'><strong>capite</strong></span> <span class='ocrx_word' id='word_1_610' title='bbox 2218 3901 2432 3956; x_wconf 88' lang='lat' dir='ltr'><strong>Domini</strong></span> <span class='ocrx_word' id='word_1_611' title='bbox 2461 3902 2728 3971; x_wconf 91' lang='lat' dir='ltr'><strong>procedit.</strong></span> <span class='ocrx_word' id='word_1_612' title='bbox 2760 3903 2953 3956; x_wconf 88' lang='lat' dir='ltr'><strong>Manus</strong></span> <span class='ocrx_word' id='word_1_613' title='bbox 3000 3917 3132 3957; x_wconf 90' lang='lat' dir='ltr'><strong>vero</strong></span> <span class='ocrx_word' id='word_1_614' title='bbox 3179 3902 3428 3957; x_wconf 88' lang='lat' dir='ltr'><strong>membra</strong></span> <span class='ocrx_word' id='word_1_615' title='bbox 3471 3917 3602 3958; x_wconf 90' lang='lat' dir='ltr'><strong>cor-</strong></span> 
     </span>
    </p>
   </div>
   <div class='ocr_carea' id='block_1_88' title="bbox 2011 3989 3609 4063">
    <p class='ocr_par' dir='ltr' id='par_1_88' title="bbox 2011 3989 3609 4063">
     <span class='ocr_line' id='line_1_88' title="bbox 2011 3989 3609 4063; baseline 0.003 -19"><span class='ocrx_word' id='word_1_616' title='bbox 2011 3990 2159 4061; x_wconf 91' lang='lat' dir='ltr'><strong>poris</strong></span> <span class='ocrx_word' id='word_1_617' title='bbox 2189 3989 2426 4044; x_wconf 83' lang='lat' dir='ltr'><strong>exterius</strong></span> <span class='ocrx_word' id='word_1_618' title='bbox 2456 3989 2652 4060; x_wconf 90' lang='lat' dir='ltr'><strong>posita.</strong></span> <span class='ocrx_word' id='word_1_619' title='bbox 2685 3991 2972 4060; x_wconf 85' lang='lat' dir='ltr'><strong>Exspuens</strong></span> <span class='ocrx_word' id='word_1_620' title='bbox 3003 4006 3136 4063; x_wconf 90' lang='lat' dir='ltr'><strong>ergo</strong></span> <span class='ocrx_word' id='word_1_621' title='bbox 3157 3991 3212 4044; x_wconf 93' lang='lat' dir='ltr'><strong>in</strong></span> <span class='ocrx_word' id='word_1_622' title='bbox 3231 3990 3421 4048; x_wconf 90' lang='lat' dir='ltr'><strong>oculos</strong></span> <span class='ocrx_word' id='word_1_623' title='bbox 3451 3991 3609 4048; x_wconf 67' lang='lat' dir='ltr'><strong>caeci-</strong></span> 
     </span>
    </p>
   </div>
   <div class='ocr_carea' id='block_1_89' title="bbox 2013 4078 3604 4151">
    <p class='ocr_par' dir='ltr' id='par_1_89' title="bbox 2013 4078 3604 4151">
     <span class='ocr_line' id='line_1_89' title="bbox 2013 4078 3604 4151; baseline 0.001 -19"><span class='ocrx_word' id='word_1_624' title='bbox 2013 4094 2208 4133; x_wconf 87' lang='lat' dir='ltr'><strong>manus</strong></span> <span class='ocrx_word' id='word_1_625' title='bbox 2254 4093 2382 4132; x_wconf 91' lang='lat' dir='ltr'><strong>suas</strong></span> <span class='ocrx_word' id='word_1_626' title='bbox 2439 4078 2685 4150; x_wconf 90' lang='lat' dir='ltr'><strong>imponit,</strong></span> <span class='ocrx_word' id='word_1_627' title='bbox 2735 4087 2794 4133; x_wconf 91' lang='lat' dir='ltr'><strong>ut</strong></span> <span class='ocrx_word' id='word_1_628' title='bbox 2838 4079 3066 4134; x_wconf 86' lang='lat' dir='ltr'><strong>videat:</strong></span> <span class='ocrx_word' id='word_1_629' title='bbox 3124 4079 3252 4151; x_wconf 87' lang='lat' dir='ltr'><strong>quia</strong></span> <span class='ocrx_word' id='word_1_630' title='bbox 3308 4080 3604 4136; x_wconf 71' lang='lat' dir='ltr'><strong>caecitatem</strong></span> 
     </span>
    </p>
   </div>
   <div class='ocr_carea' id='block_1_90' title="bbox 2013 4166 3610 4240">
    <p class='ocr_par' dir='ltr' id='par_1_90' title="bbox 2013 4166 3610 4240">
     <span class='ocr_line' id='line_1_90' title="bbox 2013 4166 3610 4240; baseline 0.003 -20"><span class='ocrx_word' id='word_1_631' title='bbox 2013 4166 2236 4221; x_wconf 90' lang='lat' dir='ltr'><strong>humani</strong></span> <span class='ocrx_word' id='word_1_632' title='bbox 2257 4167 2478 4239; x_wconf 90' lang='lat' dir='ltr'><strong>generis</strong></span> <span class='ocrx_word' id='word_1_633' title='bbox 2501 4175 2552 4222; x_wconf 93' lang='lat' dir='ltr'><strong>et</strong></span> <span class='ocrx_word' id='word_1_634' title='bbox 2571 4183 2672 4238; x_wconf 91' lang='lat' dir='ltr'><strong>per</strong></span> <span class='ocrx_word' id='word_1_635' title='bbox 2701 4166 2993 4223; x_wconf 90' lang='lat' dir='ltr'><strong>invisibilia</strong></span> <span class='ocrx_word' id='word_1_636' title='bbox 3015 4167 3210 4222; x_wconf 83' lang='lat' dir='ltr'><strong>divinae</strong></span> <span class='ocrx_word' id='word_1_637' title='bbox 3230 4167 3444 4240; x_wconf 89' lang='lat' dir='ltr'><strong>pietatis</strong></span> <span class='ocrx_word' id='word_1_638' title='bbox 3466 4169 3610 4224; x_wconf 89' lang='lat' dir='ltr'><strong>dona</strong></span> 
     </span>
    </p>
   </div>
   <div class='ocr_carea' id='block_1_91' title="bbox 2015 4255 3608 4329">
    <p class='ocr_par' dir='ltr' id='par_1_91' title="bbox 2015 4255 3608 4329">
     <span class='ocr_line' id='line_1_91' title="bbox 2015 4255 3608 4329; baseline 0.002 -19"><span class='ocrx_word' id='word_1_639' title='bbox 2015 4261 2073 4310; x_wconf 90' lang='lat' dir='ltr'><strong>et</strong></span> <span class='ocrx_word' id='word_1_640' title='bbox 2100 4272 2200 4326; x_wconf 91' lang='lat' dir='ltr'><strong>per</strong></span> <span class='ocrx_word' id='word_1_641' title='bbox 2229 4264 2451 4311; x_wconf 91' lang='lat' dir='ltr'><strong>ostensa</strong></span> <span class='ocrx_word' id='word_1_642' title='bbox 2480 4271 2513 4310; x_wconf 91' lang='lat' dir='ltr'><strong>a</strong></span> <span class='ocrx_word' id='word_1_643' title='bbox 2548 4255 2680 4311; x_wconf 83' lang='lat' dir='ltr'><strong>foris</strong></span> <span class='ocrx_word' id='word_1_644' title='bbox 2712 4264 3058 4312; x_wconf 88' lang='lat' dir='ltr'><strong>sacramenta</strong></span> <span class='ocrx_word' id='word_1_645' title='bbox 3104 4266 3384 4329; x_wconf 89' lang='lat' dir='ltr'><strong>assumpta</strong></span> <span class='ocrx_word' id='word_1_646' title='bbox 3412 4258 3608 4313; x_wconf 86' lang='lat' dir='ltr'><strong>huma-</strong></span> 
     </span>
    </p>
   </div>
   <div class='ocr_carea' id='block_1_92' title="bbox 2013 4343 2506 4399">
    <p class='ocr_par' dir='ltr' id='par_1_92' title="bbox 2013 4343 2506 4399">
     <span class='ocr_line' id='line_1_92' title="bbox 2013 4343 2506 4399; baseline 0.002 -2"><span class='ocrx_word' id='word_1_647' title='bbox 2013 4343 2197 4398; x_wconf 89' lang='lat' dir='ltr'><strong>nitatis</strong></span> <span class='ocrx_word' id='word_1_648' title='bbox 2230 4344 2506 4399; x_wconf 89' lang='lat' dir='ltr'><strong>abstersit.</strong></span> 
     </span>
    </p>
   </div>
   <div class='ocr_carea' id='block_1_93' title="bbox 321 4432 3608 4525">
    <p class='ocr_par' dir='ltr' id='par_1_93' title="bbox 321 4432 3608 4525">
     <span class='ocr_line' id='line_1_93' title="bbox 321 4432 3608 4525; baseline -0.003 -9"><span class='ocrx_word' id='word_1_649' title='bbox 321 4432 442 4518; x_wconf 78' lang='lat' dir='ltr'><strong>tiam</strong></span> <span class='ocrx_word' id='word_1_650' title='bbox 486 4432 825 4525; x_wconf 77' lang='lat' dir='ltr'><strong>saturantur,</strong></span> <span class='ocrx_word' id='word_1_651' title='bbox 855 4432 997 4514; x_wconf 33' lang='lat' dir='ltr'><strong>&#39;cum</strong></span> <span class='ocrx_word' id='word_1_652' title='bbox 1045 4458 1328 4515; x_wconf 89' lang='lat' dir='ltr'><strong>audientes</strong></span> <span class='ocrx_word' id='word_1_653' title='bbox 1384 4459 1638 4514; x_wconf 90' lang='lat' dir='ltr'><strong>mandata</strong></span> <span class='ocrx_word' id='word_1_654' title='bbox 1685 4432 1786 4514; x_wconf 75' lang='lat' dir='ltr'><strong>Dei</strong></span> <span class='ocrx_word' id='word_1_655' title='bbox 1843 4457 1913 4513; x_wconf 87' lang='lat' dir='ltr'><strong>ad</strong></span> <span class='ocrx_word' id='word_1_656' title='bbox 1941 4437 1994 4499; x_wconf 82' lang='lat' dir='ltr'><strong>D</strong></span> <span class='ocrx_word' id='word_1_657' title='bbox 2017 4521 2031 4525; x_wconf 89' lang='lat'>_</span> <span class='ocrx_word' id='word_1_658' title='bbox 2087 4432 2260 4525; x_wconf 68' lang='lat' dir='ltr'><strong>Quem</strong></span> <span class='ocrx_word' id='word_1_659' title='bbox 2290 4449 2399 4488; x_wconf 73' lang='lat' dir='ltr'><strong>“n0</strong></span> <span class='ocrx_word' id='word_1_660' title='bbox 2428 4433 2600 4489; x_wconf 66' lang='lat' dir='ltr'><strong>Verbo</strong></span> <span class='ocrx_word' id='word_1_661' title='bbox 2630 4439 2800 4525; x_wconf 57' lang='lat' dir='ltr'><strong>tOWm</strong></span> <span class='ocrx_word' id='word_1_662' title='bbox 2823 4433 2982 4525; x_wconf 52' lang='lat' dir='ltr'><strong>ﬁlum!</strong></span> <span class='ocrx_word' id='word_1_663' title='bbox 3005 4447 3201 4525; x_wconf 53' lang='lat' dir='ltr'>09mm</span> <span class='ocrx_word' id='word_1_664' title='bbox 3220 4441 3608 4525; x_wconf 51' lang='lat' dir='ltr'><strong>poterat,_pal§-</strong></span> 
     </span>
    </p>
   </div>
   <div class='ocr_carea' id='block_1_94' title="bbox 328 4548 1150 4622">
    <p class='ocr_par' dir='ltr' id='par_1_94' title="bbox 328 4548 1150 4622">
     <span class='ocr_line' id='line_1_94' title="bbox 328 4548 1150 4622; baseline -0.001 -19"><span class='ocrx_word' id='word_1_665' title='bbox 328 4549 484 4605; x_wconf 90' lang='lat' dir='ltr'><strong>vitam</strong></span> <span class='ocrx_word' id='word_1_666' title='bbox 514 4548 844 4622; x_wconf 90' lang='lat' dir='ltr'><strong>perveniunt</strong></span> <span class='ocrx_word' id='word_1_667' title='bbox 871 4556 1150 4603; x_wconf 60' lang='lat' dir='ltr'><strong>mternam.</strong></span> 
     </span>
    </p>
   </div>
   <div class='ocr_carea' id='block_1_95' title="bbox 389 4635 1916 4711">
    <p class='ocr_par' dir='ltr' id='par_1_95' title="bbox 389 4635 1916 4711">
     <span class='ocr_line' id='line_1_95' title="bbox 389 4635 1916 4711; baseline -0.003 -16"><span class='ocrx_word' id='word_1_668' title='bbox 389 4638 541 4706; x_wconf 88' lang='lat' dir='ltr'><strong>Quod</strong></span> <span class='ocrx_word' id='word_1_669' title='bbox 569 4641 954 4711; x_wconf 78' lang='lat' dir='ltr'><strong>superaverat.</strong></span> <span class='ocrx_word' id='word_1_670' title='bbox 989 4636 1120 4706; x_wconf 85' lang='grc' dir='ltr'><strong>(Ιυ.)</strong></span> <span class='ocrx_word' id='word_1_671' title='bbox 1149 4635 1354 4692; x_wconf 82' lang='lat' dir='ltr'><strong>Altiora</strong></span> <span class='ocrx_word' id='word_1_672' title='bbox 1400 4644 1672 4708; x_wconf 67' lang='lat' dir='ltr'><strong>praecepta</strong></span> <span class='ocrx_word' id='word_1_673' title='bbox 1701 4635 1786 4690; x_wconf 90' lang='lat' dir='ltr'><strong>vel</strong></span> <span class='ocrx_word' id='word_1_674' title='bbox 1817 4652 1916 4691; x_wconf 86' lang='lat' dir='ltr'><strong>ex-</strong></span> 
     </span>
    </p>
   </div>
   <div class='ocr_carea' id='block_1_96' title="bbox 329 4723 1920 4800">
    <p class='ocr_par' dir='ltr' id='par_1_96' title="bbox 329 4723 1920 4800">
     <span class='ocr_line' id='line_1_96' title="bbox 329 4723 1920 4800; baseline -0.002 -18"><span class='ocrx_word' id='word_1_675' title='bbox 329 4727 678 4791; x_wconf 90' lang='lat' dir='ltr'><strong>hortamenta,</strong></span> <span class='ocrx_word' id='word_1_676' title='bbox 704 4734 757 4781; x_wconf 90' lang='lat' dir='ltr'><strong>et</strong></span> <span class='ocrx_word' id='word_1_677' title='bbox 778 4724 1027 4791; x_wconf 90' lang='lat' dir='ltr'><strong>consilia,</strong></span> <span class='ocrx_word' id='word_1_678' title='bbox 1060 4741 1181 4796; x_wconf 82' lang='lat' dir='ltr'><strong>quae</strong></span> <span class='ocrx_word' id='word_1_679' title='bbox 1209 4725 1487 4798; x_wconf 88' lang='lat' dir='ltr'><strong>generalis</strong></span> <span class='ocrx_word' id='word_1_680' title='bbox 1515 4723 1754 4781; x_wconf 91' lang='lat' dir='ltr'><strong>ﬁdelium</strong></span> <span class='ocrx_word' id='word_1_681' title='bbox 1784 4723 1920 4800; x_wconf 43' lang='lat' dir='ltr'><strong>mult</strong></span> 
     </span>
    </p>
   </div>
   <div class='ocr_carea' id='block_1_97' title="bbox 327 4812 1916 4886">
    <p class='ocr_par' dir='ltr' id='par_1_97' title="bbox 327 4812 1916 4886">
     <span class='ocr_line' id='line_1_97' title="bbox 327 4812 1916 4886; baseline 0.001 -17"><span class='ocrx_word' id='word_1_682' title='bbox 327 4815 488 4872; x_wconf 90' lang='lat' dir='ltr'><strong>titudo</strong></span> <span class='ocrx_word' id='word_1_683' title='bbox 504 4815 696 4886; x_wconf 90' lang='lat' dir='ltr'><strong>nequit</strong></span> <span class='ocrx_word' id='word_1_684' title='bbox 716 4812 1149 4886; x_wconf 89' lang='lat' dir='ltr'><strong>attingere,sicut</strong></span> <span class='ocrx_word' id='word_1_685' title='bbox 1165 4812 1249 4867; x_wconf 89' lang='lat' dir='ltr'><strong>hic</strong></span> <span class='ocrx_word' id='word_1_686' title='bbox 1267 4831 1278 4866; x_wconf 95' lang='lat'><strong>:</strong></span> <span class='ocrx_word' id='word_1_687' title='bbox 1301 4814 1358 4870; x_wconf 88' lang='lat' dir='ltr'><strong>Si</strong></span> <span class='ocrx_word' id='word_1_688' title='bbox 1379 4815 1459 4870; x_wconf 86' lang='lat' dir='ltr'><strong>vis</strong></span> <span class='ocrx_word' id='word_1_689' title='bbox 1471 4816 1759 4886; x_wconf 79' lang='lat' dir='ltr'><strong>perfectus</strong></span> <span class='ocrx_word' id='word_1_690' title='bbox 1777 4829 1916 4881; x_wconf 83' lang='lat' dir='ltr'><strong>esse,</strong></span> 
     </span>
    </p>
   </div>
   <div class='ocr_carea' id='block_1_98' title="bbox 340 4901 1880 4975">
    <p class='ocr_par' dir='ltr' id='par_1_98' title="bbox 340 4901 1880 4975">
     <span class='ocr_line' id='line_1_98' title="bbox 340 4901 1880 4975; baseline -0.002 -17"><span class='ocrx_word' id='word_1_691' title='bbox 340 4905 469 4960; x_wconf 83' lang='lat' dir='ltr'><strong>vade</strong></span> <span class='ocrx_word' id='word_1_692' title='bbox 487 4909 546 4961; x_wconf 89' lang='lat' dir='ltr'><strong>et</strong></span> <span class='ocrx_word' id='word_1_693' title='bbox 575 4903 751 4960; x_wconf 89' lang='lat' dir='ltr'><strong>vende</strong></span> <span class='ocrx_word' id='word_1_694' title='bbox 777 4903 968 4959; x_wconf 86' lang='lat' dir='ltr'><strong>omnia</strong></span> <span class='ocrx_word' id='word_1_695' title='bbox 998 4918 1119 4975; x_wconf 71' lang='lat' dir='ltr'><strong>qua:</strong></span> <span class='ocrx_word' id='word_1_696' title='bbox 1149 4901 1312 4958; x_wconf 85' lang='lat' dir='ltr'><strong>habes</strong></span> <span class='ocrx_word' id='word_1_697' title='bbox 1341 4901 1562 4973; x_wconf 83' lang='lat' dir='ltr'><strong>(Matth.</strong></span> <span class='ocrx_word' id='word_1_698' title='bbox 1596 4905 1740 4971; x_wconf 73' lang='lat' dir='ltr'><strong>xxx),</strong></span> <span class='ocrx_word' id='word_1_699' title='bbox 1775 4909 1880 4959; x_wconf 92' lang='lat' dir='ltr'><strong>etc.</strong></span> 
     </span>
    </p>
   </div>
   <div class='ocr_carea' id='block_1_99' title="bbox 393 4990 1922 5067">
    <p class='ocr_par' dir='ltr' id='par_1_99' title="bbox 393 4990 1922 5067">
     <span class='ocr_line' id='line_1_99' title="bbox 393 4990 1922 5067; baseline -0.002 -18"><span class='ocrx_word' id='word_1_700' title='bbox 393 4994 615 5067; x_wconf 83' lang='lat' dir='ltr'><strong>Septem</strong></span> <span class='ocrx_word' id='word_1_701' title='bbox 645 4995 884 5065; x_wconf 80' lang='lat' dir='ltr'><strong>sportas.</strong></span> <span class='ocrx_word' id='word_1_702' title='bbox 929 4991 1146 5062; x_wconf 89' lang='lat' dir='ltr'><strong>Septem</strong></span> <span class='ocrx_word' id='word_1_703' title='bbox 1198 4998 1413 5063; x_wconf 67' lang='lat' dir='ltr'><strong>sportae,</strong></span> <span class='ocrx_word' id='word_1_704' title='bbox 1466 4990 1698 5062; x_wconf 91' lang='lat' dir='ltr'><strong>Spiritus</strong></span> <span class='ocrx_word' id='word_1_705' title='bbox 1748 4990 1922 5046; x_wconf 89' lang='lat' dir='ltr'><strong>sancti</strong></span> 
     </span>
    </p>
   </div>
   <div class='ocr_carea' id='block_1_100' title="bbox 333 5079 1919 5153">
    <p class='ocr_par' dir='ltr' id='par_1_100' title="bbox 333 5079 1919 5153">
     <span class='ocr_line' id='line_1_100' title="bbox 333 5079 1919 5153; baseline -0.001 -16"><span class='ocrx_word' id='word_1_706' title='bbox 333 5082 494 5153; x_wconf 74' lang='lat' dir='ltr'><strong>gratia</strong></span> <span class='ocrx_word' id='word_1_707' title='bbox 523 5079 832 5152; x_wconf 90' lang='lat' dir='ltr'><strong>septiformi</strong></span> <span class='ocrx_word' id='word_1_708' title='bbox 853 5079 1062 5150; x_wconf 90' lang='lat' dir='ltr'><strong>repleti.</strong></span> <span class='ocrx_word' id='word_1_709' title='bbox 1086 5079 1242 5134; x_wconf 78' lang='lat' dir='ltr'><strong>Fiunt</strong></span> <span class='ocrx_word' id='word_1_710' title='bbox 1265 5079 1407 5135; x_wconf 89' lang='lat' dir='ltr'><strong>enim</strong></span> <span class='ocrx_word' id='word_1_711' title='bbox 1427 5087 1628 5150; x_wconf 74' lang='lat' dir='ltr'><strong>sportae</strong></span> <span class='ocrx_word' id='word_1_712' title='bbox 1649 5079 1717 5135; x_wconf 90' lang='lat' dir='ltr'><strong>de</strong></span> <span class='ocrx_word' id='word_1_713' title='bbox 1734 5079 1919 5148; x_wconf 90' lang='lat' dir='ltr'><strong>junco,</strong></span> 
     </span>
    </p>
   </div>
   <div class='ocr_carea' id='block_1_101' title="bbox 334 5167 1918 5242">
    <p class='ocr_par' dir='ltr' id='par_1_101' title="bbox 334 5167 1918 5242">
     <span class='ocr_line' id='line_1_101' title="bbox 334 5167 1918 5242; baseline -0.003 -15"><span class='ocrx_word' id='word_1_714' title='bbox 334 5179 384 5227; x_wconf 89' lang='lat' dir='ltr'><strong>et</strong></span> <span class='ocrx_word' id='word_1_715' title='bbox 423 5169 728 5242; x_wconf 90' lang='lat' dir='ltr'><strong>palmarum</strong></span> <span class='ocrx_word' id='word_1_716' title='bbox 775 5167 938 5223; x_wconf 88' lang='lat' dir='ltr'><strong>foliis.</strong></span> <span class='ocrx_word' id='word_1_717' title='bbox 988 5168 1192 5224; x_wconf 88' lang='lat' dir='ltr'><strong>Juncus</strong></span> <span class='ocrx_word' id='word_1_718' title='bbox 1240 5167 1479 5224; x_wconf 87' lang='lat' dir='ltr'><strong>nascitur</strong></span> <span class='ocrx_word' id='word_1_719' title='bbox 1523 5183 1687 5239; x_wconf 90' lang='lat' dir='ltr'><strong>super</strong></span> <span class='ocrx_word' id='word_1_720' title='bbox 1728 5182 1918 5239; x_wconf 89' lang='lat' dir='ltr'><strong>aquas,</strong></span> 
     </span>
    </p>
   </div>
   <div class='ocr_carea' id='block_1_102' title="bbox 332 5257 1922 5330">
    <p class='ocr_par' dir='ltr' id='par_1_102' title="bbox 332 5257 1922 5330">
     <span class='ocr_line' id='line_1_102' title="bbox 332 5257 1922 5330; baseline -0.003 -16"><span class='ocrx_word' id='word_1_721' title='bbox 332 5258 505 5330; x_wconf 89' lang='lat' dir='ltr'><strong>palma</strong></span> <span class='ocrx_word' id='word_1_722' title='bbox 534 5258 802 5314; x_wconf 89' lang='lat' dir='ltr'><strong>victorem</strong></span> <span class='ocrx_word' id='word_1_723' title='bbox 851 5265 1097 5313; x_wconf 90' lang='lat' dir='ltr'><strong>coronat.</strong></span> <span class='ocrx_word' id='word_1_724' title='bbox 1147 5257 1330 5312; x_wconf 89' lang='lat' dir='ltr'><strong>Sancti</strong></span> <span class='ocrx_word' id='word_1_725' title='bbox 1373 5272 1588 5329; x_wconf 88' lang='lat' dir='ltr'><strong>quoque</strong></span> <span class='ocrx_word' id='word_1_726' title='bbox 1619 5272 1688 5312; x_wconf 90' lang='lat' dir='ltr'><strong>ne</strong></span> <span class='ocrx_word' id='word_1_727' title='bbox 1719 5257 1787 5310; x_wconf 92' lang='lat' dir='ltr'><strong>ab</strong></span> <span class='ocrx_word' id='word_1_728' title='bbox 1817 5258 1922 5311; x_wconf 83' lang='lat' dir='ltr'><strong>hu-</strong></span> 
     </span>
    </p>
   </div>
   <div class='ocr_carea' id='block_1_103' title="bbox 334 5345 1925 5417">
    <p class='ocr_par' dir='ltr' id='par_1_103' title="bbox 334 5345 1925 5417">
     <span class='ocr_line' id='line_1_103' title="bbox 334 5345 1925 5417; baseline -0.001 -16"><span class='ocrx_word' id='word_1_729' title='bbox 334 5362 480 5404; x_wconf 89' lang='lat' dir='ltr'><strong>more</strong></span> <span class='ocrx_word' id='word_1_730' title='bbox 507 5346 824 5403; x_wconf 60' lang='lat' dir='ltr'><strong>aeternitatis</strong></span> <span class='ocrx_word' id='word_1_731' title='bbox 853 5354 1125 5410; x_wconf 90' lang='lat' dir='ltr'><strong>arescant,</strong></span> <span class='ocrx_word' id='word_1_732' title='bbox 1160 5345 1215 5399; x_wconf 93' lang='lat' dir='ltr'><strong>in</strong></span> <span class='ocrx_word' id='word_1_733' title='bbox 1245 5345 1364 5417; x_wconf 88' lang='lat' dir='ltr'><strong>ipso</strong></span> <span class='ocrx_word' id='word_1_734' title='bbox 1393 5345 1516 5401; x_wconf 67' lang='lat' dir='ltr'><strong>vitae</strong></span> <span class='ocrx_word' id='word_1_735' title='bbox 1545 5345 1692 5402; x_wconf 88' lang='lat' dir='ltr'><strong>fonte</strong></span> <span class='ocrx_word' id='word_1_736' title='bbox 1725 5362 1783 5401; x_wconf 92' lang='lat' dir='ltr'><strong>se</strong></span> <span class='ocrx_word' id='word_1_737' title='bbox 1813 5345 1925 5401; x_wconf 88' lang='lat' dir='ltr'><strong>col-</strong></span> 
     </span>
    </p>
   </div>
   <div class='ocr_carea' id='block_1_104' title="bbox 332 5433 1923 5506">
    <p class='ocr_par' dir='ltr' id='par_1_104' title="bbox 332 5433 1923 5506">
     <span class='ocr_line' id='line_1_104' title="bbox 332 5433 1923 5506; baseline -0.001 -16"><span class='ocrx_word' id='word_1_738' title='bbox 332 5435 523 5503; x_wconf 80' lang='lat' dir='ltr'><strong>locant,</strong></span> <span class='ocrx_word' id='word_1_739' title='bbox 557 5443 613 5492; x_wconf 90' lang='lat' dir='ltr'><strong>et</strong></span> <span class='ocrx_word' id='word_1_740' title='bbox 641 5442 863 5490; x_wconf 61' lang='lat' dir='ltr'><strong>internae</strong></span> <span class='ocrx_word' id='word_1_741' title='bbox 889 5433 1259 5489; x_wconf 90' lang='lat' dir='ltr'><strong>retributionis</strong></span> <span class='ocrx_word' id='word_1_742' title='bbox 1301 5435 1542 5506; x_wconf 88' lang='lat' dir='ltr'><strong>palmam</strong></span> <span class='ocrx_word' id='word_1_743' title='bbox 1588 5441 1923 5506; x_wconf 88' lang='lat' dir='ltr'><strong>exspectant.</strong></span> 
     </span>
    </p>
   </div>
   <div class='ocr_carea' id='block_1_105' title="bbox 404 5523 1926 5580">
    <p class='ocr_par' dir='ltr' id='par_1_105' title="bbox 404 5523 1926 5580">
     <span class='ocr_line' id='line_1_105' title="bbox 404 5523 1926 5580; baseline -0.001 -1"><span class='ocrx_word' id='word_1_744' title='bbox 404 5525 569 5580; x_wconf 71' lang='lat' dir='ltr'><strong>Vitas.</strong></span> <span class='ocrx_word' id='word_1_745' title='bbox 606 5526 694 5578; x_wconf 79' lang='grc'><strong>10.</strong></span> <span class='ocrx_word' id='word_1_746' title='bbox 727 5551 796 5563; x_wconf 86' lang='lat'><strong>-</strong></span> <span class='ocrx_word' id='word_1_747' title='bbox 825 5524 894 5579; x_wconf 84' lang='lat' dir='ltr'><strong>Et</strong></span> <span class='ocrx_word' id='word_1_748' title='bbox 924 5523 1144 5578; x_wconf 87' lang='lat' dir='ltr'><strong>statim.</strong></span> <span class='ocrx_word' id='word_1_749' title='bbox 1170 5524 1270 5579; x_wconf 89' lang='lat' dir='ltr'><strong>Pro</strong></span> <span class='ocrx_word' id='word_1_750' title='bbox 1289 5523 1394 5579; x_wconf 87' lang='lat' dir='ltr'><strong>hoc</strong></span> <span class='ocrx_word' id='word_1_751' title='bbox 1415 5523 1470 5578; x_wconf 93' lang='lat' dir='ltr'><strong>in</strong></span> <span class='ocrx_word' id='word_1_752' title='bbox 1492 5523 1736 5579; x_wconf 82' lang='lat' dir='ltr'><strong>Matthan</strong></span> <span class='ocrx_word' id='word_1_753' title='bbox 1758 5523 1926 5579; x_wconf 88' lang='lat' dir='ltr'><strong>habe—</strong></span> 
     </span>
    </p>
   </div>
   <div class='ocr_carea' id='block_1_106' title="bbox 339 5622 1928 5694">
    <p class='ocr_par' dir='ltr' id='par_1_106' title="bbox 339 5622 1928 5694">
     <span class='ocr_line' id='line_1_106' title="bbox 339 5622 1928 5694; baseline 0.002 -15"><span class='ocrx_word' id='word_1_754' title='bbox 339 5638 454 5680; x_wconf 86' lang='lat' dir='ltr'><strong>mus</strong></span> <span class='ocrx_word' id='word_1_755' title='bbox 478 5639 493 5680; x_wconf 93' lang='lat'><strong>:</strong></span> <span class='ocrx_word' id='word_1_756' title='bbox 517 5622 785 5682; x_wconf 77' lang='lat' dir='ltr'><strong>Ascendit</strong></span> <span class='ocrx_word' id='word_1_757' title='bbox 804 5623 866 5680; x_wconf 91' lang='lat' dir='ltr'><strong>in</strong></span> <span class='ocrx_word' id='word_1_758' title='bbox 892 5623 1237 5690; x_wconf 81' lang='lat' dir='ltr'><strong>naviculam,</strong></span> <span class='ocrx_word' id='word_1_759' title='bbox 1263 5625 1318 5681; x_wconf 88' lang='lat' dir='ltr'><strong>et</strong></span> <span class='ocrx_word' id='word_1_760' title='bbox 1337 5622 1491 5682; x_wconf 84' lang='lat' dir='ltr'><strong>venit</strong></span> <span class='ocrx_word' id='word_1_761' title='bbox 1508 5623 1571 5680; x_wconf 87' lang='lat' dir='ltr'><strong>in</strong></span> <span class='ocrx_word' id='word_1_762' title='bbox 1590 5622 1732 5692; x_wconf 77' lang='lat' dir='ltr'><strong>ﬁnes</strong></span> <span class='ocrx_word' id='word_1_763' title='bbox 1755 5622 1928 5694; x_wconf 81' lang='lat' dir='ltr'><strong>Mage-</strong></span> 
     </span>
    </p>
   </div>
   <div class='ocr_carea' id='block_1_107' title="bbox 2017 4520 3612 4594">
    <p class='ocr_par' dir='ltr' id='par_1_107' title="bbox 2017 4520 3612 4594">
     <span class='ocr_line' id='line_1_107' title="bbox 2017 4520 3612 4594; baseline 0.001 -18"><span class='ocrx_word' id='word_1_764' title='bbox 2017 4521 2170 4576; x_wconf 91' lang='lat' dir='ltr'><strong>latim</strong></span> <span class='ocrx_word' id='word_1_765' title='bbox 2227 4529 2396 4588; x_wconf 91' lang='lat' dir='ltr'><strong>curat,</strong></span> <span class='ocrx_word' id='word_1_766' title='bbox 2457 4529 2514 4576; x_wconf 89' lang='lat' dir='ltr'><strong>ut</strong></span> <span class='ocrx_word' id='word_1_767' title='bbox 2558 4521 2990 4594; x_wconf 88' lang='lat' dir='ltr'><strong>magnitudinem</strong></span> <span class='ocrx_word' id='word_1_768' title='bbox 3047 4521 3296 4575; x_wconf 85' lang='lat' dir='ltr'><strong>humanae</strong></span> <span class='ocrx_word' id='word_1_769' title='bbox 3353 4520 3612 4578; x_wconf 67' lang='lat' dir='ltr'><strong>caecitatis</strong></span> 
     </span>
    </p>
   </div>
   <div class='ocr_carea' id='block_1_108' title="bbox 2019 4607 3612 4682">
    <p class='ocr_par' dir='ltr' id='par_1_108' title="bbox 2019 4607 3612 4682">
     <span class='ocr_line' id='line_1_108' title="bbox 2019 4607 3612 4682; baseline -0.001 -16"><span class='ocrx_word' id='word_1_770' title='bbox 2019 4610 2271 4666; x_wconf 87' lang='lat' dir='ltr'><strong>ostendat</strong></span> <span class='ocrx_word' id='word_1_771' title='bbox 2304 4627 2317 4664; x_wconf 92' lang='lat'><strong>:</strong></span> <span class='ocrx_word' id='word_1_772' title='bbox 2351 4618 2403 4665; x_wconf 91' lang='lat' dir='ltr'><strong>et</strong></span> <span class='ocrx_word' id='word_1_773' title='bbox 2431 4626 2553 4682; x_wconf 68' lang='lat' dir='ltr'><strong>quae</strong></span> <span class='ocrx_word' id='word_1_774' title='bbox 2582 4610 2669 4665; x_wconf 89' lang='lat' dir='ltr'><strong>vix</strong></span> <span class='ocrx_word' id='word_1_775' title='bbox 2700 4617 2752 4665; x_wconf 89' lang='lat' dir='ltr'><strong>et</strong></span> <span class='ocrx_word' id='word_1_776' title='bbox 2782 4609 2939 4681; x_wconf 87' lang='lat' dir='ltr'><strong>quasi</strong></span> <span class='ocrx_word' id='word_1_777' title='bbox 2969 4625 3068 4680; x_wconf 90' lang='lat' dir='ltr'><strong>per</strong></span> <span class='ocrx_word' id='word_1_778' title='bbox 3098 4608 3304 4681; x_wconf 91' lang='lat' dir='ltr'><strong>gradus</strong></span> <span class='ocrx_word' id='word_1_779' title='bbox 3334 4607 3404 4663; x_wconf 89' lang='lat' dir='ltr'><strong>ad</strong></span> <span class='ocrx_word' id='word_1_780' title='bbox 3435 4608 3612 4666; x_wconf 89' lang='lat' dir='ltr'><strong>lucem</strong></span> 
     </span>
    </p>
   </div>
   <div class='ocr_carea' id='block_1_109' title="bbox 2020 4697 3613 4771">
    <p class='ocr_par' dir='ltr' id='par_1_109' title="bbox 2020 4697 3613 4771">
     <span class='ocr_line' id='line_1_109' title="bbox 2020 4697 3613 4771; baseline 0.001 -17"><span class='ocrx_word' id='word_1_781' title='bbox 2020 4699 2230 4766; x_wconf 89' lang='lat' dir='ltr'><strong>redeat,</strong></span> <span class='ocrx_word' id='word_1_782' title='bbox 2265 4706 2319 4753; x_wconf 88' lang='lat' dir='ltr'><strong>et</strong></span> <span class='ocrx_word' id='word_1_783' title='bbox 2347 4697 2582 4771; x_wconf 87' lang='lat' dir='ltr'><strong>gratiam</strong></span> <span class='ocrx_word' id='word_1_784' title='bbox 2626 4713 2783 4753; x_wconf 89' lang='lat' dir='ltr'><strong>suam</strong></span> <span class='ocrx_word' id='word_1_785' title='bbox 2826 4697 2986 4752; x_wconf 93' lang='lat' dir='ltr'><strong>nobis</strong></span> <span class='ocrx_word' id='word_1_786' title='bbox 3034 4697 3256 4762; x_wconf 89' lang='lat' dir='ltr'><strong>indicat,</strong></span> <span class='ocrx_word' id='word_1_787' title='bbox 3307 4712 3409 4768; x_wconf 91' lang='lat' dir='ltr'><strong>per</strong></span> <span class='ocrx_word' id='word_1_788' title='bbox 3453 4713 3613 4770; x_wconf 89' lang='lat' dir='ltr'><strong>quam</strong></span> 
     </span>
    </p>
   </div>
   <div class='ocr_carea' id='block_1_110' title="bbox 2023 4785 3293 4860">
    <p class='ocr_par' dir='ltr' id='par_1_110' title="bbox 2023 4785 3293 4860">
     <span class='ocr_line' id='line_1_110' title="bbox 2023 4785 3293 4860; baseline -0.003 -17"><span class='ocrx_word' id='word_1_789' title='bbox 2023 4787 2241 4860; x_wconf 88' lang='lat' dir='ltr'><strong>singula</strong></span> <span class='ocrx_word' id='word_1_790' title='bbox 2267 4785 2618 4858; x_wconf 91' lang='lat' dir='ltr'><strong>perfectionis</strong></span> <span class='ocrx_word' id='word_1_791' title='bbox 2649 4786 2987 4843; x_wconf 90' lang='lat' dir='ltr'><strong>incrementa</strong></span> <span class='ocrx_word' id='word_1_792' title='bbox 3016 4785 3293 4854; x_wconf 90' lang='lat' dir='ltr'><strong>adjuvant.</strong></span> 
     </span>
    </p>
   </div>
   <div class='ocr_carea' id='block_1_111' title="bbox 2091 4899 3615 4971">
    <p class='ocr_par' dir='ltr' id='par_1_111' title="bbox 2091 4899 3615 4971">
     <span class='ocr_line' id='line_1_111' title="bbox 2091 4899 3615 4971; baseline -0.002 -14"><span class='ocrx_word' id='word_1_793' title='bbox 2091 4904 2263 4958; x_wconf 77' lang='lat' dir='ltr'><strong>Vsus.</strong></span> <span class='ocrx_word' id='word_1_794' title='bbox 2295 4904 2382 4959; x_wconf 76' lang='grc'><strong>24.</strong></span> <span class='ocrx_word' id='word_1_795' title='bbox 2418 4931 2486 4942; x_wconf 95' lang='grc'><strong>-</strong></span> <span class='ocrx_word' id='word_1_796' title='bbox 2523 4900 2680 4956; x_wconf 82' lang='lat' dir='ltr'><strong>Video</strong></span> <span class='ocrx_word' id='word_1_797' title='bbox 2711 4901 2982 4967; x_wconf 83' lang='lat' dir='ltr'><strong>homines,</strong></span> <span class='ocrx_word' id='word_1_798' title='bbox 3015 4908 3118 4956; x_wconf 90' lang='lat' dir='ltr'><strong>etc.</strong></span> <span class='ocrx_word' id='word_1_799' title='bbox 3171 4900 3382 4971; x_wconf 78' lang='lat' dir='ltr'><strong>(HIER.)</strong></span> <span class='ocrx_word' id='word_1_800' title='bbox 3413 4899 3615 4956; x_wconf 85' lang='lat' dir='ltr'><strong>Omnes</strong></span> 
     </span>
    </p>
   </div>
   <div class='ocr_carea' id='block_1_112' title="bbox 2022 4987 3621 5060">
    <p class='ocr_par' dir='ltr' id='par_1_112' title="bbox 2022 4987 3621 5060">
     <span class='ocr_line' id='line_1_112' title="bbox 2022 4987 3621 5060; baseline -0.002 -13"><span class='ocrx_word' id='word_1_801' title='bbox 2022 4990 2256 5048; x_wconf 86' lang='lat' dir='ltr'><strong>aestimat</strong></span> <span class='ocrx_word' id='word_1_802' title='bbox 2294 4989 2397 5043; x_wconf 90' lang='lat' dir='ltr'><strong>sibi</strong></span> <span class='ocrx_word' id='word_1_803' title='bbox 2446 4988 2779 5060; x_wconf 90' lang='lat' dir='ltr'><strong>superiores,</strong></span> <span class='ocrx_word' id='word_1_804' title='bbox 2814 5005 2872 5045; x_wconf 90' lang='lat' dir='ltr'><strong>se</strong></span> <span class='ocrx_word' id='word_1_805' title='bbox 2901 4989 3184 5060; x_wconf 85' lang='lat' dir='ltr'><strong>indignum</strong></span> <span class='ocrx_word' id='word_1_806' title='bbox 3226 4987 3480 5058; x_wconf 89' lang='lat' dir='ltr'><strong>judicans</strong></span> <span class='ocrx_word' id='word_1_807' title='bbox 3512 5006 3526 5042; x_wconf 92' lang='lat'><strong>:</strong></span> <span class='ocrx_word' id='word_1_808' title='bbox 3561 4996 3621 5044; x_wconf 88' lang='lat' dir='ltr'><strong>ut</strong></span> 
     </span>
    </p>
   </div>
   <div class='ocr_carea' id='block_1_113' title="bbox 2023 5076 3622 5144">
    <p class='ocr_par' dir='ltr' id='par_1_113' title="bbox 2023 5076 3622 5144">
     <span class='ocr_line' id='line_1_113' title="bbox 2023 5076 3622 5144; baseline -0.003 -10"><span class='ocrx_word' id='word_1_809' title='bbox 2023 5079 2200 5135; x_wconf 89' lang='lat' dir='ltr'><strong>David</strong></span> <span class='ocrx_word' id='word_1_810' title='bbox 2232 5093 2290 5133; x_wconf 90' lang='lat' dir='ltr'><strong>se</strong></span> <span class='ocrx_word' id='word_1_811' title='bbox 2320 5077 2503 5133; x_wconf 88' lang='lat' dir='ltr'><strong>vocari</strong></span> <span class='ocrx_word' id='word_1_812' title='bbox 2540 5077 2836 5144; x_wconf 88' lang='lat' dir='ltr'><strong>hominem,</strong></span> <span class='ocrx_word' id='word_1_813' title='bbox 2885 5076 2983 5132; x_wconf 90' lang='lat' dir='ltr'><strong>sed</strong></span> <span class='ocrx_word' id='word_1_814' title='bbox 3029 5090 3218 5132; x_wconf 89' lang='lat' dir='ltr'><strong>canem</strong></span> <span class='ocrx_word' id='word_1_815' title='bbox 3269 5084 3540 5132; x_wconf 91' lang='lat' dir='ltr'><strong>mortuum</strong></span> <span class='ocrx_word' id='word_1_816' title='bbox 3569 5085 3622 5131; x_wconf 88' lang='lat' dir='ltr'><strong>et</strong></span> 
     </span>
    </p>
   </div>
   <div class='ocr_carea' id='block_1_114' title="bbox 2023 5164 3627 5240">
    <p class='ocr_par' dir='ltr' id='par_1_114' title="bbox 2023 5164 3627 5240">
     <span class='ocr_line' id='line_1_114' title="bbox 2023 5164 3627 5240; baseline -0.002 -18"><span class='ocrx_word' id='word_1_817' title='bbox 2023 5166 2260 5240; x_wconf 92' lang='lat' dir='ltr'><strong>pulicem</strong></span> <span class='ocrx_word' id='word_1_818' title='bbox 2300 5181 2485 5221; x_wconf 92' lang='lat' dir='ltr'><strong>unum.</strong></span> <span class='ocrx_word' id='word_1_819' title='bbox 2535 5166 2716 5220; x_wconf 91' lang='lat' dir='ltr'><strong>Primo</strong></span> <span class='ocrx_word' id='word_1_820' title='bbox 2764 5172 2964 5231; x_wconf 89' lang='lat' dir='ltr'><strong>autem,</strong></span> <span class='ocrx_word' id='word_1_821' title='bbox 3015 5173 3143 5232; x_wconf 91' lang='lat' dir='ltr'><strong>etc.,</strong></span> <span class='ocrx_word' id='word_1_822' title='bbox 3194 5181 3368 5239; x_wconf 87' lang='lat' dir='ltr'><strong>usque</strong></span> <span class='ocrx_word' id='word_1_823' title='bbox 3397 5165 3468 5221; x_wconf 86' lang='lat' dir='ltr'><strong>ad</strong></span> <span class='ocrx_word' id='word_1_824' title='bbox 3498 5164 3627 5220; x_wconf 90' lang='lat' dir='ltr'><strong>huic</strong></span> 
     </span>
    </p>
   </div>
   <div class='ocr_carea' id='block_1_115' title="bbox 2026 5253 3625 5326">
    <p class='ocr_par' dir='ltr' id='par_1_115' title="bbox 2026 5253 3625 5326">
     <span class='ocr_line' id='line_1_115' title="bbox 2026 5253 3625 5326; baseline -0.001 -16"><span class='ocrx_word' id='word_1_825' title='bbox 2026 5255 2289 5310; x_wconf 91' lang='lat' dir='ltr'><strong>Dominus</strong></span> <span class='ocrx_word' id='word_1_826' title='bbox 2311 5255 2553 5311; x_wconf 89' lang='lat' dir='ltr'><strong>secunda</strong></span> <span class='ocrx_word' id='word_1_827' title='bbox 2574 5254 2918 5326; x_wconf 89' lang='lat' dir='ltr'><strong>impositione</strong></span> <span class='ocrx_word' id='word_1_828' title='bbox 2940 5268 3220 5322; x_wconf 88' lang='lat' dir='ltr'><strong>manuum,</strong></span> <span class='ocrx_word' id='word_1_829' title='bbox 3245 5254 3423 5312; x_wconf 91' lang='lat' dir='ltr'><strong>lucem</strong></span> <span class='ocrx_word' id='word_1_830' title='bbox 3443 5253 3625 5310; x_wconf 81' lang='lat' dir='ltr'><strong>omnia</strong></span> 
     </span>
    </p>
   </div>
   <div class='ocr_carea' id='block_1_116' title="bbox 2027 5341 3618 5414">
    <p class='ocr_par' dir='ltr' id='par_1_116' title="bbox 2027 5341 3618 5414">
     <span class='ocr_line' id='line_1_116' title="bbox 2027 5341 3618 5414; baseline -0.003 -15"><span class='ocrx_word' id='word_1_831' title='bbox 2027 5343 2178 5400; x_wconf 88' lang='lat' dir='ltr'><strong>clara</strong></span> <span class='ocrx_word' id='word_1_832' title='bbox 2232 5343 2453 5399; x_wconf 90' lang='lat' dir='ltr'><strong>videndi</strong></span> <span class='ocrx_word' id='word_1_833' title='bbox 2510 5343 2788 5399; x_wconf 89' lang='lat' dir='ltr'><strong>restituit:</strong></span> <span class='ocrx_word' id='word_1_834' title='bbox 2839 5342 3046 5399; x_wconf 89' lang='lat' dir='ltr'><strong>scilicet</strong></span> <span class='ocrx_word' id='word_1_835' title='bbox 3089 5341 3218 5414; x_wconf 91' lang='lat' dir='ltr'><strong>quid</strong></span> <span class='ocrx_word' id='word_1_836' title='bbox 3265 5341 3618 5404; x_wconf 88' lang='lat' dir='ltr'><strong>credendum,</strong></span> 
     </span>
    </p>
   </div>
   <div class='ocr_carea' id='block_1_117' title="bbox 2042 5428 3536 5504">
    <p class='ocr_par' dir='ltr' id='par_1_117' title="bbox 2042 5428 3536 5504">
     <span class='ocr_line' id='line_1_117' title="bbox 2042 5428 3536 5504; baseline -0.004 -17"><span class='ocrx_word' id='word_1_837' title='bbox 2042 5432 2314 5504; x_wconf 91' lang='lat' dir='ltr'><strong>quomodo</strong></span> <span class='ocrx_word' id='word_1_838' title='bbox 2344 5432 2656 5500; x_wconf 90' lang='lat' dir='ltr'><strong>vivendum,</strong></span> <span class='ocrx_word' id='word_1_839' title='bbox 2690 5448 2810 5504; x_wconf 85' lang='lat' dir='ltr'><strong>quae</strong></span> <span class='ocrx_word' id='word_1_840' title='bbox 2838 5431 3062 5503; x_wconf 66' lang='lat' dir='ltr'><strong>praemia</strong></span> <span class='ocrx_word' id='word_1_841' title='bbox 3092 5439 3217 5487; x_wconf 91' lang='lat' dir='ltr'><strong>sunt</strong></span> <span class='ocrx_word' id='word_1_842' title='bbox 3246 5428 3536 5502; x_wconf 86' lang='lat' dir='ltr'><strong>speranda.</strong></span> 
     </span>
    </p>
   </div>
   <div class='ocr_carea' id='block_1_118' title="bbox 2099 5523 3628 5599">
    <p class='ocr_par' dir='ltr' id='par_1_118' title="bbox 2099 5523 3628 5599">
     <span class='ocr_line' id='line_1_118' title="bbox 2099 5523 3628 5599; baseline -0.003 -14"><span class='ocrx_word' id='word_1_843' title='bbox 2099 5531 2270 5588; x_wconf 77' lang='lat' dir='ltr'><strong>Vnus.</strong></span> <span class='ocrx_word' id='word_1_844' title='bbox 2304 5535 2390 5590; x_wconf 73' lang='lat'><strong>25.</strong></span> <span class='ocrx_word' id='word_1_845' title='bbox 2413 5563 2482 5582; x_wconf 65' lang='grc' dir='ltr'><strong>-η</strong></span> <span class='ocrx_word' id='word_1_846' title='bbox 2502 5532 2709 5590; x_wconf 86' lang='lat' dir='ltr'><strong>Deinde</strong></span> <span class='ocrx_word' id='word_1_847' title='bbox 2739 5533 2968 5596; x_wconf 87' lang='lat' dir='ltr'><strong>iterum,</strong></span> <span class='ocrx_word' id='word_1_848' title='bbox 3004 5539 3108 5585; x_wconf 90' lang='lat' dir='ltr'><strong>etc.</strong></span> <span class='ocrx_word' id='word_1_849' title='bbox 3141 5529 3350 5599; x_wconf 76' lang='grc' dir='ltr'><strong>(Ηιειι.)</strong></span> <span class='ocrx_word' id='word_1_850' title='bbox 3383 5525 3449 5580; x_wconf 93' lang='lat' dir='ltr'><strong>Ut</strong></span> <span class='ocrx_word' id='word_1_851' title='bbox 3478 5523 3628 5580; x_wconf 88' lang='lat' dir='ltr'><strong>clare</strong></span> 
     </span>
    </p>
   </div>
   <div class='ocr_carea' id='block_1_119' title="bbox 2030 5610 3631 5692">
    <p class='ocr_par' dir='ltr' id='par_1_119' title="bbox 2030 5610 3631 5692">
     <span class='ocr_line' id='line_1_119' title="bbox 2030 5610 3631 5692; baseline -0.006 -14"><span class='ocrx_word' id='word_1_852' title='bbox 2030 5620 2240 5680; x_wconf 88' lang='lat' dir='ltr'><strong>videret</strong></span> <span class='ocrx_word' id='word_1_853' title='bbox 2268 5621 2468 5690; x_wconf 90' lang='lat' dir='ltr'><strong>omnia,</strong></span> <span class='ocrx_word' id='word_1_854' title='bbox 2501 5620 2556 5678; x_wconf 92' lang='lat' dir='ltr'><strong>id</strong></span> <span class='ocrx_word' id='word_1_855' title='bbox 2587 5628 2668 5676; x_wconf 90' lang='lat' dir='ltr'><strong>est</strong></span> <span class='ocrx_word' id='word_1_856' title='bbox 2697 5634 2796 5692; x_wconf 89' lang='lat' dir='ltr'><strong>per</strong></span> <span class='ocrx_word' id='word_1_857' title='bbox 2843 5632 3014 5691; x_wconf 90' lang='lat' dir='ltr'><strong>opera</strong></span> <span class='ocrx_word' id='word_1_858' title='bbox 3058 5613 3292 5672; x_wconf 76' lang='lat' dir='ltr'><strong>visibilis</strong></span> <span class='ocrx_word' id='word_1_859' title='bbox 3337 5610 3631 5670; x_wconf 77' lang='lat' dir='ltr'><strong>invisibilia</strong></span> 
     </span>
    </p>
   </div>
  </div>
