3932 6178
270 225 370 281 211

760 218 1167 279 WALAFRIDI
1205 220 1451 278 STRABI
1487 220 1687 278 FULD.
1726 218 1899 278 MON.
1941 217 2095 277 OPP.
2135 220 2314 280 PARS
2349 223 2393 280 Ι.
2434 250 2504 265 --
2539 222 3008 281 THEOLOGICA.

3458 231 3565 285 212

271 345 621 421 intelligeret,
673 354 728 402 et
774 361 895 418 quae
942 344 1134 401 oculus
1180 360 1290 400 non
1335 344 1487 415 vidit,
1539 353 1591 400 et
1637 344 1867 414 clarum,
1889 344 1947 406 A
1975 345 2143 401 menti
2170 346 2226 400 in
2254 353 2456 402 terram
2488 348 2705 415 cadere,
2737 356 2797 404 ut
2826 349 3054 405 multum
3085 348 3323 407 fructum
3353 349 3570 408 afferat.

268 435 464 492 animae
484 451 597 492 suae
614 442 813 490 statum
833 440 957 505 post
977 433 1289 507 rubiginem
1309 434 1519 504 peccati
1538 434 1727 489 mundi
1747 450 1868 490 cor-

269 524 355 580 dis
385 524 546 581 oculo
575 524 1056 594 contemplaretur.
1084 524 1243 578 Beati
1262 524 1417 579 enim
1444 524 1653 580 mundo
1682 524 1862 590 corde,

272 613 540 685 quoniam
566 614 679 686 ipsi
703 614 881 669 Deum
909 611 1174 667 uidebunt
1202 612 1423 682 (Matth.
1457 612 1538 683 v).

342 718 517 775 Vsus.
551 722 641 778 26.
673 748 743 759 —
768 720 840 774 Et
875 717 1054 774 misit.
1106 717 1317 789 (Hum)
1365 717 1438 773 Ut
1482 716 1695 773 videret
1721 717 1778 773 in
1807 733 1866 773 se

270 806 419 879 quod
438 814 561 863 ante
580 822 691 863 non
709 806 863 863 vidit.
884 807 1007 862 Non
1028 805 1172 861 enim
1200 813 1355 877 putat
1382 806 1685 877 desperans
1703 807 1867 862 homo

272 891 341 947 de
370 891 546 948 salute
576 890 796 947 omnino
824 905 989 961 posse
1019 905 1078 945 se
1108 889 1260 961 quod
1306 888 1487 946 facere
1533 889 1867 945 illuminatus

269 994 373 1051 per
400 995 555 1052 spem
581 986 764 1052 potest
790 976 1082 1050 perﬁcere.

339 1066 586 1138 Mystice.
618 1067 891 1123 Admonet
918 1065 1184 1123 Dominus
1213 1081 1405 1122 omnes
1451 1065 1543 1138 qui
1591 1065 1867 1139 agnitione

266 1152 511 1209 veritatis
538 1151 898 1222 illustrantur,
933 1160 993 1207 ut
1022 1152 1094 1207 ad
1124 1165 1221 1208 cor
1249 1151 1495 1217 redeant,
1522 1158 1574 1206 et
1603 1159 1865 1222 quantum

265 1240 371 1295 sibi
398 1240 660 1297 donatum
689 1240 869 1297 fuerat
914 1239 1149 1296 sollicita
1193 1246 1374 1295 mente
1420 1239 1779 1311 perpendant,
1814 1247 1869 1296 et

266 1327 552 1386 beneﬁciis
578 1329 681 1386 Dei
711 1329 879 1403 digna
907 1327 1227 1400 operatione
1256 1327 1639 1399 respondeant.

335 1419 565 1475 Nemini
591 1417 829 1474 dixeris.
863 1417 1085 1489 (BBDA.)
1125 1415 1285 1485 Quod
1331 1416 1669 1472 sanationem
1701 1416 1865 1471 silere

256 1506 433 1579 jubet,
468 1505 778 1579 exemplum
809 1512 893 1561 est
922 1505 1055 1574 suis,
1088 1520 1157 1562 ne
1179 1505 1225 1560 si
1243 1504 1493 1561 miranda
1522 1504 1743 1574 faciant,
1777 1504 1863 1561 fa-

262 1609 455 1652 vorem
485 1603 751 1667 quaerant,
787 1594 887 1651 sed
914 1593 1112 1651 divinis
1159 1594 1472 1665 aspectibus
1505 1594 1610 1650 sint
1639 1594 1863 1666 placere

265 1682 524 1741 contenti.

337 1782 511 1840 Vnus.
524 1782 617 1840 27.
640 1811 710 1822 —
732 1781 907 1849 Quem
923 1796 1014 1837 me
1034 1781 1272 1839 dicunt?
1290 1780 1521 1837 Pulchre
1540 1780 1719 1854 primo
1740 1797 1875 1837 seu--

265 1872 493 1928 tentiam
536 1870 818 1926 hominum
879 1869 1203 1942 interrogat,
1248 1886 1319 1925 ne
1358 1869 1629 1925 confessio
1678 1886 1867 1926 eorum

265 1960 417 2033 vulgi
447 1958 723 2031 opinione,
748 1959 846 2014 sed
866 1958 1113 2014 veritatis
1132 1957 1411 2031 agnitione
1430 1957 1681 2014 videatur
1707 1958 1866 2014 inﬁr-

262 2057 408 2105 mata
439 2063 456 2104 :
488 2064 559 2104 ne
587 2047 729 2103 sicut
767 2048 1015 2103 Herodes
1043 2047 1112 2103 de
1141 2046 1340 2102 auditis
1386 2046 1641 2103 haesitare
1672 2054 1867 2119 puten-

263 2145 373 2193 tur.
406 2136 563 2194 Unde
589 2136 751 2193 Petro
783 2137 1083 2192 secundum
1112 2136 1423 2191 Matthaeum
1452 2135 1618 2192 dicit:
1645 2137 1782 2193 Caro
1811 2141 1869 2192 et

264 2228 500 2298 sanguis
529 2241 646 2283 non
674 2225 949 2282 reuelauit
979 2224 1082 2281 tibi
1109 2223 1330 2294 (Matth.
1364 2223 1505 2295 XVI),
1537 2223 1594 2280 id
1624 2232 1709 2280 est
1735 2224 1868 2281 doc-

263 2314 411 2371 trina
438 2313 741 2370 hominum.

336 2403 619 2461 Homines.
642 2401 877 2459 Pulchre
896 2399 991 2473 qui
1017 2399 1298 2457 hominum
1315 2415 1471 2458 more
1491 2399 1768 2457 diversam
1797 2401 1867 2458 de

265 2490 499 2551 Domino
528 2489 849 2547 sententiam
880 2489 1081 2559 ferunt,
1120 2490 1372 2546 homines
1419 2490 1693 2547 dicuntur.
1724 2492 1868 2547 Nam

264 2580 359 2655 qui
386 2579 670 2637 veritatem
699 2579 955 2652 potentiae
983 2580 1101 2649 ejus
1144 2579 1236 2651 pia
1280 2586 1463 2635 mente
1502 2589 1867 2652 cognoscunt,

263 2686 376 2726 non
402 2667 673 2736 homines,
707 2669 805 2724 sed
829 2667 1189 2739 diiappellari
1217 2675 1520 2723 merentur.
1552 2668 1708 2723 Unde
1739 2668 1869 2724 dicit

262 2758 412 2815 illis:
441 2759 536 2815 Vos
546 2773 693 2824 vero,
709 2764 816 2813 etc.
830 2755 1001 2825 Quasi
1020 2755 1312 2822 dicatzllli,
1337 2754 1607 2822 homines,
1630 2757 1870 2813 humana

265 2846 553 2920 opinantes
584 2864 600 2914 ;
632 2845 732 2901 sed
761 2860 881 2911 vos,
912 2843 1008 2913 dii,
1039 2860 1206 2917 quem
1242 2859 1329 2900 me
1359 2858 1484 2899 esse
1513 2843 1693 2900 dicitis
1723 2846 1752 2900 ?

338 2961 510 3018 Vnus.
532 2964 625 3020 29.
647 2989 718 3002 -
745 2959 824 3017 Tu
839 2975 898 3017 es
932 2960 1207 3016 Christus.
1238 2958 1460 3031 (ΒΕοΑ.)
1492 2958 1692 3015 Omnia
1720 2975 1869 3017 com-

2040 435 2208 489 Vnns.
2242 436 2329 490 34.
2363 467 2432 477 -
2458 438 2518 493 Si
2548 440 2669 509 quis
2699 439 2842 506 vult,
2876 446 2980 494 etc.
3019 439 3240 511 (Bsm.)
3274 440 3570 512 Postquam

1966 523 2285 593 mysterium
2317 540 2429 579 sum
2467 525 2739 596 passionis
2770 535 2823 581 et
2854 527 3275 583 resurrectionis
3306 529 3565 596 ostendit,

1966 611 2215 667 hortatur
2243 628 2433 669 omnes
2465 614 2534 669 ad
2563 614 2883 671 imitandum
2932 616 3203 687 passionis
3233 618 3566 689 exemplum,

1968 707 2024 755 et
2050 701 2302 757 omnibus
2330 701 2559 759 salutem
2586 704 2849 774 promittit
2877 704 3205 762 animarum.
3239 706 3349 761 Sed
3377 705 3569 777 perfe-

1968 788 2248 857 ctioribus,
2283 799 2485 862 quanta
2513 808 2774 863 passurus
2805 794 2953 865 quod
2990 810 3022 848 a
3047 793 3279 850 mortuis
3309 810 3569 852 resurre-

1967 884 2154 932 cturus
2183 886 2326 934 esset
2373 880 2606 951 aperuit,
2644 880 2875 936 formam
2915 881 3161 939 tribuens
3206 883 3568 954 praedicandi,

1968 972 2026 1019 ut
2055 962 2281 1034 scilicet,
2312 982 2412 1040 pro
2441 984 2541 1024 suo
2572 968 2801 1042 quisque
2839 970 3003 1027 modo
3033 970 3353 1039 instruatur,
3387 988 3571 1046 neque

1967 1052 2196 1110 inﬁrmis
2227 1055 2423 1113 altiora
2451 1057 2875 1117 committantur.

2038 1145 2302 1215 Deneget.
2325 1146 2449 1201 Non
2467 1146 2613 1202 valet
2631 1147 3045 1218 apprehendere
3063 1149 3211 1221 quod
3226 1148 3367 1204 ultra
3387 1149 3569 1221 ipsum

1968 1237 2051 1285 est
2097 1231 2142 1286 si
2187 1232 2444 1290 nescierit
2488 1242 2731 1291 mactare
2782 1236 2929 1308 quod
2967 1243 3068 1293 est.
3109 1236 3229 1292 Nisi
3257 1236 3379 1309 quis
3408 1253 3443 1293 a
3475 1254 3569 1294 se-

1966 1319 2200 1391 metipso
2220 1321 2452 1393 deﬁciat,
2478 1325 2544 1379 ad
2569 1325 2763 1395 Deum,
2800 1324 2893 1401 qui
2922 1342 3085 1397 supra
3115 1326 3291 1398 ipsum
3321 1334 3423 1396 est,
3457 1344 3572 1383 non

1966 1411 2386 1483 appropinquat.
2424 1413 2603 1469 Tollat
2643 1430 2889 1470 erucem.
2924 1414 3024 1469 Vel
3052 1430 3153 1485 per
3181 1412 3571 1471 abstinentiam

1965 1500 2307 1558 macerando
2346 1516 2566 1572 corpus,
2591 1501 2678 1558 vel
2700 1518 2804 1574 per
2835 1502 3276 1574 compassionem
3303 1503 3568 1562 animum.

1965 1593 2046 1647 De
2067 1605 2300 1663 corpore
2321 1589 2702 1665 dicit_Paulus;
2735 1591 2954 1663 Castigo
2974 1608 3174 1665 corpus
3193 1608 3404 1659 meum,
3430 1598 3489 1649 et
3507 1596 3572 1649 in

1880 1701 1936 1762 Β
1966 1660 2307 1738 servitutum
2337 1660 2547 1751 redigo.
2582 1678 2660 1749 (II
2691 1681 2813 1736 Cor.
2849 1660 2953 1749 ut),
2987 1660 3090 1736 etc.
3134 1680 3286 1736 Idem
3315 1681 3384 1736 de
3414 1696 3572 1738 com-

1964 1769 2222 1841 passione
2254 1765 2421 1822 animi
2456 1785 2469 1822 :
2504 1767 2637 1834 Quis
2666 1768 3020 1838 inﬁrmatur,
3056 1774 3113 1825 et
3142 1786 3238 1841 ego
3265 1786 3383 1827 non
3412 1772 3574 1841 inﬁr-

1966 1876 2089 1917 mor
2124 1862 2147 1913 ?
2176 1857 2255 1928 (II
2273 1857 2391 1913 Cor.
2425 1856 2532 1927 χι.)

2038 1947 2208 2002 Vens.
2232 1949 2320 2001 38.
2353 1974 2423 1986 —
2455 1945 2561 2012 Qui
2593 1948 2767 2002 enim.
2803 1946 3024 2018 (BEDA.)
3053 1946 3174 2002 Duo
3204 1954 3457 2019 tempora
3476 1949 3577 2005 Ec-

1967 2035 2137 2092 clesia
2183 2032 2476 2107 signiﬁcat,
2530 2033 2679 2089 aliud
2727 2033 3144 2105 persecutionis,
3204 2036 3427 2108 quando
3474 2052 3574 2108 po-

1966 2124 2148 2179 nenda
2187 2130 2270 2178 est
2317 2122 2547 2189 anima;
2581 2121 2730 2177 aliud
2774 2123 2948 2195 pacis,
2992 2123 3213 2196 quando
3262 2124 3573 2198 frangenda

1968 2220 2093 2268 sunt
2118 2210 2393 2268 desideria
2423 2218 2662 2266 terrena.

2041 2301 2148 2369 Qui
2178 2302 2333 2356 enim
2362 2316 2470 2366 me,
2506 2307 2611 2356 etc.
2645 2298 2786 2369 Quia
2811 2299 2965 2355 multi
2995 2300 3283 2357 avaritiam
3311 2300 3566 2370 vincunt,

1965 2388 2207 2445 labentia
2234 2388 2560 2459 despiciunt,
2594 2388 2693 2443 sed
2721 2387 2848 2444 ﬁdei
2870 2389 3249 2445 rectitudinem
3277 2406 3443 2462 quam
3473 2392 3572 2447 ha-

1967 2479 2097 2534 bent
2126 2477 2460 2534 verecundia
2489 2476 2753 2549 impediti,
2785 2493 2896 2533 non
2928 2477 3235 2551 exprimunt
3270 2495 3426 2537 voce.
3460 2480 3572 2536 Ad-

1966 2567 2043 2622 dit
2077 2585 2091 2623 :
2126 2566 2233 2634 Qui
2260 2569 2415 2623 enim
2442 2582 2551 2633 me,
2587 2574 2691 2623 etc.

2037 2669 2208 2725 Vens.
2244 2672 2333 2724 39.
2366 2697 2437 2710 --
2467 2669 2647 2724 Amen
2676 2668 2816 2725 dico.
2867 2667 3088 2741 (ΒΕΒΑ.)
3126 2669 3263 2725 Cum
3291 2669 3360 2726 de
3389 2670 3573 2728 futura

1966 2757 2075 2813 vita
2100 2756 2444 2830 loqueretur,
2496 2756 2622 2812 ideo
2670 2756 3042 2812 necessarium
3088 2756 3188 2812 fuit
3218 2766 3277 2813 ut
3303 2760 3411 2816 hoc
3436 2776 3573 2832 pro-

1966 2846 2204 2901 mitteret
2234 2846 2302 2901 de
2334 2845 2619 2916 poenitenti
2648 2844 2780 2912 vita,
2811 2854 2870 2900 ut
2900 2846 3063 2901 rudes
3110 2846 3290 2904 adhuc
3318 2848 3572 2922 discipuli

1970 2934 2079 2990 hac
2117 2934 2485 2990 consolatione
2512 2933 2974 3001 confortarentur,
3031 2934 3172 2991 sicut
3225 2936 3296 2992 de
3342 2937 3570 2995 Judaico

262 3049 520 3124 plectitur
548 3049 641 3123 qui
668 3056 724 3105 et
757 3055 1010 3103 naturam
1040 3054 1096 3103 et
1122 3023 1324 3103 nomen
1370 3023 1641 3119 exprimit,
1673 3048 1728 3103 in
1760 3065 1867 3121 quo
1899 3061 1949 3125 C
1969 3023 2171 3096 Populo
2192 3023 2391 3125 ἀίξδίίυτ
2414 3041 2428 3078 ³
2451 3023 2616 3079 Dedit
2634 3024 2764 3125 ,ίίίίδ
2785 3025 3042 3125 ἠερίρηθδ
3059 3026 3329 3125 ,θέξξίίῖξφ
3350 3031 3407 3125 εξ
3422 3028 3570 3125 ἔξω·

267 3112 478 3195 summa
521 3112 801 3193 virtutum.
851 3134 1054 3191 Paulus
1099 3134 1248 3202 dicit,
1292 3112 1638 3209 etc.,-usque.
1658 3137 1730 3193 ad
1758 3112 1867 3193 non
1902 3112 2059 3209 *Ἴδε
2090 3114 2424 3209 ροριξιονυτη
2450 3112 2837 3209 Ρθδδθάθῗπηίν
2861 3116 2929 3167 πί
2945 3113 3567 3209 Ϋαδίίῗίξίξῖηί-Ῑυδίίίῖεα·

262 3227 391 3285 licet
418 3233 602 3282 tamen
628 3224 845 3282 nescire
874 3223 1245 3296 generationis
1274 3222 1459 3281 ﬁdem.

340 3332 516 3390 Vnus.
548 3335 635 3389 30.
658 3360 729 3373 —
747 3332 819 3388 Et
838 3332 1219 3389 comminatus
1235 3334 1340 3386 est.
1363 3329 1584 3403 (BEDA.)
1604 3329 1789 3385 Noluit
1810 3346 1871 3386 se

272 3429 400 3481 ante
435 3420 750 3495 passionem
780 3426 834 3476 et
862 3418 1325 3475 resurrectionem
1369 3417 1662 3490 prmdicari
1694 3434 1707 3473 :
1738 3418 1871 3491 quia

270 3510 541 3583 completo
563 3507 842 3581 sanguinis
862 3515 1208 3564 sacramento
1228 3506 1490 3579 apostolis
1511 3507 1870 3578 opportunius

273 3600 405 3658 dicit
419 3618 433 3655 :
446 3601 661 3656 Euntes
680 3598 870 3657 docete
884 3613 1077 3654 omnes
1094 3601 1307 3669 gentes,
1331 3597 1683 3669 baptizantes
1703 3613 1793 3654 eos
1806 3598 1872 3653 in

273 3691 506 3747 nomine
541 3688 735 3745 Patris
772 3690 829 3743 et
865 3686 1003 3742 Filii
1039 3690 1097 3742 et
1113 3686 1362 3759 Spiritus
1409 3687 1622 3751 sancti,
1645 3685 1867 3757 (Matth.

274 3777 459 3850 xvm).
492 3776 635 3847 Quia
690 3791 802 3831 non
828 3776 1119 3846 prodesset
1166 3789 1291 3829 eum
1310 3774 1527 3845 publice
1557 3774 1867 3845 praedicari,

273 3883 438 3941 quem
447 3865 783 3940 ﬂagellatum
794 3871 917 3920 sunt
928 3862 1119 3929 visuri,
1135 3870 1188 3918 et
1206 3860 1526 3919 cruciﬁxum
1547 3863 1715 3917 multa
1733 3863 1868 3934 pati.

346 3966 518 4021 Vnus.
553 3966 641 4018 31.
664 3992 735 4003 ——
766 3960 1045 4028 Quoniam
1068 3963 1302 4032 oportet,
1337 3966 1441 4015 etc.
1477 3958 1690 4030 (Ηιειι.)
1721 3959 1873 4015 Sicut

273 4053 610 4128 gubernator
624 4049 833 4121 peritus
852 4053 1231 4117 tempestatem
1253 4046 1311 4101 in
1328 4047 1715 4118 tranquillitate
1731 4064 1872 4117 pra:-

273 4155 496 4207 cavens,
527 4145 724 4194 nautas
743 4143 966 4207 paratos
987 4136 1101 4191 vult
1128 4150 1251 4190 esse
1283 4150 1429 4190 suos.
1454 4134 1605 4190 Sicut
1628 4135 1791 4190 alibi:
1813 4137 1873 4192 Si

276 4230 403 4304 quis
422 4229 545 4285 vult
563 4227 756 4284 venire
772 4227 899 4298 post
916 4239 1024 4291 me,
1038 4225 1270 4295 abneget
1280 4240 1338 4279 se
1352 4223 1571 4293 (Matth.
1594 4224 1737 4294 xvx),
1763 4232 1867 4280 etc.

349 4337 520 4392 Vnus.
545 4337 632 4393 32.
647 4360 717 4374 --
736 4333 812 4389 Et
822 4329 1268 4404 apprehendens.
1293 4328 1512 4401 (Βεω.)
1533 4329 1776 4384 Amantia
1796 4328 1873 4384 af-

1972 3203 2151 3259 tiones
2181 3203 2323 3273 ejus,
2358 3205 2415 3257 et
2447 3202 2623 3273 legem
2652 3203 2774 3273 ejus
2797 3202 3096 3274 requirant
3124 3201 3298 3274 (Psal.
3331 3203 3471 3273 CIV.)

2042 3292 2293 3362 Regnum
2316 3290 2434 3357 Dei,
2459 3296 2566 3345 etc.
2601 3289 2661 3344 Id
2692 3297 2793 3368 est,
2824 3289 3128 3346 Ecclesiam
3161 3298 3353 3346 contra
3382 3293 3570 3348 mundi

1969 3379 2129 3448 hujus
2159 3377 2390 3451 gloriam
2428 3386 2684 3434 erectam.
2719 3378 2817 3433 Vel
2847 3377 3083 3433 futuram
3114 3379 3171 3434 in
3200 3379 3355 3435 caelis
3386 3380 3566 3436 beati-

1971 3467 2211 3523 tudinem
2241 3482 2404 3537 quam
2432 3466 2488 3520 in
2515 3474 2697 3521 monte
2749 3466 3015 3522 viderunt.
3068 3466 3228 3537 Quod
3254 3468 3347 3539 pia
3375 3469 3567 3540 provi-

1971 3556 2123 3611 sione
2152 3554 2353 3611 factum
2396 3562 2498 3622 est,
2530 3562 2589 3610 ut
2616 3562 2878 3610 aeternum
2923 3555 3204 3627 gaudium,
3255 3558 3468 3637 tametsi
3497 3558 3570 3614 ad

1970 3646 2135 3700 breve
2180 3652 2509 3700 momentum
2552 3643 2917 3715 praelibatum,
2952 3645 3021 3700 ad
3064 3645 3297 3702 adversa
3339 3645 3569 3703 ferenda

1971 3731 2161 3788 fortius
2189 3734 2470 3789 animaret.

2597 3875 2823 3931 CAPUT
2850 3875 2947 3931 IX.

2043 3991 2212 4045 Vnus.
2248 3992 2299 4043 1.
2334 4020 2403 4030 -
2431 3991 2503 4045 Et
2528 3994 2655 4062 post
2700 3990 2835 4057 dies,
2871 3997 2975 4046 etc.
3009 3989 3220 4062 (Ηιειι.)
3252 3990 3380 4046 Post
3409 4005 3569 4047 com-

1972 4077 2322 4134 minationem
2355 4078 2535 4135 crucis
2566 4078 2986 4135 resurrectionis
3034 4078 3213 4151 gloria
3240 4080 3565 4150 ostenditur,

1972 4166 2117 4222 unde
2149 4166 2393 4238 sequitur
2424 4185 2437 4220 :

2044 4258 2117 4311 Et
2134 4260 2263 4328 post
2291 4257 2428 4325 dies,
2462 4263 2566 4312 etc.
2600 4256 2670 4312 Ut
2698 4270 2807 4311 non
2836 4255 3090 4312 timerent
3117 4257 3414 4328 opprobria
3443 4272 3570 4314 cru-

1979 4343 2077 4411 cis,
2111 4345 2204 4416 qui
2232 4343 2406 4400 oculis
2435 4342 2549 4399 suis
2577 4343 2827 4399 viderant
2872 4344 3101 4417 gloriam
3148 4343 3346 4401 futurae
3373 4361 3569 4401 resur-
3614 4352 3615 4355 “

276 4425 422 4482 fectu
450 4424 639 4480 dicens
672 4439 687 4476 :
717 4421 874 4477 Absit
902 4437 937 4475 a
962 4423 1036 4485 te,
1066 4418 1320 4475 Domine.
1370 4418 1469 4473 Vel
1508 4426 1565 4473 ut
1593 4418 1788 4473 melius
1817 4418 1873 4472 in
1899 4417 1951 4478 D
1973 4433 2248 4488 mntionis,

281 4514 478 4570 Graeco
505 4512 738 4568 habetur
766 4528 781 4565 :
814 4509 1103 4582 Propitius
1135 4511 1270 4573 esto,
1313 4514 1441 4574 etc.,
1473 4522 1648 4579 usque
1678 4508 1749 4562 ad
1769 4523 1872 4578 ap-

277 4600 675 4672 prehenditque
703 4614 827 4654 eum
854 4598 909 4652 in
935 4595 1192 4652 affectum
1237 4611 1415 4661 suum,
1449 4594 1537 4650 vel
1584 4595 1873 4666 separatim

276 4689 442 4755 ducit,
473 4704 544 4744 ne
581 4686 943 4759 praesentibus
991 4685 1205 4742 caeteris
1253 4683 1581 4757 magistrum
1625 4683 1875 4739 videatur

284 4791 541 4849 arguere.

352 4891 525 4948 Vnus.
556 4892 646 4945 33.
676 4916 748 4930 -
786 4887 923 4945 Vade
951 4892 1123 4944 retro.
1155 4886 1287 4959 (10.)
1315 4886 1466 4942 Multi
1493 4892 1684 4958 putant
1728 4886 1875 4958 quod

280 4996 393 5038 non
416 4981 630 5046 Petrus,
662 4977 761 5034 sed
804 4975 1155 5033 adversarius
1209 4975 1440 5047 Spiritus
1472 4976 1541 5031 sit
1570 4984 1870 5043 correctus,

281 5085 392 5143 quo
422 5075 755 5143 suggerente
783 5067 888 5122 hoc
911 5065 1205 5136 Apostolus
1233 5064 1485 5121 dicebat:
1512 5066 1621 5121 Sed
1639 5066 1772 5120 mihi
1794 5081 1877 5120 er-

279 5174 378 5215 ror
426 5154 676 5228 Apostoli
701 5155 771 5210 de
800 5153 1015 5225 pietatis
1062 5152 1258 5210 affectu
1300 5154 1545 5220 veniens,
1598 5170 1873 5227 nunquam

280 5245 609 5304 incentivum
641 5242 913 5300 videbitur
942 5242 1167 5297 diaboli.
1201 5241 1430 5297 Diabolo
1459 5242 1656 5299 dicitur
1688 5261 1701 5297 :
1736 5243 1875 5299 Vade

276 5341 451 5407 retro,
482 5333 745 5392 Satanas.
804 5331 967 5388 Petro
998 5348 1011 5385 :
1055 5330 1193 5387 Vade
1221 5333 1373 5386 retro
1405 5345 1511 5397 me,
1547 5338 1673 5397 etc.,
1708 5331 1762 5386 id
1793 5338 1876 5386 est

278 5439 513 5499 sequere
539 5421 866 5479 sententiam
892 5434 1090 5475 meam.

358 5523 489 5592 Qua:
515 5522 616 5580 Dei
643 5522 799 5588 sunt,
832 5526 934 5575 etc.
968 5518 1089 5573 Mea
1117 5522 1199 5573 est
1227 5514 1478 5574 voluntas
1509 5524 1561 5572 et
1587 5516 1783 5583 Patris,
1816 5524 1875 5571 ut

282 5627 385 5686 pro
414 5611 588 5669 salute
620 5607 900 5669 hominum
929 5606 1168 5665 moriar:
1194 5614 1249 5663 tu
1271 5619 1380 5663 non
1400 5605 1479 5661 vis
1508 5619 1739 5679 granum
1758 5604 1873 5661 fru-

2048 4521 2269 4593 (ΒΕΒΑ.)
2288 4522 2361 4576 Et
2374 4525 2501 4593 post
2521 4521 2637 4577 dies
2656 4536 2778 4576 sex.
2803 4520 2977 4577 Lucas
3002 4538 3016 4576 :
3040 4520 3263 4577 Factum
3284 4530 3368 4578 est
3387 4530 3572 4579 autem

1972 4618 2097 4681 post
2124 4610 2243 4665 haec
2272 4610 2441 4665 verba
2470 4609 2582 4664 fere
2610 4609 2727 4664 dies
2757 4617 2901 4676 octo,
2953 4618 3082 4677 etc.,
3115 4627 3290 4684 usque
3319 4611 3392 4667 ad
3419 4627 3490 4667 ne
3517 4611 3576 4666 in

1974 4706 2167 4756 octavo
2195 4698 2564 4754 retributionis
2593 4706 2837 4770 tempore
2868 4699 2937 4753 ab
2983 4699 3121 4755 irato
3162 4699 3345 4768 judice
3392 4700 3572 4756 corri-

1973 4788 2206 4861 piamur.
2239 4790 2303 4844 In
2332 4793 2584 4845 montem
2631 4790 2939 4845 excelsum.
2973 4790 3036 4843 In
3062 4797 3301 4846 montem
3349 4797 3408 4844 ut
3436 4804 3572 4845 ora-

1974 4886 2077 4946 ret,
2111 4885 2237 4946 etc.,
2272 4893 2445 4950 usque
2475 4877 2547 4932 ad
2576 4885 2705 4933 tunc
2751 4885 2954 4934 aeterna
2999 4877 3117 4947 ejus
3146 4877 3355 4935 visione
3381 4894 3573 4935 mere-

1975 4968 2174 5023 buntur
2202 4966 2393 5022 lmtari.

2051 5070 2526 5141 Transﬁguratus.
2575 5068 2700 5123 Non
2747 5082 2937 5124 veram
2984 5068 3339 5124 substantiam
3389 5070 3577 5127 carnis

1974 5158 2185 5223 amisit,
2208 5157 2304 5212 sed
2336 5157 2565 5229 gloriam
2596 5156 2788 5212 futura:
2816 5172 2948 5223 suae,
2982 5157 3070 5213 vel
3090 5166 3291 5213 nostra:
3320 5174 3576 5216 resurre-

1976 5247 2169 5305 ctionis
2199 5246 2452 5301 ostendit.
2486 5246 2633 5300 Talis
2678 5254 2802 5318 post
2841 5246 3107 5316 judicium
3156 5247 3367 5304 cunctis
3396 5264 3573 5320 appa-

1976 5336 2117 5392 rebit
2146 5333 2333 5390 electis
2367 5353 2380 5388 :
2412 5334 2469 5390 in
2508 5334 2735 5403 judicio,
2767 5335 2822 5389 in
2852 5334 3025 5391 forma
3074 5335 3218 5391 servi
3247 5344 3301 5392 et
3330 5336 3490 5393 bonis
3521 5347 3577 5394 et

1975 5424 2150 5492 malis,
2183 5432 2241 5479 ut
2266 5422 2418 5495 impii
2446 5439 2607 5495 quem
2637 5439 2915 5495 sprevere,
2966 5440 3125 5495 quem
3173 5425 3345 5481 Judaei
3393 5424 3615 5498 nega?

1975 5530 2125 5584 vere,
2158 5512 2355 5568 milites
2385 5529 2546 5584 quem
2583 5511 2916 5580 cruciﬁxere,
2966 5512 3169 5568 Pilatus
3212 5513 3575 5587 Herodesque

1977 5619 2137 5675 quem
2164 5603 2481 5673 judicavere
2510 5608 2783 5674 nequeant
2804 5602 3043 5671 judicem
3075 5617 3399 5675 agnoscere.
