4006 6178
280 230 382 285 213

1196 222 1469 283 GLOSSA
1506 221 1917 282 ORDINARIA.
1956 251 2027 266 -
2054 221 2318 281 EVANG.
2349 223 2586 282 MARCI.
2623 256 2627 263 ι

3469 229 3577 285 214

354 350 532 408 Vnus.
562 353 620 408 2.
650 379 720 392 -
749 352 820 408 Et
854 351 1218 409 vestimenta.
1274 348 1605 406 Vestimenta
1646 348 1884 420 Domini,
1907 349 1965 411 A
1989 352 2221 421 patrum
2249 349 2325 405 ad
2350 348 2518 419 filios,
2548 353 2608 405 et
2632 364 2726 406 cor
2740 349 3074 419 ﬁliorumad
3090 354 3302 423 patres.
3320 350 3585 408 Restituet

292 439 480 496 sancti.
501 440 662 496 Unde
685 457 699 494 :
720 440 827 508 Qui
841 441 906 496 in
927 439 1145 497 Christo
1160 440 1261 512 bap
1270 439 1437 495 timti
1450 440 1587 495 estis
1608 437 1898 495 Christum

292 528 573 585 iuduistis
595 529 746 600 (Gal.
777 530 884 599 ιιι).
915 529 1043 585 Haec
1070 527 1304 584 Domino
1332 526 1386 581 in
1416 527 1618 583 mundo
1648 535 1896 582 manente

291 617 613 673 videbantur
639 617 913 689 despecta,
947 617 1043 673 sed
1096 616 1214 689 ipso
1241 623 1478 672 montem
1508 623 1723 687 petente
1754 630 1896 673 novo

294 706 532 763 candore
551 705 838 778 refulgent.
863 706 1003 774 Quia
1019 723 1175 762 nunc
1190 706 1418 779 quidem
1432 705 1545 775 ﬁlii
1559 721 1753 762 sumus
1770 706 1891 771 Dei,

292 796 391 852 sed
420 796 674 852 nondum
705 796 973 869 apparuit
998 794 1133 868 quid
1154 795 1386 851 erimus.
1414 795 1554 851 Cum
1576 810 1701 866 ergo
1730 811 1895 867 appa-

292 886 497 953 ruerit,
531 884 745 942 similes
775 884 828 941 ei
844 884 1076 950 erimus,
1100 884 1232 958 quia
1246 882 1556 941 videbimus
1574 898 1703 941 eum
1720 884 1894 939 sicuti

294 979 380 1031 est
407 974 465 1045 (Ι
484 975 645 1032 Joau.
676 973 782 1045 ιιι).
810 973 969 1030 Unde
992 971 1258 1028 subditur.

363 1064 537 1119 Vens.
571 1066 624 1119 3.
647 1094 717 1103 —
743 1065 813 1119 Et
828 1062 1113 1136 apparuit,
1148 1068 1249 1118 etc.
1269 1061 1487 1134 Moyses
1499 1067 1715 1116 sanctus
1741 1075 1891 1116 mor-

290 1159 431 1220 tuus,
466 1152 615 1207 Elias
641 1151 796 1208 vivus
826 1150 881 1205 in
920 1150 1114 1206 caelum
1144 1157 1346 1222 raptus,
1377 1148 1481 1205 visi
1517 1149 1572 1203 in
1614 1149 1892 1219 majestate

289 1258 411 1299 cum
462 1241 697 1297 Domino
747 1241 827 1311 (ut
880 1240 1051 1295 Lucas
1106 1238 1255 1310 dicit)
1294 1238 1519 1294 futuram
1560 1238 1616 1293 in
1644 1237 1737 1293 illo
1765 1253 1888 1293 om-

288 1329 436 1385 nium
467 1338 774 1385 sanctorum
804 1328 1032 1401 gloriam
1089 1325 1439 1399 significant:
1498 1326 1588 1400 qui
1647 1334 1889 1398 tempore

285 1419 481 1488 judicii
512 1418 599 1473 vel
626 1418 735 1475 vivi
764 1418 819 1472 in
874 1433 1035 1474 carne
1065 1415 1397 1488 reperientur
1424 1416 1510 1471 vel
1540 1415 1752 1471 mortui.

355 1509 515 1565 Elius
545 1525 695 1564 cum.
725 1506 947 1579 (Bem.)
978 1504 1279 1577 Legislator
1307 1513 1360 1561 et
1389 1503 1616 1560 eximius
1646 1504 1886 1575 prophe-

283 1607 454 1652 tarum
488 1605 789 1669 apparent:
817 1595 1106 1669 loquuntur
1149 1611 1270 1650 cum
1322 1592 1555 1650 Domino
1610 1593 1666 1647 in
1724 1608 1887 1650 carne

285 1685 525 1757 vivente,
557 1685 905 1742 ostendentes
935 1684 1113 1757 ipsum
1126 1700 1249 1739 esse
1265 1699 1426 1756 quem
1454 1682 1541 1738 lex
1574 1689 1625 1737 et
1652 1683 1887 1754 prophe-
1903 1712 1957 1772 B

286 1783 351 1830 tm
379 1774 751 1846 promiserunt
782 1793 797 1843 ;
828 1789 939 1829 non
968 1772 1167 1828 infimis
1201 1815 1216 1843 ,
1265 1772 1363 1828 sed
1418 1770 1474 1826 in
1528 1778 1711 1826 monte
1763 1788 1886 1827 cum

285 1863 393 1930 illo,
426 1864 556 1936 quia
586 1863 677 1936 qui
705 1872 913 1919 terrena
941 1862 1209 1919 desideria
1235 1868 1416 1918 mente
1447 1867 1722 1916 transeunt
1751 1860 1888 1916 solvi

285 1954 621 2024 majestatem
652 1952 937 2024 Scriptura:
968 1958 1189 2018 sanctae,
1226 1966 1346 2024 qum
1382 1950 1438 2005 in
1494 1949 1726 2006 Domino
1781 1950 1888 2004 im-

284 2042 429 2115 pleta
459 2050 565 2111 est,
596 2039 954 2114 perspiciunt.

354 2133 532 2187 Vsus.
567 2132 619 2185 4.
661 2161 730 2171 -
772 2131 962 2187 Rabbi.
1030 2128 1292 2199 Quamvis
1346 2127 1696 2200 stupefactus,
1755 2136 1884 2198 etc.,

284 2237 457 2295 usque
486 2220 560 2277 ad
590 2236 754 2275 unum
784 2219 1037 2275 habentia
1068 2218 1489 2289 tabernaculum,
1523 2216 1581 2271 id
1635 2224 1718 2273 est
1774 2217 1885 2272 Ec-

286 2310 507 2367 clesiam
540 2309 663 2365 Dei.
697 2312 911 2366 Bonum
940 2311 1044 2365 est.
1078 2308 1242 2363 Multo
1271 2323 1406 2377 ergo
1464 2305 1656 2361 melius
1707 2304 1887 2361 choris

291 2408 607 2457 sanctorum
634 2398 920 2463 interesse,
950 2396 1176 2453 Deitatis
1204 2395 1412 2467 perfrui
1441 2394 1652 2451 visione
1684 2411 1697 2448 :
1729 2394 1776 2448 si
1807 2391 1886 2448 sic

287 2488 515 2545 delectat
544 2488 848 2544 humanitas
877 2487 1076 2542 Christi
1118 2483 1519 2558 transﬁgurata,
1553 2491 1605 2540 et
1656 2483 1883 2538 duorum

291 2579 524 2638 societas
554 2578 626 2634 ad
645 2584 901 2649 punctum
931 2584 1171 2632 ostensa.

352 2696 527 2751 Vens.
562 2697 617 2748 6.
651 2724 720 2733 —
750 2693 929 2749 Nubes
958 2690 1311 2748 obumbrans.
1345 2687 1503 2744 Unde
1533 2686 1656 2759 quia
1689 2683 1885 2757 quassi-

290 2785 357 2840 vit
385 2782 669 2855 materiale
684 2779 1118 2845 tabernaculum,
1150 2777 1310 2833 nubis
1342 2775 1551 2848 accepit
1593 2774 1884 2830 umbracu-

292 2875 395 2931 lum
424 2882 483 2929 ut
514 2872 688 2927 discat
717 2870 770 2925 in
801 2867 1193 2925 resurrectione
1239 2882 1348 2921 non
1401 2863 1641 2936 tegmine
1689 2863 1884 2917 domo-

290 2980 424 3033 rum,
460 2961 561 3018 sed
595 2959 826 3031 Spiritus
857 2956 1029 3013 sancti
1059 2963 1274 3011 sanctos
1312 2970 1439 3010 esse
1493 2952 1882 3025 protegendos.

290 3053 384 3108 Hic
415 3055 523 3107 est.
560 3048 729 3118 Quasi
755 3048 896 3103 dicat
928 3064 941 3101 :
972 3046 1070 3101 Hic
1097 3061 1223 3102 vere
1252 3050 1334 3100 est
1362 3043 1453 3099 ille
1482 3057 1642 3115 quem
1670 3041 1885 3112 Moyses

290 3140 387 3196 iste
414 3138 576 3194 vobis
604 3136 869 3209 promisit,
900 3143 1037 3202 etc.,
1073 3149 1246 3207 usque
1285 3132 1357 3188 ad
1384 3131 1608 3203 ipsaque
1651 3128 1885 3184 illustra-

292 3228 426 3284 bitur
450 3226 625 3301 gratia
653 3234 704 3282 et
734 3225 787 3280 in
807 3230 1121 3297 perpetuum
1151 3228 1487 3294 protegetur.

360 3335 535 3391 Vnus.
564 3334 621 3388 "l.
649 3362 719 3373 —
744 3333 817 3388 Et
843 3332 1063 3387 statim.
1095 3328 1318 3401 (ΒΕῡΑ.)
1351 3327 1484 3383 Cum
1510 3323 1661 3381 ﬁeret
1681 3339 1786 3381 vox
1804 3340 1889 3379 su-

292 3441 384 3497 per
412 3423 608 3479 Filium
649 3418 906 3487 hominis,
935 3418 1187 3473 inventus
1218 3425 1303 3473 est
1357 3415 1475 3488 ipse
1532 3414 1698 3470 solus.
1749 3412 1887 3481 Quia

296 3529 409 3569 cum
438 3509 863 3566 manifestaverit
889 3508 1127 3579 seipsum
1154 3505 1357 3573 electis,
1391 3504 1492 3559 erit
1527 3504 1674 3559 Deus
1708 3502 1887 3557 omnia

296 3602 346 3657 in
374 3600 671 3657 omnibus:
704 3599 814 3653 imo
856 3597 974 3669 ipse
1027 3612 1149 3652 cum
1209 3593 1320 3649 suis
1373 3608 1513 3648 unus
1563 3608 1660 3663 per
1707 3589 1887 3646 omnia

298 3691 555 3759 Christus,
590 3688 645 3742 id
667 3695 768 3757 est,
801 3693 958 3758 caput
985 3701 1105 3741 cum
1122 3699 1346 3755 corpore
1368 3679 1883 3754 splendebit,unde:

302 3780 462 3835 Nemo
509 3777 771 3834 ascendit
825 3776 889 3829 iu
937 3774 1159 3840 caelum,
1208 3772 1324 3827 nisi
1352 3771 1448 3843 qui
1500 3768 1792 3825 descendit
1820 3767 1889 3845 de

301 3870 445 3934 caelo,
478 3866 660 3922 Filius
690 3864 952 3930 hominis,
986 3864 1082 3935 qui
1110 3865 1195 3917 est
1219 3861 1284 3915 in
1313 3860 1445 3916 ccelo
1477 3860 1660 3928 (Joan.
1695 3856 1806 3927 ιιι).

367 3975 541 4029 Vsus.
583 3976 636 4026 8.
669 4002 739 4011 —
759 3971 1031 4042 Praecepit
1056 3969 1196 4024 illis.
1219 3967 1342 4022 Non
1358 3964 1470 4022 vult
1490 3963 1719 4036 gloriam
1734 3962 1889 4033 regni

299 4061 451 4117 futuri
506 4068 561 4117 et
613 4059 866 4131 triumphi
921 4074 1084 4130 quam
1132 4056 1187 4110 in
1226 4062 1407 4111 monte
1448 4052 1755 4108 ostenderat
1791 4067 1890 4122 pu-

300 4150 434 4206 blice
460 4148 748 4221 praedicari
779 4165 793 4202 :
827 4163 896 4203 ne
925 4155 977 4201 et
1021 4143 1340 4201 incredibile
1369 4150 1516 4198 esset
1541 4156 1640 4213 pro
1667 4137 1887 4211 magni-

301 4238 499 4303 tudine,
530 4244 733 4309 etpost
765 4242 965 4290 tantam
1011 4232 1243 4305 gloriam
1298 4231 1441 4304 apud
1490 4230 1651 4286 rudes
1678 4228 1888 4283 animos

300 4342 529 4399 sequens
561 4341 691 4382 crux
721 4322 1034 4381 scandalum
1062 4322 1282 4377 faceret.

1998 435 2141 492 enim
2172 436 2329 494 morti
2359 437 2502 509 quod
2531 438 2693 494 debet
2720 446 2775 494 et
2800 438 2892 493 diu
2918 439 3152 496 vivendo
3182 438 3410 507 sustulit,
3439 440 3587 496 unde

1996 526 2144 581 addit
2178 544 2191 580 :
2225 527 2499 594 Quomodo
2527 528 2819 601 scriptum.
2855 526 3048 596 Quasit
3075 528 3216 584 dicat
3247 546 3260 582 :
3314 527 3461 584 Sicut
3515 528 3588 584 de

1997 613 2190 669 Christi
2245 615 2499 686 passione
2552 616 2829 687 prophetae
2882 615 3168 672 multifaria
3198 616 3581 687 scripserunt:

1996 702 2076 757 sic
2096 710 2149 758 et
2173 702 2324 758 Elius
2352 704 2515 758 multa
2542 719 2802 775 passurus
2834 713 2935 760 est.
2993 705 3252 761 Restituet
3307 720 3439 778 ergo
3468 719 3583 762 om-

1995 790 2105 845 nia.
2137 791 2332 856 Primo,
2365 792 2526 848 corda
2580 793 2859 848 hominum
2887 793 3029 848 illius
3072 794 3328 866 temporis
3357 794 3426 849 ad
3453 808 3581 850 cre-

1993 878 2234 934 dendum
2262 879 2317 935 in
2344 879 2574 948 Christo,
2599 881 2960 937 resistendum
2978 881 3324 940 Antichristo.
3343 882 3576 951 Deinde,

1992 976 2157 1039 ponet
2185 968 2424 1023 animam
2449 984 2549 1040 pro
2574 968 2805 1026 Christo.
3160 994 3165 999 λ

2064 1056 2235 1111 Vens.
2280 1060 2366 1112 13.
2399 1088 2468 1098 -
2503 1059 2740 1114 Turbam
2783 1076 3069 1131 magnam.
3103 1060 3316 1131 (Ηιιειι.)
3341 1059 3463 1116 Νοιι
3494 1068 3580 1117 est

1989 1145 2205 1216 requies
2235 1145 2335 1200 sub
2383 1144 2497 1201 sole
2531 1165 2544 1201 :
2578 1162 2792 1217 semper
2820 1148 3015 1203 occidit
3052 1149 3302 1220 parvulos
3357 1149 3579 1217 invidia,

1990 1248 2220 1304 magnos
2245 1234 2547 1305 percutiunt
2574 1233 2784 1306 fulgura
2811 1244 3041 1300 montes,
3075 1236 3162 1291 alii
3191 1236 3433 1294 dicentes
3460 1252 3583 1293 cum

1988 1320 2115 1388 ﬁde,
2150 1322 2238 1377 alii
2266 1322 2571 1378 invidentes
2600 1339 2721 1379 cum
2738 1322 2895 1391 fastu,
2927 1324 2994 1378 ad
3016 1325 3314 1381 Eoclesiam
3343 1326 3584 1383 veniunt.

1994 1412 2415 1484 Conquirentcs.
2442 1411 2663 1482 (BEDA.)
2695 1411 2837 1480 Quid
2868 1413 3190 1484 conquirant
3233 1414 3584 1485 Evangelista

1988 1515 2097 1555 non
2127 1499 2276 1565 dicit,
2311 1500 2408 1555 sed
2436 1508 2613 1571 potest
2664 1500 2894 1572 intelligi
2950 1501 3018 1556 de
3075 1502 3177 1557 hoc
3232 1502 3584 1574 quazstionem

1986 1595 2184 1643 motam
2214 1587 2401 1656 fuisse,
2432 1604 2599 1660 quare
2655 1589 2908 1661 discipuli
2965 1590 3356 1646 daemoniacum
3403 1591 3494 1663 qui
3526 1591 3580 1647 in

1988 1676 2170 1732 medio
2199 1685 2332 1746 erat,
2361 1692 2470 1732 non
2503 1685 2728 1749 possent
2755 1678 2984 1735 liberare
3014 1697 3029 1735 :
3061 1680 3164 1736 hoc
3194 1679 3339 1737 enim
3395 1695 3461 1737 ex
3487 1695 3581 1737 se-

1988 1765 2275 1838 quentibus
2306 1765 2517 1837 concipi
2544 1772 2738 1837 potest.

2057 1883 2227 1938 Vaus.
2266 1885 2351 1938 15.
2381 1914 2450 1923 -
2473 1885 2543 1939 Et
2562 1884 2950 1956 interrogavit.
2981 1884 3111 1957 (Ιῡ.)
3128 1886 3267 1941 Nota
3288 1887 3431 1959 quod
3461 1886 3580 1943 loca

1986 1970 2150 2027 rebus
2178 1979 2503 2043 congruunt.
2538 1972 2597 2025 In
2627 1980 2808 2027 monte
2836 1981 2971 2041 orat,
3018 1974 3436 2044 transformatur,
3495 1976 3584 2030 di-

1987 2059 2210 2131 scipulis
2235 2075 2434 2116 arcana
2462 2076 2574 2115 suae
2600 2060 2894 2129 majestatis
2924 2063 3113 2133 aperit,
3148 2063 3203 2118 in
3232 2063 3340 2119 imo
3369 2079 3402 2118 a
3430 2064 3582 2119 turba

1982 2148 2261 2221 excipitur,
2293 2149 2611 2203 miserorum
2643 2149 2769 2205 fletu
2825 2151 3081 2222 pulsatur.
3137 2151 3357 2208 Sursum
3415 2151 3581 2209 disci-

1984 2236 2126 2308 pulis
2154 2238 2408 2309 mysteria
2434 2238 2589 2310 regni
2619 2247 2843 2306 reserat,
2873 2240 3124 2295 deorsum
3156 2240 3328 2296 turbis
3354 2249 3580 2312 peccata

1985 2323 2312 2379 inﬁdelitatis
2343 2327 2652 2399 exprobrat.
2687 2326 2909 2381 Sursum
2953 2343 3144 2383 vocem
3173 2328 3345 2383 Patris
3374 2329 3459 2383 his
3488 2328 3581 2402 qui

1985 2413 2173 2468 audire
2199 2421 2445 2484 poterant
2475 2415 2679 2485 pandit,
2713 2415 2964 2469 deorsum
3020 2416 3195 2471 malos
3234 2417 3452 2487 spiritus
3480 2433 3580 2473 ex-

1983 2501 2153 2573 pellit.
2182 2502 2341 2557 Nunc
2368 2518 2466 2573 pro
2490 2502 2809 2558 meritorum
2839 2503 3088 2575 qualitate
3116 2504 3238 2559 aliis
3257 2505 3578 2572 ascendere,

1985 2590 2104 2644 aliis
2134 2605 2243 2646 non
2259 2590 2470 2645 desistit
2490 2591 2846 2647 descendere.
2879 2593 2947 2647 Et
2966 2593 3581 2664 interrogavit.(Hmu.)

1986 2678 2099 2734 Scit
2152 2687 2206 2733 et
2257 2679 2574 2751 interrogat,
2632 2687 2691 2734 ut
2744 2678 3018 2735 confessio
3045 2680 3219 2751 pariat
3246 2680 3494 2751 salutem,
3523 2688 3579 2737 et

1985 2782 2226 2821 murmur
2271 2768 2455 2823 cordis
2510 2768 2678 2823 nostri
2707 2767 3047 2823 sermonibus
3076 2768 3313 2824 solvatur
3336 2769 3487 2840 prius
3512 2775 3571 2825 ut

1985 2863 2070 2910 est
2100 2873 2113 2909 :
2148 2855 2247 2911 Dic
2278 2855 2585 2928 iniquitates
2615 2863 2738 2911 tuas
2762 2855 2932 2927 prius,
2954 2864 3011 2911 ut
3034 2854 3363 2925 justiﬁceris.

2056 2944 2225 2999 Vens.
2261 2946 2345 2999 t7.
2378 2975 2448 2985 —
2476 2947 2547 3001 Et
2572 2946 2700 3001 dixi
2727 2945 3038 3018 discipulis.
3069 2946 3321 3001 Latenter
3366 2945 3581 3017 culpam

1985 3031 2226 3104 obliquat
2263 3033 2317 3087 in
2347 3033 2662 3105 discipulos,
2721 3049 2843 3088 cum
2897 3049 3043 3104 saepe
3071 3034 3279 3089 curatio
3307 3048 3416 3090 non
3468 3049 3569 3090 cu-

1987 3121 2241 3189 rantium,
2273 3122 2372 3177 sed
2397 3123 2753 3177 curandorum
2792 3122 3116 3193 impediatur
3143 3122 3291 3178 vitio.

2058 3211 2229 3266 Vens.
2265 3213 2351 3265 18.
2385 3241 2454 3250 -
2485 3210 2525 3266 0
2552 3212 2858 3282 generatio.
2886 3212 3009 3265 Non
3050 3210 3255 3267 homini
3305 3209 3574 3277 irascitur,

1988 3298 2087 3353 sed
2112 3298 2261 3354 vitio.
2292 3298 2415 3355 Non
2447 3299 2608 3354 taedio
2638 3297 2926 3355 affectuum
2955 3300 3060 3355 hoc
3080 3299 3229 3366 dicit,
3264 3297 3362 3354 sed
3388 3306 3446 3354 ut
3472 3314 3581 3356 me-

1988 3387 2141 3443 dicus
2167 3402 2317 3460 aegro
2346 3395 2530 3444 contra
2557 3395 2830 3458 praecepta
2867 3388 3070 3460 agenti.
3128 3387 3197 3443 Et
3248 3387 3428 3460 arguit
3479 3403 3579 3460 per

1987 3492 2154 3530 unum
2179 3475 2394 3531 Judazos
2422 3475 2828 3531 incredulitatis.

2058 3564 2229 3620 Vnus.
2266 3567 2358 3618 19.
2397 3594 2465 3604 -—
2490 3563 2697 3620 Statim
2717 3564 2972 3637 spiritus.
3007 3563 3143 3632 Quia
3169 3564 3298 3619 dum
3316 3571 3440 3636 post
3458 3580 3581 3636 pec~

1986 3659 2164 3708 catum
2190 3650 2259 3705 ad
2286 3651 2575 3706 Dominum
2604 3652 2845 3707 converti
2873 3651 3139 3717 volumus,
3171 3653 3346 3725 magis
3373 3668 3404 3706 a
3455 3652 3576 3707 dia-

1988 3740 2112 3795 bolo
2141 3739 2541 3809 impugnamur,
2570 3747 2625 3793 ut
2647 3739 2734 3794 vel
2763 3740 2995 3795 excutiat
3022 3740 3290 3806 virtutem,
3337 3740 3423 3795 vel
3453 3739 3577 3796 vin-

1987 3828 2128 3884 dicet
2149 3842 2303 3881 suam
2332 3826 2724 3898 expulsionem.

2060 3945 2228 3999 Vens.
2262 3947 2358 4001 20.
2396 3974 2465 3984 -
2492 3945 2569 4000 Ab
2595 3944 2870 4015 infantia.
2899 3943 3110 4014 (Ηιιειι.)
3140 3942 3416 4016 Significat
3435 3959 3578 4016 gen-

1986 4033 2135 4089 tilem
2162 4032 2418 4104 populum
2446 4032 2532 4087 cui
2569 4031 2840 4087 nativitate
2896 4032 3121 4088 increvit
3178 4032 3353 4088 cultus
3411 4032 3556 4089 idolo

1988 4138 2126 4188 rum,
2158 4128 2218 4176 ut
2247 4120 2405 4176 stulte
2433 4120 2733 4177 immolaret
2759 4118 2899 4177 filios
2938 4136 3066 4176 suos
3097 4120 3401 4190 daemoniis,
3430 4120 3575 4178 unde

1989 4210 2247 4283 sequitur.

2059 4323 2229 4378 Vens.
2263 4326 2358 4379 21.
2388 4351 2457 4362 -
2484 4323 2557 4378 Et
2583 4325 2911 4395 frequenter
2957 4339 3104 4389 eum,
3137 4331 3238 4378 etc.
3284 4322 3389 4378 Alii
3429 4322 3576 4378 enim

367 4425 539 4480 Vens.
572 4425 712 4478 9.—
740 4422 977 4478 Verbunt
998 4420 1431 4477 continuerunt.
1459 4418 1670 4490 (Ηιειι.)
1700 4420 1757 4475 Id
1785 4427 1885 4488 est,
1907 4428 1961 4490 D
1991 4410 2194 4483 ignem,
2251 4410 2342 4464 alii
2395 4426 2589 4483 aquam
2636 4412 3042 4466 venerabantur.
3101 4411 3334 4482 Adjuva.
3369 4411 3582 4479 (Ηιιιιι.)

302 4529 419 4570 cum
475 4513 729 4583 absorpta
782 4525 933 4566 mors
960 4508 1122 4564 fuerit
1153 4508 1206 4563 in
1235 4508 1479 4575 victoria,
1514 4524 1621 4565 non
1648 4517 1803 4565 erunt
1831 4509 1885 4563 in

300 4601 564 4657 memoria
589 4600 794 4672 priora,
828 4615 949 4656 cum
981 4596 1258 4652 abstulerit
1288 4597 1550 4653 Dominus
1579 4599 1799 4654 sordem
1828 4598 1891 4653 ﬁ-

300 4689 385 4746 liae
414 4689 564 4759 Sion,
597 4687 849 4744 auferens
869 4702 1086 4743 omnem
1105 4684 1405 4759 lacrymam
1435 4686 1505 4741 ab
1532 4685 1703 4742 oculis
1737 4703 1891 4744 sanc-

302 4786 471 4836 torum
480 4820 493 4833 .

371 4877 539 4932 Vens.
576 4877 661 4931 10.
688 4905 758 4915 —
783 4874 925 4943 Quid
965 4890 1108 4946 ergo.
1169 4872 1407 4928 Tradunt
1452 4872 1661 4940 scribae,
1695 4888 1890 4930 secun-

302 4965 426 5021 dum
456 4964 800 5030 Malachiam,
853 4963 997 5036 quod
1052 4961 1199 5017 Elias
1242 4961 1423 5017 veniet
1452 4968 1576 5017 ante
1604 4961 1891 5018 adventum

303 5054 616 5121 Salvatoris,
649 5062 702 5110 et
730 5053 949 5109 reducet
978 5051 1141 5108 corda
1186 5059 1400 5123 patrum
1431 5052 1501 5106 ad
1553 5059 1735 5122 patres
1793 5067 1892 5107 eo-

303 5160 435 5210 rum,
467 5151 518 5200 et
546 5142 792 5199 restituet
819 5141 998 5197 omnia
1025 5140 1079 5195 in
1110 5140 1384 5212 antiquum
1416 5148 1629 5195 statum.
1688 5139 1893 5195 Existi-

304 5241 447 5287 mant
472 5247 606 5304 ergo
651 5230 904 5302 discipuli
961 5231 1101 5286 hanc
1144 5226 1405 5285 adventus
1457 5228 1691 5300 gloriam
1745 5245 1893 5293 esse,

303 5338 457 5392 quam
488 5320 738 5375 viderant
769 5319 823 5373 in
854 5326 1054 5387 monte,
1088 5326 1141 5373 et
1198 5317 1385 5374 dicunt
1419 5335 1431 5371 :
1463 5317 1520 5372 Si
1558 5318 1669 5386 jam
1700 5316 1895 5374 venisti

306 5409 355 5464 in
381 5409 579 5481 gloria,
612 5424 782 5482 quare
810 5422 1119 5479 praecursor
1146 5415 1265 5462 tuus
1294 5421 1401 5462 non
1423 5415 1646 5478 apparet
1675 5406 1702 5460 ?
1728 5406 1897 5461 maxi-

306 5515 389 5555 me
408 5499 536 5572 quia
565 5498 753 5555 vident
780 5496 1078 5554 recessisse
1106 5495 1302 5552 Eliam.

376 5616 545 5673 Vnus.
580 5618 667 5671 11.
703 5644 773 5657 --
802 5614 1100 5680 Restituet,
1136 5621 1235 5671 etc.
1270 5610 1484 5670 Scilicet
1512 5616 1768 5671 converte
1807 5628 1900 5669 cor

1991 4498 2290 4555 Credulitas
2312 4507 2515 4568 nostra,
2547 4506 2603 4553 ut
2631 4506 2862 4554 rostrata
2890 4498 3071 4568 lingua
3100 4496 3310 4552 infirma
3339 4506 3442 4565 est,
3473 4498 3581 4553 nisi

1986 4587 2169 4642 innixa
2194 4586 2458 4656 adjutorio
2513 4586 2633 4642 Dei.
2698 4586 2859 4641 Fides
2918 4602 3039 4640 cum
3090 4585 3343 4658 lacrymis
3397 4594 3577 4657 optata

1987 4684 2110 4733 vota
2138 4676 2300 4747 capit,
2336 4683 2393 4730 ut
2420 4683 2503 4731 est
2538 4693 2551 4729 :
2586 4675 2715 4730 Fiat
2746 4674 2847 4730 tibi
2876 4674 3187 4731 secundum
3211 4674 3380 4745 ﬁdem
3412 4680 3572 4732 tuam

1990 4766 2214 4836 (Matth.
2240 4765 2361 4835 xv).

2062 4881 2231 4935 Vens.
2260 4881 2350 4936 25.
2384 4908 2452 4918 -
2496 4879 2844 4951 Discerpeus,
2889 4884 2992 4934 etc.
3052 4879 3265 4949 (Ηιειι.)
3318 4879 3589 4950 Discerpit

1992 4968 2240 5023 diabolus
2296 4965 2785 5037 appropinquantes
2846 4966 2912 5020 ad
2968 4966 3215 5035 salutem,
3248 4967 3393 5038 quod
3420 4974 3505 5023 est
3533 4968 3586 5023 ei

1993 5071 2119 5112 esca
2148 5055 2363 5120 dilecta,
2396 5069 2531 5126 quos
2560 5053 2616 5107 in
2647 5062 2887 5110 ventrem
2918 5050 3073 5109 suum
3112 5055 3319 5110 trahere
3372 5055 3562 5112 deside

1994 5152 2077 5199 rat
2122 5160 2219 5216 per
2276 5152 2511 5198 terrores
2567 5150 2620 5197 et
2671 5142 2883 5209 damna,
2943 5151 2998 5197 ut
3046 5143 3189 5198 Job:
3223 5145 3446 5210 Factus,
3483 5152 3585 5199 etc.

1997 5234 2178 5301 (1511).,
2209 5230 2375 5302 Rau.)
2406 5239 2509 5287 etc.
2538 5230 2745 5286 Sanatis
2766 5231 2909 5286 enim
2940 5230 3135 5286 dicitur
3164 5250 3177 5286 :
3204 5232 3408 5289 Mortui
3437 5233 3592 5288 enim

1995 5321 2130 5377 estis
2161 5325 2217 5377 et
2247 5322 2365 5376 vita
2393 5324 2579 5376 vestra
2604 5320 2931 5377 abscondita
2977 5325 3062 5376 est
3090 5337 3221 5377 cum
3270 5321 3490 5378 Christo
3530 5321 3596 5375 in

1996 5411 2105 5471 Deo
2134 5410 2273 5479 (Col.
2299 5410 2404 5479 ιιι).
2437 5409 2594 5464 Unde
2614 5407 2894 5463 infirmitas
2923 5408 3350 5465 Christianorum
3371 5423 3480 5464 non
3514 5416 3601 5462 est

1998 5513 2166 5564 mors,
2202 5497 2299 5553 sed
2319 5496 2505 5552 mortis
2534 5496 2846 5553 similitudo.

2078 5615 2246 5671 Vens.
2278 5618 2366 5671 28.
2404 5644 2471 5655 -
2491 5615 2599 5672 Hoc
2620 5630 2794 5686 genus
2816 5614 2877 5670 in
2898 5614 3075 5671 nullo.
3116 5610 3339 5682 (Ηιιςιι.)
3369 5605 3597 5663 Stultitia
