4006 6178
351 220 459 278 215

926 211 1332 273 WALAFRIDI
1369 210 1614 271 STRABI
1649 208 1849 269 FULD.
1888 205 2064 265 MON.
2106 203 2260 263 OPP.
2300 204 2479 264 PARS
2515 206 2558 261 Ι.
2598 234 2667 249 -
2702 203 3173 263 THEOLOGICA.

3541 210 3648 264 216

349 344 424 403 ad
447 341 710 402 luxuriam
755 340 933 399 carnis
976 341 1208 413 pertinet
1251 348 1304 396 et
1343 338 1545 409 jejunio
1592 344 1825 393 sanatur.
1867 336 1949 390 Ira
1968 334 2026 395 A
2048 339 2203 404 parte
2230 331 2393 387 habet
2418 332 2732 402 arcendum,
2762 332 2858 388 sed
2889 331 2957 387 ad
2985 332 3089 388 hoc
3114 329 3295 402 potius
3340 329 3486 403 quod
3536 345 3647 387 non

355 442 411 491 et
452 431 671 506 ignavia
718 431 964 487 oratione
1015 430 1329 501 depellitur.
1367 426 1629 484 Medicina
1691 426 1949 497 cujusque

354 520 591 578 vulneris
622 519 927 576 adhibenda
947 516 1030 574 est
1056 518 1125 574 ei.
1182 518 1304 572 Non
1349 524 1499 570 sanat
1545 514 1756 570 oculum
1804 513 1950 585 quod

354 609 687 675 calcaneum,
711 608 915 677 jejunio
943 606 1227 679 passiones
1266 604 1528 675 corporis,
1575 602 1816 659 oratione
1853 618 1948 657 sa-

356 704 554 756 nantur
578 704 764 770 pestes
790 696 1007 753 mentis.

430 813 600 869 Vnus.
634 813 721 867 30.
752 841 822 852 —
856 810 1121 867 Occident
1149 826 1298 878 eum,
1318 816 1420 864 etc.
1452 806 1732 879 Prosperis
1758 806 1953 863 miscet

361 900 551 969 tristia,
582 908 639 957 ut
666 916 790 956 cum
818 899 1082 965 venerint,
1114 913 1223 954 non
1260 896 1722 969 imprameditatis
1774 896 1951 951 feran-

361 996 445 1048 tur
471 988 684 1045 animis.
716 988 773 1043 Si
800 987 1076 1044 contristat
1115 1002 1229 1053 eos,
1290 986 1413 1059 quia
1469 985 1796 1041 occidendus
1850 993 1949 1055 est,

357 1077 523 1136 debet
547 1075 815 1134 latiﬁcare
844 1076 967 1149 quia
995 1075 1083 1131 die
1115 1076 1269 1131 tertia
1297 1082 1693 1132 resurrecturus
1725 1082 1825 1130 est.
1912 1126 1919 1131 .

432 1193 605 1250 Vnus.
634 1194 723 1247 3t.
755 1221 826 1232 —
855 1191 1229 1263 Ignorabant.
1261 1190 1504 1246 Nontam
1533 1188 1738 1260 ingenii
1790 1188 1956 1245 tardi-

364 1288 472 1341 tate
495 1296 655 1354 quam
681 1295 885 1347 amore,
936 1279 1060 1351 quia
1095 1279 1267 1334 Deum
1321 1294 1510 1334 verum
1563 1285 1952 1349 cognoverunt,

362 1370 675 1426 moriturum
703 1368 928 1426 credere
958 1367 1271 1440 nequibant.
1304 1367 1373 1421 Et
1420 1367 1543 1438 quia
1586 1366 1665 1422 eis
1712 1367 1766 1421 in
1813 1364 1955 1438 ﬁgu-

360 1457 442 1514 ris
468 1456 616 1532 loqui
662 1464 1075 1523 consueverunt,
1116 1456 1397 1511 horrentes
1442 1456 1556 1525 ejus
1604 1463 1851 1524 mortem,
1901 1455 1957 1510 in

363 1547 454 1605 his
480 1562 694 1620 quoque
719 1562 841 1603 eum
870 1546 1017 1617 loqui
1045 1543 1269 1617 ﬁgurate
1301 1545 1574 1615 putabant.

435 1662 609 1719 Vnns.
640 1664 729 1719 32.
755 1689 826 1702 —-
858 1659 1274 1732 Capharnaum.
1308 1658 1521 1731 (Ηιειι.)
1550 1658 1688 1716 Villa
1717 1658 1961 1715 consola-

366 1750 529 1808 tionis
562 1766 577 1805 :
608 1748 855 1821 congruit
899 1748 1170 1819 pradicta
1208 1748 1489 1804 sententia
1542 1766 1555 1803 :
1603 1749 1830 1804 Occisus
1878 1749 1966 1803 die

373 1840 550 1897 tertia
575 1841 829 1911 resurget
858 1837 1048 1908 (Joan.
1087 1836 1216 1908 xu).
1253 1835 1491 1892 Granum
1517 1835 1770 1892 frumenti
1805 1836 1968 1892 mori-

372 1934 477 1999 tur,
508 1934 566 1983 ut
592 1924 938 1998 multiplicius
970 1924 1252 1996 colligatur
1283 1943 1297 1980 :
1346 1925 1392 1979 si
1429 1941 1538 1980 non
1583 1926 1822 1991 moritur,
1874 1940 1967 1980 so—

374 2014 486 2073 lum
515 2024 714 2071 manet.
751 2015 893 2083 Quid
918 2016 983 2070 in
1008 2016 1118 2081 via,
1160 2022 1263 2069 etc.
1320 2014 1380 2068 In
1425 2013 1512 2068 via
1550 2014 1846 2069 tractabant
1901 2014 1970 2069 de

375 2103 679 2177 principatu
713 2122 727 2160 :
760 2102 951 2159 similis
978 2102 1289 2159 tractatione
1308 2101 1448 2158 loco.
1472 2102 1806 2174 Principatus
1825 2102 1972 2157 enim

379 2192 774 2265 viingreditur,
805 2191 886 2249 sic
913 2192 1198 2258 deseritur,
1229 2199 1280 2245 ct
1310 2192 1437 2245 dum
1483 2198 1690 2246 tenetur
1733 2189 1925 2245 labitur
1954 2210 1968 2247 :

376 2288 432 2339 et
460 2281 721 2338 incertum
770 2279 826 2334 in
874 2297 979 2352 qua
1018 2280 1320 2347 mansione,
1375 2278 1436 2334 id
1485 2287 1584 2347 est,
1642 2279 1694 2333 in
1727 2295 1830 2352 qua
1884 2278 1972 2336 die

378 2366 613 2437 ﬁniatur;
641 2368 786 2425 unde
815 2368 945 2425 dicit
978 2387 992 2425 :
1027 2369 1132 2436 Qui
1161 2371 1285 2425 vult
1310 2384 1428 2426 esse
1450 2370 1694 2441 primus,
1726 2375 1827 2424 etc.

448 2483 620 2540 Vnus.
656 2486 744 2538 33.
765 2512 833 2523 —
866 2484 1023 2539 Inter
1042 2499 1099 2539 se
1120 2483 1571 2556 disputaverunt.
1596 2483 1817 2554 (ΒΕοΑ.)
1838 2482 1976 2539 Hinc

380 2578 565 2630 exorta
602 2570 815 2627 videtur
856 2570 1164 2641 disputatio,
1213 2571 1339 2643 quia
1386 2570 1630 2626 viderant
1666 2572 1878 2627 Petrum
1924 2579 1975 2626 et

377 2660 640 2716 Iacobum
668 2667 721 2715 et
747 2660 1009 2714 Joannem
1064 2675 1308 2715 seorsum
1362 2659 1551 2714 ductos
1606 2659 1661 2713 in
1715 2666 1973 2728 montem,

372 2756 426 2805 et
446 2748 664 2820 aliquod
692 2754 958 2803 secretum
1006 2746 1082 2801 ibi
1110 2763 1233 2803 esse
1293 2747 1555 2803 creditum
1612 2747 1711 2813 eis,
1770 2748 1867 2803 sed
1925 2755 1977 2803 et

382 2836 563 2903 Petro,
594 2835 733 2892 sicut
758 2835 1035 2891 Matthaus
1089 2835 1236 2902 dicit,
1298 2836 1478 2891 claves
1533 2836 1690 2907 regni
1720 2836 1977 2892 calorum

379 2924 701 2998 promissas,
745 2931 797 2979 et
826 2922 1131 2980 Ecclesiam
1169 2940 1348 2995 super
1402 2933 1608 2996 petram
1638 2924 1781 2991 ﬁdei,
1814 2941 1846 2980 a
1876 2943 1979 2997 qua

378 3014 500 3086 ipse
526 3028 725 3070 nomen
753 3012 1039 3084 acceperit,
1085 3011 1478 3069 aediﬁcandam.
1538 3014 1797 3069 Putabant
1845 3030 1977 3086 ergo

383 3102 472 3159 vel
498 3101 621 3159 illos
653 3110 760 3159 tres
788 3102 1014 3171 cateris,
1050 3102 1137 3159 vel
1166 3102 1418 3158 omnibus
1442 3098 1656 3159 Petrum
1688 3118 1811 3159 esse
1837 3120 1975 3175 pra-

378 3190 563 3249 latum.

449 3306 622 3364 Vnus.
648 3307 735 3363 34.
768 3334 836 3348 -
866 3308 938 3364 Et
961 3308 1237 3374 residens,
1271 3314 1373 3364 etc.
1408 3307 1489 3362 Illi
1520 3314 1709 3365 euntes
1737 3307 1976 3379 disputa-

378 3394 507 3451 bant
527 3395 595 3452 de
623 3394 943 3468 principatu,
994 3405 1045 3451 et
1091 3397 1208 3467 ipse
1255 3397 1454 3452 sedens
1500 3396 1657 3452 docet
1701 3396 1975 3451 humilita-

384 3490 515 3540 tem.
573 3483 854 3557 Principes
898 3483 1043 3540 enim
1090 3484 1351 3549 laborant,
1398 3484 1629 3540 humiles
1675 3485 1976 3557 quiescunt.

380 3572 722 3630 Desiderium
754 3575 941 3646 gloria
969 3574 1081 3631 vult
1111 3573 1407 3629 humilitate
1455 3589 1663 3642 sanare,
1707 3582 1760 3630 et
1803 3574 1979 3645 primo

384 3661 616 3734 simplici
653 3672 837 3720 monet
889 3662 1137 3737 imperio,
1199 3677 1325 3718 mox
1378 3662 1703 3720 innocentia
1757 3662 1980 3735 puerilis

385 3751 656 3823 exemplo.

457 3866 630 3924 Vnus.
664 3870 753 3924 35.
777 3896 846 3909 —
869 3869 1224 3941 Complexus.
1242 3866 1518 3939 Signiﬁcat
1534 3867 1765 3923 humiles
1785 3867 1982 3939 dignos

383 3969 508 4012 esse
536 3971 636 4012 suo
666 3956 969 4027 complexu,
1002 3956 1094 4027 qui
1119 3956 1237 4024 jure
1263 3963 1492 4026 possunt
1519 3954 1736 4026 gloriari
1789 3964 1839 4011 et
1894 3956 1982 4009 di-

387 4057 513 4099 cere
543 4061 557 4098 :
587 4045 750 4099 Lava
778 4045 897 4115 ejus
928 4044 1028 4101 sub
1057 4046 1243 4114 capite
1272 4059 1413 4109 meo,
1455 4048 1513 4098 et
1541 4043 1781 4100 dextera
1822 4045 1984 4100 illius

387 4131 816 4203 amplexabitur
843 4146 934 4187 me
964 4130 1154 4201 (Cant.
1216 4130 1299 4201 ιι).

463 4244 634 4302 Vnus.
667 4247 755 4301 36.
784 4274 854 4286 —
884 4246 1142 4319 Quisquis
1171 4260 1371 4302 unum.
1404 4243 1504 4302 Vel
1520 4244 1832 4317 simpliciter
1856 4261 1987 4317 pau-

393 4349 554 4408 peres
600 4333 796 4391 Christi
843 4334 912 4390 ab
954 4334 1039 4390 his
1079 4335 1170 4407 qui
1210 4333 1377 4391 velint
1423 4350 1546 4391 esse
1589 4335 1841 4405 majores,
1889 4350 1987 4407 pro

389 4424 505 4493 ejus
560 4424 765 4482 honore
817 4422 1051 4481 ostendit
1106 4440 1229 4479 esse
1276 4423 1642 4495 recipiendos.
1686 4424 1785 4480 Vel
1834 4424 1984 4495 ipsos
2011 4417 2065 4479 D

390 4512 590 4569 malitia
640 4511 894 4586 parvulos
941 4527 1066 4570 esse
1104 4512 1308 4582 suadet,
1358 4520 1416 4568 ut
1470 4518 1719 4584 tanquam
1774 4512 1994 4583 parvuli

392 4600 668 4673 simplices
698 4601 821 4656 sint.
854 4605 925 4658 Et
954 4604 1289 4676 quicunque.
1323 4599 1461 4671 Quia
1491 4601 1546 4655 in
1574 4600 1757 4672 pueris
1797 4618 1856 4656 se
1901 4617 1987 4657 re-

394 4687 503 4760 cipi
555 4687 803 4754 docebat,
851 4698 907 4744 ut
962 4698 1121 4762 caput
1160 4690 1216 4745 in
1272 4689 1549 4759 membris,
1595 4705 1664 4745 ne
1718 4697 1987 4762 putaretur

394 4790 499 4833 noc
520 4775 694 4833 solum
722 4791 847 4833 esse
875 4778 1018 4849 quod
1047 4777 1347 4851 videbatur,
1396 4777 1634 4849 adjunxit
1666 4797 1678 4833 :
1736 4780 1807 4834 Et
1857 4781 1984 4853 qui-

394 4879 614 4939 cunque
642 4880 733 4924 me
760 4867 1090 4937 susceperit,
1116 4874 1218 4922 etc.

463 4979 637 5036 Vnus.
668 4981 763 5036 3'7.
802 5009 871 5021 -
899 4980 1201 5053 Respondit
1215 4982 1333 5038 illi.
1376 4979 1513 5050 Quia
1545 4981 1750 5037 dixerat
1780 4998 1793 5037 :
1827 4982 1986 5049 Quis-

392 5069 519 5139 quis
547 5084 731 5125 unum
759 5084 834 5126 ex
866 5069 1187 5142 hujusmodi
1217 5071 1412 5143 pueris
1446 5074 1736 5144 receperit,
1770 5087 1859 5128 me
1890 5088 1985 5128 re-

392 5157 551 5228 cipit,
614 5155 865 5229 intelligit
890 5157 1128 5213 Joannes
1184 5159 1328 5230 quod
1381 5159 1435 5213 in
1461 5159 1677 5215 nomine
1736 5160 1851 5229 ejus
1894 5175 1989 5217 eos

395 5258 507 5300 non
559 5243 840 5316 recipiant,
894 5245 985 5318 qui
1041 5261 1150 5303 non
1208 5246 1419 5303 sincere
1475 5247 1797 5315 ambulant;
1845 5248 1989 5304 unde

389 5332 464 5388 ait
494 5347 509 5388 :
543 5331 821 5405 Magister,
854 5334 1097 5392 vidimus
1126 5334 1441 5408 quemdam.
1476 5333 1642 5405 Quasi
1671 5335 1813 5393 dicat
1844 5355 1857 5390 :
1889 5335 1987 5391 Hic

387 5417 444 5476 in
473 5419 694 5478 nomine
722 5428 812 5479 tuo
839 5437 947 5479 non
984 5422 1146 5479 debet
1200 5422 1418 5495 suscipi.
1480 5425 1547 5481 Et
1602 5425 1987 5498 prohibuimus

390 5524 541 5567 eum.
572 5509 779 5568 Putavit
809 5526 932 5567 eum
989 5510 1382 5569 excludendum
1412 5528 1442 5567 a
1465 5512 1728 5571 beneficio
1759 5513 1849 5586 qui
1880 5529 1987 5570 non

387 5597 550 5657 utitur
577 5597 773 5669 cilicio,
806 5599 903 5659 sed
930 5600 1153 5659 docetur
1181 5601 1452 5661 neminem
1484 5618 1514 5659 a
1541 5603 1685 5661 bono
1731 5602 1875 5676 quod
1923 5619 1989 5660 ex

2048 421 2210 477 habet
2233 421 2638 492 provocandam
2669 439 2683 476 :
2717 422 2860 477 unde
2891 439 2905 477 :
2936 422 3119 477 Nolite
3144 420 3459 492 prohibere.

2123 536 2293 591 Vsus.
2328 539 2415 591 38.
2448 566 2516 575 —
2536 535 2718 592 Nolite
2734 536 3043 609 prohibere.
3063 534 3286 607 (BEDA.)
3305 533 3447 591 Hinc
3464 536 3646 606 Apos-

2050 623 2189 681 tolus
2225 644 2238 680 :
2263 626 2367 681 Sed
2385 627 2500 681 sive
2527 626 2815 682 occasione
2831 626 2945 680 sive
2988 626 3227 681 veritate
3260 622 3518 680 Christus
3547 640 3648 679 an-

2051 716 2377 783 nuntietur,
2409 722 2537 782 etc.,
2568 730 2741 787 usque
2769 714 2842 770 ad
2871 713 3125 769 detestari
3157 720 3209 769 et
3239 711 3529 785 prohibere
3557 712 3646 772 de-

2053 802 2266 858 bemus.
2587 808 2593 813 ’
2611 825 2615 828 ’

2124 909 2297 965 Vens.
2333 911 2421 964 41.
2453 939 2522 949 -
2553 910 2624 965 Et
2653 911 2902 982 quisquis
2933 908 3429 966 scandalizaverit.
3466 907 3650 978 Quan-

2052 1013 2212 1069 quam
2256 998 2359 1053 hoc
2412 997 2665 1071 generale
2724 998 2810 1065 sit,
2867 1004 3044 1070 potest
3099 1004 3279 1053 tamen
3353 997 3651 1054 secundum

2056 1086 2505 1158 consequentiam
2535 1086 2805 1142 sermonis
2834 1094 3021 1143 contra
3048 1086 3321 1159 apostolos
3375 1085 3503 1152 dici,
3562 1085 3657 1159 qui

2053 1175 2122 1230 de
2148 1174 2376 1246 primatu
2432 1175 2782 1246 disputabant
2824 1182 2878 1231 et
2904 1190 2999 1232 eos
3029 1190 3165 1247 quos
3194 1175 3265 1230 ad
3294 1172 3457 1230 ﬁdem
3485 1189 3654 1233 voea-

2056 1264 2202 1329 bant,
2236 1264 2483 1335 exemplo
2532 1280 2629 1319 suo
2682 1264 2911 1336 perdere
2967 1271 3232 1336 poterant.
3262 1263 3483 1335 (BanA.)
3513 1264 3655 1320 Nota

2058 1352 2201 1423 quod
2231 1351 2286 1406 in
2314 1352 2457 1408 bono
2485 1368 2650 1423 Opere
2678 1361 2863 1409 nostro
2912 1352 3199 1427 aliquando
3244 1352 3543 1408 cavendum
3572 1359 3657 1408 est

2056 1440 2366 1495 scandalum
2419 1441 2684 1511 proximi,
2734 1440 3020 1514 aliquando
3077 1457 3175 1513 pro
3231 1440 3399 1496 nihilo
3453 1440 3657 1498 haben-

2061 1529 2234 1583 dum:
2270 1529 2326 1583 in
2362 1537 2618 1601 quantum
2671 1530 2789 1586 sine
2842 1538 3066 1601 peccato
3122 1546 3431 1602 possumus,
3484 1528 3656 1586 vitare

2061 1616 2435 1689 proximorum
2460 1619 2775 1675 scandalum
2804 1619 3090 1676 debemus.
3131 1618 3188 1674 Si
3230 1627 3407 1675 autem
3433 1633 3534 1689 pro
3561 1634 3658 1674 ve-

1982 1695 2038 1756 B
2064 1706 2217 1762 ritate
2255 1706 2571 1764 scandalum
2630 1707 2873 1780 sumitur,
2931 1706 3113 1763 utilius
3162 1706 3315 1763 nasci
3340 1705 3660 1779 permittitur

2066 1811 2227 1868 quam
2247 1796 2448 1852 veritas
2470 1796 2823 1869 relinquatur.

2134 1885 2277 1941 Mala
2311 1887 2587 1941 asinaria.
2644 1884 2857 1957 (Ηιειι.)
2914 1884 3221 1941 Secundum
3270 1899 3476 1940 morem
3526 1898 3660 1957 pro-

2067 1971 2278 2039 vincia,
2311 1981 2438 2044 etc.,
2470 1990 2643 2046 usque
2671 1974 2745 2030 ad
2774 1973 3101 2031 tolerabilior
3125 1980 3395 2047 utcunque
3429 1989 3550 2031 eum
3579 1972 3665 2032 in-
3742 1980 3759 1991 ‘

2066 2059 2205 2117 ferni
2231 2078 2391 2132 pana
2419 2062 2702 2118 cruciaret.

2137 2177 2309 2231 Vnus.
2342 2178 2431 2233 42.
2462 2206 2532 2217 -
2576 2180 2649 2233 Et
2696 2179 2747 2233 si
2791 2178 3283 2235 scandalizaverit.
3314 2176 3455 2247 Quia
3505 2192 3667 2249 supra

2068 2265 2267 2331 docuit,
2302 2281 2372 2321 ne
2430 2265 2856 2323 scandalizemus
2915 2283 3011 2324 eos
3053 2266 3145 2339 qui
3181 2266 3404 2322 credunt
3430 2266 3487 2322 in
3515 2282 3663 2333 eum,

2070 2354 2324 2410 admonet
2354 2362 2611 2425 quantum
2637 2356 2899 2412 debemus
2929 2372 3025 2412 eos
3057 2370 3249 2412 cavere
3281 2355 3373 2428 qui
3430 2355 3666 2411 scanda-

2070 2450 2249 2507 lizant.
2296 2442 2601 2503 Σκάνδαλον
2646 2452 2837 2508 Graec
2869 2451 3253 2508 oﬂ'endiculum
3279 2452 3368 2509 vel
3397 2453 3553 2508 ruina
3576 2451 3670 2509 vel

2070 2540 2324 2610 impactio
2344 2542 2519 2612 pedis.
2544 2542 2663 2608 Vel,
2686 2549 2745 2596 ut
2771 2541 2883 2608 alii,
2907 2541 3217 2612 scrupulus.
3235 2540 3330 2596 Ille
3345 2556 3481 2615 ergo
3509 2556 3670 2597 scan-

2074 2628 2276 2684 dalizat
2330 2629 2550 2685 fratrem
2589 2629 2680 2701 qui
2719 2630 2769 2685 ei
2820 2630 2963 2685 dicto
3011 2630 3097 2685 vel
3155 2629 3297 2686 facto
3334 2629 3680 2686 occasionem

2075 2717 2243 2773 ruina
2282 2718 2506 2788 prabet.
2552 2720 2750 2774 Manus
2804 2722 2922 2774 tua.
2959 2718 3199 2784 Amicus,
3250 2718 3400 2787 cujus
3445 2733 3549 2789 ope
3615 2726 3671 2775 et

2073 2806 2300 2861 consilio
2328 2806 2636 2877 indigemus
2664 2806 2923 2879 quotidie.
2960 2806 3068 2861 Sed
3123 2806 3169 2861 si
3224 2804 3313 2861 hic
3360 2806 3558 2862 ladere
3614 2806 3671 2861 in

2076 2909 2238 2949 causa
2298 2895 2496 2955 animae
2549 2894 2793 2960 voluerit,
2847 2893 3217 2952 excludendus
3260 2902 3344 2949 est
3408 2908 3441 2950 a
3487 2900 3675 2951 nostra

2077 2982 2353 3049 societate,
2378 3000 2447 3039 ne
2474 2983 2520 3038 si
2541 2999 2662 3039 cum
2682 2983 2892 3054 perdito
2922 2984 2978 3037 in
2998 2984 3100 3040 hac
3116 2981 3225 3039 vita
3240 2989 3451 3055 partem
3468 2983 3672 3040 habere

1997 3057 2047 3120 Ο
2076 3071 2342 3135 volumus,
2377 3071 2539 3127 simul
2569 3087 2694 3128 cum
2721 3070 2812 3127 illo
2842 3088 3155 3143 pereamus.

2145 3161 2322 3228 Quam
2352 3161 2493 3217 duas
2521 3178 2749 3218 manus.
2783 3160 2993 3232 (Ηιειι.)
3025 3162 3158 3215 Dua
3186 3175 3381 3215 manus
3398 3157 3665 3231 principa-

2073 3257 2179 3315 tus,
2213 3250 2484 3304 humilitas
2514 3258 2567 3305 et
2589 3248 2870 3321 superbia.
2908 3248 3152 3305 Absinde
3183 3247 3513 3320 superbiam,
3546 3255 3674 3306 tene

2072 3338 2276 3395 humile
2294 3337 2679 3409 principatum.

2152 3452 2322 3506 Vsus.
2358 3452 2445 3505 43.
2478 3480 2547 3490 -
2581 3451 2676 3508 Ubi
2704 3451 2929 3507 vermis.
2962 3449 3183 3523 (BEDA.)
3212 3451 3373 3508 Fetor
3401 3450 3671 3509 vermium

2078 3540 2148 3595 de
2177 3539 2519 3610 corruptione
2547 3539 2728 3594 carnis
2759 3547 2812 3595 et
2838 3539 3140 3611 sanguinis,
3168 3539 3402 3613 ideoque
3427 3554 3556 3597 caro
3576 3554 3671 3595 re-

2084 3643 2215 3685 cens
2245 3629 2356 3685 sale
2385 3628 2651 3695 conditur,
2684 3636 2742 3683 ut
2771 3628 3043 3685 exsiccato
3088 3630 3316 3685 humore
3345 3628 3669 3701 sanguineo,

2080 3717 2285 3773 vermis
2315 3733 2437 3773 esse
2466 3724 2716 3790 nequeat.
2751 3717 2887 3773 Caro
2918 3733 3052 3789 ergo
3083 3726 3135 3774 et
3178 3717 3401 3792 sanguis
3455 3733 3673 3776 vermes

2078 3814 2280 3876 creant,
2336 3806 2464 3879 quia
2506 3806 2790 3862 delectatio
2838 3806 3072 3863 carnalis
3119 3806 3207 3863 cui
3266 3805 3675 3864 condimentum

2082 3894 2428 3951 continentia
2456 3910 2567 3949 non
2595 3895 2814 3966 resistit,
2847 3911 3062 3966 poenam
3102 3894 3392 3951 luxuriosis
3445 3905 3679 3969 generat

2083 3991 2362 4038 aeternam.
2385 3982 2659 4039 Debemus
2682 4000 2814 4054 ergo
2844 4000 3041 4055 corpus
3081 3982 3426 4040 continentia
3455 3984 3591 4050 sale,
3624 3993 3681 4041 et

2084 4078 2321 4126 mentem
2349 4071 2697 4127 condimento
2725 4072 3007 4144 sapientia
3034 4073 3104 4128 ab
3147 4072 3345 4129 erroris
3401 4078 3456 4129 et
3511 4072 3678 4130 vitio-

2084 4174 2200 4215 rum
2226 4158 2350 4215 labe
2379 4159 2668 4232 castigare.

2156 4273 2333 4329 Vens.
2374 4275 2463 4329 48.
2496 4303 2564 4314 -
2595 4274 2788 4331 Omnis
2818 4276 2973 4331 enim
2999 4275 3145 4347 igne.
3173 4274 3315 4343 Quia
3342 4274 3501 4331 tertio
3519 4289 3684 4331 men-

2085 4360 2288 4417 tionem
2311 4360 2435 4418 fecit
2454 4362 2598 4433 ignis
2620 4370 2672 4419 et
2687 4363 2906 4431 vannis,
2928 4363 3164 4420 ostendit
3185 4364 3458 4435 quomodo
3477 4371 3686 4419 utrum-

2087 4466 2194 4522 que
2221 4450 2501 4507 valeamus
2528 4450 2718 4508 vitare.
2752 4452 2943 4508 Omnis
2965 4452 3119 4509 enim
3146 4452 3295 4524 igne,
3319 4451 3456 4508 mire
3477 4452 3685 4508 dictum

2087 4538 2383 4607 estzQuod
2403 4539 2549 4595 enim
2586 4540 2701 4595 sale
2724 4539 2936 4609 salitur,
2971 4539 3175 4597 vermis
3213 4539 3558 4612 putredinem
3596 4554 3699 4596 ar-

2086 4635 2189 4684 cet.
2224 4627 2384 4697 Quod
2414 4644 2543 4708 vero
2572 4627 2720 4700 igne,
2778 4628 2835 4685 id
2861 4636 2943 4684 est
2966 4671 2979 4694 ,
3037 4628 3093 4683 in
3119 4628 3280 4700 igne,
3311 4643 3535 4701 asperso
3568 4627 3693 4686 sale

2088 4731 2309 4773 carnem
2365 4733 2579 4790 quoque
2606 4717 2896 4774 consumit.
2925 4717 3053 4774 Hac
3082 4717 3381 4774 secundum
3415 4717 3596 4790 legem
3625 4717 3688 4774 in

2087 4806 2279 4862 hostiis
2308 4804 2505 4861 fiebant
2535 4822 2655 4878 qua
2708 4805 2765 4861 in
2818 4805 2970 4861 altari
3023 4806 3427 4872 cremabantur,
3486 4805 3576 4862 ubi
3625 4792 3700 4863 in.

2086 4894 2233 4963 omni
2287 4894 2502 4951 victima
2563 4902 2616 4950 ct
2676 4893 2945 4951 sacriﬁcio
3004 4895 3086 4950 sal
3140 4893 3323 4951 oﬂ‘erri
3349 4902 3689 4967 praeceptum

2088 4990 2190 5039 est.
2225 4983 2418 5039 Omnis
2448 4983 2680 5040 victima
2710 4984 2829 5039 sale
2857 4983 3118 5039 satietur.
3141 4982 3234 5040 llle
3254 4982 3397 5041 enim
3416 4998 3542 5041 vere
3571 4983 3695 5040 Do-

2087 5070 2219 5127 mini
2249 5070 2468 5127 victima
2494 5079 2576 5126 est
2606 5070 2697 5144 qui
2728 5086 2925 5143 corpus
2954 5079 3009 5128 et
3043 5072 3302 5140 animam,
3334 5080 3463 5140 etc.,
3506 5088 3692 5145 usque

2087 5160 2159 5216 ad
2184 5159 2412 5216 dilectos
2442 5167 2494 5215 et
2521 5158 2799 5230 proximos
2827 5160 2986 5216 nobis
3015 5160 3310 5233 abnegare.
3347 5161 3540 5218 Omnis
3564 5161 3692 5217 vic-

2091 5251 2232 5304 tima
2260 5248 2378 5305 sale
2389 5249 2649 5305 salietur.
2673 5248 2885 5321 (Ηιειι.)
2911 5248 3144 5307 Victima
3167 5266 3343 5322 genus
3360 5250 3689 5318 humanum,

2088 5336 2234 5409 quod
2262 5336 2351 5393 hic
2376 5336 2653 5408 sapientia
2683 5337 2796 5393 sale
2819 5338 2907 5394 vel
2936 5337 3144 5395 ratione
3166 5338 3376 5406 salitur,
3400 5338 3530 5393 dum
3558 5352 3696 5395 cor-

2087 5425 2266 5496 ruptio
2295 5426 2595 5498 sanguinis,
2627 5424 2870 5482 custodia
2901 5426 3219 5499 putredinis,
3251 5434 3305 5483 et
3332 5434 3508 5483 mater
3551 5441 3692 5482 ver-

2087 5514 2255 5569 mium
2282 5514 2368 5570 hic
2401 5515 2752 5583 consumitur,
2786 5524 2837 5570 et
2867 5524 2991 5587 post
3019 5515 3331 5589 purgatorio
3385 5516 3512 5590 igne
3545 5529 3693 5571 exa-

2090 5602 2398 5662 minabitur.
