3932 6178
208 228 313 286 217
1013 222 1283 282 GLOSSA
1320 223 1731 283 ORDINARIA.
1770 251 1841 270 -
1875 221 2143 283 EVANG.
2182 223 2420 284 MARCI.
3406 234 3512 289 218

281 351 458 409 Vens.
500 350 592 406 £9.
626 379 696 392 —
726 349 877 419 Quod
903 349 955 405 si
981 350 1088 417 sal,
1123 356 1226 406 etc.
1250 349 1312 405 ld
1340 358 1441 422 est,
1475 351 1520 406 si
1555 350 1677 424 quis
1708 367 1802 407 se-
1822 350 1881 413 Α
1910 349 2207 407 Salvatoris
2237 349 2513 421 benedici,
2546 350 2645 408 sed
2683 350 2925 408 nondum
2967 350 3186 424 plenam
3211 351 3378 410 ﬁdem
3404 354 3513 410 ha-

210 439 321 497 mel
378 438 748 497 condimentis
802 437 1048 495 veritatis
1102 437 1341 495 refectus
1384 439 1454 495 ad
1482 439 1811 511 apostasiam
1919 440 2113 495 bentes
2141 440 2408 511 putabant
2453 456 2577 495 eum
2635 455 2790 497 more
2836 440 3119 497 hominum
3166 440 3511 499 offerentium

207 528 445 587 redierit
476 545 490 583 :
516 541 626 600 quo
655 525 764 582 alio
792 525 1019 583 doctore
1035 526 1352 599 corrigitur,
1385 528 1477 600 qui
1505 543 1623 583 eam
1656 543 1818 601 quam
1920 526 2326 599 importunitate
2353 528 2568 584 lassari.

208 616 455 692 gustavit
485 615 829 688 sapientiam,
876 614 966 672 vel
998 615 1246 672 adversis
1275 616 1515 684 territus,
1548 617 1635 673 vel
1650 633 1817 688 pros-
1989 616 2143 671 Vens
2174 617 2261 672 14.
2294 646 2364 657 -
2402 618 2624 673 Talium
2678 618 2834 673 enim
2887 622 2973 674 est
3014 633 3256 691 regnum
3282 619 3512 675 Dei.'l‘a-

211 704 366 779 peris
396 705 614 763 illectus
642 703 849 776 respuit
876 704 906 760 7
933 703 1091 761 Unde
1144 724 1158 760 :
1211 706 1342 774 Quis
1370 705 1686 761 medebitur
1718 706 1817 760 in-
1918 703 2048 759 lium
2077 703 2442 776 signiﬁcanter
2470 704 2619 775 dicit,
2677 722 2787 762 non
2839 706 3093 763 istorum.
3134 706 3303 776 Quasi
3324 707 3466 763 dicat
3495 724 3511 762 :

208 796 507 852 eantatori
535 812 572 851 a
600 797 859 867 serpente
884 795 1195 866 percusso?
1223 794 1419 865 (Eccli.
1451 794 1581 865 xu.)
1624 796 1685 849 In
1712 794 1819 850 hoc
1918 793 2100 849 Mores
2127 800 2375 864 regnant,
2407 809 2517 849 non
2544 801 2694 850 aetas.
2753 794 2850 849 His
2892 794 3224 866 promittitur
3277 811 3512 871 regnum

204 883 408 939 ludam
439 890 495 939 et
524 880 705 938 socios
737 881 857 952 ejus
889 880 1206 954 signiﬁcare
1257 881 1510 949 creditur,
1555 882 1647 955 qui
1673 882 1817 954 phy-
1918 882 2177 937 caelorum
2207 882 2298 955 qui
2320 881 2551 938 similem
2579 883 2780 939 habent
2812 883 3213 954 simplicitatem
3250 892 3305 941 et
3348 884 3513 941 inno-

202 970 462 1045 largyria
486 977 800 1042 corruptus,
834 978 890 1024 et
925 970 1286 1041 apostolatum
1331 971 1586 1043 perdere,
1619 978 1672 1026 et
1701 972 1817 1027 Do-
1918 971 2174 1041 centiam,
2206 970 2399 1043 quibus
2448 971 2698 1045 congruit
2725 971 2858 1027 illud
2898 972 3194 1043 apostolis:
3232 974 3416 1031 Nolite
3435 977 3515 1046 ef-

203 1061 422 1116 minum
440 1059 665 1115 tradere
693 1073 805 1115 non
836 1057 1123 1114 dubitavit.
1149 1059 1290 1129 Quia
1310 1067 1492 1116 autem
1508 1066 1633 1114 sunt
1660 1060 1817 1116 multi
1916 1059 2013 1128 ﬁci
2051 1061 2280 1132 parvuli
2319 1059 2591 1128 sensibus,
2652 1061 2750 1117 sed
2794 1061 3024 1118 malitia
3062 1063 3293 1136 parvuli
3334 1065 3511 1120 estote

204 1164 349 1224 quos
366 1148 503 1205 dum
530 1148 703 1219 major
732 1146 961 1204 scientia
1009 1147 1198 1220 erigit,
1263 1148 1334 1205 ab
1362 1148 1591 1204 aliorum
1635 1147 1818 1205 socie-
1917 1149 1973 1219 (Ι
1986 1148 2106 1204 Cor.
2140 1149 2287 1219 xxv.)

205 1246 317 1296 tate
348 1236 635 1311 disjungit,
692 1243 747 1293 et
775 1250 882 1308 quo
909 1235 1035 1307 plus
1081 1237 1323 1308 sapiunt,
1357 1252 1423 1294 eo
1470 1236 1592 1309 plus
1622 1251 1656 1291 a
1677 1251 1817 1293 con-
1987 1236 2160 1292 Vens.
2196 1238 2284 1292 15.
2324 1266 2394 1277 -
2454 1238 2711 1312 Quisquis
2771 1256 2889 1297 non
2943 1241 3218 1314 receperit
3246 1256 3509 1314 regnum.

216 1326 430 1385 cordia
502 1326 704 1383 virtute
765 1324 1061 1397 desipiunt,
1113 1326 1392 1399 subjungit
1429 1344 1445 1381 :
1492 1325 1699 1381 Habete
1754 1328 1818 1383 in
1922 1323 2028 1393 Qui
2055 1340 2165 1381 non
2192 1334 2502 1397 perseverat
2532 1327 2588 1381 in
2639 1327 2739 1394 ira,
2771 1326 2934 1383 laesus
2973 1344 3085 1384 non
3138 1328 3399 1399 meminit,
3430 1328 3514 1386 vi-

207 1416 362 1474 vobis
392 1416 485 1472 sal
512 1419 573 1483 et
614 1429 834 1488 pacem.
880 1413 1104 1488 (Bson)
1131 1415 1352 1471 Habere
1400 1415 1478 1470 sal
1511 1415 1627 1471 sine
1652 1430 1808 1486 pace,
1917 1412 2055 1468 dens
2081 1413 2366 1485 pulchram
2396 1415 2681 1472 mulierem
2709 1431 2819 1472 non
2841 1416 3193 1488 concupiscit,
3225 1432 3333 1473 non
3364 1417 3511 1473 aliud

207 1520 321 1562 non
351 1503 571 1561 virtutis
592 1511 676 1560 est
703 1503 927 1567 donum,
961 1503 1061 1559 sed
1104 1504 1471 1561 damnationis
1511 1519 1813 1578 argumen-
1915 1501 2082 1557 habet
2109 1501 2164 1556 in
2191 1518 2308 1571 ore,
2340 1503 2488 1560 aliud
2515 1504 2572 1559 in
2619 1505 2805 1561 corde.
2868 1504 3039 1574 Quasi
3067 1505 3210 1561 dicat
3241 1524 3255 1560 :
3287 1505 3345 1561 Si
3371 1505 3513 1562 tales

202 1602 345 1651 tum.
378 1592 508 1662 Quo
565 1592 711 1649 enim
749 1590 984 1665 quisque
1028 1592 1222 1649 melius
1281 1593 1438 1665 sapit,
1473 1609 1539 1650 eo
1570 1594 1814 1651 deterius
1914 1605 2024 1644 non
2058 1589 2282 1658 fueritis,
2333 1608 2442 1648 non
2495 1593 2766 1648 intrabitis
2829 1593 2885 1648 in
2942 1610 3176 1666 regnum
3226 1594 3509 1650 caelorum.

213 1682 506 1757 delinquit.
1839 1709 1895 1774 Β
1914 1680 2168 1774 Regnum
2192 1681 2314 1737 Dei.
2344 1681 2405 1736 Id
2424 1688 2526 1749 est,
2560 1682 2867 1738 doctrinam
2896 1681 3188 1755 Evangelii
3220 1682 3359 1738 sicut
3378 1698 3516 1754 par-

798 1805 1026 1865 εΑΡῃ-ι·
1055 1804 1129 1865 Χ,
1839 1767 1886 1774 ⁷
2054 1767 2306 1840 accipere
2329 1771 2604 1839 jubemur,
2635 1770 2691 1825 id
2738 1777 2838 1842 est,
2862 1770 2998 1827 sicut
3026 1770 3286 1842 parvulus
3319 1770 3510 1828 docto-

1911 1855 2059 1910 ribus
2088 1872 2199 1912 non
2244 1858 2585 1916 contradicit.
2637 1857 2880 1915 rationes
2934 1859 3201 1915 adversus
3248 1874 3344 1916 eos
3397 1873 3511 1914 non

270 1950 454 2008 Vnus.
475 1952 530 2006 1.
561 1979 633 1993 -
662 1952 735 2008 Et
761 1950 895 2009 inde
923 1963 1258 2022 exsurgens.
1291 1947 1584 2021 Hucusque
1604 1963 1809 2025 eaqum
1911 1945 2206 2015 componit,
2240 1947 2339 2001 sed
2369 1945 2603 2002 ﬁdeliter
2642 1946 2887 2019 suscipit,
2937 1963 3061 2003 cum
3092 1953 3237 2002 metu
3290 1947 3505 2003 obtem-

206 2041 260 2096 in
302 2038 548 2097 Galilaea
604 2039 733 2097 fecit
785 2046 839 2095 et
895 2038 1127 2095 docuit:
1187 2036 1315 2093 hinc
1370 2045 1551 2093 narrat
1581 2055 1701 2110 quae
1755 2038 1811 2094 in
1910 2040 2067 2105 perat
2096 2041 2149 2089 et
2179 2034 2405 2106 quiescit
2427 2053 2441 2090 :
2463 2035 2540 2091 ita
2593 2042 2649 2091 et
2678 2051 2781 2091 nos
2827 2035 3134 2091 obediendo
3169 2034 3506 2106 simpliciter,

208 2129 392 2185 Iudae
445 2127 600 2197 fecit,
661 2136 713 2184 et
770 2127 971 2195 docuit,
1016 2134 1070 2183 et
1123 2142 1321 2198 passus
1358 2134 1459 2183 est.
1515 2127 1585 2182 Et
1630 2127 1811 2198 primo
1911 2128 1964 2177 et
1987 2121 2103 2178 sine
2133 2121 2282 2178 omni
2302 2123 2730 2180 contradictione
2783 2124 2956 2181 verba
2997 2123 3216 2180 Domini
3244 2124 3510 2181 debemus

209 2234 326 2290 quae
352 2224 508 2272 trans
558 2216 849 2273 Iordanem
889 2216 960 2272 ad
988 2215 1253 2272 orientem
1285 2233 1300 2271 :
1338 2215 1537 2272 deinde
1581 2232 1704 2288 quae
1729 2216 1810 2273 cis
1912 2209 2211 2281 suscipere.
2944 2282 2953 2289 ο

206 2305 503 2363 Iordanem
534 2306 757 2379 quando
802 2305 952 2361 venit
1004 2303 1243 2370 Iericho,
1301 2312 1352 2360 et
1392 2303 1724 2375 Bethaniam,
1757 2312 1811 2360 et
1980 2299 2152 2355 Vens.
2195 2300 2282 2354 17.
2314 2331 2383 2341 -
2410 2302 2761 2357 Procurrens
2817 2301 3049 2375 quidam
3088 2316 3258 2373 genu.
3287 2300 3510 2373 (Bnna.)

207 2395 529 2452 Jerusalem.
582 2394 719 2451 Cum
776 2394 921 2450 enim
949 2393 1128 2449 omnis
1181 2392 1493 2448 Iudaeorum
1529 2393 1810 2463 provincia
1909 2387 2187 2452 Audierat,
2222 2387 2407 2455 credo,
2440 2387 2542 2444 iste
2571 2405 2601 2442 a
2640 2389 2874 2445 Domino
2920 2397 3126 2445 tantum
3155 2404 3251 2445 eos
3280 2390 3375 2462 qui
3401 2406 3506 2446 vo-

209 2484 553 2559 generaliter
578 2483 648 2539 ad
668 2483 1071 2540 distinctionem
1116 2482 1345 2537 aliarum
1359 2482 1603 2555 gentium
1621 2483 1811 2537 Judma
1908 2475 2025 2530 lunt
2054 2475 2296 2547 parvulis
2326 2492 2447 2531 esse
2475 2475 2681 2532 similes
2703 2477 2921 2533 introitu
2934 2476 3087 2550 regni
3106 2478 3345 2534 caelestis
3364 2486 3513 2534 esset

210 2574 350 2630 dicta
380 2574 476 2645 sit,
509 2572 804 2644 specialius
830 2580 1009 2628 tamen
1050 2570 1357 2627 meridiana
1409 2571 1575 2645 plaga
1611 2570 1809 2627 dicitur
1909 2564 2128 2636 dignos,
2162 2572 2216 2620 et
2240 2564 2363 2621 ideo
2396 2565 2597 2621 certior
2633 2582 2756 2622 esse
2786 2566 3079 2637 desiderat,
3122 2582 3232 2622 non
3271 2582 3371 2638 per
3407 2581 3508 2638 pa-

209 2661 392 2719 Judaa
422 2662 495 2718 ad
517 2660 926 2718 distinctionem
956 2660 1196 2717 Galilaaa)
1216 2658 1525 2730 Decapolis,
1558 2666 1611 2715 et
1639 2666 1808 2716 cate-
1909 2653 2143 2720 rabolas,
2168 2654 2266 2708 sed
2285 2662 2468 2724 aperte
2498 2670 2512 2708 :
2556 2654 2756 2727 quibus
2797 2670 3028 2727 operum
3073 2654 3280 2712 meritis
3334 2655 3504 2711 vitam

208 2766 389 2807 rarum
420 2750 480 2806 in
509 2750 706 2807 eadem
735 2748 1020 2821 provincia
1047 2749 1354 2822 regionum.
1909 2749 2167 2797 aeternam
2196 2742 2457 2814 consequi
2484 2743 2677 2813 possit.

273 2840 453 2896 Vens.
485 2842 544 2897 2.
575 2868 646 2880 —
664 2838 943 2895 Pharisaei
984 2837 1431 2910 interrogabant.
1460 2836 1658 2909 Magna
1688 2836 1806 2892 dis-
1982 2830 2151 2885 VEns.
2188 2833 2275 2885 18.
2293 2860 2364 2871 —
2399 2831 2539 2900 Quid
2566 2847 2657 2887 me
2686 2831 2846 2887 dicis.
2861 2832 2996 2904 (11).)
3016 2830 3155 2900 Quia
3173 2831 3502 2906 magistrum

207 2928 374 2985 tentia
388 2929 540 2985 inter
566 2928 754 2984 turbas
791 2936 846 2983 et
874 2926 1199 2983 Pharisaeos.
1245 2927 1342 2982 Hae
1370 2926 1720 2991 conveniunt,
1752 2933 1812 2981 ut
1909 2927 2202 2975 vocaverat
2222 2919 2443 2987 bonum,
2503 2926 2630 2986 etc.,
2686 2936 2863 2993 usque
2899 2921 2972 2977 ad
3002 2921 3101 2978 sed
3127 2921 3335 2994 absque
3361 2923 3501 2989 Deo,

209 3015 530 3084 doceantur,
606 3023 661 3071 et
734 3014 938 3071 inﬁrmi
994 3021 1274 3081 curentur,
1336 3014 1477 3071 sicut
1529 3014 1810 3070 Matthazus
1844 3069 1888 3084 η
1911 3008 2119 3063 nullum
2149 3008 2351 3064 bonum
2371 3024 2494 3064 esse
2511 3016 2755 3065 testatur.

736 3069 1122 3160 tentando
1172 3069 1466 3174 decipiant.
1525 3103 1637 3158 Has
1665 3069 1812 3158 enim
1840 3069 1890 3132 Ο
1982 3097 2155 3153 Vnus.
2191 3100 2278 3153 19.
2309 3128 2379 3138 —-
2399 3098 2477 3153 Ne
2506 3099 2813 3155 adulteres.
2845 3098 2976 3170 (In.)
3009 3098 3140 3155 Haec
3167 3106 3251 3155 est
3275 3097 3500 3170 puerilis

214 3192 433 3249 devotio
460 3192 721 3265 pietatis:
752 3192 878 3247 illos
929 3192 1153 3249 adducit
1195 3190 1447 3247 stimulus
1492 3191 1701 3247 livoris.
1753 3191 1813 3248 Si
1912 3184 2238 3242 innocentia
2268 3185 2506 3253 castitaS,
2538 3203 2660 3258 qum
2687 3186 2847 3243 nobis
2864 3187 3123 3244 imitanda
3148 3187 3495 3259 proponitur,

213 3281 339 3339 licet
370 3283 519 3340 viro.
541 3279 766 3353 (ΒιςυΑ.)
798 3281 1036 3337 Cornuto
1053 3280 1372 3353 syllogismo
1402 3280 1647 3350 tentavit,
1678 3286 1807 3348 etc.,
1911 3272 1958 3328 si
1978 3290 2214 3348 regnum
2266 3274 2367 3330 Dei
2409 3275 2613 3331 intrare
2668 3275 2917 3332 velimus.
2971 3276 3287 3332 Notandum
3343 3290 3497 3344 sane,

211 3385 381 3443 usque
410 3369 487 3426 ad
516 3369 617 3425 sed
644 3370 986 3441 peccantium
1012 3370 1340 3429 necessitate
1361 3385 1624 3428 concessa
1654 3376 1757 3425 est.
1910 3364 2057 3434 quod
2078 3363 2289 3432 justitia
2310 3363 2450 3435 legis
2478 3379 2574 3420 suo
2595 3372 2841 3437 tempore
2869 3364 3159 3432 custodita,
3183 3380 3293 3421 non
3321 3364 3500 3421 solum

277 3456 456 3517 Vm.
488 3459 546 3513 5.
577 3486 650 3501 --
675 3457 759 3514 Ad
788 3458 1063 3516 duritiam
1119 3458 1325 3516 cordis.
1382 3458 1513 3531 (10.)
1550 3458 1810 3530 Nunquid
1908 3451 2055 3507 bona
2080 3451 2421 3524 temporalia,
2453 3452 2552 3508 sed
2581 3452 2747 3509 etiam
2775 3453 2943 3509 vitam
2984 3452 3303 3511 conferebat
3329 3461 3496 3510 aeter-

212 3544 350 3602 Deus
381 3545 700 3604 contrarius
728 3546 832 3602 sibi
851 3554 953 3618 est,
1012 3555 1139 3617 etc.,
1177 3563 1352 3621 usque
1381 3548 1453 3603 ad
1479 3563 1579 3619 per
1604 3546 1729 3602 odia
1758 3554 1813 3603 et
1909 3555 2058 3597 nam.

209 3634 500 3693 homicidia
528 3650 893 3707 perseverare
924 3636 1237 3708 nuptiarum
1267 3636 1539 3709 copulam.
1978 3629 2150 3684 Vens.
2180 3631 2270 3685 20.
2295 3629 2655 3701 —Magister.
2680 3630 2824 3701 (11).)
2842 3630 2967 3686 Non
2981 3630 3259 3702 putandus
3279 3637 3501 3688 estvoto

275 3724 455 3780 Vens.
492 3726 548 3778 8.
579 3752 652 3765 —
676 3724 750 3780 Et
778 3728 968 3790 erunt,
1027 3732 1131 3781 etc.
1180 3725 1470 3782 Praemium
1499 3726 1808 3799 nuptiarum

1946 3716 2184 3783 intentis,
2217 3722 2344 3783 etc.,
2378 3734 2552 3790 usque
2582 3719 2815 3774 adunde
2845 3718 3026 3775 addit:
3056 3721 3213 3787 Vade,
3237 3736 3499 3793 quaecun-

214 3820 349 3870 este
382 3812 607 3869 duobus
660 3826 828 3867 unam
880 3826 1104 3870 carnem
1160 3811 1299 3872 ﬁeri.
1350 3814 1580 3871 Castitas
1621 3815 1809 3887 juncta
1907 3822 2011 3880 que
2044 3806 2209 3862 Ῑιαδθδ
2224 3806 2494 3872 venderet
2509 3807 2935 3880 ἀαΡααΡθνίὺίιδ
2965 3808 3185 3878 (Ματθία
3208 3808 3410 3879 Vlietc-

214 3900 425 3974 spiritui
457 3916 607 3957 unus
635 3899 858 3972 spiritus
887 3900 1133 3958 eﬂicitur.
1978 3894 2148 3950 Vnus.
2179 3898 2271 3955 21.
2303 3924 2373 3935 —
2403 3897 2473 3950 Et
2507 3897 2655 3963 veni,
2678 3911 2907 3969 sequere
2936 3912 3045 3952 me.
3069 3895 3201 3969 (In.)
3223 3894 3392 3964 Quasi
3418 3894 3501 3951 di-

279 4007 452 4064 ans.
476 4012 535 4063 9.
554 4008 799 4064 -Homo
824 4022 941 4065 non
968 4013 1213 4081 separet.
1232 4008 1518 4066 Desiderio
1551 4011 1809 4069 secundas
1907 3991 2033 4081 9?“
2062 3983 2591 4081 P05t__°°_ntem_?m_s
2621 3983 2840 4081 dif’iﬁas
2871 3984 3223 4081 _S_“l‘_’_‘_“°rem
3263 3984 3498 4051 imitare,

211 4096 415 4155 uxoris.
476 4097 633 4153 Deus
680 4103 901 4168 separat
944 4113 959 4151 ε
995 4070 1088 4169 q‘ui
1128 4096 1430 4171 com-ungit,
1479 4099 1697 4171 quando
1741 4117 1809 4156 ex
1905 4072 1962 4171 id
1999 4079 2100 4171 est,
2139 4070 2347 4128 relictis
2364 4071 2524 4127 malis
2554 4072 2639 4171 fac
2667 4074 2829 4171 bona.
2871 4073 3107 4171 F:acil_ius
3149 4090 3343 4133 saccus
3363 4087 3500 4132 con-

214 4198 484 4242 consensu
502 4160 794 4257 utriusque
822 4160 1046 4257 propter
1077 4160 1394 4243 servitutem
1416 4160 1522 4242 Dei
1551 4187 1641 4258 (eo
1660 4190 1807 4261 quod
1905 4160 2160 4262 “Enim
2191 4176 2354 4262 Silam
2374 4162 2812 4262 cgncupiﬁmf?
2830 4163 2917 4262 νς]
2945 4163 3215 4262 ὛΡΨΡῘ⁸⁸’
3334 4250 3369 4262 __

212 4276 422 4347 tempus
451 4273 630 4332 breve
656 4250 771 4346 sit),
802 4250 883 4367 sic
908 4250 1112 4332 habent
1164 4290 1365 4332 uxores
1393 4250 1765 4349 quasi‘non.ha

1949 4250 2280 4367 nvfssmea.
2304 4279 2373 4290 —
2399 4250 2576 4367 Quam
2596 4252 2842 4323 difficile.
2864 4252 2997 4324 (11).)
3020 4251 3126 4322 Qui
3140 4250 3502 4350 multiplican-

213 4328 427 4419 bentrefsv.
453 4328 477 4330 Π
496 4328 513 4330 ἰ
534 4328 552 4332 ν
572 4328 581 4332 ν
605 4328 624 4331 ν
812 4328 877 4367 ἰ*
1173 4328 1291 4331 Mn
1313 4328 1360 4332 Π
1398 4328 1551 4375 1M“-
1571 4328 1682 4333 ή-
1704 4328 1773 4333 Μ
1879 4337 1991 4393 ’ἀίε
2021 4328 2225 4395 ἀίγίῐίίε
2254 4338 2595 4409 incumbunt,
2624 4348 2751 4409 etc.,
2782 4356 2956 4414 usque
2971 4342 3043 4398 ad
3070 4340 3272 4398 intrare
3290 4338 3504 4412 possint

275 4452 451 4509 Vens.
488 4432 580 4507 16.
614 4478 684 4493 -
714 4452 785 4507 Et
812 4451 878 4507 in
898 4450 1076 4520 domo,
1111 4458 1214 4508 etc.
1247 4452 1458 4525 (Ηιιςιι.)
1491 4452 1615 4509 Non
1645 4453 1810 4512 disci-
1829 4428 1884 4491 D
1910 4442 2145 4525 regem
2176 4426 2297 4483 Dei-

213 4539 319 4612 puli
347 4540 835 4614 interrogaverunt
861 4539 1034 4612 prius,
1078 4547 1207 4608 etc.,
1252 4557 1426 4614 usque
1468 4542 1540 4597 ad
1568 4549 1626 4599 ut
1652 4559 1766 4615 pan

1984 4524 2155 4615 Vens.
2187 4527 2277 4583 25.
2310 4556 2380 4569 —-
2416 4526 2672 4615 Facilius
2728 4530 2813 4582 est
2854 4526 3155 4615 camelum.
3216 4524 3502 4615 Quomodo

212 4642 304 4686 eor
328 4613 587 4686 hominis,
605 4627 911 4696 conﬁrmet,
935 4636 994 4685 ut
1016 4636 1135 4685 est:
1166 4629 1225 4686 Si
1251 4613 1374 4702 quis
1414 4630 1540 4689 vult
1561 4613 1691 4704 post
1717 4648 1808 4691 me
1913 4628 2046 4704 ergo
2076 4613 2133 4704 if}
2160 4614 2463 4704 Evanseﬁo
2493 4614 2779 4670 Μθηδίθιιε
2804 4621 2859 4669 et
2885 4614 3166 4704 Ζαίξδτέαεέξ
3201 4621 3256 4704 (ἲῑ
3297 4614 3502 4704 εἶφεθΡῙι

217 4720 404 4776 venire
433 4719 592 4790 (Luc.
626 4716 731 4789 Ix),
766 4724 870 4775 etc.
1267 4701 1272 4702 ί
1561 4701 1577 4704 ’
1911 4709 1965 4757 et
1992 4701 2049 4757 in
2076 4702 2260 4759 Veteri
2285 4703 2633 4759 Testamento
2664 4717 2826 4774 quam
2856 4701 3076 4773 plurimi
3116 4701 3311 4759 divites
3339 4702 3503 4761 intra-

275 4814 449 4873 Vans.
484 4819 575 4870 11.
608 4844 677 4856 -
715 4815 1041 4888 Quicunque
1069 4813 1370 4872 dimiserit.
1404 4815 1624 4888 (BEDA.)
1671 4819 1808 4875 Mat—
1910 4807 2041 4888 Vere
2070 4793 2098 4848 θ
2128 4792 2290 4848 Forte
2319 4791 2690 4888 quia__d_i_"itias
2718 4806 2820 4874 Pro
2832 4791 3001 4888 HW
3029 4791 3272 4888 belli“???
3303 4791 3408 4888 _V°l
3435 4808 3503 4888 e’F

208 4903 374 4961 thzeus
398 4902 639 4977 plenius.
678 4880 1003 4976 Quicunque
1046 4903 1328 4961 dimiserit
1340 4880 1580 4962 umorem
1605 4880 1801 4975 suam,
1911 4887 2022 4937 ίοίο
2051 4889 2400 4937 contemnere
2427 4880 2752 4977 (Edicfimm:
2784 4881 2929 4977 ηηίὲθ
3157 4900 3171 4937 ³
3211 4884 3415 4977 θηίέυξ
3438 4886 3502 4977 βε

212 4993 319 5050 nisi
344 4969 419 5050 ob
440 4969 923 5064 fornicationem;
956 4996 1015 5050 et
1043 4993 1221 5049 aliam
1265 4993 1518 5062 duxerit,
1564 4969 1806 5054 moecha;
1903 4986 2122 5064 Pauli"
2150 4987 2279 5064 sum
2308 4969 2666 5064 ⁸99,(Ρ³⁰ί⁷π·
2722 4969 2907 5041 xm”
2942 4970 3199 5064 Et__id_‘?m
3231 4988 3246 5026 ³

212 5083 301 5137 tur
327 5058 557 5151 (Matth.
590 5081 673 5152 v).
695 5080 816 5137 Una
842 5058 979 5155 ergo
1009 5080 1351 5139 solummodo
1382 5058 1547 5139 causa
1576 5092 1660 5140 est
1685 5100 1765 5142 cat

1947 5059 2247 5158 iaﬁluant,
2296 5059 2475 5158 nolite
2518 5074 2614 5117 cor
2670 5074 2949 5132 apponere
3004 5058 3162 5131 (Ibid.
3194 5060 3334 5131 LXI).
3374 5059 3500 5118 Non

212 5146 365 5239 nalis,
400 5146 699 5225 fornicatio
729 5184 744 5223 :
777 5181 884 5224 una
906 5146 1233 5241 spiritualis,
1268 5169 1431 5227 timor
1450 5171 1570 5242 Dei,
1601 5180 1810 5229 utuxor
1907 5146 2000 5214 ait,
2031 5146 2200 5204 mlite
2220 5146 2517 5220 δαδθίΡθνθ·

214 5256 541 5328 dimittatur,
602 5257 744 5314 sicut
774 5256 929 5313 multi
956 5257 1243 5333 religionis
1299 5274 1462 5316 causa
1505 5260 1701 5318 fecisse
1739 5262 1808 5319 le-
1978 5262 2147 5318 Vens.
2178 5263 2267 5319 26.
2291 5291 2361 5303 —
2391 5264 2461 5318 Et
2490 5261 2613 5335 quis
2642 5265 2842 5335 potest.
2871 5261 3006 5317 Cum
3033 5260 3222 5334 plures
3236 5261 3344 5319 sint
3357 5276 3501 5337 pau-

209 5353 427 5417 guntur.
462 5343 627 5402 Nulla
658 5353 842 5402 autem
871 5361 1033 5403 causa
1056 5354 1141 5404 est
1166 5346 1269 5403 Dei
1297 5347 1421 5420 lege
1458 5350 1802 5422 praescripta,
1905 5365 2064 5421 peres
2092 5365 2255 5422 quam
2286 5350 2500 5419 divites,
2520 5366 2630 5407 non
2646 5350 2751 5408 hoc
2779 5349 3046 5408 dixissent
3073 5350 3256 5408 nisiin
3273 5351 3504 5410 divitum

212 5441 264 5488 nt
292 5434 405 5492 alia
435 5433 672 5492 ducatur
692 5434 910 5492 vivente
936 5450 1005 5492 ea
1030 5452 1152 5509 quae
1182 5443 1266 5493 est
1294 5436 1504 5493 relicta.
1904 5454 2137 5495 numero
2192 5438 2588 5499 intellexissent
2642 5448 2867 5499 cunctos
2897 5440 2991 5515 qui
3018 5439 3234 5501 divitias
3272 5439 3502 5513 adipisci

274 5531 447 5589 Vens.
483 5535 571 5590 13.
621 5561 694 5576 --
739 5533 1016 5608 Discipuli
1062 5538 1255 5592 autem
1310 5534 1805 5593 comminabantur
1903 5527 2122 5585 vellent.

213 5619 597 5693 offerentibus.
625 5622 754 5682 Non
786 5622 915 5697 quia
954 5622 1162 5683 nollent
1197 5623 1277 5683 eis
1306 5632 1360 5684 et
1385 5639 1551 5683 manu
1582 5632 1635 5683 et
1669 5639 1804 5685 voce
1975 5626 2146 5686 Vens.
2180 5628 2270 5687 2'1.
2303 5657 2372 5671 —
2400 5628 2562 5702 Apud
2590 5631 2786 5688 Deum.
2821 5625 2983 5700 Quia
3013 5624 3304 5701 cupiditate
3332 5629 3498 5682 terre-
