4006 6178
427 191 533 249 219

434 409 488 459 et
509 401 774 475 superbos
802 401 984 459 facere
1004 402 1258 459 humiles.

503 491 673 547 Vens.
704 495 794 549 28.
825 521 894 531 -
922 493 1060 547 Ecce
1090 508 1191 548 nos
1219 492 1591 547 dimissimus.
1612 488 1853 545 Grandis
1882 487 2022 543 ﬁdu-

430 578 553 637 cia:
584 579 827 652 piscator
848 588 986 647 erat,
1017 580 1170 636 dives
1213 595 1321 635 non
1353 587 1489 649 erat,
1538 578 1743 635 victum
1769 593 1931 632 manu
1974 584 2027 632 et

436 676 556 726 arte
584 668 882 741 quaerebat,
909 676 962 724 et
992 676 1169 724 tamen
1201 666 1537 725 conﬁdenter
1565 667 1694 723 dicit
1726 668 1902 724 :Ecce
1924 682 2025 723 nos

431 758 765 831 reliquimus
796 760 1008 814 omnia.
1042 760 1113 814 Et
1141 758 1323 814 secuti
1350 773 1568 814 sumus.
1593 755 1738 831 Quia
1774 771 1886 810 non
1905 753 2025 809 suf-

430 827 643 904 ﬁcit—sic
671 846 960 913 dimittere,
989 845 1169 918 jungit
1205 845 1351 918 quod
1377 827 1679 917 perfectum
1717 851 1818 909 est,
1849 848 1905 899 et
1932 859 2025 899 se-

432 937 554 994 cuti
580 952 776 993 sumus
807 940 881 992 te.
916 934 1087 1004 Quasi
1104 934 1288 991 dicat:
1324 934 1572 991 Fecimus
1612 932 1758 1006 quod
1780 931 2023 1003 jussisti:

434 1024 564 1098 quid
591 1039 725 1097 ergo
752 1024 906 1079 dabis
934 1023 1147 1095 praemii
1176 1023 1205 1077 7

501 1113 672 1170 Vens.
704 1116 791 1168 30.
824 1145 893 1155 —
931 1113 1154 1170 Centies
1185 1116 1433 1169 tantum.
1457 1112 1679 1183 (Bene)
1704 1111 1829 1167 Hac
1857 1125 2024 1167 occa-

431 1201 585 1258 sione
613 1201 828 1274 quidam
839 1202 1125 1258 Iudaicam
1154 1200 1305 1257 mille
1334 1216 1601 1257 annorum
1639 1198 1881 1255 tabulam
1901 1208 2027 1271 post

429 1290 887 1348 resurrectionem
938 1291 1208 1360 justorum
1254 1289 1643 1362 dogmatizant,
1691 1297 1820 1355 etc.,
1852 1305 2027 1362 usque

432 1382 504 1438 ad
532 1380 723 1451 patriae
751 1379 1006 1451 caelestis,
1040 1397 1160 1452 quae
1196 1396 1296 1451 per
1338 1380 1619 1435 dexteram
1668 1376 2024 1452 signiﬁcatur,

432 1469 676 1525 omnium
747 1469 955 1541 pariter
1018 1469 1315 1525 electorum
1362 1467 1652 1524 verissima
1738 1467 2028 1525 dilectione

431 1556 700 1614 fruuntur.

507 1646 676 1703 Vens.
708 1648 795 1702 31.
819 1676 889 1734 -ξ-
918 1646 1080 1705 Multi
1108 1651 1322 1703 autem.
1376 1644 1519 1714 Quia
1569 1644 1726 1701 multi
1764 1644 2100 1734 incipiuntB

432 1735 533 1792 sed
585 1751 697 1791 non
740 1732 1049 1807 perﬁciunt,
1098 1735 1353 1791 terribilis
1409 1734 1677 1790 sententia
1726 1734 2025 1790 subditur:

433 1825 599 1881 Multi
624 1828 837 1892 autem,
872 1830 978 1880 etc.
1011 1824 1171 1880 Latro
1215 1823 1271 1878 in
1303 1839 1465 1880 cruce
1519 1822 1804 1879 confessor
1832 1824 2028 1879 eodem

433 1912 523 1968 die
549 1928 658 1985 quo
676 1928 779 1984 pro
808 1912 1045 1983 peccatis
1092 1912 1205 1967 suis
1236 1912 1526 1969 cruciﬁxus
1585 1920 1667 1967 est
1697 1911 1875 1985 gratia
1902 1910 2029 1967 ﬁdei

434 2016 558 2058 cum
587 2001 799 2057 Christo
845 2002 902 2055 in
929 2001 1185 2072 paradiso
1225 2001 1454 2075 gaudet.
1505 1999 1758 2069 Quotidie
1810 2016 2028 2072 quoque

431 2089 679 2146 videmus
698 2090 897 2146 multos
925 2089 1094 2146 laicos
1122 2090 1302 2163 magis
1322 2090 1447 2146 vitae
1472 2090 1682 2145 meritis
1735 2089 2029 2157 excellere,

433 2186 487 2235 et
514 2178 652 2235 alios
680 2195 714 2235 a
741 2179 915 2250 prima
944 2187 1099 2234 aetate
1131 2178 1397 2250 spirituali
1426 2179 1605 2235 studio
1635 2178 1928 2246 ferventes,
1958 2178 2027 2233 ad

428 2270 729 2319 extremum
759 2263 868 2319 otio
894 2270 1225 2335 torpescere.

502 2352 672 2409 Vens.
691 2355 779 2410 32.
811 2383 880 2393 -
909 2354 979 2408 Et
1008 2352 1330 2425 stupebant.
1362 2351 1493 2407 Ideo
1525 2350 1733 2408 scilicet
1762 2350 1890 2425 quia
1916 2366 2027 2406 me-

429 2439 699 2496 minerant
726 2441 873 2513 quod
904 2457 965 2497 se
992 2457 1287 2513 passurum
1315 2440 1486 2495 multa
1515 2456 1545 2495 a
1574 2440 1802 2496 summis
1832 2456 2024 2496 sacer-

429 2528 647 2585 dotibus
675 2538 729 2584 et
755 2529 950 2587 scribis
970 2530 1316 2601 praedixerat,
1342 2537 1395 2585 et
1415 2529 1793 2586 occidendum.
1812 2531 2018 2585 Metue-

423 2617 555 2674 bant
575 2632 707 2691 ergo
734 2635 804 2673 ne
835 2619 922 2673 vel
952 2618 1056 2690 ipsi
1088 2635 1212 2675 cum
1243 2635 1309 2674 eo
1340 2619 1744 2685 occiderentur,
1791 2618 1879 2675 vel
1907 2617 2020 2686 ille,

424 2707 580 2776 cujus
607 2706 719 2763 vita
747 2714 801 2761 et
820 2707 1140 2779 magisterio
1167 2707 1498 2780 gaudebant,
1532 2706 1895 2763 occideretur.

497 2796 569 2850 Et
607 2800 921 2851 assument.
993 2794 1210 2865 (ΒΕΒΛ).
1272 2794 1585 2850 Praevidens
1635 2793 2024 2864 discipulorum

429 2882 640 2939 animos
670 2899 739 2939 ex
763 2883 1021 2954 passione
1076 2899 1173 2938 sua
1215 2883 1636 2955 perturbandos,
1671 2890 1799 2950 etc.,
1851 2900 2023 2957 usque

430 2972 503 3029 ad
530 2972 711 3027 locum
730 2971 920 3028 mortis
954 2972 1112 3044 quasi
1143 2971 1444 3044 intrepidus
1477 2972 1609 3027 adit.

502 3061 671 3116 Vens.
696 3063 783 3117 35.
815 3091 886 3101 —
911 3062 984 3115 Et
1018 3062 1315 3117 accedunt.
1366 3060 1561 3115 Audita
1602 3059 2021 3129 resurrectione,

431 3149 783 3206 immemores
809 3148 1037 3205 secundi
1064 3149 1330 3205 adventus
1359 3157 1550 3221 putant
1587 3165 1712 3205 eum
1741 3165 1893 3206 more
1919 3150 2023 3206 ho-

428 3237 635 3292 minum
665 3253 919 3310 regnare.
939 3238 1226 3295 Matthaeus
1259 3238 1390 3295 dicit
1413 3245 1647 3294 matrem
1693 3238 2021 3310 postulasse,

429 3326 528 3383 sed
556 3326 772 3397 Marcus
801 3326 933 3383 dicit
987 3326 1158 3398 ipsos,
1218 3326 1552 3383 desiderium
1607 3343 1799 3384 eorum
1835 3327 2025 3385 volens

427 3414 644 3487 aperire
665 3432 897 3488 quorum
922 3416 1149 3473 consilio
1173 3423 1348 3472 mater
1366 3417 1603 3488 petebat.

498 3505 672 3562 Vens.
704 3505 1002 3561 38.—Aut
1019 3506 1312 3578 baptism.
1345 3506 1495 3562 Idem
1525 3506 1672 3578 quod
1691 3506 1850 3563 calix.
1868 3506 2026 3565 Unde

427 3592 558 3651 alibi
588 3594 658 3650 de
685 3593 938 3665 passione
982 3610 1081 3650 sua
1116 3594 1246 3651 dicit
1276 3613 1290 3650 :
1337 3598 1623 3669 Baptismo
1654 3595 1823 3653 habeo
1839 3598 2023 3670 bapti-

428 3684 553 3741 zari
574 3703 593 3740 :
610 3688 670 3741 et
696 3683 962 3757 quomodo
987 3689 1243 3743 coarctor
1259 3685 1433 3759 usque
1453 3687 1589 3742 dum
1601 3686 1958 3758 perﬁciatur.

497 3773 674 3829 Vens.
715 3776 802 3829 39.
836 3804 907 3815 -
942 3774 1187 3831 Calicem
1209 3776 1451 3847 quidem.
1477 3776 1661 3847 (Ben.)
1689 3774 1927 3831 Iacobus
1953 3775 2023 3830 ab

427 3862 645 3920 Herode
666 3862 843 3935 capite
872 3871 1171 3920 truncatur.
1223 3864 1461 3920 Joannes
1508 3863 1564 3918 in
1612 3863 1874 3920 ferventis
1916 3862 2025 3919 olei

427 3950 634 4008 dolium
661 3952 882 4007 missus.
943 3953 1074 4007 lnde
1132 3953 1199 4008 ad
1243 3968 1504 4009 coronam
1551 3952 1802 4023 martyrii
1822 3952 2024 4007 athleta

428 4040 630 4096 Christi
657 4040 941 4111 processit,
990 4040 1279 4112 statimque
1332 4041 1388 4095 in
1433 4042 1690 4096 Pathmos
1719 4040 2019 4113 relegatus.

426 4128 615 4200 Itaque
644 4136 699 4182 et
755 4129 1014 4199 martyrio
1065 4129 1246 4184 animo
1291 4144 1403 4184 non
1448 4128 1639 4197 defuit,
1688 4136 1741 4184 et
1795 4129 2023 4185 calicem

429 4215 792 4274 confessionis
829 4215 963 4272 bibit
1025 4233 1188 4289 quem
1244 4217 1499 4273 biberunt
1548 4217 1604 4271 in
1647 4217 1860 4273 camino
1910 4225 2022 4273 tres

426 4306 604 4379 pueri,
636 4305 763 4363 licet
789 4313 1104 4378 persecutor
1132 4306 1454 4379 sanguinem
1484 4322 1594 4362 non
1622 4305 1840 4362 fuderit.

854 185 1261 245 WALAFRIDI
1298 185 1543 245 STRABI
1579 185 1778 244 FULD.
1818 182 1992 242 MON.
2033 181 2187 241 OPP.
2229 181 2405 240 PARS
2442 183 2485 239 Ι.
2527 212 2596 226 -
2633 180 3115 242 THEOLOGICA.

304 344 319 359 ι
426 328 624 372 norum
650 312 719 370 ad
747 312 1068 370 charitatem
1093 320 1421 370 aeternorum
1468 318 1792 396 convertere
1818 316 2020 383 potest,
2040 308 2099 371 A
2127 306 2266 364 duos
2295 307 2495 382 arguit,
2553 323 2659 365 nec
2712 293 2913 365 decem
2945 308 3335 382 indignationis
3388 309 3640 384 increpat
3668 321 3733 368 et
3788 383 3795 389 ι

3619 191 3727 246 220

2131 396 2339 464 livoris,
2372 397 2471 452 sed
2501 396 2660 454 docet
2692 398 2958 468 majorem
2981 414 3104 454 esse
3134 397 3228 470 qui
3256 398 3437 456 minor
3464 398 3647 468 fuerit,
3668 409 3726 457 et

2126 486 2409 541 dominum
2437 486 2530 559 qui
2560 503 2749 543 servus
2805 488 2893 543 sit.
2926 488 3153 543 Frustra
3187 487 3373 561 igitur,
3421 497 3512 544 aut
3538 489 3617 544 illi
3645 492 3723 547 ad

2125 575 2336 644 majora
2364 575 2639 647 suspirant
2669 584 2760 631 aut
2787 576 2844 631 hi
2889 592 3054 648 super
3083 575 3358 632 desiderio
3394 593 3584 633 eorum
3612 579 3721 634 do-

2125 664 2255 731 lent,
2281 680 2410 721 cum
2435 664 2505 720 ad
2535 664 2902 720 summitatem
2932 665 3191 721 virtutum
3211 681 3322 721 non
3349 667 3594 738 potentia
3620 668 3721 722 sed

2126 751 2402 808 humilitas
2422 753 2601 809 ducat.
2635 754 2761 809 Suis
2780 754 3014 827 denique
3028 755 3283 826 proponit
3313 754 3641 827 exemplum,
3661 765 3726 810 ut

2127 840 2175 894 si
2204 841 2368 914 dicta,
2424 841 2905 914 parvipenderent,
2956 842 3029 899 ad
3084 858 3258 916 opera
3304 843 3718 901 erubescerent.

2127 930 2270 986 Nam
2299 935 2355 987 et
2385 932 2563 987 Filius
2585 930 2849 998 hominis,
2884 939 2988 988 etc.

2199 1027 2371 1083 Vens.
2400 1030 2488 1083 46.
2523 1058 2593 1069 -
2623 1031 2696 1084 Et
2728 1030 2969 1087 veniunt
2996 1030 3236 1089 Iericho.
3269 1029 3480 1104 (litem)
3500 1029 3726 1089 Iericho

2127 1115 2257 1170 luna
2282 1115 2369 1171 vel
2386 1117 2693 1184 anathema,
2755 1118 2905 1190 quod
2952 1118 3206 1189 congruit
3257 1118 3727 1193 appropinquanti

2124 1203 2386 1276 passioni.
2439 1204 2695 1262 Defectus
2751 1207 2933 1261 carnis
2995 1206 3215 1278 Christi,
3259 1209 3590 1279 praeparatio
3637 1219 3727 1266 est

2128 1292 2369 1349 caelestis
2394 1294 2717 1365 Jerusalem,
2741 1296 2887 1361 unde
2916 1296 3135 1352 Iericho
3165 1296 3503 1364 deserentes,
3560 1300 3724 1355 Ieru-

2128 1381 2320 1449 salem,
2343 1382 2399 1437 id
2429 1390 2513 1438 est
2540 1383 2735 1439 visioni
2764 1384 2935 1456 pacis,
2969 1386 3424 1458 appropinquant.
3452 1389 3522 1443 Et
3540 1388 3723 1460 proﬁ-

2126 1472 2371 1527 ciscente
2400 1487 2481 1528 eo.
2514 1471 2737 1544 (ΒΕΒΑ.)
2767 1472 2908 1541 Quia
2931 1474 3263 1531 ascendente
3293 1475 3363 1530 ad
3401 1475 3572 1532 caelos
3598 1477 3722 1533 Do-

2124 1559 2272 1614 mino
2301 1567 2355 1615 et
2384 1557 2635 1615 ﬁdelibus
2657 1560 3029 1633 sequentibus,
3061 1570 3189 1631 etc.,
3211 1579 3385 1637 usque
3413 1564 3488 1620 ad
3514 1580 3727 1638 eosque

2131 1648 2203 1703 ad
2228 1647 2678 1704 illuminationem
2697 1650 2940 1704 omnium
2970 1651 3297 1722 populorum
3342 1652 3400 1707 in
3454 1654 3722 1710 mundum

2130 1735 2406 1807 dispersit.
2438 1739 2775 1794 Bartimteus
2817 1756 3016 1795 caecus.
3077 1740 3288 1811 (litem)
3330 1740 3569 1797 Caecitas
3614 1745 3722 1798 Iu-

2128 1825 2374 1880 daeorum
2405 1843 2527 1898 quae
2546 1825 2907 1883 illustrabitur
2933 1828 2990 1883 in
3009 1826 3116 1883 ﬁne
3145 1828 3204 1883 in
3232 1829 3468 1886 adventu
3495 1830 3633 1888 Elite
3663 1841 3724 1888 et

2126 1913 2337 1969 Enoch.

2211 2006 2382 2060 Vens.
2416 2004 2503 2059 47.
2526 2035 2595 2045 -
2626 2004 2731 2073 Qui
2759 2022 2890 2061 cum
2917 2005 3186 2063 audisset.
3215 2005 3456 2078 Populus
3474 2007 3722 2082 gentium

2127 2094 2315 2150 audita
2343 2092 2491 2148 fama
2510 2093 2729 2161 Christi,
2761 2094 2917 2164 cujus
2946 2094 3219 2167 particeps
3263 2097 3544 2168 quaerebat
3570 2095 3717 2164 ﬁeri,

2127 2182 2573 2240 contradicebant
2599 2182 2771 2252 multi,
2805 2183 2982 2254 primo
3010 2184 3183 2240 Iudaei
3207 2193 3333 2256 post
3357 2185 3520 2241 etiam
3547 2185 3724 2258 genti-

2127 2272 2228 2339 les,
2260 2288 2330 2327 ne
2358 2271 2746 2327 illuminandus
2767 2274 3147 2346 sanandusque
3174 2274 3409 2329 mundus
3440 2274 3720 2330 Christum

2125 2360 2424 2432 invocaret,
2456 2376 2559 2417 nec
2583 2368 2765 2417 tamen
2811 2363 2883 2417 ad
2919 2362 3087 2418 vitam
3138 2363 3531 2434 praeordinatos
3550 2372 3721 2420 aeter-

2126 2466 2255 2506 nam
2272 2458 2484 2521 poterat
2511 2450 2948 2524 impughantium
2966 2450 3117 2507 furor
3140 2452 3455 2523 prohibere.

2196 2551 2308 2606 Fili
2333 2551 2530 2606 David.
2563 2550 2774 2620 (Hren.)
2815 2551 2919 2606 Per
2952 2551 3145 2606 merita
3190 2551 3614 2623 patriarcharum
3656 2552 3727 2608 il-

2123 2638 2421 2694 luminatur
2470 2639 2730 2695 Iudaicus
2784 2640 3035 2711 populus,
3088 2640 3176 2697 cui
3219 2641 3376 2698 adest
3401 2642 3723 2699 misericors

2125 2728 2273 2783 Deus
2302 2736 2356 2783 et
2383 2727 2672 2782 miserator
2689 2728 3007 2784 illuminans
3023 2745 3200 2787 caecos
3221 2738 3275 2785 et
3293 2730 3512 2804 erigens
3526 2731 3720 2787 elisos.

2196 2835 2366 2891 Vens.
2402 2835 2496 2890 48.
2533 2836 2695 2890 -Αι
2723 2836 2825 2893 illo
2860 2838 3043 2893 multo
3063 2840 3264 2908 magis.
3296 2839 3721 2912 Ingravescente

2125 2924 2270 2981 bello
2299 2924 2574 2995 vitiorum,
2595 2940 2791 2980 manus
2821 2925 3069 2982 levandae
3090 2934 3216 2981 sunt
3243 2927 3315 2983 ad
3340 2927 3584 3000 lapidem
3613 2928 3722 2986 ad-

2051 3041 2101 3106 C
2122 3012 2309 3106 jutorii
2339 3014 2745 3106 cumyclamore,
2776 3013 2832 3068 id
2861 3021 2963 3106 est,
2997 3015 3073 3106 ad
3084 3016 3292 3106 Iesum.

2200 3102 2411 3174 (litem)
2442 3102 2785 3159 Conveniens
2814 3103 2951 3159 ordo
2995 3104 3205 3172 salutis,
3251 3112 3379 3173 etc.,
3430 3121 3604 3180 usque
3647 3107 3727 3163 ad

2128 3192 2407 3263 apostolos
2435 3191 2493 3246 in
2509 3191 2634 3247 altis
2653 3191 3029 3248 considerans.

2204 3307 2374 3364 Vens.
2410 3308 2498 3362 49.
2529 3337 2599 3348 -
2624 3308 2697 3363 Et
2711 3311 2915 3364 vocant
2958 3325 3188 3365 aecum.
3221 3308 3442 3380 (BEDA.)
3488 3309 3719 3383 Allego-

2127 3394 2259 3463 rice,
2293 3411 2498 3452 caecum
2527 3395 2851 3474 clamantem
2880 3396 3145 3453 Dominus
3176 3406 3352 3466 vocat,
3371 3398 3721 3471 dumpopulo

2126 3484 2370 3558 gentium
2391 3484 2669 3539 scientiam
2699 3484 2941 3540 veritatis
2989 3485 3345 3554 desideranti,
3372 3503 3473 3558 per
3502 3496 3724 3545 sanctos

2125 3572 2513 3646 praedicatores
2544 3573 2769 3630 verbum
2797 3572 2924 3629 ﬁdei
2973 3574 3275 3631 committit.
3326 3575 3433 3645 Qui
3460 3585 3726 3634 vocantes

2122 3678 2328 3719 caecum
2365 3661 2809 3735 animaequiorem
2843 3679 2965 3718 esse
2996 3670 3048 3718 et
3093 3679 3342 3737 surgere,
3377 3665 3447 3720 ad
3476 3681 3715 3739 eumque

2124 3751 2330 3819 venire,
2380 3751 2720 3823 praecipiunt,
2756 3767 2881 3807 cum
2928 3751 3277 3823 praedicando
3307 3769 3463 3826 spem
3528 3755 3723 3810 salutis

2127 3841 2351 3907 habere,
2394 3841 2461 3896 de
2488 3841 2741 3896 vitiorum
2772 3848 2990 3912 torpore
3020 3858 3270 3915 surgere,
3290 3850 3449 3916 atque
3496 3843 3567 3898 ad
3596 3843 3718 3901 vir—

2124 3937 2297 3985 tutum
2324 3928 2499 3984 studia
2520 3929 2716 4002 quibus
2744 3930 3039 3985 illuminari
3061 3938 3357 3998 mereatur,
3388 3930 3601 4005 accingi
3624 3932 3725 4002 ju-

2122 4019 2251 4073 bent
2279 4017 2432 4090 quasi
2462 4017 2645 4074 dicat:
2677 4018 2939 4075 Accedite
2990 4019 3063 4075 ad
3083 4035 3212 4075 eum
3229 4021 3731 4078 etilluminanimi

2124 4108 2297 4179 (Psal.
2321 4108 2551 4179 xxxm).
2579 4108 2668 4175 Et,
2688 4124 2855 4180 surge
2883 4110 2978 4181 qui
2997 4109 3207 4165 dor-mis
3241 4108 3465 4182 (Ephes.
3498 4108 3579 4181 v),
3613 4118 3721 4167 etc.

2191 4224 2361 4280 Vens.
2387 4225 2473 4279 50.
2506 4254 2575 4265 —
2608 4224 2729 4292 Qui,
2751 4226 3000 4297 projecto
3016 4227 3351 4281 vestimento
3372 4241 3491 4283 suo.
3516 4224 3576 4280 Id
3604 4235 3714 4294 est,

2120 4314 2346 4383 objectis
2372 4313 2563 4368 mundi
2589 4314 2752 4380 curis,
2786 4313 3037 4385 expedito
3066 4313 3266 4369 mentis
3306 4330 3506 4387 gressu
3528 4314 3598 4370 ad
3620 4315 3732 4370 da-

500 4397 672 4453 VERS-
695 4399 784 4452 4οο
809 4427 877 4437 -
908 4396 1106 4453 Sedere
1146 4401 1358 4452 autem
1393 4394 1581 4463 Quasi»
1614 4396 1788 4452 νυῙῑίδ
1820 4404 1879 4451 ut
1917 4396 2093 4468 hOOD
2123 4410 2297 4458 torem
2313 4402 2451 4459 lucis
2477 4410 2754 4473 properat.
2788 4404 3097 4458 Emsiliens.
3130 4403 3441 4475 Promptam
3470 4403 3727 4459 volunta-

427 4485 661 4541 tribuam
690 4485 847 4542 vobis
861 4486 890 4540 τ
909 4485 1018 4540 Sed
1049 4501 1283 4557 regnum
1312 4483 1574 4540 caelorum
1592 4500 1702 4541 non
1719 4492 1802 4540 est
1817 4484 2015 4552 dantis,

430 4662 775 4735 apudeeum
799 4662 944 4734 (Act.
976 4664 1059 4735 x),
1116 4663 1212 4718 sed
1257 4662 1567 4735 quicunque
1608 4662 1808 4736 dignus
1835 4662 2019 4731 fuerit,

428 4749 661 4821 accipiet
680 4751 827 4822 quod
855 4767 965 4806 non
994 4768 1243 4823 persona:
1264 4752 1363 4808 sed
1392 4753 1516 4808 vita
1531 4760 1804 4824 paratum.
1850 4753 2019 4809 Vobis.

429 4838 625 4895 Adhuc
655 4839 927 4909 superbis,
962 4839 1119 4911 quasi
1149 4840 1293 4896 dicat
1319 4858 1332 4894 :
1358 4840 1415 4896 Si
1431 4840 1593 4895 vultis
1610 4840 1882 4912 accipere,
1916 4854 2022 4895 no-

428 4926 523 4983 lite
542 4942 665 4983 esse
696 4926 842 5000 quod
881 4926 1050 4983 estis:
1084 4927 1204 4983 aliis
1260 4937 1513 5000 paratum
1561 4936 1662 4996 est,
1724 4936 1777 4984 et
1807 4944 1907 4985 vos
1934 4928 2026 4984 alii

430 5023 622 5084 estote,
656 5024 710 5071 et
738 5016 894 5072 vobis
922 5023 1174 5087 paratum
1194 5024 1295 5087 est,
1330 5018 1475 5090 quod
1506 5025 1608 5086 est,
1649 5017 1800 5089 prius
1841 5017 2024 5073 humi-

428 5096 636 5161 litimini
656 5105 748 5176 qui
770 5105 886 5174 jam
914 5105 1078 5162 vultis
1099 5106 1343 5162 exaltari.

502 5220 672 5275 Vens.
707 5222 795 5276 41.
833 5251 902 5262 -
933 5221 1225 5293 Indignati
1253 5226 1410 5277 sunt.
1462 5221 1583 5278 Non
1604 5222 1673 5278 de
1700 5229 1897 5290 matre,
1930 5222 2028 5278 sed

429 5310 499 5367 de
518 5307 665 5377 ﬁliis,
699 5309 793 5381 qui
823 5309 1140 5381 ignorantes
1187 5325 1502 5367 mensuram
1539 5326 1691 5367 suam
1737 5311 2032 5369 immodica

429 5397 724 5472 cupiditate
751 5397 1036 5455 ardebant.

504 5508 677 5565 Vens.
714 5506 886 5563 ιλ·-
913 5508 1072 5563 Iesus
1084 5512 1276 5564 autem
1304 5523 1508 5565 vocans
1530 5524 1639 5565 eos.
1674 5507 1905 5565 Humilis
1924 5523 2032 5564 ma-

428 5596 621 5672 gister,
652 5605 709 5656 et
750 5594 875 5670 pius
904 5603 958 5655 et
986 5594 1151 5665 mitis,
1202 5611 1306 5654 nec
1364 5597 1673 5671 cupiditatis
1727 5597 2032 5658 immodicae

2120 4492 2230 4547 tem
2258 4491 2619 4562 completione
2648 4490 2907 4546 desiderii
2940 4499 3270 4558 remunerat,
3322 4492 3501 4548 unde:
3532 4493 3722 4562 Quod-

322 4568 339 4587 ’
430 4574 529 4629 sed
557 4574 892 4645 accipientis.
913 4575 1035 4632 Non
1054 4576 1210 4630 enim
1234 4590 1611 4647 personarum
1655 4575 1905 4647 acceptio
1934 4578 2020 4629 est
2119 4597 2340 4654 cunque
2366 4581 2652 4654 petieritis
2700 4582 2763 4636 in
2802 4581 3056 4636 oratione
3118 4579 3410 4637 credentes
3473 4582 3724 4653 accipie-

2125 4671 2220 4727 tis.

2151 4836 2161 4841 η
2191 4767 2362 4824 Vens.
2387 4768 2474 4821 51.
2507 4796 2576 4806 -
2606 4766 2866 4833 Rabboni,
2887 4770 2953 4823 ut
2968 4766 3206 4823 videam.
3226 4766 3350 4822 Non
3365 4782 3724 4840 aurumque:-

2123 4857 2209 4924 rit,
2242 4856 2339 4912 sed
2383 4856 2584 4911 lumen.
2635 4854 2823 4912 Caecus
2852 4854 2997 4910 enim
3041 4854 3257 4911 divitias
3283 4855 3486 4912 habere
3522 4865 3732 4927 potest,

2127 4946 2223 5001 sed
2238 4961 2346 4999 non
2375 4944 2521 5000 videt
2542 4944 2687 5016 quod
2716 4944 2900 4999 habet.
2932 4944 3199 5016 Exemplo
3218 4944 3379 5014 hujus
3410 4960 3519 5000 non
3551 4943 3729 5003 falsas

2127 5033 2339 5090 divitias
2368 5049 2693 5105 quaeramus,
2727 5033 2825 5088 sed
2841 5033 3020 5089 lucem
3051 5049 3214 5106 quam
3242 5049 3366 5090 cum
3388 5032 3518 5088 solis
3539 5049 3726 5108 ange-

2126 5123 2194 5179 lis
2222 5116 2409 5180 videre
2436 5138 2729 5193 possumus
2757 5122 2825 5176 ad
2849 5138 3012 5194 quam
3031 5122 3116 5179 via
3145 5120 3281 5177 ﬁdes
3304 5129 3407 5177 est.
3430 5122 3587 5178 Unde
3602 5122 3733 5178 illu-

2128 5212 2333 5267 minato
2353 5226 2499 5268 caeo
2527 5211 2722 5267 dicitur
2745 5229 2759 5266 :
2799 5211 2956 5278 Vade,
2980 5212 3115 5280 ﬁdes
3134 5216 3234 5268 tua
3248 5212 3469 5268 salvum
3492 5215 3545 5268 te
3561 5213 3735 5283 fecit.

2200 5329 2371 5384 Vens.
2395 5330 2483 5385 52.
2516 5356 2586 5368 -—
2612 5328 2756 5385 Vidit
2771 5332 2827 5384 et
2842 5330 3192 5402 sequebatur.
3229 5327 3451 5398 (BEDA.)
3482 5325 3641 5383 Videt
3670 5335 3738 5384 et

2132 5417 2376 5489 sequitur
2406 5416 2499 5489 qui
2528 5417 2674 5490 quod
2734 5417 2874 5473 bene
2929 5416 3184 5490 intelligit
3242 5423 3513 5488 operatur.
3563 5415 3749 5488 Sequi

2132 5505 2349 5563 imitari.
2380 5506 2537 5564 Unde
2570 5526 2584 5562 :
2615 5508 2674 5563 Si
2697 5508 2821 5581 quis
2836 5506 2979 5564 mihi
2998 5507 3320 5572 ministrat,
3344 5521 3433 5563 me
3453 5508 3741 5579 sequatur

2138 5598 2319 5669 (Joan.
2352 5598 2483 5668 xu).
