3932 6178
134 204 242 261 221

1079 193 1351 251 GLOSSA
1389 193 1799 254 ORDINARIA.
1840 223 1910 239 —
1949 195 2218 254 EVANG.
2266 197 2502 255 MARCI.

3348 206 3455 262 222

211 325 282 380 In
299 325 410 380 via.
444 321 871 379 Consideremus
897 319 1021 394 quia
1050 319 1138 378 via
1164 320 1426 394 graditur,
1459 330 1512 378 et
1554 337 1748 394 sequa-
1769 322 1826 382 A
1857 338 2114 394 magnus,
2139 327 2195 378 et
2207 323 2362 392 ﬁlius
2390 325 2677 381 Altissimi
2704 325 3011 395 vocabitur,
3030 333 3159 392 etc.,
3185 342 3361 401 usque
3389 330 3462 385 ad

137 429 268 468 mur
294 429 396 484 per
435 411 818 478 humilitatem,
849 426 950 483 per
996 409 1235 466 labores.
1279 411 1380 467 Via
1427 427 1546 482 quae
1575 411 1705 466 dicit
1740 429 1752 465 :

135 506 248 574 Ego
280 517 411 557 sum
441 503 552 567 via,
586 502 794 558 veritas
823 504 879 557 et
900 503 1017 557 vita
1045 501 1228 572 (Joan.
1253 502 1396 571 xxv).
1419 501 1548 556 Haec
1568 508 1650 555 est
1669 500 1754 554 via

135 600 374 664 angusta
403 607 529 662 quae
558 591 706 646 ducit
736 590 804 644 ad
832 590 1026 655 ardua,
1057 589 1453 660 Hierosolyma;
1483 598 1534 644 et
1562 590 1753 644 Betha-

139 681 252 736 nize
282 681 355 735 ad
384 687 630 735 montem
663 678 964 747 Olivarum,
998 680 1088 751 qui
1130 687 1214 736 est
1266 694 1425 736 mons
1453 678 1671 735 luminis
1701 685 1755 735 et

134 768 570 826 consolationis.

822 838 1048 896 CAPUT
1073 839 1173 895 XI.

203 965 386 1020 Vsus.
422 969 476 1020 1.
499 993 568 1005 -
598 963 906 1020 Bethania.
934 964 1156 1035 (ΒΕΒΛ.)
1186 964 1448 1020 Bethania
1475 964 1603 1020 villa
1634 965 1750 1022 sive

134 1053 328 1112 civitas
357 1053 415 1108 in
445 1052 621 1108 latere
652 1052 853 1107 montis
884 1051 1102 1119 Oliveti,
1140 1060 1268 1120 etc.,
1310 1070 1484 1127 usque
1516 1054 1588 1110 ad
1608 1053 1748 1108 duos

130 1152 360 1215 propter
388 1140 644 1197 veritatis
719 1140 1008 1197 scientiam
1057 1149 1110 1195 et
1157 1141 1342 1212 operis
1398 1141 1741 1197 munditiam.

135 1237 282 1289 Duos
313 1248 393 1288 ea:
420 1231 741 1304 discipulis.
776 1230 990 1301 (ΗιΕει.)
1021 1229 1138 1285 Bini
1168 1237 1452 1297 vocantur,
1486 1231 1598 1285 bini
1628 1231 1751 1286 mit-

143 1331 353 1384 tuntur,
386 1328 520 1385 etc.,
553 1335 728 1392 usque
749 1319 822 1374 ad
850 1319 993 1374 inter
1020 1320 1127 1374 duo
1159 1319 1442 1375 cherubim
1455 1320 1747 1375 Dominum

136 1417 496 1484 cognoscant,
529 1408 724 1479 spiritu
751 1415 934 1464 mente
954 1408 1270 1479 psallentes.

205 1499 380 1553 Vnus.
430 1502 488 1555 2.
519 1498 681 1552 -Et
710 1498 930 1552 statim.
982 1496 1202 1567 (BEDA.)
1233 1499 1575 1553 Introeuntes
1597 1513 1749 1553 mun-

136 1590 258 1642 dum
306 1586 709 1658 praedicatores
756 1584 1081 1639 invenerunt
1126 1586 1387 1657 p0pulum
1442 1587 1744 1654 nationum,

1855 428 1956 482 per
1983 412 2164 483 ipsum
2193 413 2421 470 verbum
2452 414 2870 470 obsecrationis.

1928 500 2097 556 Vsus.
2121 504 2206 556 tl.
2225 532 2294 542 —
2314 505 2383 556 Et
2403 504 2682 559 introivit.
2700 505 2830 574 (11).)
2850 504 2970 557 lam
2987 503 3460 575 appropinquante

1862 589 2118 658 passione
2147 590 2202 644 in
2233 591 2354 646 loco
2384 592 2626 662 passioni
2657 591 2927 663 prtefinito
2959 600 3084 646 ante
3115 592 3314 648 saicula
3344 594 3459 649 vult

1855 694 1998 745 esse,
2031 686 2159 746 etc.,
2193 695 2369 752 usque
2399 681 2470 736 ad
2493 682 2608 750 jam
2631 689 3035 738 sacramentum
3066 681 3239 737 beatae
3271 681 3460 740 immo-

1853 773 2071 828 lationis
2111 774 2403 832 inchoavit.

1925 864 1989 917 In
2019 866 2315 936 templum.
2339 865 2662 937 Exemplum
2681 868 2830 924 dedit
2850 871 3027 941 nobis,
3051 882 3111 930 ut
3131 891 3460 950 quocunque

1853 950 2183 1020 veniremus,
2217 953 2454 1023 primum
2510 956 2580 1011 ad
2637 956 2858 1012 domum
2891 961 3153 1020 orationis
3182 965 3230 1020 si
3256 965 3332 1020 ibi
3370 966 3461 1021 sit-

1852 1039 2183 1096 divertamus
2217 1058 2230 1096 :
2265 1051 2318 1097 et
2348 1059 2471 1099 cum
2502 1061 2602 1100 nos
2630 1063 2730 1116 per
2760 1048 3018 1105 orationis
3071 1054 3313 1109 studium
3342 1055 3458 1112 Deo

1854 1130 2436 1202 commendaverimus,
2485 1134 2555 1188 ad
2629 1150 2694 1189 ea
2758 1146 2976 1208 propter
3040 1157 3161 1212 qua:
3208 1142 3459 1199 venimus

1851 1219 2067 1289 agenda
2088 1220 2433 1277 secedamus.
2457 1224 2526 1276 Et
2549 1223 2992 1297 circumspectis,
3018 1238 3121 1286 etc.
3142 1232 3265 1287 Non
3285 1233 3458 1290 semel

1851 1307 1956 1362 hoc
1984 1306 2128 1373 fecit,
2163 1309 2262 1364 sed
2291 1326 2388 1380 per
2429 1326 2621 1366 omnes
2652 1314 2892 1384 quinque
2922 1316 3060 1373 dies.
3098 1320 3202 1374 Per
3232 1321 3376 1377 diem
3398 1322 3455 1377 in

1852 1396 2054 1466 templo
2081 1397 2332 1467 docebat,
2376 1400 2626 1455 noctibus
2683 1402 2871 1456 exiens
2898 1404 2955 1460 in
3011 1416 3194 1462 monte
3254 1409 3453 1467 Oliveti

1850 1485 2184 1555 morabatur,
2218 1487 2358 1542 sicut
2385 1487 2560 1544 Lucas
2592 1489 2683 1544 ait.
2717 1492 2979 1548 Docendo
3019 1495 3163 1550 enim
3193 1497 3454 1554 incredu-

1853 1571 1922 1626 lis
1950 1571 2188 1630 ofﬁcium
2227 1577 2584 1632 correctionis
2642 1579 2865 1635 sedulus
2914 1582 3285 1654 impendebat,
3335 1601 3453 1640 ma-

139 1686 256 1739 etc.,
288 1691 475 1749 usque
506 1675 580 1730 ad
612 1673 705 1745 qui
764 1680 943 1728 autem
988 1673 1224 1730 mundus
1279 1683 1334 1729 et
1390 1683 1611 1731 sanctus
1642 1684 1750 1756 est,
1772 1687 1824 1748 Β
1857 1662 2224 1756 ηθ-ηξξο-θριλά
2270 1663 2460 1722 ﬁdeles
2489 1667 2723 1737 gratiam
2783 1669 3134 1743 benignitatis
3190 1675 3453 1750 Propitius

140 1766 299 1822 solius
328 1765 437 1821 Dei
477 1771 585 1819 est.

208 1854 383 1908 Vens.
422 1853 478 1907 4.
510 1881 585 1893 -
614 1853 854 1908 Pullum
883 1851 1141 1923 ligatum.
1200 1851 1412 1922 (Ηωιι.)
1442 1853 1629 1909 Pullus
1678 1853 1750 1908 li-

139 1951 287 2017 gntus
318 1949 375 1997 et
403 1939 713 1996 indomitus
731 1984 747 2009 ,
781 1955 943 2012 quem
973 1939 1192 1996 solvunt
1221 1948 1272 1996 et
1310 1940 1551 2010 domant,
1585 1957 1751 2013 popu.

139 2035 215 2087 lus
245 2031 474 2105 gentilis
497 2038 602 2086 est.
630 2032 774 2085 Ante
797 2030 1020 2098 januam
1049 2027 1197 2096 ﬁdei,
1229 2045 1351 2086 cum
1372 2030 1602 2086 vinculis
1620 2046 1748 2102 pec-

137 2130 370 2178 catorum
399 2136 634 2174 suorum
665 2119 722 2173 in
754 2118 898 2176 bivio
940 2126 1081 2174 stat:
1120 2119 1176 2173 in
1233 2118 1483 2175 libertate
1540 2119 1748 2175 arbitrii

142 2210 342 2266 dubitat
369 2210 521 2265 inter
549 2216 789 2264 mortem
820 2216 872 2263 et
916 2207 1104 2265 vitam.

201 2299 372 2356 Vnus.
397 2303 456 2354 6.
479 2328 552 2339 —
573 2301 644 2354 Et
663 2297 1027 2354 dimiserunt.
1047 2298 1268 2369 (Br-ma.)
1286 2297 1391 2366 Qui
1411 2298 1465 2352 in
1484 2297 1747 2354 solvendo

145 2387 612 2454 contradicebant,
647 2394 776 2454 etc.,
835 2402 1013 2459 usque
1040 2387 1112 2443 ad
1141 2403 1250 2460 quo
1280 2387 1495 2442 Christo
1528 2403 1746 2444 sessore

151 2475 271 2532 ﬁant
301 2477 476 2550 digna
504 2475 781 2547 operiunt.

213 2567 384 2621 νεεδ.
414 2566 471 2620 ’7.
497 2595 570 2605 -
585 2565 656 2620 Et
676 2565 842 2620 sedit.
866 2564 1079 2636 (Hum)
1100 2564 1275 2635 Cmpit
1302 2580 1539 2637 regnare
1559 2573 1618 2621 ut
1635 2582 1745 2621 non

147 2661 329 2726 regnet
345 2662 645 2725 peccatum
673 2653 730 2707 in
760 2653 977 2708 mortali
1014 2653 1102 2708 vel
1130 2653 1332 2709 lasciva
1360 2669 1526 2709 carne
1561 2672 1574 2708 :
1626 2655 1725 2708 sed

137 2743 336 2811 justitia
368 2751 428 2798 et
449 2758 558 2814 pax
588 2749 641 2796 et
670 2741 930 2814 gaudium
957 2741 1013 2795 in
1047 2740 1251 2812 Spiritu
1281 2749 1487 2798 sancto.

215 2832 385 2887 Vsus.
421 2835 478 2886 8.
511 2860 584 2871 —
611 2830 778 2886 Multi
810 2834 1006 2886 autem
1049 2833 1401 2886 straverunt.
1426 2829 1567 2898 Quia
1585 2830 1742 2886 multi

149 2928 418 2991 martyres
456 2919 770 2991 seproprim
796 2920 980 2975 carnis
1009 2919 1210 2975 amictu
1240 2926 1520 2985 eruentes,
1542 2919 1742 2991 simpli-

141 3009 370 3063 cioribus
403 3007 555 3063 viam
583 3024 683 3065 suo
741 3009 1008 3082 sanguine
1055 3017 1268 3080 parant,
1303 3015 1362 3062 ut
1389 3007 1641 3064 inoﬁ'ensi
1669 3009 1740 3064 ad

139 3113 431 3169 supernam
461 3097 758 3165 civitatem,
793 3099 862 3154 ad
891 3114 1054 3170 quam
1085 3098 1232 3154 ducit
1258 3099 1436 3163 Jesus,
1459 3098 1736 3155 incedant.

201 3188 414 3258 (Hum)
449 3188 634 3253 Multi,
669 3195 772 3243 etc.
823 3187 998 3242 Pedes
1056 3193 1181 3242 sunt
1227 3187 1454 3243 extremi
1497 3202 1634 3258 quos
1671 3187 1739 3242 ad

139 3276 479 3348 jungendum
509 3275 788 3332 constituit
830 3275 1143 3346 Apostolus,
1205 3275 1295 3347 qui
1326 3283 1381 3331 et
1408 3276 1453 3330 si
1475 3291 1584 3330 non
1614 3281 1740 3330 sunt

141 3364 355 3420 dorsum
386 3364 450 3419 in
481 3380 592 3436 quo
620 3365 763 3420 sedit
793 3364 1077 3431 Dominus,
1111 3371 1294 3420 tamen
1321 3380 1446 3420 cum
1476 3363 1738 3419 militibus

138 3467 165 3507 a
189 3454 390 3510 Joanne
412 3453 777 3509 instruuntur.

201 3544 307 3599 Alii
348 3547 576 3599 autem.
638 3541 768 3614 (11).)
795 3541 934 3598 Justi
986 3549 1044 3597 ut
1096 3540 1276 3614 palma
1310 3541 1599 3611 ﬂorebunt,
1633 3557 1736 3595 an-

140 3632 268 3703 gusti
293 3633 350 3688 in
381 3631 693 3698 radicibus,
725 3631 819 3686 lati
848 3631 904 3686 in
925 3631 1154 3686 ﬂoribus
1175 3639 1228 3687 et
1247 3629 1513 3686 fructibus
1547 3649 1562 3686 :
1594 3645 1737 3702 quo-

140 3722 270 3775 niam
292 3722 479 3778 bonus
497 3721 639 3777 odor
669 3721 864 3776 Christi
894 3727 1038 3785 sunt,
1064 3728 1117 3775 et
1146 3727 1392 3775 sternunt
1410 3720 1553 3775 viam
1575 3735 1736 3774 man-

141 3808 376 3864 datorum
413 3810 517 3865 Dei
541 3810 682 3864 bona
710 3808 872 3864 fama.
907 3809 1128 3880 (BEDA.)
1157 3809 1263 3864 Alii
1308 3818 1487 3864 autem
1514 3808 1738 3864 frondes

141 3898 216 3952 vel
240 3914 430 3954 ramos
459 3899 530 3953 de
562 3897 849 3954 arboribus
879 3899 1110 3965 caedunt,
1147 3887 1246 3970 qui
1265 3898 1322 3953 in
1367 3897 1616 3954 doctrina
1644 3913 1738 3952 ve-

139 3986 297 4042 ritatis
327 3986 502 4043 verba
579 3994 633 4042 et
670 3987 968 4042 sententias
1017 3989 1233 4042 Patrum
1280 3987 1349 4042 de
1397 4002 1586 4042 eorum
1645 4003 1739 4041 ex-

140 4086 348 4146 cerpunt
378 4075 563 4130 libris.
594 4075 664 4129 Et
694 4076 812 4130 haec
840 4076 896 4129 in
925 4075 1013 4130 via
1055 4076 1156 4131 Dei
1181 4077 1252 4130 ad
1283 4075 1524 4130 animum
1574 4075 1735 4130 audi-

139 4164 250 4217 toris
279 4164 552 4220 venientis
577 4163 767 4219 humili
796 4163 1183 4234 prmdicatione
1210 4164 1548 4220 submittunt.

200 4262 362 4317 Vsus.
385 4267 440 4318 9.
475 4292 548 4303 --
566 4263 639 4317 Et
662 4263 760 4335 qui
787 4264 1083 4334 praeibam.
1142 4264 1429 4319 Praecessit
1474 4261 1735 4317 Iudaicus

145 4351 387 4420 papulas,
423 4358 649 4406 secutus
677 4357 759 4406 est
789 4351 1028 4424 gentilis.
1059 4352 1131 4406 Et
1159 4352 1289 4424 quia
1331 4367 1522 4406 omnes
1551 4351 1644 4424 qui
1673 4347 1736 4403 ﬁ-

1854 1750 2159 1806 exhibebat.

1924 1838 2170 1911 Cumque
2224 1841 2472 1898 vidisset.
2535 1844 2756 1916 (BEDA.)
2814 1847 2965 1904 Sicut
3018 1866 3118 1920 per
3163 1852 3450 1922 parabolas

1848 1926 2106 1998 loquitur,
2139 1928 2214 1983 ita
2244 1929 2391 1997 facit,
2426 1939 2554 1998 etc.,
2588 1949 2765 2006 usque
2795 1937 2866 1990 ad
2885 1937 3148 1994 miracula
3174 1940 3447 2011 faciendo,

1850 2022 1904 2070 et
1931 2031 2042 2071 non
2070 2016 2276 2073 invenit
2309 2037 2322 2074 :
2355 2019 2479 2076 ideo
2511 2021 2811 2079 damnavit.-

1919 2104 2087 2160 Vnns.
2115 2108 2199 2161 14.
2234 2136 2303 2147 -
2333 2109 2459 2164 Jam
2479 2127 2594 2165 non
2650 2113 2921 2184 amplius.
2959 2114 3090 2185 (11).)
3121 2117 3202 2172 Tu
3231 2134 3451 2192 quoque

1848 2191 1894 2246 si
1924 2207 2033 2248 non
2068 2193 2149 2250 vis
2179 2195 2372 2251 audire
2410 2196 2467 2252 in
2491 2198 2699 2266 judicio
2751 2216 2784 2256 a
2815 2201 3052 2274 Christo,
3083 2191 3376 2264 Discedite,
3414 2228 3451 2265 a

1845 2297 1953 2347 me,
1983 2283 2144 2352 mali,
2177 2285 2242 2340 in
2273 2286 2464 2357 ignem
2492 2291 2794 2355 cisternam,
2831 2293 2965 2363 quia
2996 2294 3301 2358 esuriviet
3329 2313 3447 2353 non

1846 2370 2078 2427 dedistis
2108 2374 2270 2440 mihi,
2311 2375 2780 2434 manducandum
2829 2380 3048 2450 (Matth.
3082 2384 3246 2455 xxv),
3281 2385 3451 2441 arbor

1845 2459 2045 2515 sterilis
2076 2478 2197 2517 esse
2245 2471 2455 2532 caveto,
2519 2465 2616 2520 sed
2646 2466 2827 2536 potius
2886 2470 3098 2525 Christo
3140 2473 3367 2543 pauperi
3397 2483 3452 2530 et

1844 2549 2107 2604 esurienti
2141 2551 2375 2608 fructum
2407 2553 2621 2622 pietatis
2651 2571 2758 2626 quo
2789 2557 3000 2630 indiget
3028 2559 3180 2616 offer.

1915 2639 2083 2695 VERS.
2120 2643 2206 2696 l5.
2241 2671 2312 2682 —
2343 2642 2517 2713 Coepit
2551 2644 2773 2713 ejicere.
2834 2647 2896 2700 In
2938 2647 3058 2718 ipsa
3091 2665 3153 2704 re
3209 2650 3448 2706 ostendit

1843 2727 1989 2797 quod
2019 2744 2116 2798 per
2143 2727 2379 2801 figuram
2413 2731 2469 2784 in
2490 2728 2596 2786 ﬁcu
2622 2730 2767 2787 fecit.
2803 2734 2964 2790 Ficus
2993 2736 3139 2792 enim
3170 2753 3280 2795 non
3309 2754 3446 2812 pec-

1842 2814 1985 2870 cavit
2005 2815 2052 2870 si
2083 2825 2208 2872 ante
2227 2826 2442 2890 tempus
2472 2817 2707 2875 fructum
2737 2837 2848 2878 non
2892 2824 3097 2894 habuit,
3132 2827 3229 2882 sed
3259 2843 3446 2886 sacer-

1840 2902 1996 2960 dotes
2009 2945 2022 2959 .

1923 2993 2249 3050 Vendentes.
2283 2996 2504 3067 (ΒΕοΑ.)
2532 2999 2614 3054 Ea
2644 3000 2850 3056 scilicet
2882 3017 3002 3073 quae
3034 3003 3127 3074 qui
3147 3004 3215 3060 de
3235 3004 3450 3078 longin-

2289 3053 2301 3065 ,
2487 3053 2498 3067 ,
2555 3053 2574 3054 κν
2888 3053 2998 3073 1-"
3079 3053 3324 3061 _-_-_-..
3369 3053 3422 3061 --

1758 3053 1806 3116 C'
1840 3096 1948 3151 quo
1976 3092 2242 3138 venerunt
2273 3085 2342 3138 ab
2371 3085 2643 3156 indigenis
2673 3088 2952 3146 offerenda
3009 3053 3280 3165 emebant,
3315 3053 3444 3151 gica

1837 3185 2014 3242 usque
2043 3172 2115 3227 ad
2145 3189 2364 3243 semper
2393 3175 2679 3245 privantur
2711 3181 3037 3237 sacerdotio.

1908 3259 2076 3313 VERS.
2113 3263 2198 3315 16.
2231 3264 2386 3317 -Ει
2415 3280 2531 3319 non
2560 3267 2798 3323 sinebat.
2833 3269 3016 3323 Futuri
3038 3270 3226 3339 judicii
3258 3288 3446 3328 exem-

1835 3346 1987 3416 plum
2015 3349 2288 3418 praemittit
2320 3354 2538 3422 quando
2579 3371 2770 3410 omnes
2801 3359 3069 3428 reprobos
3100 3360 3170 3414 ab
3197 3360 3452 3418 Ecclesia

1836 3435 2099 3505 repellit:
2133 3444 2186 3491 et
2241 3455 2309 3494 ne
2364 3441 2507 3495 ultra
2560 3443 2631 3500 ad
2696 3460 2816 3499 eam
2871 3447 3198 3503 turbandam
3247 3449 3449 3506 intrent

1837 3530 2042 3579 aeterno
2070 3526 2304 3582 verbere
2335 3531 2654 3600 compescit.

1915 3615 2008 3669 Vos
2043 3618 2240 3669 autem
2268 3618 2506 3686 fecistis.
2543 3619 2626 3673 Ad
2656 3621 2762 3677 hoc
2783 3622 2926 3677 enim
2955 3622 3011 3677 in
3043 3623 3244 3696 templo
3267 3634 3443 3698 erant,

1836 3708 1893 3755 ut
1922 3701 2009 3756 vel
2038 3719 2148 3757 non
2180 3704 2374 3759 dantes
2427 3708 2788 3777 corporaliter
2815 3721 3300 3784 persequerentur,
3353 3715 3440 3770 vel

1836 3790 2028 3845 dantes
2087 3791 2440 3872 spiritualiter
2496 3805 2785 3852 necarent.
2825 3799 3107 3871 Templum
3167 3808 3219 3856 et
3249 3801 3444 3860 domus

1836 3878 1935 3932 Dei
1968 3895 2123 3933 mens
2155 3887 2237 3935 est
2262 3888 2316 3935 et
2345 3882 2681 3938 conscientia
2711 3884 2968 3957 ﬁdelium,
3002 3904 3123 3960 quae
3144 3887 3200 3942 in
3219 3889 3442 3946 laesione

1835 3967 2063 4038 proximi
2094 3985 2383 4038 perversas
2412 3971 2771 4043 cogitationes
2796 3975 3023 4046 profert,
3050 3978 3206 4048 quasi
3235 3977 3292 4032 in
3322 3995 3446 4050 spe-

1835 4055 1999 4138 lunca
2038 4056 2278 4112 latrones
2335 4059 2598 4126 resident,
2651 4071 2703 4116 et
2762 4063 3081 4135 simpliciter
3125 4066 3445 4138 gradientes

1836 4133 2172 4195 interficiunt
2207 4161 2220 4197 :
2255 4151 2308 4198 et
2335 4144 2414 4199 sic
2458 4162 2615 4200 mens
2656 4147 2770 4215 jam
2800 4133 2909 4204 non
2965 4133 3163 4206 domus
3191 4151 3312 4220 Dei,
3345 4151 3443 4208 sed

1833 4229 2094 4298 spelunca
2124 4238 2207 4285 est
2242 4231 2541 4288 latronum.

1903 4318 2073 4374 Vens.
2095 4323 2184 4377 20.
2222 4351 2293 4363 —-
2323 4323 2558 4379 Aridum
2575 4327 2813 4395 factam.
2839 4326 3058 4398 (Ba-na.)
3087 4330 3134 4383 A
3153 4328 3435 4384 radicibus

138 4404 554 4497 magna
591 4404 914 4494 meiut:
947 4404 1649 4496 “mussitanda
1680 4449 1733 4496 ει
1759 4414 1810 4475 D
2429 4419 2487 4466 ιιι
2943 4432 3080 4487 gens
3119 4416 3284 4485 ίωρία

142 4528 373 4597 credunt,
409 4536 465 4584 et
495 4528 590 4600 qui
616 4536 877 4600 praeeunt,
913 4535 966 4584 et
995 4530 1087 4601 qui
1130 4538 1448 4601 sequuntur,
1483 4531 1732 4588 hosanna

143 4617 360 4674 clamant
396 4636 412 4672 :
447 4618 596 4690 quod
654 4618 817 4673 Salva
845 4634 962 4684 nos,
1001 4619 1188 4673 Latine
1237 4620 1432 4675 dicitur
1465 4638 1478 4674 :
1512 4620 1582 4674 ab
1611 4621 1730 4692 ipso

138 4706 264 4760 enim
292 4723 492 4763 omnes
521 4697 735 4778 pridres
767 4707 932 4762 etiam
959 4707 1186 4762 salutem
1213 4709 1557 4779 quaesierunt.

197 4795 359 4851 Vitas.
399 4799 490 4850 10.
524 4825 594 4836 —-
625 4797 961 4851 Benedictus
989 4799 1086 4869 qui
1115 4798 1290 4852 venit.
1323 4796 1591 4865 Quoniam
1626 4813 1729 4852 una

139 4879 274 4949 ﬁdes,
308 4901 418 4939 una
449 4901 582 4955 spes
609 4884 870 4940 omnium.
923 4885 1004 4938 Illi
1049 4885 1434 4956 exspectabant
1463 4893 1516 4940 et
1543 4894 1728 4942 ventu-

139 4984 233 5025 rum
260 4973 581 5040 credebant,
619 4981 671 5028 et
700 4989 804 5028 nos
843 4973 1062 5029 venisse
1111 4974 1402 5029 credimus.

196 5061 413 5133 (θεολ.)
445 5063 549 5118 Per
577 5063 683 5117 hoc
713 5061 859 5134 quod
881 5063 1127 5136 jungitur
1162 5082 1175 5118 :
1208 5063 1455 5118 hosanna
1483 5064 1537 5118 in
1556 5065 1728 5120 excel-

143 5147 202 5202 sis
231 5168 243 5204 :
272 5151 423 5222 quod
449 5159 532 5206 est
565 5151 735 5216 salus,
762 5150 1033 5222 signiﬁcat
1051 5153 1192 5224 quod
1217 5154 1508 5208 adventum
1530 5153 1728 5208 Christi

144 5253 231 5290 non
284 5240 465 5296 solum
555 5239 840 5295 hominum
888 5241 1034 5296 salus
1065 5251 1164 5308 est,
1207 5242 1306 5297 sed
1354 5241 1513 5296 totius
1543 5243 1729 5297 mundi

144 5331 325 5382 terrena
348 5330 597 5401 jungens
628 5329 963 5395 coelestibus,
997 5338 1055 5384 ut
1084 5331 1134 5385 ei
1163 5346 1326 5386 omne
1355 5346 1503 5401 genu
1523 5333 1722 5399 ﬂecta-

144 5417 235 5478 tur,
265 5419 608 5483 caelestium,
674 5418 1038 5474 terrestrium
1067 5424 1122 5474 et
1153 5420 1532 5490 infernarum.
1567 5419 1720 5489 (Phi-

145 5500 223 5571 lip.
254 5506 333 5574 η).

195 5591 392 5663 tilias.)
425 5594 542 5652 Hoc
575 5594 819 5654 Gabrieli
849 5604 1110 5654 consonat
1147 5616 1158 5651 :
1202 5597 1292 5669 qui
1323 5597 1394 5652 ait
1433 5617 1443 5652 :
1479 5599 1576 5652 Hic
1611 5599 1718 5654 erit

1832 4496 1903 4550 ad
1933 4502 2166 4568 tempus,
2202 4499 2288 4554 vel
2320 4516 2385 4554 ex
2414 4510 2569 4571 parte
2610 4503 2960 4572 corripienda
2993 4511 3342 4558 externorum
3362 4505 3439 4559 in-

1833 4585 2105 4653 cursibus,
2133 4595 2185 4642 et
2211 4605 2308 4658 per
2354 4589 2727 4658 paenitentiam
2773 4590 3084 4656 liberanda,
3122 4591 3261 4646 sicut
3291 4608 3437 4663 saepe

1833 4672 2035 4728 factum
2069 4683 2169 4740 est,
2205 4676 2301 4730 sed
2332 4677 2478 4729 omni
2497 4684 2547 4731 et
2568 4684 2775 4730 zeterna
2798 4678 3150 4733 damnatione
3171 4679 3431 4735 ferienda.

1831 4762 2018 4816 Aliter.
2052 4764 2303 4819 Arefacta
2348 4773 2426 4818 est
2457 4781 2490 4819 a
2545 4765 2836 4833 radicibus,
2871 4774 2928 4820 ut
2984 4769 3299 4823 ostendatur
3325 4785 3436 4824 non

1832 4850 2006 4905 solum
2038 4853 2277 4906 humano
2309 4853 2669 4921 extrinsecus,
2719 4855 2817 4911 sed
2859 4854 3042 4913 divino
3073 4857 3218 4913 intus
3245 4857 3434 4914 favore

1829 4937 2073 4995 funditus
2103 4941 2448 4996 destituenda
2483 4959 2496 4996 :
2529 4957 2656 4997 nam
2691 4951 2742 4998 et
2768 4944 2932 4999 vitam
2953 4945 3185 5015 perdidit
3205 4945 3260 5000 in
3280 4946 3434 5002 caelis

1830 5035 1883 5082 et
1912 5029 2142 5098 patriam
2173 5030 2226 5083 in
2257 5029 2434 5084 terris.

1904 5144 2069 5198 Vens.
2103 5148 2192 5200 21.
2227 5174 2294 5183 -
2324 5146 2665 5201 Recordatus
2696 5150 2920 5203 Petrus.
2957 5149 3150 5204 Petrus
3183 5151 3435 5223 agnoscit

1831 5232 2060 5301 aridam,
2093 5240 2145 5287 et
2175 5233 2476 5288 abscissam
2507 5235 2751 5291 radicem
2781 5238 2865 5293 cui
2889 5239 3132 5294 succedit
3153 5239 3298 5296 oliva
3316 5241 3433 5313 pul-

1827 5321 2100 5376 cherrima
2123 5320 2404 5378 fructifera
2426 5331 2618 5380 vocata
2638 5341 2671 5380 a
2690 5325 2941 5382 Domino.
2969 5328 3122 5384 Unde
3145 5330 3392 5402 sequitur
3417 5351 3429 5387 :

1825 5411 2018 5476 Amen,
2055 5411 2174 5466 dico
2204 5411 2368 5478 vobis,
2403 5420 2514 5468 etc.

1897 5513 2064 5567 Vaas.
2096 5517 2184 5570 23.
2220 5544 2287 5554 —
2325 5515 2653 5589 Quicunque
2705 5517 2937 5573 dixerit.
2982 5519 3204 5590 (BEDA.)
3241 5519 3429 5576 Solent

1823 5600 2042 5672 quidam
2065 5602 2269 5671 dicere,
2297 5604 2438 5676 quod
2463 5605 2635 5660 nostri
2656 5606 2895 5663 nondum
2915 5606 3136 5680 plenam
3157 5605 3315 5664 fidem
3335 5607 3426 5685 lia-
