4006 6178
501 200 606 255 223

1060 194 1464 252 WALAFRIDI
1503 194 1747 252 STRABI
1784 194 1983 252 FULD.
2022 193 2197 253 MON.
2238 192 2392 251 OPP.
2433 193 2610 251 PARS
2648 194 2691 249 Ι.
2725 223 2793 238 -
2822 193 3291 253 THEOLOGICA.

3691 204 3798 258 224

505 322 758 387 buerunt,
789 325 920 387 ctc.,
949 336 1123 394 usque
1152 321 1224 376 ad
1253 329 1450 393 quanto
1479 336 1510 374 a
1537 321 1753 391 piorum
1781 318 2004 375 lmsione
2033 335 2093 376 se
2113 320 2171 382 A
2270 320 2440 374 Vsus.
2463 320 2910 392 to.—Lapidem
2927 336 3093 394 quem
3106 322 3564 394 reprobaverunt.
3585 323 3803 395 (Hum)

507 407 793 481 expulsum
812 409 998 482 gemit.
1023 409 1233 479 (Ηιειι.)
1257 410 1366 464 Sed
1382 410 1487 464 hoc
1508 407 1706 464 factum
1723 415 1806 464 est
1838 426 1851 462 :
1884 409 2100 480 quando

507 497 761 554 dixerunt
807 497 1037 569 apostoli
1070 515 1083 552 :
1123 499 1300 570 Digne
1362 499 1778 569 transfertmur
1805 497 1877 553 ad
1906 501 2100 570 gentes

507 588 644 661 quia
697 603 789 644 vos
837 587 1096 659 indignos
1117 587 1394 658 judicatis
1417 587 1639 656 (Matth.
1700 587 1845 658 xxx).
1879 587 2100 658 (BEDA.)

503 676 758 732 Notanda
786 683 866 731 est
895 675 1168 731 distinctio
1200 675 1627 745 deprecantium,
1661 683 1790 743 etc.,
1824 691 1998 748 usque
2029 677 2101 731 ad

505 764 554 820 si
582 772 761 820 tamen
788 764 844 818 in
875 780 935 819 se
955 763 1304 834 peccantibus
1324 764 1501 835 primo
1521 763 1813 820 dimittunt.

577 853 748 908 Vnus.
781 854 870 910 25.
903 883 972 893 -
1000 855 1070 907 Et
1097 869 1226 908 cum
1255 853 1499 909 stabitis.
1533 853 1745 923 (Hum)
1765 853 1980 908 Marcus
2002 868 2102 908 suo

503 957 679 1009 more,
711 950 918 1013 septem
949 956 1144 998 versus
1174 941 1432 996 orationis
1480 941 1777 998 Dominicae
1832 955 1943 997 una
1970 956 2100 998 ora-

503 1030 650 1087 tione
678 1030 1106 1102 comprehendit.
1140 1031 1192 1085 Is
1221 1046 1454 1102 namque
1475 1030 1563 1087 cui
1583 1030 1805 1086 dimissa
1835 1037 1960 1086 sunt
1986 1045 2102 1086 om-

500 1119 608 1186 nia,
659 1119 788 1191 quid
834 1119 1064 1190 amplius
1093 1119 1324 1190 rogabit,
1369 1118 1474 1174 nisi
1503 1119 1648 1191 quod
1702 1127 2019 1190 perseveret
2047 1119 2103 1174 in

500 1223 569 1264 eo
596 1208 741 1280 quod
769 1207 1039 1263 obtinuit?

573 1297 746 1353 Vnus.
777 1297 1045 1354 28.—In
1091 1313 1202 1369 qua
1236 1301 1539 1369 potestate.
1588 1297 1670 1352 De
1713 1296 1815 1353 Dei
1858 1295 2104 1352 dubitant

500 1393 787 1458 potestate,
809 1393 863 1441 et
882 1385 1416 1458 voluntsubintelligi
1437 1385 1637 1441 diaboli
1657 1400 1779 1440 esse
1792 1387 1938 1458 quod
1950 1385 2098 1441 facit.

573 1475 745 1530 Vnus.
776 1477 866 1531 29.
899 1504 968 1514 -
998 1475 1371 1545 Interrogabo.
1405 1475 1616 1530 Poterat
1643 1481 1829 1545 aperta
1873 1489 2103 1546 respon-

501 1563 657 1619 sione
712 1562 1033 1619 calumniam
1110 1570 1434 1619 tentatorum
1463 1562 1743 1619 confutare
1775 1581 1788 1617 :
1823 1563 1923 1619 sed
1965 1579 2101 1634 pru-

499 1651 694 1708 denter
720 1651 1039 1724 interrogat,
1071 1660 1129 1708 ut
1169 1652 1257 1708 vel
1305 1651 1520 1710 silentio
1549 1667 1650 1707 suo
1707 1651 1794 1708 vel
1825 1651 2094 1707 sententia

503 1741 954 1798 condemnentur.

572 1829 744 1886 Vnus.
776 1833 866 1886 31.
914 1859 984 1870 -
1036 1831 1097 1887 Si
1141 1829 1478 1887 dixerimus.
1501 1829 1712 1902 (Ηιειι.)
1759 1829 1839 1885 De
1875 1827 2096 1885 lucerna

501 1918 692 1974 mundi
719 1918 1099 1985 obscurantur,
1152 1919 1297 1973 unde
1325 1919 1456 1974 dicit
1487 1937 1502 1973 :
1535 1919 1741 1974 Paravi
1799 1919 2094 1977 lucernam

505 2009 724 2066 Christo
752 2024 874 2065 meo
909 2025 923 2063 :
966 2009 1229 2064 inimicos
1289 2010 1412 2080 ejus
1465 2008 1704 2064 induam
1761 2008 2094 2079 confusione

502 2097 679 2168 (Psal.
725 2097 946 2168 cxxxx).

575 2187 758 2254 Quare
787 2202 931 2258 ergo,
966 2192 1070 2241 etc.
1103 2184 1270 2255 Quasi
1298 2185 1444 2242 dicat
1479 2204 1493 2241 :
1527 2185 1704 2254 Quem
1755 2183 2092 2240 conﬁtemini

501 2274 571 2330 de
599 2273 739 2330 coelo
768 2274 1022 2330 habuisse
1042 2275 1403 2345 prOphetiam,
1427 2273 1946 2345 mihijtestimonium
1968 2288 2094 2344 per-

499 2363 672 2418 hibuit
699 2371 754 2418 et
781 2364 848 2417 ab
879 2363 973 2418 illo
1002 2364 1230 2418 audistis
1258 2364 1313 2417 in
1346 2379 1454 2435 qua
1481 2371 1750 2434 potestate
1778 2363 1895 2418 haec
1935 2362 2096 2417 facio-

569 2452 740 2507 Vnas.
775 2455 862 2509 32.
883 2483 952 2493 —
981 2453 1040 2508 Si
1068 2452 1407 2508 dixerimus.
1445 2451 1734 2520 Quodlibet
1759 2451 1957 2507 horum
1983 2466 2096 2507 res-

497 2540 770 2611 pondeant
805 2558 818 2594 :
851 2541 1034 2596 vident
1072 2557 1132 2596 se
1159 2541 1214 2595 in
1245 2541 1496 2612 laqueum
1556 2540 1814 2607 ruituros,
1877 2541 2090 2597 timent.

494 2628 881 2700 lapidationem
915 2648 930 2685 :
962 2631 1060 2685 sed
1072 2631 1250 2702 magis
1281 2629 1684 2686 confessionem
1716 2629 1981 2685 veritatis.

567 2719 736 2774 Vnus.
761 2722 850 2773 33.
886 2749 955 2759 —
982 2721 1165 2792 Neque
1196 2736 1290 2790 ego
1337 2719 1458 2776 dico
1497 2719 1664 2776 vobis.
1702 2719 1887 2788 (Ban.)
1946 2719 2093 2772 Dua-

491 2807 595 2863 bus
624 2807 694 2862 de
723 2807 902 2862 causis
933 2808 1159 2864 scientia
1189 2808 1429 2863 veritatis
1461 2807 1761 2864 occultatur
1801 2805 2093 2879 qumrenti-

495 2896 619 2962 bus,
644 2911 766 2952 cum
787 2905 876 2950 aut
897 2896 984 2953 hic
1013 2896 1099 2952 cui
1121 2896 1313 2968 quaerit
1341 2897 1521 2951 minus
1550 2895 1820 2969 intelligit,
1852 2902 1944 2950 aut
1967 2894 2093 2952 odio

495 2991 587 3041 aut
607 2992 917 3056 contemptu
928 2985 1170 3040 veritatis
1190 2985 1448 3058 indignus
1469 2985 1654 3056 estqui
1667 2985 1862 3041 debeat
1890 2983 2094 3054 aperiri

2198 407 2358 479 Lapis
2388 409 2676 478 reprobus,
2710 425 2871 480 quem
2899 409 3072 482 gessit
3095 410 3348 482 angulus,
3382 412 3717 483 conjungens
3747 413 3804 469 in

2201 512 2355 553 cinna
2383 512 2584 569 agnum
2613 511 2737 552 cum
2762 513 2919 568 pane,
2970 497 3163 554 ﬁniens
3220 499 3405 565 Vetus,
3466 500 3682 555 Novum
3711 501 3800 555 in-

2201 586 2403 641 choans
2459 585 2878 652 Testamentum,
2928 585 3018 642 hic
3062 593 3269 657 prestat
3323 585 3459 641 mira
3514 588 3571 642 in
3627 589 3802 645 oculis

2199 673 2417 730 nostris.

2272 764 2440 818 Vnus.
2477 765 2564 818 13.
2589 791 2658 803 -
2687 764 2757 818 Et
2784 763 3032 818 mittunt
3060 765 3131 819 ad
3159 779 3290 819 eum
3318 765 3539 836 (ΒΕυΑ.)
3559 765 3803 822 Turbam

2201 851 2478 917 timebant,
2510 859 2671 923 atque
2700 851 2845 923 quod
2874 868 2974 922 per
3003 868 3063 907 se
3091 866 3200 907 non
3246 859 3653 924 poterant,etc.,
3706 872 3795 911 us-

2201 956 2305 1014 que
2334 941 2405 995 ad
2435 947 2488 996 et
2518 954 2751 1012 regnum
2772 948 2824 994 et
2847 939 3025 995 omnia
3045 941 3278 1011 perdere
3297 941 3605 1010 maluerint,
3629 958 3789 1016 quam

2204 1045 2326 1085 esse
2356 1029 2644 1084 tributarii.

2273 1118 2443 1173 Vsus.
2478 1119 2564 1173 14.
2607 1148 2676 1158 -
2724 1119 3002 1189 Magister,
3047 1119 3280 1175 scimus.
3332 1119 3464 1191 (Ιο.)
3501 1119 3704 1177 Blanda
3734 1130 3791 1177 et

2202 1206 2543 1262 fraudulenta
2572 1207 2924 1278 interrogatio
2953 1208 3023 1263 ad
3051 1208 3157 1263 hoc
3186 1215 3440 1278 provocat
3458 1209 3798 1280 responden-

2203 1302 2328 1361 tem,
2360 1303 2418 1350 ut
2444 1296 2620 1366 magis
2650 1296 2822 1351 Deum
2853 1311 3018 1368 quam
3047 1297 3321 1353 Caesarem
3349 1296 3551 1364 timeat,
3576 1305 3627 1354 et
3649 1298 3800 1356 dicat

2201 1399 2309 1438 non
2340 1383 2546 1439 debere
2577 1384 2772 1440 tributa
2801 1385 2962 1450 solvi,
2994 1392 3051 1440 ut
3071 1385 3352 1442 audientes
3387 1386 3682 1442 Herodiani
3703 1403 3798 1444 se-

2202 1471 2632 1541 ditioniscontra
2661 1474 2933 1529 Romanos
2963 1482 3242 1530 auctorem
3279 1483 3513 1532 teneant.

2272 1561 2442 1615 Vnus.
2479 1563 2564 1616 15.
2587 1591 2657 1602 -
2689 1562 2795 1629 Qui
2848 1563 3032 1619 sciens
3087 1564 3419 1620 versutiam.
3479 1563 3585 1633 Qui
3610 1573 3803 1638 putant

2199 1649 2665 1721 nterrOgationem
2715 1651 3012 1707 Salvatoris
3060 1652 3456 1725 ignorationem
3484 1669 3626 1720 esse,
3688 1669 3804 1712 non

2195 1737 2677 1809 dispensationem,
2729 1754 2796 1794 ex
2869 1740 2974 1797 hoc
3018 1740 3141 1797 loco
3188 1740 3416 1809 discant,
3452 1742 3598 1815 quod
3628 1741 3804 1814 potuit

2195 1826 2338 1882 scire
2365 1827 2522 1895 cujus
2550 1826 2730 1899 imago
2759 1835 2925 1883 esset.
2977 1828 3088 1886 Sed
3132 1829 3455 1902 interrogat,
3487 1837 3547 1886 ut
3572 1831 3642 1886 ad
3673 1846 3800 1887 ser-

2193 1930 2412 1970 monem
2441 1930 2628 1971 eorum
2658 1923 3032 1986 competenter
3085 1918 3428 1990 respondeat.
3460 1919 3795 1976 Denarium.

2192 2002 2458 2058 Denarius
2515 2018 2693 2074 genus
2746 2005 2951 2058 nummi
3009 2005 3101 2077 qui
3155 2021 3258 2077 pro
3314 2007 3505 2063 decem
3559 2006 3797 2062 nummis

2192 2098 2547 2162 computatur,
2582 2098 2636 2147 et
2663 2091 2824 2147 habet
2850 2092 3141 2166 imaginem
3170 2094 3422 2150 Caesaris.

2264 2181 2434 2235 Vsus.
2471 2183 2556 2234 11.
2589 2211 2658 2221 -
2685 2181 2914 2238 Reddite
2971 2198 3097 2254 ergo
3143 2198 3268 2256 qua:
3341 2188 3482 2240 sunt
3532 2184 3792 2239 Caesaris.

2193 2269 2310 2326 Hoc
2338 2267 2456 2340 ipse
2487 2267 2612 2324 fecit
2645 2287 2658 2324 :
2690 2286 2792 2340 pro
2823 2286 2882 2326 se
2913 2278 2964 2326 et
2983 2287 3084 2342 pro
3105 2273 3264 2328 Petro
3286 2272 3547 2329 solvendo
3571 2273 3792 2328 tributa.

2201 2358 2331 2427 Quae
2359 2361 2499 2412 sunt
2527 2359 2628 2412 Dei
2653 2359 2784 2415 Deo.
2817 2359 2932 2414 Hoc
2963 2375 3180 2432 quoque
3209 2361 3335 2416 fecit
3364 2361 3538 2416 Patris
3558 2360 3793 2432 implens

2194 2446 2546 2501 voluntatem.
2577 2445 2749 2501 Aliter
2781 2464 2795 2500 :
2825 2447 3055 2502 Reddite
3086 2465 3207 2520 quae
3236 2454 3375 2504 sunt
3406 2451 3638 2506 Caesaris
3680 2449 3798 2506 σιε-

2193 2535 2332 2590 sari.
2359 2535 2779 2605 [inpressionem
2801 2550 2910 2588 suae
2930 2534 3203 2608 imaginis.
3230 2536 3362 2603 Qua:
3380 2542 3522 2592 sunt
3540 2538 3643 2594 Dei
3660 2539 3795 2593 Deo.

2193 2622 2446 2678 Animam
2475 2621 2677 2676 lumine
2707 2622 2884 2676 vultus
2914 2623 3030 2691 ejus
3059 2623 3398 2690 illustratam,
3431 2625 3587 2680 Unde
3618 2642 3633 2680 :
3667 2625 3798 2697 Sig-

2191 2715 2397 2776 natum
2410 2715 2494 2766 est
2514 2725 2687 2782 super
2707 2726 2808 2766 nos
2829 2711 3024 2766 lumen
3042 2713 3234 2768 vultus
3249 2714 3337 2768 tui
3360 2713 3535 2783 (Psal.
3561 2712 3664 2784 iv),
3686 2721 3797 2770 etc.

2262 2817 2432 2872 Vnus.
2461 2820 2546 2872 18.
2571 2845 2640 2856 -
2668 2816 2977 2883 Sadduccei,
3016 2825 3118 2873 etc.
3160 2818 3288 2875 Duae
3343 2819 3584 2874 haereses
3642 2829 3808 2878 erant

2191 2904 2248 2959 in
2274 2904 2496 2971 Judteis,
2526 2904 2926 2960 Pharisaeorum
2955 2913 3007 2962 et
3036 2906 3483 2963 Sadducaeorum.
3525 2907 3804 2964 Pharisaei

2189 3003 2537 3060 traditionum
2584 3010 2638 3058 et
2693 3003 3134 3060 Observationum
3164 3005 3323 3076 (quas
3355 3005 3432 3060 illi
3465 2995 3809 3080 δευτερώσεις

493 3073 725 3164 Propter
753 3075 982 3130 alterum
1013 3073 1255 3164 (Ποίωΐέ
1287 3075 1480 3130 Adhuc
1531 3076 1719 3164 mut?“
1751 3074 1918 3164 ’ξαὺθο
1946 3073 2093 3164 υθθίςῗ
2122 3066 2172 3129 C
2196 3094 2414 3164 vocant)
2438 3092 2696 3162 justitiam
2727 3092 3091 3164 praeferebant
3121 3111 3135 3149 :
3166 3066 3311 3150 unde
3343 3102 3395 3150 et
3417 3095 3576 3152 divisi
3603 3066 3808 3153 vocans

494 3163 695 3228 dicere,
730 3179 854 3238 quae
883 3179 998 3219 non
1025 3163 1262 3234 potestis
1289 3167 1520 3235 portare
1546 3163 1726 3219 modo.
1759 3162 1992 3232 Propter
2023 3160 2098 3216 al-

495 3258 693 3320 terum,
724 3251 907 3309 Nolite
936 3255 1203 3308 sanetum
1241 3251 1375 3307 dare
1411 3251 1665 3308 canibus.

1095 3367 1321 3423 CAPUT
1363 3365 1490 3422 XII.

561 3465 820 3521 Vnus.’i.
879 3493 949 3506 -
976 3465 1206 3531 Lucum,
1243 3464 1376 3520 sive‘
1397 3463 1640 3520 torcular
1668 3470 1758 3518 aut
1777 3461 1968 3531 altare,
2002 3468 2095 3518 aut

489 3553 587 3611 illa
614 3553 902 3611 toreularia
932 3569 1163 3626 quorum
1194 3553 1347 3610 titulo
1376 3553 1596 3626 quidam
1626 3552 1823 3624 psalmi
1877 3569 2093 3625 praeno-

490 3650 693 3700 tantur.
726 3647 961 3716 Peregre
985 3647 1297 3716 profectus.
1350 3645 1496 3698 Dans
1526 3643 1758 3699 liberum
1816 3641 2093 3698 arbitrium

490 3731 754 3806 operandi
799 3749 910 3790 non
961 3732 1255 3789 mutatione
1281 3731 1408 3801 loci,
1442 3731 1566 3805 quia
1610 3731 1812 3805 ubique
1841 3732 2007 3801 Deus,
2040 3739 2094 3789 et

488 3831 676 3890 omnia
710 3831 963 3904 complet.

562 3921 735 3978 Vnus.
761 3923 814 3975 6.
845 3949 914 3961 —
947 3919 1090 3987 Quia
1137 3920 1566 3976 reverebantur.
1599 3918 1724 3974 Non
1780 3919 1885 3975 hoc
1934 3919 2090 3992 igno-

487 4009 662 4067 rando
689 4007 842 4074 dixit,
874 4006 998 4078 quia
1029 4007 1392 4074 omnianovit,
1427 4008 1526 4062 sed
1556 4022 1776 4077 semper
1806 4006 2086 4079 ambigere

489 4095 690 4152 dicitur
718 4096 884 4160 Deus,
915 4102 974 4150 ut
1000 4094 1176 4149 libera
1212 4093 1460 4150 voluntas
1516 4093 1722 4149 homini
1751 4101 2084 4150 reservetur.

563 4182 786 4255 (BEDA.)
814 4183 1221 4255 Interrogamus
1251 4182 1461 4249 Arium,
1495 4188 1550 4237 et
1576 4180 1922 4253 Eunomium,
1955 4197 2086 4240 ecce

489 4279 645 4346 pater
680 4270 882 4328 dicitur
908 4271 1185 4344 ignorare,
1217 4279 1271 4327 et
1326 4269 1652 4326 sententiam
1708 4277 1997 4343 temperat,
2031 4279 2087 4328 et

489 4369 748 4436 quantum
767 4359 824 4416 in
871 4359 1030 4416 nobis
1059 4366 1143 4416 est
1198 4359 1398 4416 dicitur
1455 4375 1580 4416 esse
1608 4359 1886 4415 mentitus.
1911 4359 2084 4430 Quid-

2199 3190 2286 3237 tur
2313 3198 2346 3236 a
2373 3182 2592 3253 p0pulo.
2628 3181 2911 3238 Sadductei
2939 3189 3136 3249 autem,
3169 3181 3227 3238 id
3254 3189 3356 3253 est,
3391 3183 3542 3252 justi,
3573 3191 3626 3240 et
3672 3198 3805 3241 cor-

2195 3270 2348 3342 poris
2378 3278 2432 3326 et
2459 3270 2654 3326 animae
2683 3270 3144 3327 resurrectionem
3171 3271 3460 3344 negabant.

2269 3359 2580 3427 Sadduccei,
2605 3365 2711 3416 etc.
2744 3357 2966 3431 (Bnm.)
2995 3358 3101 3428 Qui
3120 3359 3577 3417 resurrectionem
3597 3374 3801 3433 corpo-

2193 3463 2317 3502 rum
2347 3464 2470 3504 esse
2501 3455 2723 3522 negant,
2754 3448 2841 3504 vel
2864 3463 2972 3504 non
3001 3448 3230 3504 credunt
3256 3449 3466 3505 animas
3488 3449 3799 3519 judicantes

2192 3535 2411 3593 interire
2442 3551 2565 3593 cum
2622 3536 2980 3609 corporibus;
3009 3545 3158 3594 recte
3212 3537 3521 3608 hujusmodi
3551 3537 3797 3595 fabulam

2192 3623 2423 3698 ﬁngunt,
2475 3641 2598 3698 quae
2643 3625 2986 3682 deliramenti
3026 3634 3213 3701 arguat
3257 3642 3352 3683 eos
3398 3627 3490 3700 qui
3537 3635 3799 3684 asserunt

2192 3713 2640 3771 resurrectionem
2669 3729 2973 3786 corporum.
3009 3715 3184 3772 Potuit
3237 3723 3418 3772 autem
3465 3723 3518 3772 et
3544 3715 3600 3772 in
3627 3723 3799 3790 gente

2192 3817 2383 3860 eorum
2412 3804 2698 3876 aliquando
2727 3803 2833 3860 hoc
2860 3802 3130 3860 accidere.

2260 3901 2432 3956 Vnus.
2462 3904 2554 3958 20.
2585 3930 2655 3942 —
2674 3901 2898 3973 Septem
2917 3917 3063 3973 ergo,
3088 3909 3193 3958 etc.
3225 3901 3359 3974 (11).)
3379 3900 3796 3974 Turpitudinem

2187 3987 2381 4044 fabulae
2427 3996 2726 4059 opponunt,
2785 3997 2843 4044 ut
2893 3991 3350 4049 resurrectionem
3403 3999 3623 4064 negent.
3676 3990 3793 4048 Sed

2186 4076 2432 4147 mystice,
2465 4083 2675 4147 septem
2702 4075 2894 4134 fratres
2921 4077 3039 4134 sine
3066 4077 3191 4134 ﬁliis
3219 4078 3480 4146 defuncti,
3529 4077 3786 4135 omnibus

2184 4164 2430 4235 reprobis
2459 4173 2766 4238 congruunt
2797 4182 2812 4221 :
2846 4165 2936 4238 qui
2962 4183 3059 4238 per
3087 4174 3255 4223 totam
3284 4167 3449 4223 vitam
3477 4167 3619 4240 (quae
3648 4183 3786 4239 sep-

2184 4259 2294 4308 tem
2336 4252 2528 4309 diebus
2574 4253 2826 4326 volvitur)
2869 4268 2903 4310 a
2949 4255 3094 4311 bono
3138 4271 3306 4327 opere
3351 4256 3564 4312 steriles
3621 4264 3770 4322 sunt,

2183 4341 2382 4412 quibus
2408 4341 2608 4398 viritim
2637 4341 2996 4400 morientibus
3028 4344 3099 4399 ad
3127 4343 3380 4400 ultimum
3409 4352 3462 4400 et
3480 4344 3596 4415 ipsa
3615 4359 3778 4399 mun-

490 4421 623 4524 (iuid
650 4465 749 4522 pro
775 4457 929 4522 patre
958 4448 1361 4520 responderim,
1393 4448 1500 4504 hoc
1528 4447 1830 4522 intelligam
1886 4421 1988 4520 ρξο
2016 4447 2086 4502 ﬁ-
2115 4421 2169 4484 D
2187 4429 2326 4524 dapa
2353 4431 2693 4524 conversatio
2722 4431 2966 4524 moritur,
2981 4431 3054 4524 _id
3083 4439 3198 4524 est,
3215 4433 3428 4524 transit,
3452 4431 3616 4524 quasi
3639 4446 3781 4488 uxor

490 4539 586 4608 lio,
619 4539 712 4611 qui
741 4555 801 4595 se
857 4537 988 4594 dicit
1044 4537 1324 4611 ignorare,
1390 4537 1871 4594 consummationis
1918 4537 2082 4596 diem.

566 4627 737 4684 Vnus.
759 4629 816 4682 7.
849 4658 918 4668 —
945 4628 1137 4684 Coloni
1151 4631 1366 4684 autem.
1400 4626 1530 4698 (11).)
1555 4626 1754 4682 Probat
1772 4626 2084 4683 Iudaeorum

489 4713 766 4788 principes
793 4730 903 4771 non
924 4731 1025 4787 per
1043 4715 1406 4790 ignorantiam
1431 4715 1706 4772 Christum
1726 4715 2083 4786 cruciﬁxisse,

493 4810 624 4874 etc.,
647 4819 823 4877 usque
851 4804 924 4860 ad
971 4811 1026 4859 et
1055 4821 1206 4860 suam
1246 4804 1510 4876 justitiam
1556 4821 1676 4877 quae
1731 4821 1798 4861 ex
1853 4803 1978 4878 lege
2003 4812 2087 4862 est

492 4891 757 4964 praeferre
771 4891 1100 4948 nitebantur.
1962 4922 1968 4926 -

562 4981 734 5037 Vnus.
751 4983 804 5037 8.
818 4982 969 5036 —Et
979 4982 1292 5053 ejecerunt.
1311 4983 1474 5040 Notat
1482 4982 1835 5055 pertinaciam
1854 4997 2044 5040 eorum
2068 5002 2081 5038 :

491 5067 585 5142 qui
613 5084 716 5125 nec
735 5067 998 5126 cruciﬁxo
1018 5083 1083 5127 ac
1103 5070 1430 5128 resuscitato
1441 5071 1675 5128 Domino
1689 5071 1758 5128 ad
1794 5071 2086 5145 praedicat-

493 5157 677 5214 ionem
706 5158 1076 5228 apostolorum
1098 5159 1323 5216 credere
1338 5159 1644 5232 voluerunt,
1671 5160 1770 5217 sed
1792 5160 1950 5233 quasi
1980 5160 2085 5216 vile

496 5245 734 5303 cadaver
761 5247 1107 5318 projecerunt
1131 5265 1144 5302 :
1178 5247 1308 5319 quia
1329 5257 1587 5320 quantum
1608 5249 1664 5305 in
1693 5265 1752 5306 se
1774 5257 1906 5320 erat,
1930 5248 2086 5305 asuis

491 5332 692 5390 ﬁnibus
713 5334 1062 5392 excludentes
1087 5335 1341 5408 gentibus
1364 5337 1776 5409 suscipiendum
1797 5337 2083 5396 dederunt.

565 5423 786 5494 (ΒευΑ.)
834 5423 1148 5496 Cuicunque
1175 5423 1415 5481 ﬁdelium
1459 5427 1778 5498 mysterium
1807 5425 2083 5499 baptismi,

494 5518 623 5584 etc.,
653 5527 832 5585 usque
877 5513 949 5568 ad
981 5511 1270 5569 Dominum
1329 5513 1654 5588 crucifigere
1685 5525 1739 5573 et
1796 5516 2085 5573 ostentatui

491 5600 692 5662 habere
717 5600 994 5676 gaudebit.

2185 4517 2496 4587 infecunda,
2529 4535 2690 4593 quam
2721 4519 2798 4574 illi
2828 4520 2946 4576 sine
2973 4520 3155 4577 fructu
3185 4521 3313 4578 boni
3347 4521 3530 4594 operis
3587 4535 3794 4594 exege-

2184 4615 2332 4664 runt.
2370 4609 2585 4681 (Hnm.)
2622 4607 2814 4665 Mulier
2843 4609 3060 4677 sterilis,
3091 4623 3196 4666 nec
3251 4609 3567 4683 relinquens
3597 4623 3792 4666 senem

2185 4711 2252 4752 ex
2281 4705 2490 4769 septem
2545 4697 2818 4763 fratribus,
2859 4705 2986 4765 etc.,
3040 4714 3216 4771 usque
3244 4695 3317 4755 ad
3365 4699 3490 4772 quia
3541 4698 3788 4755 initium

2184 4787 2482 4859 sapientia:
2521 4787 2692 4843 timor
2738 4786 2985 4843 Domini.

2253 4891 2426 4947 Vnus.
2458 4893 2548 4948 25.
2580 4921 2649 4932 —
2677 4893 2861 4964 Neque
2902 4892 3136 4958 nubent,
3170 4907 3367 4966 neque,
3423 4899 3524 4949 etc.
3561 4891 3791 4965 (Βεω.)

2185 4979 2377 5035 Graeco
2403 4979 2644 5036 idiomati
2695 4979 2885 5035 Latina
2938 4980 3274 5037 consuetudo
3300 4994 3409 5038 non
3466 4979 3790 5052 respondet,

2183 5067 2392 5124 nubere
2419 5067 2564 5122 enim
2578 5067 2796 5139 pr0prie
2830 5067 3086 5125 mulieres
3129 5067 3382 5125 dicuntur
3411 5085 3427 5124 :
3461 5076 3516 5125 et
3543 5068 3647 5124 viri
3677 5067 3784 5124 du-

2187 5170 2333 5213 cere.
2369 5155 2480 5212 Sed
2508 5171 2618 5212 non
2675 5155 2990 5229 simpliciter
3017 5157 3224 5214 dictum
3269 5157 3656 5231 intelligamus,
3688 5173 3795 5214 ne-

2185 5259 2291 5317 que
2320 5244 2537 5301 nubent
2562 5243 2682 5312 viri,
2713 5261 2894 5320 neque
2921 5247 3212 5303 nubentur
3239 5245 3522 5302 mulieres.

2257 5342 2427 5397 Vsus.
2485 5343 2574 5398 26.
2607 5345 2809 5415 —Ego
2865 5359 2996 5400 sum
3048 5346 3213 5413 Deus,
3239 5352 3343 5400 etc.
3404 5343 3591 5414 (Βεο.)
3637 5342 3783 5400 Cum

2185 5429 2351 5485 multa
2400 5431 2669 5502 apertiora
2697 5431 3001 5489 testimonia
3029 5431 3098 5487 de
3146 5432 3546 5489 resurrectione
3584 5441 3782 5503 posset

2184 5517 2451 5592 proferre,
2476 5527 2602 5590 etc.,
2633 5535 2808 5594 usque
2836 5521 2907 5578 ad
2927 5536 3046 5594 quae
3075 5534 3197 5577 cum
3227 5520 3508 5577 animabus
3534 5519 3623 5576 vel
3644 5521 3794 5578 bona

2187 5608 2274 5667 vel
2301 5607 2445 5666 mala
2473 5617 2785 5683 gesserunt.
