3932 6178
152 302 258 357 225

1176 289 1445 347 GLOSSA
1485 286 1903 345 ORDINARIA.
1945 319 2014 330 —
2053 289 2316 347 EVANG.
2360 290 2597 348 MARCI.

3374 297 3478 352 226

226 421 398 476 Vsus.
429 423 522 477 28.
557 449 627 460 —
669 417 1040 488 Interrogavit
1070 431 1222 472 eum.
1253 414 1469 487 (Ηιειι.)
1489 412 1634 482 Quid
1664 411 1770 468 sibi
1790 413 1847 476 Α
1875 420 1930 469 et
1959 414 2216 472 desidero
2247 416 2394 488 quod
2422 431 2532 472 non
2568 431 2796 487 possum
2824 415 2982 472 vobis
3010 416 3327 487 explanere.
3358 417 3484 474 Non

158 509 264 566 vult
291 509 414 565 haec
461 507 714 579 quaestio,
765 521 886 562 cum
926 506 1032 560 hoc
1070 505 1240 560 sciant
1289 519 1481 560 omnes
1521 500 1680 573 periti
1710 500 1766 556 in
1861 512 2143 575 quantum,
2177 505 2276 560 sed
2305 521 2371 560 ex
2403 511 2606 576 quanto
2640 504 2920 561 desiderat
2951 504 3118 560 Deus.
3172 505 3481 577 Unusquis-

157 600 277 671 lege
296 597 326 652 ?
356 596 470 652 Sed
498 596 721 652 diverse
750 595 806 649 in
833 593 1026 650 Exodo
1054 601 1107 648 et
1138 592 1378 648 Levit‘ico
1407 599 1461 648 et
1506 592 1766 646 Deutero-

158 685 338 743 nomio
358 685 683 741 ordinantur
701 683 974 739 mandata.
1000 682 1082 738 De
1101 681 1187 737 his
1220 681 1364 736 enim
1393 680 1606 736 duobus
1633 678 1767 734 ube-

158 776 306 832 ribus
336 789 508 846 super
533 780 763 846 pectora
791 786 1011 844 sponsae
1042 769 1237 827 levatis
1264 770 1422 826 alitur
1476 776 1659 825 nostra
1687 766 1768 822 in-

159 864 340 919 fantia.

221 953 494 1010 Primum
523 952 804 1016 omnium,
841 957 949 1006 etc.
997 949 1289 1004 Maximum
1320 947 1466 1020 quod
1494 955 1618 1003 ante
1645 962 1768 1003 om-

160 1041 244 1096 nia
269 1039 546 1096 debemus
574 1039 631 1093 in
659 1037 850 1105 corde,
885 1037 1041 1110 quasi
1069 1038 1287 1094 unicum
1315 1035 1533 1107 pietatis
1575 1035 1768 1092 funda-

158 1137 401 1186 mentum
429 1127 638 1195 locare,
672 1127 778 1184 hoc
808 1134 910 1193 est,
946 1125 1154 1184 scilicet
1182 1124 1424 1198 c0gnitio
1452 1132 1614 1196 atque
1643 1139 1774 1180 con-

158 1217 318 1273 fessio
356 1217 562 1272 divinae
586 1215 809 1270 unitatis
839 1229 964 1271 cum
1023 1213 1372 1270 exsecutione
1405 1212 1602 1268 divinae
1641 1227 1773 1284 ope-

161 1306 404 1372 rationis,
440 1320 566 1378 qum
587 1305 644 1358 in
668 1303 962 1360 dilectione
992 1303 1093 1358 Dei
1125 1311 1179 1358 et
1196 1301 1431 1374 proximi
1451 1300 1770 1372 perﬁcitur:

162 1395 272 1451 hac
302 1403 391 1450 est
419 1394 562 1463 ﬁdes
593 1409 716 1465 qua:
741 1408 846 1464 per
890 1391 1258 1448 dilectionem
1303 1393 1592 1462 operatur.

236 1482 412 1538 Vens.
477 1485 568 1539 32.
599 1510 670 1522 ——
698 1483 845 1536 Bene
890 1481 1187 1552 magister.
1236 1478 1459 1550 (BEDA.)
1519 1477 1772 1534 Ostendit

170 1571 348 1629 scriba
376 1571 439 1626 in
469 1571 578 1626 hac
605 1569 965 1641 responsione
995 1569 1139 1624 inter
1167 1567 1374 1625 scribas
1393 1574 1447 1623 et
1467 1567 1773 1622 Pharisaeos

162 1675 386 1734 gravem
419 1658 785 1730 quaestionem
814 1657 909 1712 diu
957 1665 1227 1713 versatam
1255 1671 1401 1721 esse,
1434 1663 1563 1722 etc.,
1596 1672 1769 1728 usque

1867 611 1972 665 que
2001 593 2362 666 quadrantem
2390 601 2571 665 potest
2603 593 2829 651 oﬁ’erre.
2864 593 2998 650 Hec
3039 601 3124 650 est
3153 601 3300 650 torta
3327 593 3487 665 panis

1865 685 1925 740 in
1953 682 2214 749 Levitico,
2249 699 2370 755 quae
2428 691 2512 738 est
2570 682 2824 740 voluntas
2853 691 3129 755 prompta.
3165 682 3482 752 Quadrans,

1868 771 1998 843 quia
2026 787 2092 826 ex
2121 771 2296 827 tribus
2330 772 2598 838 consistit,
2634 773 2896 844 cogitatu,
2929 772 3102 828 verbo
3133 779 3188 827 et
3207 771 3373 828 facto.

1943 860 2257 927 Quadrans.
2293 859 2669 929 Quadrantem
2702 868 2905 916 vocant
2935 860 3302 916 calculatores
3322 875 3484 932 quar-

1869 956 1984 1004 tam
2009 956 2227 1020 partem
2259 949 2524 1021 cujusque
2573 950 2672 1017 rei,
2726 949 2956 1017 scilicet,
3013 949 3140 1018 loci,
3191 949 3484 1022 temporis,

1885 1038 2152 1110 pecunia.
2200 1038 2450 1094 Forsitan
2492 1054 2628 1111 ergo
2659 1038 2748 1094 hic
2796 1047 3047 1113 quartam
3092 1046 3307 1111 partem
3331 1037 3479 1106 sicli,

1871 1125 1926 1182 id
1958 1135 2062 1194 est,
2096 1127 2336 1200 quinque
2365 1126 2559 1182 obolos
2580 1126 2870 1200 signiﬁcat.

1971 1216 2250 1272 Vsus-it.
2298 1245 2368 1257 —
2419 1217 2622 1272 Omnes
2677 1217 2849 1273 enim.
2901 1217 3121 1289 (Bson)
3165 1215 3387 1273 Judmus
3413 1232 3482 1272 ex

1873 1303 2187 1360 abundante
2234 1305 2396 1360 mittit
2425 1305 2482 1359 in
2531 1320 2780 1373 munera,
2815 1313 2944 1372 etc.,
2995 1322 3167 1378 usque
3215 1307 3288 1362 ad
3333 1308 3482 1363 Deus

1875 1409 2038 1451 meus
2069 1394 2460 1454 misericordia
2493 1397 2615 1467 ejus
2643 1396 2952 1467 prce-veniet
2981 1412 3072 1452 me
3100 1397 3277 1466 (Psat.
3300 1396 3477 1466 Lvm).

2479 1545 2703 1602 CAPUT
2725 1546 2875 1601 XIII.

1948 1670 2117 1726 Vnus.
2144 1673 2193 1725 1.
2221 1701 2290 1712 -
2310 1671 2382 1725 Et
2415 1687 2548 1727 cum
2582 1671 2946 1744 egrederetur
2973 1669 3486 1741 (sanA.)Recedent

162 1750 225 1805 αά
249 1764 418 1805 nemo
450 1756 637 1803 autem
669 1747 879 1836 abSQFe
907 1743 1016 1801 ﬁde
1044 1753 1099 1836 ei
1124 1743 1415 1836 ᾀΠθθιίοηθ
1433 1744 1490 1800 in
1510 1759 1618 1816 qua
1638 1759 1770 1800 Sen"
1799 1775 1853 1836 Β
1883 1759 1952 1814 de
1983 1758 2187 1830 templo
2238 1759 2490 1829 Domino,
2528 1743 2659 1826 etc.,
2709 1776 2886 1832 usque
2916 1760 2988 1815 ad
3017 1767 3137 1816 erat
3165 1759 3396 1829 luitura,
3429 1768 3484 1816 et

166 1837 324 1894 tentia
353 1837 548 1894 scriba
579 1837 682 1891 iste
709 1834 953 1891 declarat
985 1850 1046 1890 se
1075 1834 1264 1890 fuisse.

227 1926 399 1981 Vsus.
435 1926 530 1980 3i.
562 1954 632 1966 —
661 1924 782 1980 Non
807 1925 968 1995 longe
989 1939 1047 1978 es
1068 1939 1104 1978 a
1133 1938 1302 1994 regno
1317 1921 1437 1988 Dei,
1459 1928 1564 1977 etc.
1588 1921 1777 1992 (lsrn.)

165 2012 420 2083 Quamvis
453 2012 528 2068 ad
559 2011 875 2068 tentandum
905 2009 1157 2066 venerit:
1181 2008 1400 2082 longior
1427 2023 1665 2080 namque
1697 2015 1780 2064 est

165 2102 472 2176 ignorantia
531 2116 696 2172 quam
755 2098 1003 2165 scientia,
1065 2105 1122 2153 ut
1181 2097 1503 2154 Sadducmis
1531 2096 1774 2152 dicitur:

165 2192 377 2247 Erratis
407 2191 734 2246 nescientes
783 2189 1110 2260 Scripturas
1167 2201 1347 2259 neque
1376 2187 1650 2241 virtutem
1678 2186 1780 2240 Dei

166 2280 288 2350 (lat
299 2281 391 2335 th.
433 2280 607 2348 xxxi).
643 2276 866 2348 (BEDA.)
888 2276 1172 2331 Matthaaus
1196 2274 1343 2340 dicit,
1372 2274 1499 2345 quia
1518 2273 1777 2329 tentando

171 2368 466 2440 quarebat,
502 2375 634 2432 etc.,
670 2381 848 2437 usque
879 2365 950 2420 ad
999 2363 1298 2420 secundum
1327 2361 1459 2416 illud
1493 2380 1507 2416 :
1545 2362 1652 2430 Qui
1680 2365 1775 2433 fa-

167 2457 263 2513 cile
278 2456 474 2513 credit
493 2457 631 2510 levis
651 2459 736 2510 est
748 2454 990 2519 corde,et
1003 2453 1403 2508 minorabitur.
1429 2452 1604 2519 (Eccl.
1628 2453 1774 2519 xxx).

231 2547 297 2601 Et
320 2561 515 2602 nemo.
553 2542 696 2611 Quia
738 2543 794 2596 in
841 2541 1186 2597 sermonibus
1217 2539 1588 2606 confutantur,
1639 2539 1780 2594 ultra

168 2648 267 2689 non
296 2634 692 2705 interrogant;
728 2631 827 2686 sed
857 2639 1045 2702 aperte
1084 2629 1541 2700 comprehensum
1570 2628 1776 2684 Roma-

164 2737 241 2778 nae
297 2721 568 2793 potestati
625 2719 864 2786 tradunt,
899 2718 1045 2774 unde
1105 2725 1253 2789 patet
1300 2732 1513 2773 venena
1553 2715 1776 2772 invidiae

164 2811 414 2882 superari
448 2825 636 2881 posse,
672 2808 776 2864 sed
800 2807 1021 2864 difﬁcile
1053 2807 1358 2878 quiescere.

229 2900 404 2956 Vsus.
429 2903 523 2955 38.
548 2929 618 2939 —
648 2898 784 2954 Sede
817 2915 852 2952 a
873 2897 1118 2953 dextris.
1152 2896 1294 2951 Nam
1326 2894 1384 2948 in
1413 2895 1519 2950 hoc
1546 2893 1779 2948 inﬁrmi-

162 2979 316 3044 tatem
349 2987 472 3055 ﬁlii,
509 2987 608 3044 sed
641 2987 768 3059 quia
797 2985 934 3042 alter
963 2986 1018 3039 in
1038 2985 1209 3040 altero
1240 2990 1502 3056 operatur
1521 2982 1777 3038 ostendit.

162 3076 295 3133 Nam
324 3085 381 3131 et
415 3075 564 3130 ﬁlius
594 3074 812 3143 subjicit
842 3073 1094 3130 inimicos
1131 3071 1296 3140 Patri,
1357 3079 1411 3127 et
1465 3073 1641 3129 Deum
1671 3072 1779 3127 Pa-

167 3157 301 3221 trem
330 3163 616 3239 gloriﬁcat
648 3179 814 3234 super
838 3171 1070 3219 terram.

233 3255 407 3310 Vens.
445 3257 538 3308 38.
571 3283 643 3295 —-
675 3253 892 3308 Cavete.
924 3251 1144 3321 (Βεω.)
1174 3249 1337 3316 Nota,
1361 3248 1490 3321 quia
1534 3264 1645 3304 non
1673 3265 1773 3305 ve-

165 3349 236 3399 tat
253 3359 351 3400 eos
368 3342 466 3415 qui
487 3342 650 3412 hujus
663 3339 826 3398 oﬂicii
846 3348 991 3408 sunt,
1015 3347 1143 3410 etc.,
1162 3354 1336 3412 usque
1349 3337 1420 3393 ad
1431 3337 1776 3394 simulatione

170 3431 522 3498 seducamur,
559 3429 646 3485 vel
701 3428 1046 3485 aemulatione
1074 3427 1145 3484 ad
1173 3428 1320 3483 idem
1351 3425 1772 3482 inﬂammemur.

231 3521 404 3577 Vsus.
438 3523 534 3576 40.
555 3548 624 3560 -
647 3519 754 3586 Qui
769 3518 1041 3576 devorant
1076 3517 1266 3574 domos
1281 3515 1587 3571 viduarum
1607 3514 1777 3584 Quasi

163 3609 374 3681 patroni
407 3608 467 3663 in
491 3607 701 3678 judicio
730 3606 918 3674 futuri,
969 3606 1039 3662 ab
1084 3605 1314 3660 inﬁrmis
1345 3612 1398 3659 et
1425 3611 1776 3675 peccatorum

168 3697 501 3754 conscientia
530 3696 762 3752 turbatis
783 3695 1067 3766 pecuniam
1087 3695 1340 3765 accipere
1360 3707 1473 3748 non
1491 3691 1740 3750 dubitant
1761 3711 1775 3748 :

166 3801 281 3843 cum
309 3785 667 3844 commendet
709 3785 827 3840 Deo
874 3784 1176 3840 orationem
1202 3797 1401 3839 manus
1430 3787 1690 3854 porrecta
1708 3780 1779 3836 ad

164 3875 423 3943 dandum,
456 3890 573 3932 non
603 3873 839 3930 collecta
866 3873 935 3928 ad
964 3871 1347 3945 accipiendum
1381 3889 1395 3926 :
1429 3867 1628 3942 quibus
1646 3869 1780 3927 illud

163 3965 418 4039 congruit
448 3983 465 4020 :
503 3965 697 4021 Oratio
727 3965 852 4035 ejus
891 3962 996 4032 ﬁat
1026 3963 1091 4018 in
1137 3967 1465 4034 peccatum.

226 4065 401 4121 Vsus.
457 4064 549 4118 41.
582 4092 651 4102 -
712 4061 1200 4133 Gazophylacium.
1235 4060 1456 4132 (BEDA.)
1487 4050 1783 4114 Φυλάττειν

164 4151 347 4210 Graece
377 4165 607 4210 servare
657 4149 887 4206 Latine.
949 4149 1114 4216 Gaza,
1149 4149 1388 4218 Persice,
1421 4152 1641 4220 divitiae,
1676 4151 1782 4208 Ga-

160 4241 545 4313 zopbylacium
588 4238 743 4295 locus
789 4253 898 4310 quo
945 4237 1145 4293 divitiae
1191 4247 1498 4307 servantur,
1533 4250 1586 4297 et
1632 4255 1778 4306 arca,

163 4330 402 4398 8silicet,
461 4331 522 4385 in
567 4343 676 4400 qua
704 4327 891 4399 populi
934 4327 1163 4382 donaria
1208 4329 1692 4403 congregabantur
1716 4330 1785 4384 ad

165 4434 293 4475 usus
351 4417 566 4490 templi.
603 4417 760 4473 Unde
807 4416 865 4472 in
913 4414 1054 4472 libro
1100 4433 1335 4490 regnum
1371 4420 1567 4476 :Tulit
1591 4418 1786 4476 Joiada

1878 1845 2108 1903 aediﬁcia
2135 1848 2366 1904 ruitura.

1959 1935 2112 1992 Vides
2143 1937 2264 2002 has,
2301 1944 2406 1993 etc.
2449 1936 2718 1993 Divinitus
2757 1944 2938 1992 autem
2992 1944 3346 2009 procuratum
3374 1945 3476 2004 est,

1878 2033 1936 2079 ut
1963 2024 2238 2095 patefacta
2295 2042 2396 2097 per
2462 2026 2652 2081 orbem
2711 2025 2837 2081 ﬁdei
2892 2026 3224 2099 evangelicae
3279 2026 3476 2100 gratia,

1877 2113 2055 2184 ipsum
2122 2113 2384 2185 templum
2441 2130 2567 2170 cum
2623 2115 2966 2170 cmremoniis
3021 2115 3351 2170 tolleretur:
3410 2131 3481 2172 ne

1879 2200 2018 2256 forte
2046 2201 2242 2273 aliquis
2272 2203 2532 2273 parvulus
2572 2203 2770 2273 adhuc,
2803 2219 2869 2260 ac
2927 2203 3139 2260 lactens
3195 2205 3251 2258 in
3282 2202 3408 2273 ﬁde,
3433 2204 3481 2260 si

1877 2289 2089 2345 videret
2117 2306 2344 2347 manere
2372 2291 2466 2346 illa
2494 2307 2528 2347 a
2570 2293 2851 2364 prophetis
2881 2292 3025 2348 facta
3053 2308 3086 2349 a
3115 2293 3348 2348 Domino
3375 2292 3484 2348 ins-

1877 2378 2030 2432 tituta
2086 2379 2409 2434 admirando
2467 2388 2719 2436 sanctum
2775 2381 3059 2450 szeculare,
3091 2381 3354 2452 paulatim
3410 2381 3483 2437 ad

1877 2466 2217 2524 Judaismum
2275 2467 2637 2524 relaberetur.
2696 2469 2956 2524 Aufertur
3012 2485 3148 2542 ergo
3177 2470 3392 2538 umbra,
3427 2475 3483 2526 et

1880 2555 2140 2626 palmam,
2168 2563 2316 2611 tenet
2345 2557 2548 2611 veritas
2575 2574 2678 2628 per
2705 2558 2897 2612 orbem
2926 2557 3226 2613 declarata.

1950 2645 2161 2714 (Ηιειι.)
2192 2645 2525 2700 Praenuntiat
2554 2645 2768 2701 cladem
2806 2646 3086 2701 novissimi
3117 2645 3399 2716 temporis,
3422 2646 3479 2704 id

1880 2741 1964 2788 est
1994 2733 2427 2789 destructionem
2457 2733 2647 2806 templi
2678 2750 2803 2790 cum
2846 2734 3007 2806 plebe
3064 2743 3117 2790 et
3146 2734 3327 2791 littera
3357 2750 3474 2792 sua.

1878 2822 1958 2876 De
1981 2836 2090 2893 qua
2115 2839 2128 2876 :
2151 2824 2319 2894 Lapis
2340 2839 2513 2895 super
2537 2824 2780 2896 lapidem
2799 2841 2914 2881 non
2933 2824 3296 2896 relinquetur
3314 2825 3474 2895 (Luc.

1878 2910 2044 2982 xxi):
2077 2910 2133 2965 id
2163 2917 2262 2980 est,
2297 2911 2608 2967 testimonia
2654 2912 3043 2984 prophetarum
3101 2929 3269 2985 super
3297 2929 3393 2968 eos
3422 2913 3480 2968 in

1881 3014 2020 3070 quos
2046 2998 2220 3054 Judaei
2249 3000 2639 3071 retorquebant
2667 3017 2734 3057 ea
2761 3009 2819 3058 ut
2849 3001 2905 3056 in
2930 3002 3185 3071 Esdram,
3217 3001 3275 3058 in
3317 3002 3480 3058 Zoro-

1879 3087 2060 3156 babel,
2093 3087 2151 3143 in
2177 3089 2542 3144 Machabaeos.

1816 3149 1863 3212 Ο
1966 3149 2135 3233 Vsus.
2168 3182 2221 3233 3.
2259 3179 2507 3246 Etcum,
2542 3187 2648 3235 etc.
2701 3179 2884 3252 (Bm)
2917 3180 2980 3235 In
3027 3179 3232 3236 sanctis
3262 3179 3477 3253 quietus

1875 3275 2061 3322 manet
2114 3267 2294 3322 :dum
2352 3268 2716 3338 superborum
2787 3269 3093 3326 detestatur
3167 3269 3482 3326 amentiam.

1875 3355 2032 3411 Mons
2063 3356 2207 3412 enim
2236 3356 2520 3413 Olivarum
2551 3357 2890 3413 fructiferam
2937 3358 3200 3415 Ecclesiae
3247 3359 3474 3415 celsitu-

1876 3444 2062 3500 dinem
2090 3444 2364 3519 signiﬁcat
2396 3465 2409 3500 :
2450 3463 2609 3502 mons
2637 3447 2728 3502 ille
2757 3464 2866 3502 non
2914 3447 3282 3505 infructuosas
3312 3449 3476 3506 arbo-

1876 3549 1988 3601 res,
2021 3534 2121 3589 sed
2151 3534 2351 3590 oliveta
2379 3535 2576 3609 gignit,
2609 3537 2806 3607 quibus
2835 3537 3021 3592 lumen
3049 3538 3230 3608 alitur,
3255 3538 3476 3611 requies

1874 3621 2040 3679 lassis
2067 3623 2342 3692 tribuitur,
2392 3623 2680 3679 inﬁrmitas
2727 3625 2973 3681 solvitur.

1946 3710 2118 3767 Vnus.
2151 3715 2204 3768 ὃ.
2239 3741 2312 3753 -
2337 3714 2410 3767 Et
2436 3714 2799 3786 respondens.
2833 3713 2964 3785 (Ιυ.)
2994 3716 3042 3770 Α
3077 3723 3326 3787 tempore
3355 3715 3472 3772 Do-

1877 3799 2090 3856 minicaa
2117 3801 2394 3872 passionis
2420 3802 2477 3856 in
2503 3802 2706 3874 populo
2734 3802 3050 3857 Iudaeorum
3085 3803 3177 3873 qui
3204 3803 3471 3860 latronem

1880 3890 2202 3946 seditiosum
2235 3891 2540 3963 elegerunt,
2574 3891 2846 3946 Christum
2877 3890 3218 3947 Salvatorem
3253 3889 3474 3962 abjece-

1881 3988 2024 4046 runt,
2061 3995 2164 4036 nec
2192 3979 2339 4035 bella
2383 3980 2620 4035 hostium
2650 3996 2752 4037 nec
2782 3979 3079 4036 seditiones
3125 3980 3326 4036 civium
3353 3995 3474 4038 ces-

1883 4077 2175 4137 saverunt;
2227 4070 2324 4125 sed
2354 4069 2587 4140 apostoli
2632 4085 2701 4125 ne
2749 4070 2833 4124 his
2883 4069 3304 4126 adventantibus
3359 4078 3470 4127 ter-

1882 4163 2125 4226 reantur,
2161 4164 2214 4212 et
2241 4174 2310 4213 ne
2331 4156 2770 4230 Hierozolymam
2797 4156 3153 4229 Judaeamque
3182 4158 3468 4226 deserant,

1881 4247 2244 4304 admonentur
2267 4288 2280 4314 ,
2305 4248 2439 4319 quia
2467 4264 2583 4305 non
2603 4248 2803 4303 statim
2829 4247 2982 4316 ﬁnis.
3019 4249 3079 4301 in
3101 4246 3470 4320 quadragesi-
3543 4245 3550 4258 ”

1883 4351 2036 4393 mum
2084 4336 2228 4391 enim
2259 4351 2462 4390 annum
2491 4335 2758 4392 desolatio
2787 4335 3085 4406 provinciae
3124 4342 3178 4391 et
3223 4335 3470 4391 ultimum

1884 4421 2038 4475 urbis
2067 4435 2134 4476 ac
2171 4419 2359 4492 templi
2406 4420 2675 4476 excidium
2723 4420 2996 4491 prolatum
3028 4427 3130 4475 est.

164 4509 431 4578 pontifex
479 4506 948 4578 gazophylacium
986 4521 1186 4572 unum,
1249 4510 1582 4581 aperuitque
1610 4511 1767 4580 fora-

1953 4518 2125 4574 Vaas.
2162 4522 2213 4572 6.
2238 4519 2494 4575 —Multi
2531 4519 2688 4574 enim
2735 4519 2983 4574 venient.
3017 4515 3338 4572 Imminente
3368 4532 3466 4572 ex-

157 4611 286 4652 nten
316 4596 566 4668 desuper
597 4595 693 4664 (IV
717 4596 849 4666 Reg.
871 4594 999 4664 xu),
1033 4601 1162 4661 etc.,
1196 4602 1249 4650 et
1277 4596 1520 4666 porticus
1548 4596 1605 4651 in
1651 4596 1769 4669 qui-

159 4682 258 4739 bus
284 4683 674 4740 servabantur.
711 4681 876 4738 Unde
901 4698 916 4736 :
937 4682 1063 4738 Haec
1101 4683 1266 4738 verba
1313 4685 1534 4742 locutus
1561 4689 1649 4741 est
1674 4687 1766 4741 Je-

158 4787 250 4830 sus
279 4775 346 4828 in
372 4771 808 4844 gazophylacio,
843 4769 1048 4828 docens
1072 4773 1136 4827 in
1169 4773 1403 4844 templo.

221 4871 553 4944 Aspiciebat
583 4868 880 4942 quomodo.
910 4867 1062 4924 Sicut
1082 4870 1413 4942 appetitores
1432 4871 1694 4943 primatus
1715 4880 1768 4928 et

157 4973 307 5016 vana:
326 4959 529 5032 gloria:
553 4958 835 5014 cavendos
858 4974 981 5014 esse
1001 4958 1152 5026 dixit,
1178 4968 1231 5016 et
1252 4960 1592 5017 simulatione
1613 4977 1768 5017 oran-

157 5047 299 5104 tibus
328 5047 602 5120 prolixius
624 5046 893 5116 judicium
919 5046 1190 5118 prmdixit,
1223 5049 1304 5104 sic
1332 5049 1494 5104 etiam
1541 5049 1768 5106 offeren-

159 5142 236 5193 tes
285 5138 448 5206 justo
521 5135 776 5191 examine
825 5135 1105 5204 discernit,
1137 5143 1198 5193 ut
1226 5138 1493 5195 retribuat
1511 5139 1763 5212 singulis,

157 5224 460 5281 secundum
483 5240 578 5280 cor
595 5232 649 5280 et
668 5240 857 5296 opera,
877 5225 1022 5297 quod
1035 5233 1088 5281 et
1098 5225 1262 5283 hodie
1281 5225 1408 5282 facit
1425 5226 1482 5282 in
1497 5227 1762 5284 Ecclesia.

221 5314 466 5372 Divites.
527 5313 750 5385 (BEDA.)
806 5314 1036 5382 Divites,
1068 5315 1242 5373 Judaei
1270 5315 1341 5372 de
1362 5314 1570 5386 justitia
1625 5315 1766 5388 legis

157 5401 300 5470 elati,
334 5411 470 5470 etc.,
502 5419 679 5474 usque
709 5403 781 5459 ad
808 5403 1021 5460 cunctis
1061 5405 1423 5476 superborum
1453 5406 1763 5462 Iudaeorum

158 5491 438 5564 aperibus,
470 5498 756 5563 praestant.

223 5606 402 5666 Vnus.
433 5610 524 5668 42.
556 5637 627 5650 -
665 5609 836 5667 Vidua
860 5625 1099 5682 pauper.
1139 5609 1352 5683 (Ηιειι.)
1382 5610 1512 5668 Haec
1528 5623 1764 5682 pauper—

159 5695 278 5757 cula
305 5713 399 5757 me
426 5706 482 5756 et
518 5696 727 5756 similes
776 5697 973 5772 signat,
1007 5698 1100 5772 qui
1143 5699 1300 5757 mitto
1345 5700 1493 5773 quod
1539 5715 1764 5774 possum

1871 4605 2014 4662 cidio
2043 4606 2199 4662 multi
2254 4615 2524 4664 venerunt
2580 4607 2675 4678 qui
2732 4622 2791 4660 se
2823 4621 2945 4660 esse
2976 4604 3236 4674 Christos,
3271 4612 3324 4662 et
3349 4605 3466 4675 jam

1867 4699 2085 4766 tempus
2113 4695 2587 4751 libertatisadesse
2619 4694 3000 4750 mentirentur.
3035 4693 3188 4748 Multi
3217 4693 3382 4750 etiam
3410 4693 3466 4749 in

1867 4782 2123 4840 Ecclesia
2151 4784 2486 4856 temporibus
2516 4783 2894 4855 apostolorum
2922 4782 3063 4838 inter
3090 4789 3291 4838 caetera
3319 4783 3465 4838 diem

1869 4872 2086 4928 Domini
2114 4873 2320 4928 instare
2350 4871 2538 4928 minati
2571 4881 2714 4927 sunt.
2748 4872 2900 4928 Multi
2929 4871 2986 4926 in
3015 4871 3234 4928 nomine
3263 4871 3467 4928 Christi

1868 4975 2069 5016 venere
2134 4961 2469 5029 Antichristi,
2505 4977 2739 5033 quorum
2785 4961 2995 5032 primus
3031 4961 3222 5016 Simon
3249 4961 3464 5034 Magne,

1867 5049 1963 5104 cui
1978 5051 2386 5106 auscultabant
2401 5067 2592 5107 omnes
2611 5052 2708 5123 qui
2735 5055 2903 5108 erant
2933 5051 2997 5106 in
3025 5050 3287 5107 Samaria
3314 5067 3350 5106 a
3369 5049 3469 5106 mi-

1865 5138 2020 5195 nimo
2043 5155 2215 5211 usque
2242 5139 2315 5194 ad
2341 5142 2669 5196 maximum
2698 5141 2948 5196 dicentes
2977 5159 2996 5196 :
3029 5140 3125 5196 Hic
3172 5143 3259 5196 est
3285 5140 3470 5196 virtus

1865 5227 1966 5282 Dei
1995 5243 2119 5299 qua:
2176 5232 2410 5286 vocatur
2437 5246 2646 5300 magna
2675 5249 2693 5284 :
2723 5245 2785 5285 eo
2810 5229 2952 5302 quod
2987 5231 3172 5286 multo
3222 5234 3470 5303 tempore

1865 5310 2098 5382 magicis
2127 5313 2346 5369 artibus
2376 5313 2758 5370 dementasset
2787 5330 2896 5371 eos.

1942 5425 2112 5485 Vnus.
2147 5433 2198 5484 8.
2230 5459 2300 5471 —
2356 5432 2592 5503 Esurget
2650 5431 2804 5487 enim
2859 5431 3082 5502 (BEDA.)
3112 5431 3242 5487 Haec
3286 5429 3470 5486 omnia

1864 5528 1992 5578 ante
2021 5517 2242 5576 ultimos
2271 5526 2326 5575 et
2353 5519 2745 5577 acerbissimos
2773 5519 3014 5586 dolores,
3047 5526 3177 5586 etc.,
3199 5533 3378 5592 usque
3395 5515 3468 5571 ad

1864 5609 1958 5681 qui
1989 5615 2184 5666 contra
2221 5623 2283 5664 se
2339 5608 2572 5666 invicem
2631 5609 2972 5674 dimicantes,
3007 5606 3268 5664 Ecclesia
3298 5603 3467 5660 victo-

1863 5699 2004 5758 riam
2033 5697 2259 5765 faciunt.
