3932 6178
187 293 291 348 329

1141 285 1411 343 GLOSSA
1448 286 1860 345 0RDINARIA.
1902 315 1971 328 --
2006 285 2283 343 EVANG.
2325 285 2559 343 MARCI.

3401 294 3506 348 230

188 428 296 470 non
325 428 357 467 a
376 411 656 483 passione,
689 418 818 477 etc.,
862 425 1038 483 usque
1068 411 1142 466 ad
1187 410 1289 466 iter
1309 410 1514 468 scilicet
1543 412 1799 468 admonet
1827 411 1884 472 A
1914 418 1998 466 sto
2025 410 2266 466 notitiam
2297 410 2617 480 futurorum,
2677 425 2932 482 passuros
2959 419 3084 483 post
3134 427 3336 484 paucos
3378 413 3500 471 dies

194 501 380 557 subire
408 501 685 556 virtutum.
737 501 809 555 Et
859 500 1186 572 qurerebant
1232 502 1446 555 summi
1492 498 1809 558 sacerdotes

189 590 407 661 (Ηωιι.)
437 590 483 645 Α
508 587 851 661 principibus
886 604 1111 660 egressa
1140 596 1224 644 est
1251 588 1522 661 iniquitas,
1553 589 1645 660 qui
1676 596 1812 644 tem-

191 679 341 751 plum
369 694 582 750 parare,
616 684 671 733 et
698 693 848 745 vasa,
884 686 937 733 et
961 693 1023 733 se
1045 675 1349 748 puriﬁcare,
1398 676 1695 733 secundum
1724 677 1808 733 le-

190 783 323 839 gem
348 767 421 821 ad
449 782 603 822 esum
633 766 763 838 agni
784 766 1100 822 debuerant.

251 856 434 911 Vnus.
465 859 523 912 2.
541 885 613 896 -
641 856 763 912 Non
782 857 846 911 in
865 856 965 911 Die
983 859 1149 927 festo.
1172 855 1309 925 (11).)
1341 854 1523 910 Vitant
1539 854 1683 910 diem
1702 853 1813 910 fes-

183 951 322 1013 tum,
353 944 504 1016 quod
532 944 787 1000 convenit
813 943 921 999 illis
953 963 968 999 :
1000 959 1110 999 non
1141 952 1225 999 est
1272 943 1535 1000 festivitas
1591 942 1673 1000 eis
1718 934 1811 1015 qui

184 1032 353 1088 vitam
379 1039 435 1087 et
462 1032 893 1089 misericordiam
918 1032 1288 1104 perdiderunt.

181 1166 191 1175 .
256 1120 436 1177 Vnus.
470 1124 527 1176 3.
558 1150 631 1162 —
657 1123 877 1178 Etcum
906 1125 1053 1178 esset
1082 1122 1394 1179 Bethaniw.
1431 1121 1563 1193 (11).)
1595 1120 1808 1177 Hinnu-

187 1216 270 1272 lus
298 1224 593 1267 cervorum
620 1226 838 1282 semper
861 1210 928 1266 ad
955 1210 1208 1267 lectulum
1235 1227 1391 1266 suum
1425 1210 1582 1280 redit,
1618 1210 1673 1266 id
1702 1218 1805 1279 est,

186 1298 350 1355 Filius
378 1299 657 1356 obediens
685 1299 823 1355 Patri
853 1316 1025 1375 usque
1054 1299 1123 1354 ad
1145 1308 1371 1356 mortem
1404 1317 1417 1355 :
1448 1298 1808 1356 obedientiam

188 1404 218 1443 a
241 1387 408 1444 nobis
437 1387 592 1460 petit.
627 1388 814 1444 Simon
842 1387 987 1444 enim
1017 1388 1281 1444 obediens
1309 1388 1518 1444 dicitur.
1555 1389 1808 1446 Simonis

193 1477 424 1549 leprosi.
477 1477 669 1533 Simon
704 1476 953 1547 leprosus
993 1478 1254 1532 mundum
1302 1475 1579 1533 inﬁdelem
1604 1476 1802 1548 primo,

194 1573 383 1636 postea
416 1563 638 1621 ﬁdelem
668 1563 954 1635 signiﬁcat.
992 1566 1064 1621 Et
1116 1567 1485 1635 recumberet,
1517 1566 1665 1631 veni,
1700 1573 1802 1621 etc.

192 1652 566 1709 Recumbente
621 1653 832 1724 seipso,
860 1652 915 1708 id
946 1662 1064 1720 est,
1125 1654 1439 1709 humiliante
1487 1670 1565 1719 sc,
1598 1662 1655 1709 ut
1684 1670 1805 1708 eum

194 1750 440 1813 tangeret
469 1741 614 1798 ﬁdes
639 1742 955 1832 peccatricis
988 1760 1002 1796 :
1033 1759 1153 1813 qua)
1180 1742 1249 1798 de
1279 1743 1510 1832 pedibus
1562 1742 1806 1799 ascendit
1824 1772 1878 1832 Β

192 1832 253 1886 ad
297 1840 487 1903 caput,
538 1848 571 1886 a
613 1831 788 1903 capite
844 1832 1129 1889 descendit
1181 1848 1282 1904 per
1325 1831 1507 1902 ﬁdem,
1542 1832 1598 1887 id
1643 1840 1743 1903 est,
1775 1849 1808 1888 a

194 1920 403 1976 Christo
435 1920 510 1976 ad
541 1921 785 1976 membra
814 1921 949 1990 ejus.

257 2011 489 2067 lulier.
512 2009 737 2082 (BnnA.)
756 2010 921 2064 Maria
938 2010 1257 2081 Magdalena
1275 2025 1429 2066 soror
1447 2009 1629 2065 Lazari
1647 2026 1807 2082 quem

195 2098 471 2155 suscitavit
514 2098 802 2165 Dominus,
854 2106 981 2166 etc.,
1040 2114 1217 2172 usque
1276 2100 1349 2155 ad
1393 2107 1451 2155 ut
1500 2099 1805 2169 Matthaaus,

195 2195 241 2243 et
266 2189 484 2243 Marcus
515 2187 822 2258 perhibent,
853 2187 975 2243 oleo
1004 2194 1190 2243 sancto
1217 2186 1468 2259 perfudit.

259 2278 659 2334 Alabastrum.
687 2277 1029 2332 Alabastrum
1072 2292 1311 2332 marmor
1339 2276 1629 2333 candidum
1648 2276 1809 2333 variis

196 2366 353 2437 guttis
383 2365 710 2421 distinctum
738 2373 1012 2437 unguenta
1040 2366 1346 2437 incorrupta
1389 2374 1584 2422 servat.
1635 2365 1810 2421 Nardi

197 2454 421 2527 spicati.
458 2454 659 2510 Pistica
686 2455 886 2509 nardus
916 2454 1111 2509 dicitur
1138 2454 1317 2519 mista,
1350 2453 1474 2525 quia
1503 2469 1611 2508 non
1633 2453 1810 2508 solum

200 2543 264 2598 de
287 2542 495 2612 radice,
528 2542 628 2598 sed
655 2542 725 2597 de
752 2542 918 2613 spicis
947 2550 1001 2599 et
1026 2542 1096 2599 de
1115 2542 1258 2598 foliis
1279 2542 1639 2613 compositum
1657 2549 1807 2598 erat:

198 2632 335 2701 quod
362 2640 452 2687 est
481 2630 794 2702 pretiosius.

259 2722 331 2776 Et
342 2723 561 2792 fracto.
581 2719 801 2790 (Ηιειι.)
831 2720 1041 2775 Domus
1069 2718 1288 2790 impleta
1319 2719 1507 2786 odore,
1540 2719 1737 2775 caelum
1756 2726 1811 2774 et

192 2817 319 2864 terra
349 2816 459 2864 est.
494 2807 751 2863 Fractum
770 2808 1095 2863 alabastrum
1114 2808 1328 2864 carnale
1350 2816 1433 2863 est
1477 2807 1809 2863 desiderium

199 2898 332 2970 quod
363 2896 640 2968 frangitur
663 2897 731 2951 ad
759 2905 919 2969 caput
947 2915 960 2952 :
989 2914 1057 2953 ex
1081 2912 1187 2969 quo
1218 2913 1381 2953 omne
1422 2912 1619 2967 corpus
1653 2911 1808 2952 com-

201 2986 517 3059 paginatum
545 2992 651 3041 est.
683 2984 868 3057 (Bm)
895 2985 1124 3041 Devotio
1161 2985 1359 3055 Mariae,
1392 2983 1555 3040 ﬁdem
1583 2992 1636 3040 et
1686 2983 1810 3055 pie-

203 3082 358 3131 tatem
390 3074 655 3146 designat
681 3074 961 3140 Ecclesize,
993 3081 1121 3140 etc.,
1154 3090 1329 3147 usque
1346 3074 1419 3131 ad
1437 3073 1525 3146 pia
1543 3072 1803 3145 praedica-

202 3164 339 3219 tione
366 3171 423 3219 et
453 3161 671 3220 devotis
700 3170 986 3219 veneratur
1027 3162 1322 3234 obsequiis.

269 3280 444 3336 Vnus.
480 3279 535 3334 ι.
567 3307 640 3319 -
668 3279 851 3334 Erant
870 3281 1064 3334 autem
1102 3278 1349 3351 quidam.
1374 3277 1506 3349 (11).)
1563 3278 1666 3333 Per
1716 3293 1812 3349 sy-

203 3369 505 3425 nedochem
533 3367 741 3439 plurale
768 3381 869 3438 pro
907 3366 1168 3438 singulari
1211 3367 1413 3438 posuit,
1473 3374 1603 3436 etc.,
1634 3381 1813 3439 usque

207 3459 271 3513 ad
287 3458 441 3527 cujus
472 3457 576 3512 hac
626 3455 697 3511 de
750 3471 911 3512 causa
941 3453 1153 3510 furandi
1204 3454 1652 3511 consuetudinem
1682 3453 1813 3508 inti-

211 3562 349 3602 mare
377 3544 614 3603 curavit.
648 3546 716 3602 Ut
745 3545 880 3617 quid
902 3545 1149 3617 perditio
1178 3545 1312 3600 ista.
1336 3544 1549 3617 (Ηιιςιι.)
1570 3542 1816 3599 Perditus

211 3634 274 3690 de
299 3635 475 3690 salute
522 3633 885 3705 perditionem
932 3632 1157 3701 invenit,
1190 3640 1246 3688 ut
1288 3631 1345 3688 in
1391 3630 1495 3689 ﬁcu
1542 3631 1816 3689 fructifera

210 3723 390 3781 mortis
417 3723 678 3796 laqueum
706 3721 1119 3778 nancisceretur.

277 3830 450 3887 Vatis.
488 3832 542 3885 5.
576 3859 647 3871 -
672 3831 907 3886 Poterat
962 3829 1117 3885 enim
1148 3829 1509 3902 inguentu-m.
1543 3827 1675 3899 (11).)
1706 3827 1817 3883 Sub

211 3927 465 3992 praetextu
495 3916 1065 3991 avaritimjmysterium
1093 3917 1325 3989 loquitur
1379 3915 1523 3984 ﬁdei,
1553 3924 1679 3985 etc.,
1716 3931 1818 3972 us-

212 4024 309 4081 que
336 4009 409 4065 ad
437 4007 617 4080 spolia
647 4006 951 4063 dividamus
976 4006 1046 4061 ad
1089 4021 1389 4078 vesperam.

275 4114 449 4172 Vnus.
481 4117 516 4169 6
543 4143 616 4155 —
644 4115 865 4171 Bonum
893 4130 1033 4187 opus
1063 4117 1314 4186 cperata.
1348 4111 1479 4185 (11).)
1516 4110 1621 4181 Qui
1648 4112 1821 4170 credit

212 4202 264 4258 in
291 4204 490 4273 Deum,
520 4210 799 4275 reputatur
826 4202 876 4259 ei
905 4202 961 4258 in
994 4218 1131 4273 opus
1173 4200 1418 4271 justitiae.
1466 4201 1629 4256 Aliud
1675 4201 1822 4258 enim

215 4301 292 4346 est
316 4292 543 4349 credere
568 4291 638 4358 ei,
662 4291 806 4348 aliud
837 4298 921 4348 est
947 4291 1170 4348 credere
1214 4290 1270 4346 in
1317 4306 1459 4360 eum,
1521 4290 1577 4344 id
1607 4298 1709 4357 est,
1743 4297 1824 4347 to-

206 4386 313 4436 tum
340 4398 403 4437 se
430 4381 656 4450 injicere
684 4380 741 4435 in
780 4380 953 4436 illum.

1911 500 2126 571 praescit
2174 500 2528 570 Evangelium
2576 517 2731 555 suum
2761 508 2869 557 toto
2898 500 3029 557 orbe
3084 502 3504 573 praedicandum.

1911 597 2237 666 Notandum,
2270 599 2413 670 quod
2451 599 2587 655 sicut
2610 599 2775 655 Maria
2832 607 2940 656 toto
2988 600 3119 657 orbe
3148 617 3254 673 quo
3283 610 3367 658 est
3393 602 3506 658 Ec-

1910 685 2078 742 clesia
2109 686 2305 761 diffusa
2333 688 2560 759 gloriam
2586 688 2781 744 meruit
2803 688 2873 745 de
2898 688 2992 760 pio
3045 690 3328 762 obsequio,
3361 691 3507 763 quod

1910 775 2144 831 Domino
2173 777 2367 833 devote
2397 776 2638 832 exhibuit
2670 794 2683 831 :
2716 777 2795 833 sic
2824 785 2877 833 et
2903 778 3068 834 Judas
3116 778 3209 851 qui
3238 788 3292 835 et
3320 779 3504 834 detra-

1911 863 2006 934 xit,
2036 864 2277 935 perﬁdiae
2296 873 2421 921 nota
2451 866 2615 939 longe
2657 865 2870 938 lateque
2917 866 3222 924 infamatur.
3254 868 3361 924 Sed
3389 869 3507 925 Do-

1910 951 2089 1008 minus
2144 954 2346 1010 bonum
2399 954 2490 1026 pia
2535 954 2693 1011 laude
2743 964 3065 1024 remunerat,
3097 956 3299 1013 futuras
3352 955 3507 1029 impii

1912 1051 2286 1120 contumelias,
2319 1059 2476 1109 tacet.

1986 1166 2159 1223 Vnus.
2194 1170 2283 1222 10.
2317 1197 2387 1207 -
2421 1168 2536 1225 Uno
2557 1167 2623 1224 de
2653 1167 2965 1225 duodecim.
2992 1167 3208 1240 (Ηιιειι.)
3229 1167 3382 1225 Unus
3410 1185 3511 1226 nu-

1916 1272 2087 1325 mero,
2120 1272 2230 1314 non
2257 1255 2449 1313 merito
2477 1255 2697 1313 nomine
2725 1271 2837 1312 non
2863 1256 3102 1327 numine,
3138 1272 3366 1329 corpore
3392 1273 3502 1315 non

1908 1345 2108 1413 animo,
2142 1344 2287 1400 unde
2318 1360 2555 1417 sponsus
2583 1345 2653 1399 ad
2693 1361 2949 1417 sponsam
2983 1364 2999 1401 :
3037 1346 3359 1403 Vulnerasti
3414 1364 3511 1405 cor

1906 1459 2115 1510 meum,
2148 1460 2306 1501 soror
2324 1460 2469 1510 mea,
2492 1445 2557 1499 in
2586 1459 2700 1500 uno
2728 1444 3021 1500 oculorum
3054 1447 3285 1502 tuorum
3312 1488 3329 1512 ,
3368 1450 3424 1501 et
3453 1447 3518 1502 in

1906 1548 2022 1589 uno
2032 1534 2191 1589 crine
2202 1532 2337 1589 colli
2349 1533 2454 1589 tui.
2472 1530 2980 1603 (Cant.1v).0culus
3002 1531 3229 1588 etcrinis
3251 1533 3513 1604 sapientia

1909 1627 1990 1676 est
2017 1629 2071 1676 et
2096 1620 2265 1676 virtus
2292 1620 2548 1692 quoniam
2578 1620 2731 1676 Iudae
2758 1636 2881 1676 cum
2899 1620 3109 1676 ueteris
3154 1621 3381 1676 dicitur:
3412 1623 3512 1680 Vo-

1909 1710 1989 1765 bis
2002 1709 2203 1765 datum
2213 1713 2300 1765 est
2310 1726 2473 1766 nosse
2488 1710 2825 1782 mysterium
2836 1712 2999 1781 regni
3010 1711 3109 1766 Dei
3121 1709 3341 1781 (Matth.
3361 1711 3509 1782 x111).

1907 1798 1977 1853 Et
2012 1816 2024 1853 :
2054 1798 2196 1855 Dedi
2224 1799 2372 1855 vobis
2397 1802 2740 1871 potestatem
2760 1799 2917 1869 (Luc.
2952 1798 3034 1870 x),
3067 1806 3172 1854 etc.

1979 1914 2129 1971 Abiit
2157 1913 2249 1980 ad,
2282 1920 2387 1970 etc.
2420 1912 2517 1969 Ille
2546 1912 2675 1968 abiit
2706 1912 2776 1968 ad
2805 1912 3079 1984 principes
3112 1930 3126 1969 :
3156 1920 3211 1970 et
3226 1921 3511 1988 postquam

1907 2001 2091 2070 exivit,
2124 2001 2343 2059 intravit
2370 2002 2427 2057 in
2445 2019 2568 2058 eum
2599 2002 2882 2058 Satbanas.
2914 2002 3016 2059 Hic
3045 2019 3164 2060 no.2:
3192 2005 3349 2060 nocti
3368 2005 3519 2062 indi-

1906 2095 2003 2148 cat
2020 2092 2346 2149 scientiam.
2385 2092 2816 2165 Unumquodque
2846 2092 3069 2148 animal
3088 2091 3162 2148 ad
3188 2092 3297 2149 sibi
3322 2094 3512 2151 simile

1898 2190 2169 2261 jungitur
2210 2189 2431 2262 (Matth.
2480 2190 2708 2263 xxvm).
2761 2189 2927 2245 Maria
2953 2190 3117 2246 currit
3145 2190 3214 2245 ad
3242 2191 3516 2263 apostolos

1905 2284 1964 2331 ut
1989 2276 2107 2332 dies
2133 2277 2243 2333 diei
2270 2285 2470 2334 eructat
2497 2278 2757 2348 verbum;
2778 2278 2946 2335 ludas
2973 2278 3042 2334 ad
3070 2279 3308 2350 Iudaeos,
3330 2288 3388 2338 ut
3406 2295 3513 2338 nox

1907 2365 2051 2422 nocti
2073 2365 2275 2421 indicet
2301 2366 2610 2423 scientiam.

1984 2491 2153 2545 Vens.
2188 2493 2274 2545 11.
2308 2519 2379 2531 -
2426 2492 2497 2546 Et
2544 2490 2827 2563 quwrebat
2871 2491 3139 2564 quomodo
3158 2493 3348 2563 illum,
3391 2499 3495 2548 etc.

1915 2577 2105 2649 Hum.)
2136 2577 2401 2635 Promittit
2447 2595 2506 2633 se
2548 2579 2777 2649 tradere,
2810 2587 2868 2633 ut
2910 2580 3171 2651 magister
3214 2580 3330 2650 ejus
3376 2588 3503 2637 ante
3606 2578 3615 2585 ’

1912 2666 2125 2722 dicebat
2175 2684 2189 2721 :
2238 2667 2359 2722 lei
2417 2667 2558 2723 dabo
2627 2668 2766 2723 hanc
2807 2676 3126 2739 potestatem
3181 2668 3509 2725 universam.

1908 2754 2131 2827 (Bap/1.)
2159 2754 2309 2810 Multi
2339 2754 2501 2811 hodie
2530 2755 2706 2812 scelus
2752 2756 2905 2812 Iudae
2960 2758 3249 2813 exhorrent
3302 2773 3404 2814 nec
3432 2765 3516 2813 ta-

1907 2860 2032 2899 men
2059 2852 2268 2909 cavent,
2302 2852 2429 2910 etc.,
2463 2861 2638 2917 usque
2666 2845 2739 2901 ad
2766 2853 2824 2900 ut
2865 2844 3058 2900 amotis
3111 2844 3326 2902 arbitris
3352 2862 3512 2904 men-

1908 2932 2062 2988 dacio
2090 2931 2389 2999 veritatem,
2422 2932 2647 2988 crimine
2668 2940 2874 3017 mutent
2914 2932 3183 2990 virtutem.

1980 3046 2152 3103 Vens.
2178 3050 2265 3104 12.
2289 3048 2443 3103 -Ει
2457 3048 2648 3120 prima
2668 3048 2757 3103 die
2793 3064 3139 3121 azymorum.
3164 3049 3295 3121 (11).)
3318 3049 3515 3119 Quarta

1828 3131 1879 3197 C
1908 3135 2121 3193 decima
2148 3135 2293 3203 luna,
2328 3136 2545 3208 quando
2584 3136 2791 3206 abjecto
2838 3136 3103 3193 fermento
3154 3154 3327 3210 agnus
3362 3138 3514 3195 occi-

1911 3225 2134 3281 debatur
2161 3226 2229 3279 ad
2257 3241 2565 3297 vesperum,
2599 3233 2725 3292 etc.,
2758 3242 2933 3300 usque
2974 3226 3047 3282 ad
3065 3226 3237 3298 ipsius
3259 3226 3505 3285 immola-

1910 3314 2092 3381 tionis,
2125 3313 2181 3368 id
2208 3321 2311 3380 est,
2344 3330 2456 3370 sua)
2485 3313 2756 3386 passionis
2784 3314 3062 3371 exordium
3089 3315 3338 3372 sacravit.

1985 3429 2169 3500 (1311).)
2198 3428 2332 3484 Cum
2355 3429 2708 3485 amaritudine
2744 3428 3042 3486 comeditur
3057 3446 3264 3503 azyma,
3290 3447 3410 3503 quae
3438 3439 3521 3488 est

1915 3516 2215 3589 redemptio
2243 3525 2445 3574 nostra.
2475 3518 2790 3574 Amaritudo
2809 3518 2955 3574 enim
2975 3526 3056 3576 est
3072 3519 3257 3591 passio
3279 3518 3518 3576 Domini.

1988 3660 2156 3714 Vsus.
2191 3662 2278 3714 13.
2311 3688 2381 3700 -
2400 3662 2481 3716 Ite
2502 3661 2568 3716 in
2589 3661 2901 3717 civitatem.
2927 3660 3113 3733 (1381).)
3142 3661 3407 3718 Indicium
3433 3669 3518 3717 est

1914 3746 2272 3818 prmscientiee
2302 3747 2615 3815 divinitatis,
2650 3755 2776 3815 etc.,
2806 3764 2983 3822 usque
2998 3749 3072 3805 ad
3103 3757 3155 3805 et
3184 3750 3254 3805 ad
3281 3749 3519 3806 tollenda

1914 3835 2104 3891 mundi
2143 3835 2368 3892 crimina
2413 3835 2610 3893 viviﬁci
2651 3836 2814 3893 fontis
2860 3837 3126 3909 baptisma
3150 3845 3514 3894 consecretur.

1918 3925 2133 3998 (11mm)
2157 3924 2357 3983 Civitas
2385 3933 2467 3982 est
2491 3924 2737 3983 Ecclesia
2765 3942 2887 3999 quae
2906 3942 3060 3982 muro
3092 3926 3220 3984 ﬁdei
3248 3925 3483 3998 cingitur
3507 3944 3522 3983 :

1919 4015 2083 4071 homo
2139 4031 2432 4072 occurrens
2486 4014 2788 4087 primitivus
2824 4015 3055 4087 populus
3110 4024 3211 4084 est,
3261 4016 3521 4088 amphora

1920 4120 2073 4176 aqua)
2102 4103 2189 4160 lex
2217 4104 2424 4162 litterae.
2459 4106 2630 4163 Homo
2655 4107 2919 4178 [egenam
2934 4122 3114 4179 aqum.
3137 4104 3360 4177 (81:011.)
3380 4104 3523 4161 Con-

1922 4193 2058 4248 sulte
2086 4201 2142 4249 et
2185 4209 2340 4265 aqua)
2372 4193 2554 4263 bajuli,
2604 4201 2658 4249 et
2697 4193 2918 4250 Domini
2964 4194 3158 4251 domus
3200 4193 3356 4251 tacita
3396 4201 3523 4250 sunt

1920 4281 2199 4348 vocabula,
2231 4290 2288 4336 ut
2314 4282 2566 4338 omnibus
2594 4299 2781 4339 verum
2809 4284 3011 4355 pascha
3031 4283 3306 4339 celebrare
3335 4282 3523 4339 volen-

1922 4369 2083 4436 tibus,
2114 4369 2170 4425 id
2200 4379 2282 4425 est
2307 4370 2657 4427 sacramentis
2697 4371 2896 4427 Christi
2936 4371 3122 4439 imbui,
3152 4386 3384 4442 eumque
3410 4386 3524 4427 suae

280 4424 313 4436 ..
340 4424 403 4437 ..ν
430 4424 656 4450 ...νων
684 4424 741 4435 ...
780 4424 953 4436 .........
1360 4424 1365 4427 .

280 4476 460 4533 Vnus.
500 4479 554 4532 ’7.
589 4507 658 4517 -
687 4478 767 4533 Me
786 4485 982 4533 autem
1009 4493 1125 4533 non
1154 4492 1395 4549 semper.
1429 4476 1650 4548 (ΒευΑ.)
1683 4475 1811 4531 Cor-

1925 4424 2119 4513 mea}.
2145 4424 2677 4532 hospitio—suscipere
2705 4424 3523 4531 istaubugjaaaaua

212 4565 382 4636 porali
397 4565 690 4638 praesentia
706 4573 760 4621 et
774 4564 1128 4622 familiaritate
1139 4566 1484 4635 conjunctum
1495 4564 1633 4620 sicut
1642 4579 1806 4620 nunc.

216 4653 371 4710 Unde
396 4654 696 4727 Apostolus
728 4655 888 4710 :Etsi
921 4658 1243 4711 noverimus
1289 4654 1582 4711 Christum
1608 4668 1809 4709 secun-

217 4741 352 4798 dum
394 4758 634 4799 carnem
654 4785 672 4810 ,
705 4741 803 4799 sed
831 4757 989 4800 nunc
1013 4746 1141 4815 jam
1168 4743 1452 4800 novimus.
1486 4742 1537 4812 (I
1584 4743 1702 4799 Cor.
1729 4742 1806 4813 v).

216 4828 579 4901 Spiritualiter
594 4838 773 4887 autem
802 4846 1019 4903 semper
1039 4838 1122 4886 est
1140 4831 1443 4898 nobiscum,
1468 4830 1613 4886 unde
1639 4847 1652 4884 :
1674 4831 1813 4886 Ecce

225 4934 316 4991 ego
344 4921 633 4978 vobiscum
663 4934 794 4976 sum
820 4935 998 4992 usque
1020 4919 1094 4975 ad
1129 4920 1682 4977 consummationem
1713 4935 1815 4975 sa:-

214 5009 330 5065 cuti
358 5009 622 5067 omnibus
650 5007 865 5065 diebus.
898 5007 1111 5080 (111153.)
1139 5008 1217 5063 Ita
1245 5007 1657 5081 intelligendum
1685 5014 1767 5063 est
1799 5024 1812 5062 :

214 5094 295 5151 Me
333 5106 513 5154 autem
549 5112 662 5155 non
710 5112 927 5169 semper
972 5096 1237 5153 habebitis
1282 5095 1339 5151 in
1369 5094 1634 5169 corporali
1671 5111 1816 5169 prae-

214 5186 401 5252 sentia,
430 5195 489 5241 nt
515 5187 665 5258 prius
693 5186 749 5242 in
786 5186 1035 5243 convictu
1065 5194 1120 5242 et
1143 5185 1519 5242 familiaritate.

282 5299 458 5355 Vsus.
492 5304 545 5355 8.
576 5330 647 5341 —
677 5300 831 5368 Quod
860 5300 1078 5356 habuit.
1128 5299 1287 5369 Quod
1312 5300 1508 5372 putatis
1554 5300 1819 5374 perditio-

216 5403 338 5443 nem
366 5404 493 5445 esse
519 5389 809 5460 unguenti,
842 5387 1080 5445 ofﬁcium
1126 5389 1411 5461 sepultura)
1437 5398 1538 5445 est.
1570 5391 1687 5447 Nec
1720 5388 1823 5444 mi-

218 5492 331 5531 rum
360 5476 411 5531 si
438 5476 571 5531 mihi
601 5476 752 5532 dedit
773 5476 999 5533 odorem
1031 5477 1160 5533 ﬁdei
1186 5478 1409 5547 bonum,
1441 5494 1563 5536 cum
1590 5495 1694 5552 ego
1722 5495 1823 5552 pro

219 5580 279 5621 ea
300 5564 519 5622 fusnrus
543 5581 670 5621 sum
698 5566 1023 5640 sanguinem
1050 5582 1252 5623 meum.

292 5680 461 5740 Vm.
484 5683 540 5739 9.
558 5682 820 5742 —Amen
835 5682 961 5743 dico
979 5684 1148 5743 vobis.
1180 5682 1406 5756 (Βεω.)
1420 5682 1560 5741 Nota
1582 5683 1643 5742 in
1662 5682 1821 5743 Chri-

1915 4546 2179 4619 signetur.

1981 4662 2312 4736 Sequimini.
2344 4661 2558 4734 (Hma.)
2579 4660 2690 4731 Qui
2710 4661 2856 4718 ducit
2882 4662 2938 4717 in
2965 4661 3129 4718 altum
3173 4662 3268 4719 ubi
3304 4662 3525 4721 refectio

1912 4750 2130 4823 Christi,
2160 4752 2306 4809 unde
2359 4750 2506 4807 Raab
2561 4749 2987 4823 exploratoribus
3045 4751 3281 4825 mandat,
3312 4761 3369 4810 ut
3411 4768 3520 4811 non

1912 4855 2012 4912 per
2040 4840 2148 4896 ima
2174 4840 2273 4897 sed
2301 4855 2401 4913 per
2427 4839 2642 4897 excelsa
2683 4839 2841 4897 irent.

1993 4964 2167 5021 Vnus.
2200 4966 2286 5020 15.
2335 4993 2405 5005 -
2450 4966 2736 5023 Corculum
2770 4966 3007 5039 grande.
3078 4966 3209 5039 (11).)
3276 4966 3523 5025 Ecclesia

1923 5068 2140 5124 magna,
2174 5069 2295 5125 quae
2323 5061 2503 5108 narrat
2548 5069 2747 5110 nomen
2803 5053 3041 5127 Domini,
3072 5063 3233 5110 strata
3270 5056 3528 5114 varietate

1918 5140 2167 5201 virtutum
2200 5149 2253 5197 et
2281 5141 2605 5213 linguarum,
2636 5143 2782 5199 unde
2816 5161 2829 5198 :
2866 5143 3308 5202 Circumamicta
3340 5148 3527 5205 varie-

1924 5238 2229 5312 tate(Psal.
2264 5239 2419 5309 xuv)
2450 5238 2720 5310 virtutum,
2764 5239 2818 5296 in
2875 5257 2979 5314 qua
3035 5251 3251 5315 paratur
3294 5244 3530 5301 Domino

1918 5328 2141 5400 pascha.
2170 5327 2433 5384 Dominus
2463 5329 2655 5386 domus
2686 5330 2873 5387 Petrus
2903 5332 3179 5404 apostolus
3218 5332 3304 5389 cui
3333 5333 3527 5389 Domi-

1922 5433 2025 5473 nus
2054 5417 2456 5473 domum'suam
2485 5418 2713 5475 credidit
2747 5437 2762 5473 :
2793 5427 2851 5475 ut
2875 5420 2945 5476 sit
2990 5439 3097 5478 una
3125 5420 3263 5478 ﬁdes
3290 5421 3392 5478 sub
3419 5436 3528 5477 uno

1921 5514 2157 5579 pastore.
2191 5507 2376 5581 (1331).)
2423 5508 2768 5565 Coenaculum
2824 5509 2912 5567 lex
2965 5510 3274 5584 spiritualis,
3307 5524 3430 5581 qum
3457 5508 3527 5564 de

1922 5597 2188 5669 angustiis
2239 5596 2430 5657 littera)
2484 5598 2774 5671 egrediens
2827 5598 2883 5655 in
2925 5599 3143 5655 sublimi
3171 5598 3290 5654 loco
3335 5594 3530 5668 recipit

1923 5684 2275 5759 Salvatorem,
2307 5696 2433 5761 etc.,
2455 5703 2631 5763 usque
2668 5687 2742 5745 ad
2769 5686 2894 5760 quia
2946 5694 3138 5746 cuncta
3179 5683 3397 5758 paschae
3435 5698 3529 5743 sa-
