3932 6178
415 295 515 350 231

913 289 1322 347 WALAFRIDI
1359 288 1604 347 STRABI
1642 287 1840 345 FULD.
1879 285 2056 345 MON.
2097 285 2253 345 OPP.
2293 286 2471 345 PARS
2508 288 2551 343 Ι.
2594 316 2663 328 -
2700 285 3171 346 THEOLOGICA.

3606 291 3716 345 232

414 422 691 474 crementa
717 422 772 472 et
800 420 994 472 caetera
1019 415 1161 487 legis
1199 416 1416 472 decreta
1472 415 1587 483 ejus
1644 429 1769 469 esse
1825 428 2013 469 sacra-
2044 411 2101 474 A
2126 412 2417 470 undecima
2444 427 2657 469 coenam
2684 410 2903 468 Domini
2927 411 3078 480 facit,
3120 410 3270 483 quod
3336 426 3622 485 nunquam
3647 413 3740 468 in-

426 512 606 562 menta
632 504 934 577 cognoscit.

494 621 668 677 Vsus.
718 621 807 676 17.
860 649 930 662 --
984 621 1209 692 Vespere
1256 623 1470 675 autem.
1515 617 1729 689 (Ηιειι.)
1775 616 2019 689 Vespera

423 709 533 766 diei
560 723 846 781 vesperam
856 707 1072 784 indicat
1098 706 1305 762 mundi.
1339 706 1492 762 Circa
1504 705 1846 763 undecimam
1865 721 2019 761 nam-

425 808 531 866 que
559 794 746 849 horam
775 792 995 849 veniunt
1033 789 1316 847 novissimi
1348 808 1363 845 :
1395 790 1489 863 qui
1533 790 1695 862 primi
1740 789 2019 846 denarium

425 881 695 954 accipiunt
719 880 843 937 vitae
870 888 1086 937 aeternae
1116 896 1131 935 :
1176 879 1300 951 quia
1332 886 1456 934 ante
1505 894 1719 936 crucem
1749 878 2019 934 Abraham

428 978 538 1027 erat
564 969 621 1025 in
651 968 882 1036 inferno,
912 975 966 1024 et
992 975 1117 1039 post
1145 983 1360 1024 crucem
1390 967 1523 1024 latro
1553 967 1609 1022 in
1634 967 1907 1038 paradiso.

497 1059 667 1114 Vsus.
718 1060 806 1113 18.
855 1087 925 1097 -
971 1057 1150 1112 Amen
1178 1057 1321 1123 dico,
1355 1063 1461 1112 etc.
1497 1055 1643 1111 Sicut
1672 1056 1742 1111 de
1766 1054 2020 1127 passione

338 1154 343 1159 '
419 1146 740 1219 praedixerat
772 1164 786 1201 :
820 1145 894 1201 ita
921 1145 992 1200 de
1038 1144 1313 1216 proditore
1360 1143 1621 1216 praedicit,
1671 1145 1808 1199 dans
1838 1144 2018 1199 locum

421 1229 742 1303 pcenitendi,
786 1237 845 1284 ut
894 1245 1016 1285 cum
1082 1228 1441 1284 intellexisset
1492 1227 1847 1300 cogitationes
1888 1244 2014 1283 suas

420 1318 665 1389 praesciri
692 1333 726 1373 a
755 1318 892 1384 Deo,
927 1316 1218 1388 paeniteret
1246 1333 1368 1372 eum
1396 1315 1521 1372 facti
1550 1316 1652 1373 sui.
1686 1317 1809 1372 Non
1839 1323 2019 1372 tamen

421 1422 488 1463 ex
516 1406 738 1463 nomine
765 1405 1033 1478 designat,
1064 1422 1135 1461 ne
1162 1413 1347 1477 aperte
1374 1406 1689 1477 redargutus
1741 1405 2024 1477 impuden-

424 1495 528 1551 tior
552 1494 663 1550 ﬁat.
697 1494 855 1549 Mittit
880 1494 1083 1551 crimen
1112 1495 1168 1549 in
1194 1510 1476 1549 numerum
1507 1512 1520 1548 :
1553 1502 1610 1548 ut
1637 1493 1886 1549 conscius
1909 1509 2022 1565 pce-

424 1584 704 1641 nitentiam
725 1592 867 1655 agat.
904 1585 1149 1640 Unus'ex
1179 1584 1346 1639 vobis.
1371 1583 1510 1638 Dum
1534 1582 1739 1637 falsitas
1761 1582 2018 1654 arguitur,

423 1672 622 1729 veritas
647 1672 1024 1743 comprobatur
1051 1679 1104 1727 et
1130 1671 1400 1742 impletur.
1448 1671 1552 1738 Qui
1594 1670 1788 1727 edebat
1838 1687 2019 1743 panes

2124 509 2347 559 ventum
2375 509 2459 557 est
2486 516 2590 557 nec
2617 500 2674 556 in
2699 501 2857 558 No.0
2884 515 2990 557 nec
3033 500 3089 556 in
3129 500 3328 557 Vetere
3356 500 3733 557 Testamento.

2135 592 2289 646 Vitis.
2319 590 2541 662 (BEDA.)
2571 589 2707 646 Vitis
2737 589 2826 645 vel
2850 588 3009 646 vinea
3028 588 3249 645 Domini
3268 588 3588 663 Synagoga,
3613 596 3719 646 etc.

2126 695 2304 752 usque
2334 678 2406 735 ad
2436 679 2506 734 de
2534 678 2704 734 salute
2734 677 2981 747 ejusdem
3008 677 3193 749 pepuli
3214 676 3487 750 baptismo
3506 692 3735 750 regene-

2124 768 2230 823 rati
2258 782 2402 825 novo
2427 767 2712 824 vobiscum
2749 766 2950 839 gaudio
2978 765 3292 837 perfundar.

2191 857 2362 912 Vsus.
2390 858 2481 914 26.
2512 885 2582 897 -
2612 857 2683 911 Et
2710 856 2915 927 hymno
2942 854 3111 913 dicto.
3135 854 3267 927 (In.)
3285 856 3468 912 Potest
3486 853 3729 929 intelligi

2122 947 2358 1018 hymnus
2429 959 2595 1016 quem
2652 943 2952 1000 secundum
3000 944 3266 1000 Joannem
3322 943 3471 999 Patri
3525 943 3731 1015 gratias

2122 1050 2293 1106 agens
2345 1033 2668 1090 decantabat
2699 1075 2712 1099 ,
2740 1039 2869 1103 etc.,
2907 1047 3085 1105 usque
3131 1032 3205 1088 ad
3279 1039 3335 1087 et
3401 1031 3732 1088 charismata

2123 1123 2295 1179 sancti
2324 1122 2552 1195 Spiritus
2579 1121 2779 1194 quibus
2805 1121 2862 1176 in
2910 1120 3073 1177 corde
3098 1135 3491 1194 perungamur,
3523 1119 3731 1178 debere

2124 1211 2514 1269 conscendere.
2536 1212 2603 1267 In
2621 1213 2874 1267 montem
2896 1209 3207 1266 Oliuarum.
3230 1209 3445 1281 (Ηικιι.)
3466 1209 3730 1265 Inmonte

2124 1300 2322 1357 Olivcti
2344 1307 2557 1356 tenetur
2579 1300 2738 1355 Jesus
2769 1316 2784 1354 :
2817 1306 2871 1354 et
2898 1298 3029 1354 inde
3059 1298 3303 1354 ascendit
3322 1298 3395 1354 ad
3412 1296 3591 1355 cmlos
3614 1315 3630 1352 :
3650 1296 3730 1353 uti

2123 1390 2359 1447 sciamus
2379 1388 2504 1460 quia
2519 1387 2647 1444 inde
2665 1387 3012 1444 ascendimus
3031 1386 3100 1441 ad
3120 1386 3289 1443 orelos
3312 1403 3328 1440 :
3349 1387 3498 1442 unde
3524 1385 3726 1459 vigila-

2121 1496 2265 1546 mus,
2288 1486 2341 1535 et
2358 1493 2594 1547 oramus,
2616 1484 2672 1533 et
2688 1476 2939 1549 ligamur,
2963 1491 3067 1533 nec
3084 1490 3457 1548 repugnamus
3476 1474 3537 1532 in
3556 1482 3725 1532 terra.

2196 1568 2399 1623 Omnes
2449 1565 2999 1623 scandalizabimini.
3059 1564 3283 1634 (Βιζω.)
3307 1562 3562 1621 Ρτωᾱίοίι
3591 1563 3727 1636 quid

2121 1655 2336 1728 passuri
2382 1655 2491 1710 sint
2540 1673 2554 1710 :
2599 1661 2657 1710 ut
2684 1669 2809 1711 cum
2851 1652 3000 1725 passi
3024 1651 3223 1709 fuerint
3249 1667 3362 1710 non
3403 1652 3722 1725 desperent,

423 1777 596 1827 meos,
614 1742 1002 1833 magniﬁcavit
1012 1776 1182 1832 super
1192 1777 1281 1816 me
1298 1760 1826 1833 supplantationem
1838 1742 2011 1831 (Psal.

2129 1745 2223 1802 sed
2248 1742 2558 1816 pceniteant.

423 1849 543 1922 XL).
594 1849 799 1906 Omnes
838 1856 1127 1920 tanguntur
1172 1857 1229 1904 ut
1275 1848 1365 1903 ﬁat
1395 1848 1674 1904 harmonia
1704 1848 1759 1903 in
1790 1848 2012 1904 cithara.

424 1936 632 1994 Omnes
647 1938 800 1994 nervi
818 1937 958 1993 bene
978 1937 1229 2008 suspensi
1246 1952 1485 1992 consona
1504 1952 1640 1992 voce
1655 1936 2014 2007 respondent:

424 2026 690 2100 Nunquid
719 2042 813 2099 ego
843 2043 991 2092 sum,
1026 2028 1307 2082 Domine?
1335 2025 1487 2081 Unus
1532 2024 1794 2081 remissus
1822 2033 1876 2081 et
1915 2041 2018 2096 pe-

423 2115 599 2171 cuniae
617 2130 801 2171 amore
818 2113 1043 2171 affectus
1059 2113 1220 2169 dixit:
1238 2114 1502 2186 Nunquid
1523 2130 1617 2185 ego
1638 2131 1786 2181 sum,
1809 2115 1976 2193 prbi
1996 2119 2019 2170 .9

495 2212 666 2267 Vens.
701 2215 789 2267 19.
824 2243 895 2253 -
927 2211 1288 2268 Contristari.
1313 2210 1461 2266 Sicut
1496 2210 1748 2267 undecim
1777 2211 1901 2283 quia
1927 2212 2017 2266 ni-

423 2299 501 2355 hil
526 2300 654 2355 mali
674 2308 858 2357 contra
887 2300 1176 2356 Dominum
1205 2298 1570 2372 cogitaverant
1604 2318 1618 2354 :
1649 2300 1747 2355 sed
1767 2299 1887 2371 plus
1901 2314 2020 2372 cre-

422 2389 558 2445 dunt
585 2389 848 2463 magistro
896 2404 1062 2461 quam
1092 2388 1229 2458 sibi,
1271 2368 1324 2444 et
1370 2388 1623 2444 timentes
1668 2368 2018 2462 fragilitatem

419 2494 590 2547 suam,
622 2478 807 2534 tristes
839 2478 908 2534 de
937 2485 1160 2550 peccato
1192 2492 1293 2533 suo
1340 2477 1691 2550 interrogant,
1726 2478 1877 2548 cujus
1907 2494 2017 2535 non

420 2566 693 2624 habebant
712 2567 1121 2625 conscientiam.
1389 2582 1396 2589 ·

491 2684 665 2739 Vnus.
706 2687 800 2741 20.
828 2713 898 2725 -
931 2685 1081 2741 Unus
1104 2699 1179 2739 ea:
1208 2682 1520 2737 duodecim.
1556 2680 1771 2751 (Ηιιςιι.)
1791 2680 2016 2752 Separat

423 2786 671 2827 seorsum
698 2787 855 2827 ovem
884 2771 1042 2842 lupus
1071 2786 1231 2842 quam
1261 2769 1425 2839 cupit.
1457 2768 1590 2824 Ovis
1617 2785 1738 2840 quae
1763 2769 1832 2824 de
1889 2768 2018 2825 ovili

420 2859 717 2931 egreditur,
749 2859 862 2931 lupi
892 2866 1039 2929 patet
1066 2858 1355 2923 morsibus,
1389 2858 1495 2924 Qui
1513 2858 1772 2929 intingit.
1790 2858 2019 2929 (BEDA.)

420 2948 559 3003 Mira
584 2947 804 3003 Domini
831 2946 1109 3019 patientia.
1157 2946 1311 3001 Prius
1340 2945 1475 3000 dixit
1503 2964 1516 3001 :
1551 2947 1702 3003 Unus
1750 2963 1824 3001 ex
1870 2946 2019 3003 vobis

429 3036 621 3093 tradet
666 3053 775 3102 me,
836 3043 1148 3107 perseverat
1193 3034 1438 3106 proditor
1483 3035 1540 3089 in
1569 3034 1730 3090 malo.
1763 3034 2018 3106 Apertius

416 3124 594 3196 arguit
626 3141 642 3180 :
674 3132 729 3180 et
753 3132 935 3180 tamen
963 3139 1073 3180 non
1102 3123 1319 3195 proprie
1349 3123 1680 3195 designatur.
1703 3124 1869 3178 ludas
1889 3122 2009 3178 aliis
2030 3141 2081 3206 α

422 3211 749 3269 contristatis
765 3220 818 3268 et
835 3228 1049 3270 manum
1066 3212 1460 3267 retrahentibus
1490 3228 1522 3266 a
1554 3212 1691 3268 cibis
1713 3212 2013 3269 temeritate

422 3309 478 3358 et
521 3300 851 3372 impudentia
888 3316 997 3373 qua
1043 3301 1334 3356 Dominum
1376 3300 1574 3367 tradit;
1606 3300 1766 3356 etiam
1792 3317 2010 3357 manum

422 3406 545 3447 cum
572 3390 834 3461 magistro
862 3390 919 3444 in
948 3389 1124 3446 catino
1152 3389 1311 3446 mittit
1330 3397 1384 3445 ut
1397 3389 1620 3446 audacia
1635 3390 1840 3447 bonam
1856 3406 2010 3447 cons-

418 3475 670 3534 cientiam
697 3478 1030 3535 mentiretur.

490 3585 659 3641 Vsus.
691 3589 781 3643 21.
812 3616 883 3627 -
904 3587 988 3643 Va:
1016 3589 1230 3642 autem.
1263 3584 1393 3658 (11).)
1420 3586 1482 3642 In
1512 3584 1898 3657 sempiternum
1927 3602 2011 3643 vae

417 3673 624 3729 homini
652 3673 730 3729 illi
756 3674 849 3747 qui
873 3674 944 3729 ad
963 3690 1214 3731 mensam
1250 3675 1468 3732 Domini
1502 3674 1729 3747 indigne
1779 3674 2007 3745 accedit,

416 3769 545 3833 etc.,
578 3778 756 3836 usque
784 3763 857 3819 ad
880 3779 1043 3836 paena
1090 3763 1401 3836 praedicitur
1426 3772 1486 3822 ut
1513 3763 1606 3837 qui
1649 3764 1855 3836 pudore
1884 3779 1919 3818 n
1938 3778 2009 3820 on

412 3849 663 3923 vincitur,
694 3852 885 3909 timore
912 3852 1233 3925 corrigatur.

484 3948 657 4004 Vnus.
681 3952 774 4007 22.
806 3979 876 3990 -
922 3950 1412 4007 Manducantibus.
1446 3950 1577 4021 (In.)
1605 3949 1779 4005 Finito
1833 3949 2005 4006 veteri

410 4037 613 4107 pascha
641 4037 782 4107 quod
812 4038 869 4092 in
897 4039 1411 4095 commemoratione
1440 4038 1775 4095 liberationis
1821 4037 2009 4109 populi

411 4123 516 4179 Dei
543 4124 610 4178 ab
632 4124 865 4196 Egypto
896 4126 1174 4197 agebatur,
1209 4135 1336 4194 etc.,
1369 4143 1543 4200 usque
1571 4127 1644 4182 ad
1672 4127 1903 4198 ideoque
1921 4143 2008 4183 ve-

411 4210 585 4268 locius
611 4229 643 4267 a
671 4220 843 4269 morte
885 4214 1339 4269 resuscitandum.
1400 4215 1649 4286 Accepit.
1677 4216 1889 4286 (Hmn)
1921 4215 2009 4269 Fi-

410 4316 613 4373 gurans
641 4316 839 4373 corpus
863 4318 1019 4357 suum
1048 4302 1104 4356 in
1134 4318 1295 4373 pane,
1327 4310 1453 4368 etc.,
1489 4319 1665 4375 usque
1703 4303 1777 4359 ad
1800 4303 2008 4358 exstin-

409 4398 646 4464 guuntur
674 4389 880 4447 inimici
909 4407 1029 4463 quae
1061 4399 1184 4445 sunt
1209 4391 1465 4463 mysteria
1491 4391 1758 4448 Ecclesiae
1787 4392 2002 4447 Christi.

2190 1852 2360 1906 Vsus.
2389 1851 2478 1907 27.
2512 1878 2581 1889 -
2611 1849 2678 1904 In
2705 1851 2870 1905 nocte
2899 1848 3034 1904 ista.
3060 1847 3169 1915 Qui
3203 1847 3345 1904 ebrii
3362 1850 3525 1914 sunt,
3556 1851 3727 1905 nocte

2118 1941 2259 1999 ebrii
2284 1942 2423 1995 sunt
2451 1938 2502 2007 (Ι
2530 1939 2713 1994 Thess.
2747 1937 2827 2009 v),
2862 1945 2917 1992 et
2943 1936 3037 2009 qui
3073 1936 3519 2007 scandalizantur,
3565 1945 3729 1994 nocte

2118 2027 2568 2093 scandalizentur,
2626 2026 2683 2081 id
2737 2033 2838 2091 est,
2897 2032 3082 2081 mente
3148 2024 3440 2081 obscurati.
3509 2024 3729 2096 (Ηιειι.)

2117 2118 2323 2175 Omnes
2351 2117 2567 2182 cadunt,
2602 2115 2701 2170 sed
2727 2130 2837 2169 non
2866 2130 3059 2170 omnes
3101 2113 3302 2183 jacent.
3325 2114 3598 2187 Nunquid
3635 2114 3737 2187 qui

2117 2208 2325 2266 dormit
2355 2221 2471 2261 non
2501 2204 2732 2277 adjiciet
2760 2208 2827 2258 ut
2872 2208 3153 2275 resurgat.
3212 2204 3383 2272 (Zach
3412 2205 3566 2274 xm.)
3596 2203 3730 2259 Car-

2115 2296 2239 2351 nale
2268 2302 2350 2350 est
2381 2294 2579 2350 cadere
2610 2311 2625 2348 :
2659 2292 2986 2349 diabolicum
3032 2300 3117 2348 est
3152 2292 3353 2361 jacere.
3387 2293 3726 2349 Percutiam

2113 2388 2390 2458 pastores.
2422 2384 2646 2438 Percute
2674 2389 2963 2453 pastorem.
2996 2381 3265 2451 Propheta
3311 2380 3550 2451 postulat
3595 2396 3728 2452 pas-

2118 2474 2329 2529 sionem
2351 2471 2568 2527 Domini
2601 2488 2615 2525 :
2646 2471 2804 2525 Pater
2841 2469 3131 2540 respondet
3162 2487 3177 2524 :
3207 2469 3539 2526 Percutiam
3580 2486 3726 2541 pas-

2117 2566 2316 2620 torem.
2350 2560 2607 2616 Precibus
2644 2566 2950 2615 sanctorum
3005 2557 3169 2613 Filius
3199 2573 3231 2612 a
3257 2559 3414 2614 Patre
3442 2557 3679 2613 mittitur
3712 2577 3729 2613 :

2114 2650 2173 2705 id
2202 2658 2303 2718 est,
2338 2650 2643 2705 incernatur
2690 2656 2742 2703 et
2767 2647 3084 2719 percutitur,
3117 2654 3170 2702 et
3225 2647 3425 2718 patitur
3455 2663 3469 2701 :
3500 2646 3725 2718 disper-

2131 2746 2334 2811 guntur
2355 2754 2485 2793 oves
2512 2746 2726 2808 pastore
2778 2745 2952 2808 capto.
3004 2736 3347 2793 Resurrectio
3391 2735 3729 2807 promittitur

2115 2836 2173 2882 ut
2203 2844 2330 2898 spes
2359 2842 2469 2882 non
2516 2824 2902 2898 exstinguatur.

2187 2917 2357 2972 Vnus.
2381 2919 2471 2973 29.
2504 2945 2573 2955 -
2599 2917 2807 2970 Petrus
2854 2918 3071 2970 autem.
3106 2913 3240 2986 (In.)
3268 2912 3401 2969 Avis
3432 2912 3553 2969 sine
3581 2929 3725 2986 pen.

2115 3004 2202 3058 nis
2248 3005 2303 3058 in
2333 3005 2500 3059 altum
2546 3002 2729 3059 volare
2783 3002 3009 3058 nititur:
3042 3002 3141 3058 sed
3195 3017 3394 3074 corpus
3431 3010 3731 3076 aggravet

2116 3092 2351 3147 animam
2379 3100 2457 3164 ut,
2489 3092 2684 3148 timore
2719 3092 2967 3147 humanae
3014 3091 3227 3162 mortis,
3283 3090 3446 3148 timor
3498 3091 3729 3148 Domini

2112 3188 2417 3253 superetur.

2180 3271 2350 3325 Vrsas.
2384 3272 2473 3324 30.
2504 3298 2574 3309 —
2604 3269 2697 3324 Bis
2726 3269 2913 3340 gallus
2939 3284 3147 3326 vocem.
3192 3268 3414 3340 (ΒεοΔ.)
3443 3267 3555 3325 Alii
3579 3268 3726 3324 sim-

2108 3357 2323 3430 pliciter
2355 3375 2369 3412 :
2399 3357 2744 3429 Priusquam
2775 3357 2971 3412 Gallus
2999 3360 3214 3423 cantet,
3242 3361 3331 3413 ter
3348 3372 3439 3413 me
3466 3358 3725 3430 negabis,

2109 3454 2237 3502 etc..
2270 3461 2446 3518 usque
2474 3445 2547 3501 ad
2575 3444 2714 3501 sicut
2743 3452 2798 3500 et
2828 3444 2959 3500 illud
2993 3463 3006 3500 :
3041 3445 3148 3513 Qui
3174 3445 3382 3502 viderit
3411 3445 3725 3503 mulierem

2108 3535 2182 3591 ad
2200 3534 2736 3607 concupiscendum,
2748 3536 2875 3606 jam
2886 3534 3200 3590 mcechatus
3220 3538 3310 3590 est
3328 3550 3457 3590 eam
3491 3532 3723 3605 (Matth.

2109 3624 2189 3696 v).
2223 3622 2432 3696 (lima).
2466 3623 2650 3679 Gallus
2681 3630 2863 3679 cantat
2895 3624 3124 3678 :Petrus
3153 3630 3324 3696 negat
3351 3630 3455 3695 ter,
3475 3630 3607 3690 etc.,
3632 3638 3728 3680 us-

2108 3728 2214 3785 que
2242 3713 2314 3769 ad
2342 3719 2397 3768 et
2424 3711 2576 3768 trinae
2603 3710 2913 3785 negationis
2954 3711 3145 3767 sordes
3167 3710 3300 3767 lavit
3334 3710 3613 3782 lacrymis.

2182 3801 2352 3857 Vnus.
2386 3804 2473 3859 32.
2505 3829 2575 3841 --
2607 3801 2988 3857 Gethsemani.
3018 3799 3151 3871 (10.)
3182 3800 3247 3856 Id
3273 3807 3376 3868 est,
3411 3798 3575 3856 vallis
3592 3797 3727 3872 pin-

2108 3888 2315 3963 guium,
2347 3889 2441 3944 ubi
2470 3889 2609 3944 tauri
2652 3889 2889 3961 pingues
2940 3889 3279 3945 obsederunt
3325 3904 3452 3945 eum
3484 3896 3541 3944 et
3569 3888 3728 3944 vituli

2108 3978 2263 4032 multi
2292 3976 2765 4034 circumdederunt
2791 3994 2936 4033 eum.
2972 3978 3168 4035 Sedete
3198 3978 3310 4035 hic.
3343 3977 3529 4049 (1511).)
3562 3975 3731 4049 Sepa-

2108 4073 2298 4121 rantur
2324 4065 2380 4121 in
2407 4066 2646 4122 oratione
2675 4066 2768 4138 qui
2796 4073 3116 4137 separantur
3141 4066 3200 4121 in
3254 4065 3511 4138 passione
3546 4083 3563 4120 :
3598 4065 3732 4138 quia

2106 4154 2197 4211 ille
2224 4162 2361 4226 orat,
2392 4155 2470 4209 illi
2514 4156 2785 4212 dormiunt
2835 4155 3174 4227 pinguedine
3234 4154 3418 4212 cordis
3448 4155 3725 4225 oppressi.

2106 4245 2291 4300 Donec
2334 4260 2506 4299 orem.
2541 4244 2725 4315 (Βεο.)
2766 4243 2903 4299 Cum
2948 4244 3217 4300 Dominus
3264 4243 3322 4298 in
3357 4251 3544 4299 monte
3584 4249 3726 4309 orat,

2107 4338 2237 4398 etc.,
2268 4347 2446 4405 usque
2474 4333 2546 4388 ad
2574 4333 2717 4389 unde
2752 4351 2765 4388 :
2810 4333 3152 4390 Humiliavit
3198 4332 3574 4405 semetipsum
3601 4333 3728 4404 fae-

2110 4425 2204 4477 tus
2233 4420 2491 4476 obediens
2519 4436 2696 4493 usque
2726 4422 2798 4477 ad
2852 4426 3113 4479 mortem.
3162 4422 3233 4477 Et
3288 4422 3569 4494 majorem
3618 4419 3727 4477 hac

406 4478 632 4584 (RBDA?
668 4478 829 4584 Famis
877 4480 972 4579 Ψῖί
1019 4478 1300 4584 θῗξῖδπηδι
1347 4494 1441 4579 9οΓ
1470 4479 1723 4584 hmini?!
1752 4488 1879 4548 etc"
1913 4497 2080 4567 ““D
2110 4509 2471 4566 dilectionem
2489 4478 2652 4567 nemo
2670 4511 2834 4567 habet
2850 4478 2927 4567 ut
2936 4514 3114 4584 ponat
3130 4511 3257 4584 quis
3276 4478 3535 4567 animam
3554 4523 3728 4565 suam

414 4584 519 4639 que
548 4569 621 4625 ad
650 4569 737 4626 vel
766 4584 868 4626 nos
898 4568 1017 4625 sine
1041 4568 1186 4625 illius
1214 4569 1473 4641 passione
1503 4569 1717 4626 salvari.

486 4684 655 4738 Vens.
686 4686 776 4740 23.
808 4713 879 4725 -
909 4684 1152 4741 Gratias.
1204 4684 1419 4741 Gratias
1467 4685 1581 4758 egit
1627 4692 1680 4740 et
1728 4684 2007 4741 benedixit

406 4771 519 4840 jam
545 4771 822 4843 proximus
841 4773 1101 4843 passioni,
1126 4774 1220 4846 qui
1239 4790 1457 4845 pcenam
1479 4773 1673 4829 aliena:
1688 4772 2004 4845 iniquitatis,

409 4857 642 4930 suscipit
675 4877 689 4913 :
720 4858 810 4931 qui
840 4859 974 4913 nihil
1002 4861 1227 4931 dignum
1264 4863 1519 4933 passione
1548 4861 1660 4935 egit
1694 4880 1708 4916 :
1737 4869 1795 4918 ut
1825 4869 2007 4917 osten-

2102 4614 2206 4671 pro
2236 4599 2437 4654 amicis
2468 4599 2590 4655 suis
2633 4598 2808 4671 (Phil.
2842 4615 2918 4668 u;
2951 4602 3116 4658 Joan.
3148 4600 3273 4671 xv).

2179 4694 2348 4749 Vnus.
2382 4697 2469 4749 33.
2501 4724 2570 4735 —
2596 4695 2670 4750 Et
2695 4697 2863 4769 erepit
2895 4712 3123 4769 pavere.
3175 4694 3390 4767 (Eram)
3433 4695 3646 4754 Pavere
3674 4703 3727 4751 et

2107 4781 2306 4838 tristari
2334 4784 2595 4839 docemur
2623 4791 2749 4840 ante
2773 4784 3041 4853 judicium
3070 4785 3281 4853 mortis,
3314 4783 3408 4859 qui
3440 4798 3554 4841 non
3582 4799 3722 4857 pos-

2108 4887 2296 4927 sumus
2307 4888 2406 4943 per
2418 4888 2519 4928 nos
2532 4872 2713 4929 dicere
2726 4873 2832 4928 nisi
2844 4890 2943 4946 per
2952 4874 3102 4929 illum
3117 4893 3131 4931 :
3153 4876 3313 4932 Venit
3326 4875 3603 4949 princeps
3614 4875 3725 4930 hu-

412 4946 504 5041 dat
552 4962 711 5041 quam
761 4948 1135 5041 aequanimiter
1178 4952 1546 5025 unusquisque
1575 4950 1809 5041 proprias
1836 4950 2009 5022 culpae
2099 4962 2199 5033 jus
2213 4961 2415 5017 mundi
2436 4966 2491 5018 et
2521 4964 2584 5018 in
2606 4978 2695 5019 me
2715 4979 2831 5019 non
2862 4946 3547 5036 habetjquidquamﬂoan.
3565 4963 3720 5034 xxv).

410 5033 634 5108 flagella
662 5036 930 5092 sustinere
969 5037 1185 5093 debeat.

480 5124 766 5181 Biberant.
791 5126 1004 5199 (Ηιειι.)
1023 5127 1272 5183 Ebrietas
1295 5127 1422 5183 felix
1454 5147 1467 5183 :
1502 5128 1748 5184 salutaris
1769 5129 2005 5199 satietas,

410 5221 539 5285 etc.,
560 5230 734 5287 usque
763 5214 837 5271 ad
867 5215 1088 5287 sanguis
1115 5215 1260 5271 enim
1288 5217 1429 5273 Novi
1448 5217 1776 5276 Testamenti
1793 5218 1885 5291 qui
1906 5234 2008 5290 pro

409 5302 594 5359 multis
623 5300 910 5359 eﬁ’unditur
938 5320 1048 5360 non
1077 5320 1268 5361 omnes
1300 5305 1575 5361 smundat.

484 5418 657 5473 Vens.
678 5420 769 5475 25.
801 5449 870 5460 -
898 5421 1025 5476 lam
1055 5436 1172 5476 non
1202 5420 1412 5476 bimam
1441 5420 1573 5491 (10.)
1603 5421 1701 5478 Hic
1727 5428 1901 5489 mutat
1927 5437 2011 5478 sa-

411 5505 700 5579 criﬁcium,
734 5508 834 5565 sed
862 5523 972 5563 non
999 5515 1172 5562 mutat
1201 5515 1416 5580 tempus
1440 5526 1454 5575 ;
1487 5517 1547 5563 ut
1575 5526 1676 5565 nos
1731 5527 2006 5583 nunquam

410 5609 626 5653 scenam
680 5596 811 5652 Jesu
857 5603 983 5653 ante
1044 5604 1293 5668 quartam
1336 5597 1608 5654 decimam
1636 5598 1819 5654 lunam
1837 5598 2006 5657 facia-

410 5699 554 5743 mus.
588 5684 695 5758 Qui
719 5685 853 5746 facit
872 5685 930 5746 in
960 5694 1152 5761 quarta
1180 5685 1395 5747 decima
1440 5687 1921 5761 resurrectionem,
1951 5688 2010 5747 in

2180 5069 2352 5123 Vens.
2385 5069 2473 5123 34.
2507 5099 2576 5110 -
2609 5070 2807 5125 Tristis
2836 5073 2940 5137 est,
2973 5077 3077 5127 etc.
3107 5069 3293 5141 (ΒΕ-1).)
3324 5069 3450 5126 Non
3494 5076 3730 5142 propter

2107 5164 2338 5212 mortem
2366 5156 2533 5212 tristis
2563 5165 2664 5229 est,
2695 5165 2822 5224 etc.,
2853 5173 3029 5230 usque
3059 5158 3133 5216 ad
3193 5158 3293 5215 sed
3330 5174 3363 5215 a
3409 5172 3605 5216 somno
3634 5158 3730 5214 in-

2107 5242 2379 5300 fidelitatis
2409 5253 2462 5300 et
2487 5253 2707 5318 torpore
2750 5246 2949 5302 mentis
2963 5287 2977 5303 .

2179 5335 2350 5390 Vens.
2382 5337 2469 5390 35.
2499 5365 2567 5374 —
2595 5336 2667 5390 Et
2688 5337 2904 5392 orabat.
2956 5334 3087 5408 (11).)
3146 5335 3276 5393 Haec
3306 5351 3411 5394 vox
3440 5341 3526 5392 est
3552 5349 3731 5393 sonus

2108 5420 2431 5477 inﬁrmitatis
2462 5431 2686 5494 nostrae,
2717 5432 2846 5495 etc.,
2915 5440 3094 5498 usque
3122 5424 3195 5481 ad
3224 5423 3325 5480 sed
3405 5423 3532 5497 quia
3563 5423 3732 5482 aliter

2107 5526 2216 5567 non
2247 5510 2357 5583 ﬁet,
2388 5513 2509 5570 Non
2536 5513 2680 5586 quod
2726 5530 2820 5586 ego
2851 5514 2989 5581 volo,
3021 5512 3117 5571 sed
3135 5513 3279 5587 quod
3311 5518 3397 5570 tu.

2180 5600 2392 5672 (Ηιιςιι.)
2419 5602 2533 5658 Hoc
2562 5609 2749 5659 contra
2801 5601 3174 5675 Eutychianos
3215 5602 3308 5676 qui
3334 5601 3523 5659 dicunt
3554 5616 3730 5659 unam

2108 5688 2401 5749 tantumin
2432 5690 2649 5751 Christo
2692 5691 3089 5764 operationem,
3118 5707 3284 5752 unam
3336 5691 3672 5753 voluntatem
3705 5709 3725 5748 :
