4006 6178
410 280 515 335 235

1013 274 1416 332 WALAFBIDI
1445 274 1687 332 STRABI
1715 273 1918 332 FULD.
1940 272 2115 332 MON.
2147 273 2301 331 OPP.
2333 272 2509 331 PARS
2534 274 2577 329 Ι.
2607 303 2678 317 --
2700 272 3171 332 THEOLOGICA.

3588 273 3694 327 236

406 401 562 456 stitas
617 415 790 471 usque
843 398 915 455 ad
971 399 1495 456 consummationem
1542 396 1728 454 sazculi
1774 397 1831 452 in
1866 397 1996 465 illis,
2018 398 2074 461 Α
2130 403 2145 415 ·
2178 397 2349 454 Vens.
2370 402 2457 453 11.
2479 426 2551 439 -
2574 393 3706 472 UtmagisBarabbam.(Bsnx.)Adhaaret

408 503 547 561 quos
576 503 700 543 sors
729 487 1015 544 electionis
1044 488 1333 544 invenerit.

478 576 649 633 Vsus.
683 577 771 632 6t.
802 604 874 617 —
906 575 1012 643 Qui
1038 591 1250 642 omnes,
1283 582 1392 631 etc.
1424 573 1638 647 (111311.)
1687 573 1810 643 Quo
1850 581 2008 631 reatu

409 678 511 720 suo
538 671 788 719 nostrum
817 670 1028 720 reatum
1078 662 1336 730 solveret,
1387 670 1515 733 etc.,
1560 678 1737 736 usque
1765 662 1839 719 ad
1879 662 2019 720 hinc.

378 752 722 825 propheta:
784 751 927 819 Quid
961 752 1275 808 retribuam
1320 751 1554 810 Domino
1600 767 1701 825 pro
1748 751 2006 810 omnibus

408 856 531 912 qua:
557 840 826 897 retribuit
849 839 994 894 mihi
1024 839 1205 909 (Psal.
1244 838 1403 911 cxv.)

479 928 649 984 Vsus.
684 930 771 983 65.
803 957 874 967 —
909 928 1098 983 Velare
1126 927 1353 998 faciem,
1402 934 1507 984 etc.
1551 926 1675 983 Non
1704 934 1765 983 ut
1792 926 2006 983 scelera

406 1030 599 1072 eorum
626 1031 737 1071 non
763 1014 968 1085 videat,
1000 1014 1117 1081 sed,
1150 1022 1210 1069 ut
1228 1014 1334 1086 ipsi
1365 1013 1642 1087 quondam
1669 1014 1845 1086 Moysi
1864 1014 2010 1073 fece-

408 1110 554 1170 runt,
588 1117 622 1159 a
649 1118 710 1159 se
739 1102 973 1176 gratiam
1001 1101 1329 1175 cognitionis
1359 1104 1474 1172 ejus
1503 1102 1863 1160 abscondant.
1886 1103 2005 1161 Hoc

408 1190 774 1247 velamentum
798 1206 973 1262 usque
1002 1190 1164 1246 hodie
1192 1198 1378 1245 manet
1423 1207 1589 1262 super
1638 1205 1737 1247 cor
1783 1207 1996 1258 eorum,

406 1277 553 1351 quod
582 1278 638 1334 in
668 1278 941 1335 Christum
971 1278 1322 1334 credentibus
1351 1286 1436 1334 est
1464 1278 1727 1335 ablatum.
1762 1278 1918 1336 Unde
1935 1295 2001 1336 eo

404 1367 672 1423 moriente
688 1367 837 1422 velut
864 1365 1127 1437 templum
1156 1365 1389 1423 scissum
1418 1374 1520 1435 est,
1543 1375 1598 1424 et
1626 1374 1818 1425 sancta
1836 1382 2001 1425 sanc-

405 1462 587 1512 torum
618 1470 819 1512 arcana
846 1454 1160 1526 patefacta.

475 1543 666 1616 Alapis
698 1559 829 1599 eum
848 1543 1152 1600 cwdebant.
1187 1542 1408 1615 (ΒευΑ.)
1440 1543 1544 1613 Qui
1574 1550 1704 1601 tunc
1722 1557 1897 1601 caesus
1918 1553 2002 1601 est

406 1630 601 1702 alapis,
635 1639 688 1687 et
716 1647 860 1688 nunc
888 1631 1116 1687 caeditur
1143 1630 1499 1703 blasphemiis
1526 1632 1791 1689 falsorum
1819 1633 2001 1690 Chris-

2103 484 2309 543 Iudaeis
2332 502 2506 559 usque
2542 486 2708 543 hodie
2748 485 2937 557 petitio
2980 500 3100 551 sua,
3148 498 3314 557 quam
3356 490 3469 539 toto
3510 480 3703 539 labore

2104 574 2552 645 impetraverunt.
2596 574 2735 630 Data
2779 573 2927 630 enim
2974 573 3194 645 optione
3238 571 3364 642 sibi,
3414 585 3518 642 pro
3567 571 3702 626 Iesu

2104 661 2375 720 latronem
2394 705 2409 730 ,
2455 677 2560 735 pro
2603 660 2890 720 Salvatore
2940 659 3344 718 interfectorem
3391 658 3697 732 elegerunt.

2103 751 2301 808 Merito
2330 766 2466 825 ergo
2494 749 2725 807 salutem
2766 757 2822 807 et
2848 750 3015 807 vitam
3040 748 3397 821 perdiderunt
3438 754 3492 804 et
3535 745 3703 803 latro-

2103 839 2262 896 ciniis
2288 853 2353 896 ac
2382 839 2742 898 seditionibus
2775 838 2834 895 in
2872 845 3081 894 tantum
3116 852 3179 893 se
3217 834 3598 902 subdiderunt,
3642 842 3705 891 ut

2103 943 2335 1001 regnum
2362 935 2415 984 et
2442 927 2677 999 patriam
2706 926 3017 999 perderent,
3049 933 3103 982 et
3130 924 3430 981 libertatem
3451 924 3702 996 corporis

2105 1023 2156 1072 et
2179 1016 2375 1073 animae
2401 1031 2677 1089 nunquam
2703 1015 3026 1089 reciperent.

2173 1144 2345 1200 Vnus.
2376 1145 2464 1200 14.
2496 1173 2567 1185 -
2589 1143 2816 1201 Pilatus
2844 1159 2994 1200 vero.
3027 1142 3221 1199 Multas
3247 1142 3568 1199 occasiones
3599 1141 3699 1199 de-

2103 1230 2183 1287 dit
2205 1232 2409 1288 Pilatus
2436 1231 2702 1288 liberandi
2731 1231 3091 1301 Salvatorem,
3140 1231 3316 1303 primo
3340 1231 3489 1301 justo
3518 1230 3709 1288 confe-

2098 1336 2227 1376 rens
2268 1319 2557 1387 latronem,
2602 1319 2802 1376 deinde
2845 1319 3087 1376 inferens
3120 1337 3135 1374 :
3172 1318 3315 1387 Quid
3359 1336 3485 1392 ergo
3524 1320 3703 1376 vultis

2100 1409 2313 1480 faciam
2325 1411 2443 1482 regi
2455 1409 2776 1466 Iudaeorum
2790 1412 2814 1465 il
2838 1408 3082 1480 Cumque
3094 1406 3509 1479 respondissent
3522 1424 3538 1463 :
3555 1408 3702 1465 Cru-

2096 1498 2381 1569 ciﬁgatur,
2412 1512 2523 1553 non
2544 1497 2735 1553 statim
2757 1497 3048 1569 acquievit,
3072 1496 3171 1552 sed
3188 1496 3486 1553 secundum
3502 1512 3705 1570 sugge-

2102 1586 2339 1642 stionem
2369 1586 2556 1642 uxoris
2588 1602 2712 1659 quae
2741 1586 3096 1642 mandaverat
3124 1585 3176 1641 ei
3203 1585 3285 1655 (ut
3311 1584 3593 1641 Matthazus
3617 1585 3703 1641 di-

2107 1674 2201 1747 cit)
2227 1692 2240 1730 :
2265 1676 2422 1732 Nihil
2453 1676 2552 1731 tibi
2579 1679 2635 1731 et
2654 1677 2814 1747 justo
2843 1675 2937 1731 illi
2966 1674 3188 1745 (Matth.
3222 1674 3429 1745 xxvu),
3465 1688 3700 1745 respon-

434 1719 445 1730 .
824 1719 836 1731 .
1358 1721 1367 1732 .
1412 1720 1423 1732 .
1506 1720 1517 1732 .
1694 1721 1704 1732 .
2109 1719 2200 1747 ...η
2227 1719 2240 1730 .
2453 1719 2552 1731 η...
2579 1719 2811 1747 πλην...
2847 1719 2937 1731 -.η
2967 1719 3188 1745 \.....--...
3225 1719 3429 1745 .-.-.--,,
3467 1719 3666 1745 ,νηη-

1264 1720 1822 1835 fffffismﬂ’fff‘fehum'
1855 1736 2000 1779 nunc
2013 1757 2076 1819 Β
2105 1763 2242 1819 dens
2258 1763 2365 1818 ait:
2393 1763 2533 1831 Quid
2549 1766 2703 1819 enim
2717 1764 2860 1819 mali
2874 1765 3048 1835 fecit?
3068 1762 3226 1832 Quod
3242 1762 3496 1832 dicendo,
3514 1762 3705 1819 Iesum

408 1808 624 1865 vesanis
650 1807 891 1864 fidelium
917 1808 1230 1880 Opprobriis
1262 1811 1649 1865 exhonoratur.

481 1897 651 1952 Vens.
676 1900 763 1952 68.
785 1898 942 1953 —At
968 1898 1087 1963 ille,
1120 1904 1225 1953 etc.
1257 1897 1419 1963 Nota,
1456 1897 1602 1969 quod
1628 1906 1793 1971 negat
1820 1899 2007 1954 Chris-

412 1991 528 2039 tum
564 1983 657 2057 qui
702 2000 761 2039 se
808 1992 976 2058 negat
1016 1984 1132 2053 ejus
1179 2000 1303 2040 esse
1344 1985 1692 2056 discipulum.
1742 1987 2007 2044 Dominus

408 2072 555 2127 enim
585 2088 695 2127 non
723 2072 857 2128 dixit
890 2090 903 2127 :
934 2072 1180 2145 Negabis
1207 2080 1258 2128 te
1287 2072 1614 2145 discipulum
1662 2091 1866 2143 meum,
1909 2076 2007 2132 sed

418 2176 507 2216 me
535 2161 784 2233 negabis.
814 2160 1052 2233 Negavit
1081 2175 1216 2234 ergo
1246 2176 1369 2217 eum
1399 2177 1523 2218 cum
1553 2178 1613 2218 se
1642 2163 1864 2237 negavit
1889 2164 2006 2235 ejus

412 2272 536 2313 esse
565 2257 912 2328 discipulum.

480 2357 551 2412 Et
578 2357 729 2412 exiit
752 2359 925 2428 foras,
965 2363 1071 2413 etc.
1124 2355 1331 2428 (Htsa).
1383 2357 1575 2413 Petrus
1626 2358 1743 2414 sine
1790 2358 2002 2430 spiritu,

409 2444 531 2501 voci
561 2444 773 2501 ancillae
802 2445 986 2512 cessit,
1032 2452 1161 2512 etc.,
1208 2461 1383 2519 usque
1411 2447 1485 2503 ad
1514 2455 1567 2503 et
1593 2445 1745 2503 foras
1793 2448 2004 2505 eximus

408 2540 562 2589 extra
590 2534 736 2606 quod
764 2532 985 2589 fuimus.

485 2622 655 2678 Vsus.
688 2625 775 2677 70.
810 2653 880 2663 —
910 2623 1054 2679 Nam
1095 2625 1151 2676 et
1196 2621 1481 2678 Galilceus.
1532 2622 1749 2695 (BEDA).
1794 2624 2003 2680 Eadem

405 2709 596 2783 lingua
641 2708 886 2766 Galilazis
933 2718 988 2766 et
1027 2708 1460 2781 Hierosolymitis
1522 2719 1624 2779 est,
1675 2711 1775 2768 sed
1819 2719 2003 2769 tamen

403 2813 742 2870 quaecunque
803 2798 1088 2869 provincia
1141 2803 1195 2853 et
1249 2798 1406 2872 regio
1481 2799 1648 2855 habet
1719 2801 2001 2871 proprium

401 2884 662 2957 loquendi
693 2900 885 2941 sonum
915 2902 1077 2958 quem
1107 2896 1342 2955 mutare,
1394 2894 1524 2954 etc.,
1574 2904 1746 2961 usque
1774 2888 1847 2944 ad
1873 2889 2000 2961 quia

401 2988 602 3029 nomen
656 2972 793 3029 illud
847 2974 1009 3030 aliter
1067 2976 1520 3049 Hierosolymitas,
1581 2976 1740 3033 aliter
1787 2976 1998 3033 Galilmi

398 3062 684 3118 sonabant.

470 3151 638 3206 Vsus.
672 3152 761 3209 '72.
780 3181 850 3192 —
870 3153 940 3207 Et
958 3153 1287 3211 recordatus
1318 3159 1423 3212 est.
1456 3154 1584 3225 (In).
1616 3154 1809 3210 Petrus
1837 3160 1999 3210 nocte

398 3246 585 3311 negat,
617 3237 687 3293 ad
714 3239 847 3311 galli
877 3247 1096 3296 cantum
1124 3242 1369 3312 poenitet.
1404 3243 1465 3297 In
1497 3242 1586 3297 die
1630 3258 1792 3314 quem
1838 3242 2000 3298 tertio

400 3334 722 3400 negaverat,
761 3343 822 3383 se
878 3327 1039 3384 tertio
1094 3343 1283 3386 amare
1336 3330 1620 3402 professus
1675 3338 1776 3386 est.
1841 3329 2002 3400 Quod

400 3415 566 3481 enim,
600 3423 730 3483 etc.,
762 3432 935 3488 usque
981 3416 1054 3472 ad
1079 3418 1360 3490 egreditur
1403 3418 1553 3475 foras
1583 3419 1666 3491 (ut
1692 3417 1785 3474 alii
1811 3418 2000 3474 Evan-

399 3502 607 3574 gelistae
652 3504 917 3576 narrant),
958 3512 1017 3560 ut
1046 3505 1117 3561 ab
1145 3506 1325 3578 impiis
1374 3515 1641 3575 secretus,
1690 3507 2001 3582 negationis

396 3590 607 3663 culpam
638 3592 865 3649 liberius
894 3592 1081 3649 abluat
1111 3593 1348 3652 ﬂetibus.

1008 3735 1232 3794 CAPUT
1268 3736 1390 3792 XV.

468 3873 638 3932 Vsus.
662 3877 715 3931 1.
738 3906 808 3918 --
828 3878 899 3932 Et
925 3880 1244 3949 confestim,
1275 3885 1380 3934 etc.
1417 3876 1706 3948 Sequitur:
1748 3878 2001 3934 Vincicn-

399 3967 484 4021 tes
512 3966 723 4021 Iesum.
756 3964 873 4019 Mos
899 3972 1019 4021 erat
1045 3965 1268 4031 Iudaeis,
1302 3972 1359 4020 ut
1387 3981 1550 4036 quem
1577 3970 1753 4019 morte
1784 3964 1999 4034 adjudi—

392 4059 635 4118 cassent,
689 4051 931 4107 vinctum
975 4052 1146 4121 judici
1204 4052 1504 4108 traderent.
1561 4053 1630 4108 Et
1678 4052 1996 4125 notandum,

397 4138 547 4211 quod
573 4153 684 4194 non
711 4145 840 4196 tunc
865 4139 1103 4211 primum
1148 4139 1474 4213 ligaverunt,
1523 4141 1623 4196 sed
1671 4156 1799 4197 mox
1842 4156 1998 4197 com-

393 4227 729 4298 prehensum
758 4234 919 4284 nocte
948 4227 1006 4282 in
1032 4229 1213 4296 horto,
1248 4237 1307 4284 ut
1335 4229 1576 4285 Joannes
1603 4226 1736 4286 dicit
1768 4246 1782 4284 :
1815 4229 1885 4284 Et
1915 4228 1996 4287 sic

397 4315 768 4373 adduxerunt
798 4331 928 4373 eum
956 4317 1029 4372 ad
1053 4317 1279 4373 Annam
1306 4319 1561 4390 primum
1589 4318 1774 4389 (Ioan.
1807 4318 1992 4389 xvm).

467 4404 677 4477 (Htsa).
717 4405 888 4461 Adest
932 4406 1164 4461 Samson
1210 4404 1423 4462 vinetus
1451 4421 1485 4461 a
1512 4405 1710 4462 Dalila.
1764 4407 1998 4462 Samson

395 4491 803 4563 interpretatur,
854 4500 994 4561 etc.,
1052 4510 1226 4566 usque
1256 4495 1329 4550 ad
1378 4502 1432 4549 et
1477 4493 1683 4549 fontem
1736 4494 1995 4565 perennis

398 4580 522 4637 vitae
553 4580 859 4637 sitientibus
886 4581 1066 4649 nobis,
1101 4580 1158 4638 id
1185 4590 1268 4637 est
1297 4582 1543 4654 corporis
1573 4581 1677 4649 sui,
1709 4582 1904 4654 aperit.

472 4667 643 4724 Vnus.
672 4672 726 4725 2.
762 4699 832 4710 —
867 4671 945 4726 Tu
971 4687 1029 4727 es
1063 4687 1171 4727 rex
1216 4672 1537 4728 Iudworum
1562 4675 1585 4727 2?
1613 4670 1750 4727 Cum
1794 4670 1999 4727 Pilatus

401 4754 536 4811 nihil
576 4755 817 4812 criminis
861 4757 1165 4831 interrogat
1202 4759 1308 4815 nisi
1336 4774 1407 4815 an
1437 4760 1507 4815 sit
1533 4776 1630 4815 rex
1658 4758 1993 4827 Iudaeorum,

403 4843 649 4917 arguitur
676 4842 928 4916 impietas
957 4861 1148 4902 eorum
1179 4847 1271 4919 qui
1293 4863 1397 4905 nec
1427 4846 1569 4903 falso
1599 4846 1819 4919 quidem
1849 4846 1997 4920 quod

403 4930 662 5001 objieiant
688 4932 1027 4989 invenerunt.
1064 4936 1141 4991 Tu
1167 4935 1329 4992 dicis.
1362 4935 1453 4992 Sic
1481 4942 1747 5008 temperat
1774 4949 1998 5007 respon-

404 5035 542 5086 sum,
576 5028 635 5075 ut
660 5037 851 5076 verum
881 5020 1043 5089 dicat,
1083 5038 1188 5078 nec
1233 5030 1413 5080 tamen
1454 5024 1739 5081 calumniae
1781 5031 1992 5095 pareat.

401 5106 472 5161 Et
498 5114 646 5175 nota,
693 5109 841 5179 quod
886 5109 1060 5165 Pilato
1104 5110 1195 5180 qui
1248 5110 1450 5167 invitus
1497 5112 1602 5168 fert
1647 5112 1993 5179 sententiam,

402 5191 588 5265 aliqua
615 5195 673 5250 in
697 5203 854 5267 parte
884 5196 1226 5268 responderit
1259 5215 1271 5252 :
1304 5199 1684 5256 sacerdotibus
1729 5206 1910 5256 autem
1940 5206 1996 5255 et

400 5281 740 5354 principibus
778 5285 1114 5357 respondere
1155 5285 1407 5355 noluerit,
1458 5288 1823 5361 indignosque
1869 5304 1993 5344 ser-

399 5384 562 5427 mone
590 5386 690 5429 suo
712 5371 1057 5443 judicaverit.

468 5458 641 5516 Vnus.
659 5461 713 5517 4.
736 5489 806 5503 -
832 5461 975 5529 Vide,
1007 5470 1112 5520 etc.
1136 5463 1400 5523 Ethnicus
1430 5464 1754 5523 condemnat
1779 5464 1995 5532 Iesum,

396 5546 498 5606 sed
522 5563 745 5606 causam
786 5548 957 5607 refert
983 5550 1040 5607 in
1065 5552 1326 5626 papulum
1370 5554 1704 5612 Iudaeorum.
1761 5553 1887 5613 Vide
1927 5555 1993 5612 in

392 5638 643 5709 quantis,
680 5644 785 5696 etc.

2106 1851 2357 1908 absolvit.
2389 1853 2462 1907 At
2480 1853 2573 1908 illi
2594 1853 2794 1925 magis,
2818 1858 2921 1907 etc.
2946 1851 3119 1907 David
3145 1868 3159 1905 :
3197 1851 3705 1908 Circumdederunt

2105 1956 2194 1996 me
2225 1956 2394 1997 canes
2423 1941 2597 1997 multi
2626 1941 2802 2008 (Psal.
2835 1940 2981 2011 xxi),
3015 1948 3119 1995 etc.
3152 1938 3319 1995 Isaias
3351 1956 3365 1994 :
3401 1942 3707 2013 Exspecta-

2104 2029 2161 2085 vi
2188 2033 2253 2085 ut
2283 2032 2499 2101 faceret
2524 2029 2823 2098 iudicium,
2856 2033 2911 2085 et
2942 2044 3065 2085 ecce
3096 2030 3373 2101 iniquitas
3404 2048 3424 2085 :
3454 2033 3511 2084 et
3536 2030 3707 2101 iusti-

2106 2118 2269 2184 tiam,
2301 2122 2357 2173 et
2384 2133 2508 2174 ecce
2537 2119 2753 2174 clamor
2787 2117 2920 2189 (Isa.
2950 2117 3031 2188 v).
3062 2117 3330 2173 Jeremias
3365 2134 3380 2172 :
3416 2118 3589 2173 Facta
3613 2121 3705 2174 est

2106 2204 2410 2261 hwreditas
2441 2192 2741 2262 meamihi
2767 2207 2919 2262 sicut
2943 2206 3025 2263 leo
3052 2207 3117 2261 in
3149 2206 3292 2262 silva
3321 2224 3340 2261 :
3373 2204 3530 2261 dedit
3558 2221 3698 2263 cou-

2106 2297 2199 2350 tra
2226 2310 2316 2350 me
2345 2310 2533 2352 vocem
2559 2294 2695 2365 (Ier.
2733 2294 2861 2366 xu).

2177 2417 2349 2472 Vens.
2386 2420 2473 2472 15.
2505 2448 2575 2458 —-
2606 2417 2933 2486 Barabbam,
2977 2421 3033 2473 et
3063 2416 3319 2483 tradidit,
3353 2424 3457 2473 etc.
3490 2416 3705 2489 (Ηιειι.)

2103 2504 2170 2561 Hi
2200 2512 2325 2560 sunt
2353 2504 2459 2561 duo
2488 2506 2646 2576 hirci,
2687 2522 2827 2560 unus
2874 2504 3212 2577 apompeius,
3254 2504 3310 2559 id
3350 2512 3434 2559 est
3474 2505 3703 2561 emissa-

2103 2593 2236 2663 rius,
2272 2609 2396 2650 cum
2431 2602 2655 2665 peccato
2691 2593 2878 2665 populi
2918 2593 2974 2648 in
3008 2594 3285 2648 desertum
3315 2592 3510 2648 inferni
3538 2594 3705 2650 abso-

2099 2680 2244 2735 lutus
2293 2680 2594 2737 dimittitur.
2650 2682 2801 2737 Alter
2847 2696 2946 2753 pro
2998 2680 3236 2752 peccatis
3293 2679 3700 2748 absolutorum,

2100 2777 2159 2824 ut
2187 2785 2361 2843 agnus
2394 2770 2680 2826 occiditur.
2731 2770 2863 2825 Pars
2901 2768 3117 2826 Domini
3161 2783 3378 2841 semper
3412 2776 3702 2842 mactatur,

2096 2874 2225 2929 pars
2268 2858 2487 2925 diaboli,
2540 2858 2633 2928 qui
2682 2865 2766 2913 est
2802 2858 3064 2932 magister
3099 2872 3308 2928 eorum,
3355 2856 3615 2915 effrenata
3644 2858 3704 2913 in

2098 2953 2298 3001 tartara
2326 2945 2711 3018 praecipitatur.

2167 3053 2359 3109 Iesum
2388 3053 2649 3125 ﬂagellis.
2679 3053 2748 3110 Ut
2776 3068 2878 3109 nos
2909 3053 3143 3127 ﬂagellis
3171 3053 3469 3122 liberaret;
3500 3052 3645 3109 unde
3682 3070 3697 3108 :

2100 3140 2413 3213 Flagellum
2468 3158 2585 3197 non
2639 3142 3108 3216 appropinquabit
3178 3143 3541 3200 tabernaculo
3600 3146 3701 3200 tuo

2100 3227 2275 3301 (Psal.
2310 3230 2406 3301 xc)
2433 3247 2446 3284 :
2470 3246 2594 3285 cum
2615 3230 2771 3301 prius
2790 3231 3065 3288 diceretur
3088 3249 3101 3287 :
3129 3232 3304 3289 Multa
3323 3231 3550 3305 ﬂagella
3576 3246 3705 3304 pec-

2100 3319 2310 3374 catoris
2340 3318 2519 3390 (Psal.
2549 3319 2741 3389 xxxi).

2171 3430 2394 3503 (BEDA.)
2425 3434 2615 3489 Iesum
2642 3433 2885 3505 ﬂagellis
2916 3450 3143 3490 cwsum.
3168 3433 3357 3490 Caesus
3385 3441 3470 3489 est
3489 3432 3556 3488 ab
3577 3433 3701 3504 ipso

2099 3518 2292 3590 Pilato,
2325 3521 2471 3576 unde
2489 3521 2727 3576 Ioannes
2753 3538 2767 3576 :
2786 3521 3171 3594 Apprehendit
3191 3523 3416 3579 Pilatus
3433 3524 3624 3579 Iesum
3640 3526 3703 3578 et

2098 3609 2410 3680 ﬂagellauit
2441 3627 2460 3665 :
2488 3616 2541 3665 et
2566 3616 2692 3680 post
2719 3610 2997 3679 subjunxit
3019 3628 3033 3666 :
3058 3613 3128 3667 Et
3147 3613 3364 3667 milites
3383 3613 3701 3685 plectentes

2099 3713 2370 3753 coronam
2396 3697 2465 3754 de
2487 3698 2670 3771 spinis
2690 3697 2875 3769 (Ioan.
2895 3698 3042 3772 xxx),
3065 3707 3168 3756 etc.
3189 3699 3261 3755 Et
3288 3699 3549 3755 militibus
3577 3697 3705 3755 illu-

2098 3784 2336 3841 dendum
2381 3786 2633 3857 praebuit.
2688 3786 2847 3856 Quod
2887 3787 3011 3845 ideo
3055 3787 3204 3856 fecit,
3254 3796 3312 3844 ut
3354 3788 3472 3858 ejus
3517 3787 3702 3860 pinnis

2097 3881 2152 3930 et
2177 3874 2490 3946 Opprobriis
2529 3875 2758 3931 saturati
2786 3875 2931 3932 ultra
2956 3884 3190 3933 mortem
3218 3892 3328 3932 non
3356 3877 3586 3934 sitirent.

2170 3998 2343 4053 Vens.
2377 3999 2464 4053 17.
2494 4029 2564 4040 -
2592 4000 2663 4055 Et
2688 4000 2960 4057 induunt.
2993 4001 3213 4074 (ΒΕοΑ.)
3258 4002 3545 4059 Matthzeus
3574 4000 3647 4058 ita
3682 4020 3698 4058 :

2098 4087 2170 4143 Et
2199 4090 2477 4143 eruentes
2506 4103 2655 4157 eum,
2707 4087 3061 4161 chlamydem
3092 4090 3414 4149 coccineum
3443 4092 3697 4149 circum-

2098 4174 2374 4231 dederunt
2404 4175 2459 4230 ei
2487 4175 2680 4247 (Marc.
2704 4176 2913 4250 xxvu).
2939 4176 3100 4247 Quod
3120 4178 3268 4235 idem
3288 4187 3391 4235 est.
3415 4179 3516 4236 Pro
3543 4179 3703 4254 regia

2099 4261 2246 4319 enim
2268 4278 2514 4335 purpura
2539 4263 2662 4319 data
2701 4272 2803 4332 est,
2843 4273 2971 4333 etc.,
3011 4283 3186 4341 usque
3224 4267 3299 4324 ad
3333 4283 3568 4339 purpura
3609 4267 3701 4325 vel

2098 4364 2264 4407 cocco
2308 4351 2556 4420 vestitur,
2608 4366 2734 4410 cum
2776 4352 3047 4428 triumpho
3086 4355 3451 4430 gloriosorum
3492 4363 3701 4429 marty-

2014 4464 2070 4529 D
2099 4454 2222 4493 rum
2250 4437 2537 4512 gloriatur.

2167 4561 2339 4619 Vnus.
2374 4567 2462 4620 19.
2494 4594 2565 4606 -
2611 4565 2681 4623 Et
2709 4568 3122 4639 percutiebant,
3151 4575 3257 4625 etc.
3291 4569 3466 4641 Caput
3492 4568 3699 4626 Christi

2094 4650 2245 4706 Deus
2288 4658 2391 4709 est.
2438 4652 2615 4725 Caput
2658 4670 2791 4727 ergo
2833 4655 3034 4711 Christi
3074 4656 3386 4727 percutiunt
3428 4657 3522 4730 qui
3567 4673 3700 4715 eum

2096 4739 2372 4813 denegant
2399 4756 2524 4797 esse
2550 4742 2746 4798 Deum.
2787 4742 2859 4798 Et
2899 4742 2994 4815 qui
3040 4744 3336 4818 Scripturae
3378 4745 3702 4804 auctoritate

2096 4844 2344 4885 errorem
2393 4845 2553 4885 suum
2588 4828 2886 4887 defendunt
2929 4830 3080 4904 (quia
3115 4833 3392 4905 scriptura
3426 4834 3701 4893 arundine

2095 4915 2236 4973 solet
2265 4916 2427 4987 ﬁeri),
2457 4917 2612 4989 quasi
2644 4917 2912 4975 arundine
2939 4928 3103 4992 caput
3129 4921 3249 4991 ejus
3277 4922 3498 4979 feriunt.
3529 4923 3589 4979 In
3623 4922 3700 4979 fa-

2093 5003 2233 5061 ciem
2265 5004 2382 5074 ejus
2424 5013 2626 5075 spuunt
2667 5006 2760 5079 qui
2806 5008 3159 5078 praesentiam
3199 5009 3388 5083 gratiae
3433 5010 3552 5080 ejus
3600 5027 3700 5068 ex-

2094 5093 2378 5149 secrandis
2415 5092 2596 5149 verbis
2637 5111 2706 5151 ex
2751 5095 2967 5152 interna
3010 5113 3171 5155 caeca:
3224 5098 3425 5156 mentis
3476 5099 3690 5157 insania

2092 5181 2370 5253 conceptis
2414 5190 2699 5254 respuunt,
2745 5191 2799 5240 et
2844 5201 2968 5242 eum
3012 5186 3069 5242 in
3110 5202 3278 5244 carne
3321 5188 3542 5245 venisse
3594 5205 3698 5246 ne.

2093 5276 2247 5342 gant.

2161 5378 2486 5438 Adorabant
2529 5396 2679 5439 eum.
2727 5380 2897 5452 Quasi
2938 5381 3081 5441 falso
3131 5399 3191 5442 se
3237 5384 3465 5445 dixisset
3492 5387 3696 5445 Deum.

2092 5467 2203 5525 Sed
2257 5468 2421 5527 hodie
2478 5468 2650 5542 (quod
2705 5479 2791 5527 est
2843 5472 3114 5545 gravioris
3158 5473 3411 5547 insaniae)
3468 5475 3699 5548 quidam

2090 5571 2219 5614 eum
2254 5566 2404 5615 certa
2439 5558 2549 5615 tide
2583 5566 2644 5615 ut
2682 5559 2861 5616 Deum
2896 5576 3084 5618 verum
3123 5561 3376 5634 adorant,
3424 5564 3524 5622 sed
3559 5580 3695 5637 per-

2089 5646 2268 5705 versis
2293 5646 2508 5707 actibus
2530 5661 2658 5707 mox
2683 5647 2854 5709 verba
2882 5648 3001 5721 ejus
3022 5649 3182 5724 quasi
3208 5649 3463 5714 fabulosa
3491 5652 3691 5728 despi-
