4006 6178
312 195 410 251 237

1244 192 1511 251 GLOSSA
1542 193 1949 257 ORDINARIA,
1971 221 2041 235 —
2070 191 2334 252 EVANG.
2355 192 2592 253 MARCI.

3483 197 3591 255 238

318 316 479 384 ciunt,
513 331 578 374 ac
606 316 878 388 promissa
904 317 1063 391 regni
1089 316 1235 374 illius
1271 318 1664 392 temporalibus
1705 318 1897 376 illece-
1914 317 1973 382 A
2000 316 2185 391 ﬁgitur
2212 316 2361 374 salus
2387 317 2447 374 in
2468 316 2646 391 ligno.
2668 315 2851 375 Primo
2878 316 3045 374 inﬁxa
3063 324 3148 375 est
3164 315 3388 373 morsin
3415 316 3591 390 ligno.

317 405 428 461 bris
453 412 807 478 postponunt.

1998 405 2231 479 Lignum
2257 405 2522 478 primum,
2555 405 2795 463 scientiae
2822 404 2954 462 boni
2991 411 3044 463 et
3070 403 3240 473 mali;
3289 405 3590 461 secundum

383 495 455 550 Et
483 495 732 552 educunt
761 495 948 552 illum.
981 494 1194 568 (Ηιειι.)
1242 496 1344 552 llic
1385 494 1636 552 educitur
1678 494 1818 552 Abel
1844 495 1901 551 in
1976 493 2130 549 'boni
2174 501 2384 551 tantum
2439 502 2494 551 et
2546 494 2671 551 vitae
2714 493 2875 550 nobis
2930 493 3141 567 lignum
3187 499 3290 551 est.
3327 491 3592 549 Extensio

316 597 510 655 agrum
538 599 568 638 a
595 582 759 639 fratre
788 592 847 639 ut
874 583 1192 656 perimatur.
1226 584 1327 640 Hic
1357 584 1512 647 adest
1539 584 1716 654 Isaac,
1768 591 1898 654 etc.,

314 686 485 744 usque
513 670 584 727 ad
611 671 701 727 hic
730 670 889 727 adest
915 671 1081 728 Jonas
1110 671 1180 728 de
1208 672 1361 744 ligno
1391 671 1549 728 navis
1598 670 1733 728 foris
1764 678 1819 728 et
1846 672 1903 727 in

316 774 465 815 mare
494 766 852 832 ventremque
881 759 989 816 ceti
1016 760 1197 816 triduo
1225 760 1445 816 missus.

384 855 556 913 Vnus.
587 858 678 914 20.
702 887 772 897 —
802 859 869 916 Ut
897 857 1312 930 cruciﬁgerent.
1335 857 1548 930 (HIER.)
1578 857 1705 928 Ipsa
1723 856 1904 914 crucis

317 944 530 1016 species
558 945 689 1017 quid
718 952 802 1001 est
830 946 935 1001 nisi
963 945 1142 1002 forma
1162 946 1413 1018 quadrati
1439 946 1676 1002 mundi?
1706 944 1904 1002 Oriens

318 1033 384 1088 de
413 1032 614 1090 virtute
642 1032 835 1108 fulget,
867 1041 1059 1091 arcton
1087 1035 1315 1091 dextera
1344 1041 1511 1106 tenet,
1554 1042 1741 1089 auster
1766 1034 1908 1091 laeva

317 1121 583 1192 consistit,
616 1122 875 1179 occidens
903 1123 1007 1199 sub
1032 1123 1234 1195 plantis
1265 1123 1532 1180 ﬁrmatur.
1566 1123 1724 1179 Unde
1751 1125 1905 1194 Apo-

319 1209 491 1267 stolus
524 1228 539 1268 :
576 1213 641 1270 Ut
668 1214 918 1270 sciamus
946 1230 1068 1286 qua:
1096 1215 1174 1270 sit
1196 1213 1458 1279 latitudo,
1486 1208 1794 1284 longitudo,
1819 1229 1909 1268 su-

320 1299 572 1356 blimitas
599 1304 657 1356 et
683 1300 1037 1373 profundum
1067 1300 1291 1374 (Ephes.
1325 1300 1429 1373 Ill).
1462 1302 1607 1357 Aves
1644 1300 1702 1356 in
1730 1299 1911 1356 forma

321 1388 499 1443 crucis
529 1388 600 1443 ad
629 1390 834 1445 aethera
861 1389 1066 1456 volant,
1099 1390 1264 1445 homo
1294 1389 1507 1459 adorat,
1559 1396 1613 1445 et
1658 1396 1808 1444 natat
1852 1388 1911 1445 in

319 1473 494 1531 forma
524 1477 727 1543 crucis,
758 1476 915 1533 navis
942 1493 1045 1549 per
1070 1477 1247 1533 maria
1267 1485 1505 1534 antenna
1533 1477 1683 1533 cruci
1703 1476 1914 1533 assimi-

319 1562 425 1619 lata
456 1563 721 1621 suﬂlatur.
754 1566 869 1622 Tau
898 1564 1081 1623 littera
1129 1566 1349 1640 signum
1394 1565 1587 1623 salutis
1628 1572 1684 1623 et
1730 1564 1911 1623 crucis

318 1650 678 1710 demonstrat.

384 1769 565 1825 Vsus.
596 1773 687 1828 21.
719 1799 791 1811 -
817 1771 888 1825 Et
916 1771 1382 1843 angariaverunt.
1406 1769 1628 1842 (BEDA.)
1658 1769 1783 1841 Ipse
1804 1769 1915 1825 Do-

320 1857 504 1915 minus
532 1857 713 1929 primo
742 1872 965 1915 crucem
992 1872 1151 1914 suam
1186 1858 1438 1929 portavit,
1489 1858 1632 1915 sicut
1675 1859 1918 1913 Joannes

320 1946 455 2006 dicit
483 1964 498 2002 :
534 1947 667 2003 Post
693 1947 797 2003 iste
826 1947 1035 2014 Simon,
1067 1947 1137 2003 de
1167 1962 1275 2019 quo
1306 1954 1361 2004 et
1389 1946 1480 2002 alii
1499 1947 1705 2014 dicunt,
1739 1955 1793 2003 et
1810 1947 1918 2003 hoc

322 2036 456 2092 satis
485 2051 736 2110 congruo
766 2036 960 2092 ordine
975 2035 1242 2108 mysterii.
1269 2036 1527 2093 Christus
1544 2038 1700 2093 enim
1712 2051 1915 2109 passus

316 2143 414 2197 pro
446 2126 626 2193 nobis,
662 2124 810 2182 vobis
842 2126 1169 2198 relinquens
1198 2126 1528 2198 exemplum
1561 2129 1628 2183 ut
1644 2127 1919 2198 sequami-

324 2216 382 2269 ni
410 2215 654 2286 vestigia
683 2217 806 2286 ejus
835 2215 1020 2287 (Joan.
1052 2228 1198 2284 xxx;
1229 2215 1259 2270 Ι
1282 2217 1437 2270 Petr.
1472 2216 1554 2286 ιι).

385 2303 605 2375 (Hum)
637 2303 827 2359 Simon
857 2302 950 2375 qui
979 2311 1160 2374 portat
1189 2318 1412 2359 crucem
1440 2302 1498 2357 in
1537 2301 1793 2375 angaria,
1827 2300 1918 2357 hic

324 2398 402 2446 est
434 2391 531 2462 qui
558 2388 777 2446 laborat
803 2406 906 2462 pro
934 2390 1099 2447 laude
1127 2392 1385 2447 humana.
1421 2391 1637 2464 Cogunt
1667 2406 1794 2445 eum
1820 2390 1920 2445 ho-

326 2481 499 2536 mines
529 2480 659 2537 huic
685 2479 861 2537 labori
890 2496 1053 2553 quem
1080 2496 1193 2535 non
1220 2480 1368 2554 cogit
1396 2480 1559 2536 timor
1587 2479 1674 2537 vel
1701 2478 1920 2536 dilectio

328 2568 443 2624 Dei.

392 2660 631 2715 Patrem
661 2657 999 2714 Alexandri.
1030 2657 1243 2731 Magnae
1288 2656 1560 2729 cpinionis
1589 2656 1775 2713 Simon
1818 2655 1922 2711 iste

328 2746 543 2803 videtur
574 2763 719 2817 esse,
752 2761 876 2802 cum
905 2753 961 2802 et
986 2744 1084 2802 ﬁlii
1114 2747 1232 2816 ejus
1262 2753 1521 2819 tanquam
1540 2745 1653 2802 noti
1668 2744 1922 2801 omnibus

329 2850 393 2890 ex
419 2836 646 2891 nomine
693 2834 1072 2908 designantur.

395 2924 613 2995 (Ηιειι.)
642 2923 748 2979 Alii
776 2941 877 2994 per
904 2923 1097 2979 merita
1134 2932 1353 2995 patrum
1400 2938 1625 2979 suorum
1673 2937 1920 2979 comme-

2000 582 2191 655 primae
2244 597 2441 638 manus
2497 582 2569 639 ad
2613 581 2826 656 lignum
2891 589 3125 639 mortem
3188 579 3588 654 apprehendit;

2001 670 2245 726 extensio
2275 669 2529 728 secundae
2556 670 2724 727 vitam
2753 685 2874 744 quae
2902 669 3143 742 perierat
3170 668 3395 726 invenit.
3418 667 3592 742 Ligno

2002 758 2107 814 hoc
2135 757 2385 815 vehimur
2410 774 2512 831 per
2538 773 2693 815 mare
2729 758 3002 816 undosum
3030 758 3103 815 ad
3147 765 3354 815 terram
3399 756 3594 814 viven-

2003 845 2158 902 tium.

2082 950 2424 1006 Vestimenta
2439 964 2563 1006 sua.
2583 949 2805 1021 (812nm)
2827 947 3237 1022 Quadripartita
3256 947 3424 1004 vestis
3444 947 3597 1003 Chri-

2005 1035 2075 1090 sti
2104 1037 2405 1092 secundum
2423 1052 2712 1094 numerum
2731 1036 2979 1107 militum,
3003 1034 3273 1110 signiﬁcat
3290 1035 3595 1093 Ecclesiam

2007 1131 2239 1195 quatuor
2264 1125 2512 1197 partibus
2550 1124 2700 1182 orbis
2742 1124 3040 1197 aequaliter,
3063 1123 3121 1182 id
3148 1131 3232 1183 est
3259 1123 3604 1182 concorditer

2007 1212 2369 1269 distributum.

2079 1328 2291 1401 (Hum)
2338 1328 2671 1386 Vestimenta
2715 1327 2932 1387 Domini
2977 1328 3229 1385 mandata
3256 1335 3381 1386 sunt
3410 1328 3608 1402 quibus

2010 1416 2214 1490 tegitur
2238 1432 2439 1489 corpus
2460 1417 2595 1487 ejus,
2630 1417 2777 1490 quod
2797 1424 2880 1473 est
2906 1416 3173 1485 Ecclesia,
3198 1418 3323 1490 quia
3351 1417 3603 1475 dividun-

2010 1511 2101 1560 tur
2144 1505 2287 1561 inter
2327 1505 2527 1561 milites
2583 1505 2829 1578 gentium
2855 1512 2914 1561 ut
2961 1505 3069 1561 sint
3117 1512 3350 1577 quatuor
3379 1505 3603 1562 ordines

2012 1607 2138 1648 cum
2167 1593 2236 1648 sit
2264 1609 2372 1649 una
2399 1592 2556 1661 ﬁdes,
2580 1593 2637 1649 id
2668 1601 2750 1650 est
2788 1592 3081 1667 conjugati,
3131 1593 3355 1665 viduati,
3385 1609 3610 1666 praepo-

1932 1665 1988 1730 B
2014 1680 2123 1753 siti,
2174 1682 2428 1754 separati.
2478 1681 2665 1738 Sortiti
2712 1690 2839 1738 sunt
2883 1665 3123 1739 tunicam
3163 1665 3451 1739 indivisam
3489 1665 3612 1755 qua;

2016 1778 2099 1827 est
2127 1786 2232 1842 pax
2261 1779 2314 1827 et
2342 1771 2542 1827 veritas
2571 1771 2627 1826 in
2656 1772 2866 1827 cunctis
2893 1770 2951 1826 in
2978 1771 3202 1828 modum
3231 1771 3434 1845 regalis
3452 1771 3615 1828 amic-

2019 1866 2106 1914 tus
2125 1858 2214 1915 vel
2232 1859 2434 1916 annuli.
2459 1860 2745 1915 Mittentes
2766 1864 2995 1916 sortem.
3020 1858 3151 1932 (11).)
3174 1859 3350 1931 Super
3370 1859 3610 1916 tunicam

2017 1946 2227 2003 scilicet
2256 1963 2378 2019 quae
2407 1954 2523 2003 erat
2542 1947 2903 2003 inconsutilis.
2937 1948 3037 2004 Hic
3058 1946 3266 2017 sortita,
3291 1954 3419 2015 etc.,
3439 1942 3614 2021 usque

2016 2035 2089 2092 ad
2117 2044 2171 2091 et
2189 2051 2311 2092 sors
2341 2035 2509 2092 solius
2539 2036 2640 2093 Dei
2661 2035 2866 2106 judicio
2910 2035 3059 2093 venit
3103 2035 3192 2093 vel
3237 2035 3401 2093 cedit.

2088 2169 2261 2225 Vnus.
2293 2172 2383 2226 25.
2419 2197 2489 2211 --
2536 2171 2675 2225 Erat
2715 2174 2910 2227 autem
2953 2170 3091 2228 hora
3121 2175 3228 2227 ter.
3261 2169 3473 2242 (Ηιειι.)
3501 2169 3617 2225 Hoc

2019 2257 2243 2329 proprie
2273 2257 2506 2327 Marcus,
2536 2273 2663 2313 nam
2710 2264 2866 2314 sexta
2898 2259 3035 2313 hora
3081 2258 3323 2315 tenebrae
3370 2256 3618 2314 suﬁ‘ude-

2022 2352 2149 2400 runt
2194 2352 2417 2412 terram,
2458 2352 2517 2401 ut
2544 2361 2656 2401 non
2677 2345 2800 2417 quis
2855 2352 3044 2416 posset
3083 2361 3307 2403 movere
3354 2352 3536 2417 caput.
3570 2347 3618 2401 A

2023 2432 2303 2489 tricesimo
2328 2449 2583 2505 namque,
2615 2440 2745 2502 etc.,
2777 2449 2952 2507 usque
2979 2434 3052 2490 ad
3080 2434 3172 2505 qui
3201 2434 3381 2507 magis
3424 2434 3618 2488 dicen-

2024 2521 2081 2577 di
2108 2529 2234 2578 sunt
2260 2538 2387 2577 eum
2415 2520 2755 2577 cruciﬁxisse
2787 2522 3034 2594 quamvis
3063 2522 3301 2577 nitantur
3326 2522 3433 2578 hoc
3460 2520 3623 2576 dissi-

2024 2610 2252 2681 mulare,
2286 2626 2447 2681 quam
2491 2609 2690 2666 milites
2717 2609 2810 2682 qui
2864 2610 3166 2667 secundum
3193 2608 3432 2668 ofﬁcium
3460 2625 3623 2666 suum

2026 2698 2153 2756 duci
2183 2714 2283 2755 suo
2310 2714 2563 2771 paruere.

2098 2827 2270 2883 Vsus.
2301 2830 2392 2886 26.
2424 2828 2583 2883 —Et
2611 2830 2737 2883 erat
2776 2827 3003 2884 titulus.
3035 2826 3259 2900 (BEDA.)
3286 2826 3496 2884 Titulus
3526 2843 3624 2884 os-

2029 2916 2202 2971 tendit
2232 2916 2379 2987 quod
2406 2928 2510 2971 nec
2559 2915 2862 2971 occidendo
2905 2922 3200 2985 potuerunt
3228 2914 3446 2972 eﬁicere
3478 2915 3628 2988 quod

330 3019 636 3079 morantur,
668 3011 755 3066 alii
786 3028 887 3083 per
915 3013 1108 3067 merita
1155 3012 1410 3067 ﬁliorum.
1460 3011 1561 3067 Hic
1599 3018 1780 3066 autem
1831 3010 1922 3066 Si-
1948 3021 1998 3085 α
2028 3020 2141 3060 non
2171 3012 2316 3060 esset
2362 3004 2441 3059 eis
2470 3020 2571 3059 rex
2604 3022 2618 3070 ;
2669 3003 2814 3058 unde
2846 3020 2861 3059 :
2893 3005 3001 3076 Ego
3042 3008 3236 3061 autem
3278 3006 3627 3062 constitutus

329 3117 476 3167 mon,
495 3109 629 3166 etc.,
653 3116 831 3173 usque
859 3101 931 3157 ad
960 3101 1137 3158 unde:
1160 3117 1261 3171 per
1279 3099 1573 3156 Jeremiam
1594 3100 1662 3154 ad
1679 3099 1926 3155 Iudaeam

333 3189 526 3246 dicitur
558 3207 573 3242 :
610 3188 827 3245 Olivam
868 3188 1116 3258 uberem,
1168 3189 1491 3261 pulchram,
1537 3190 1923 3261 fructi/eram,

332 3278 645 3351 speciosam
675 3278 889 3334 vocavit
916 3279 1192 3335 Dominus
1219 3294 1426 3335 nomen
1459 3281 1642 3333 tuum.

398 3383 577 3440 Vens.
610 3386 775 3440 22.—
808 3384 1078 3441 Calvariw
1111 3385 1284 3441 locus.
1316 3382 1528 3454 (Hma.)
1567 3382 1808 3438 Tradunt
1835 3382 1929 3437 Ju—

336 3471 439 3528 dazi
472 3472 624 3544 quod
662 3472 720 3527 in
746 3473 851 3529 hoc
889 3471 1010 3529 loco
1041 3472 1242 3527 montis
1262 3471 1573 3526 immolatus
1594 3470 1755 3526 fuerit
1784 3469 1931 3525 aries

333 3577 433 3631 pro
464 3562 624 3617 Isaac
653 3560 813 3632 (Gen.
845 3561 1012 3632 xxii),
1045 3568 1104 3616 ut
1129 3560 1206 3615 ibi
1234 3559 1553 3616 decalvetur
1581 3558 1851 3629 Christus,
1874 3557 1930 3614 id

333 3657 416 3704 est
442 3664 619 3706 carne
649 3664 769 3716 sua,
801 3648 1008 3705 scilicet
1034 3648 1221 3704 Iudaea
1250 3646 1480 3718 carnali,
1515 3653 1820 3718 separetur.

403 3746 633 3817 (BBDA.)
664 3746 837 3801 Extra
865 3753 1080 3817 portam
1099 3744 1494 3801 truncabantur
1513 3743 1690 3815 capita
1708 3743 1932 3798 damna-

334 3842 539 3902 torum,
574 3842 630 3890 et
658 3834 914 3890 calvariae
934 3834 1332 3890 decollatorum
1350 3833 1475 3889 loca
1495 3832 1768 3889 dicuntur.
1802 3832 1932 3888 Ideo

336 3924 410 3979 ibi
440 3922 743 3981 cruciﬁxus
771 3922 1036 3979 Dominus
1066 3930 1124 3978 ut
1169 3921 1263 3978 ubi
1309 3929 1428 3978 erat
1473 3936 1608 3979 area
1651 3921 1933 3977 damnato-

337 4029 481 4082 rum,
513 4012 591 4067 ibi
621 4012 907 4084 erigantur
942 4010 1142 4067 vexilla
1188 4019 1512 4082 martyrum.
1560 4010 1629 4065 Et
1676 4009 1935 4080 quoniam

340 4116 437 4171 pro
467 4100 633 4173 nobis
660 4098 865 4157 factum
895 4107 980 4156 est
1007 4099 1360 4155 maledictum
1388 4098 1570 4155 crucis
1597 4104 1653 4153 et
1679 4096 1933 4171 ﬂagella-

337 4196 424 4246 tus
453 4196 512 4245 et
540 4187 837 4245 cruciﬁxus
862 4204 966 4259 pro
997 4188 1176 4244 salute
1222 4187 1488 4255 omnium,
1539 4185 1694 4259 quasi
1737 4186 1936 4243 noxius

336 4276 482 4333 inter
507 4276 707 4333 noxios
736 4275 907 4334 voluit
937 4264 1208 4350 cruciﬁgi.

2028 3107 2156 3149 sum
2183 3109 2290 3149 rex
2319 3093 2386 3148 ab
2413 3109 2494 3159 eo,
2529 3100 2633 3148 etc.
2663 3093 2807 3148 Bene
2838 3092 2984 3147 enim
3012 3092 3172 3148 simul
3193 3101 3275 3149 est
3294 3109 3393 3149 rex
3412 3100 3466 3148 et
3484 3109 3629 3164 pon-

2027 3180 2178 3250 tifex,
2201 3196 2325 3236 cum
2344 3180 2599 3236 eximiam
2618 3180 2767 3235 Patri
2796 3196 2909 3235 suae
2940 3181 3119 3237 carnis
3138 3181 3375 3237 hostiam
3403 3180 3628 3238 oﬁ‘erret

2027 3270 2085 3324 in
2113 3270 2272 3325 altari
2300 3269 2499 3339 crucis,
2533 3276 2586 3323 et
2615 3268 2767 3341 regis
2794 3269 3119 3342 dignitatem
3152 3270 3309 3326 titulo
3328 3270 3632 3342 praetende-

2028 3366 2132 3428 ret,
2162 3364 2222 3412 ut
2250 3356 2460 3413 cunctis
2487 3356 2790 3412 insinuaret
2821 3357 2968 3428 quod
2984 3375 3086 3429 per
3119 3358 3298 3416 crucis
3326 3358 3632 3430 patibulum

2029 3462 2139 3503 non
2168 3446 2487 3518 perdiderit,
2536 3445 2635 3502 sed
2663 3444 3070 3502 conﬁrmaverit
3099 3446 3413 3520 imperium.

2101 3588 2273 3643 Vsus.
2306 3588 2395 3645 2'7.
2426 3617 2497 3627 —
2523 3589 2595 3643 Et
2635 3604 2767 3645 cum
2797 3604 2858 3646 eo
2886 3589 3250 3660 cruciﬁgunt.
3284 3588 3504 3659 (Βεω.)
3535 3588 3628 3645 Si-

2033 3683 2123 3733 cut
2152 3675 2284 3730 dicit
2311 3674 2602 3746 Apostolus
2636 3691 2650 3731 :
2687 3678 2849 3733 Vetus
2879 3676 3039 3733 homo
3075 3680 3271 3733 noster
3297 3678 3471 3734 simul
3495 3693 3628 3734 eum

2030 3764 2133 3821 illo
2163 3765 2481 3833 cruciﬁxus
2509 3767 2597 3819 est
2621 3768 2690 3820 ut
2719 3763 3051 3822 destruatur
3064 3780 3267 3837 corpus
3276 3765 3529 3836 peccati,
3551 3769 3620 3821 ut

2032 3853 2191 3909 ultra
2219 3868 2336 3908 non
2365 3851 2689 3908 dominetur
2706 3868 2878 3925 super
2894 3869 2997 3909 nos
3010 3856 3331 3925 peccatum.
3360 3850 3618 3923 Quaudiu

2037 3956 2169 4014 ergo
2199 3939 2372 4013 ﬁgunt
2400 3955 2564 4011 opera
2582 3948 2765 3996 nostra
2782 3948 2842 3996 ut
2870 3949 3165 3997 evacuatur
3186 3956 3384 4014 corpus
3411 3939 3621 4013 peccati

2035 4029 2294 4103 quandiu,
2329 4036 2455 4100 etc.,
2483 4045 2657 4102 usque
2687 4029 2759 4085 ad
2787 4028 2934 4085 unde
2956 4029 3251 4102 Apostolus
3284 4045 3300 4087 :
3336 4032 3405 4090 Ut
3416 4032 3482 4088 in
3501 4030 3629 4088 cha-

2034 4120 2208 4174 ritate
2237 4117 2484 4173 radicati
2530 4121 2587 4173 et
2622 4116 2857 4189 fundati
2897 4120 3128 4190 possitis
3163 4119 3635 4193 comprehendere

2036 4223 2166 4263 cum
2194 4205 2453 4263 omnibus
2483 4208 2700 4262 sanctis
2727 4222 2850 4278 quae
2895 4207 2975 4262 sit
3023 4207 3282 4275 latitudo,
3319 4207 3625 4279 longitudo,

2039 4295 2395 4362 sublimitas,
2428 4298 2484 4350 et
2510 4294 2862 4366 profundum
2891 4294 3117 4367 (Ephes.
3157 4295 3264 4367 tu).
3294 4296 3444 4354 Duos
3469 4295 3638 4353 latro-

409 4392 588 4449 νεεδ.
619 4395 710 4451 23.
743 4421 814 4433 -—
842 4393 915 4448 Et
940 4392 1168 4448 dabant.
1202 4390 1424 4463 (BEDA.)
1442 4388 1757 4459 Matthaeus,
1805 4375 2009 4446 cumD
2037 4399 2159 4447 nes.
2190 4382 2322 4454 (11).)
2368 4382 2635 4438 Latrones
2679 4381 2772 4454 qui
2820 4397 2947 4437 cum
2973 4381 3207 4438 Domino
3236 4379 3480 4438 cruciﬁxi
3511 4388 3639 4439 sunt

338 4481 478 4551 felle
496 4480 979 4552 mistum‘watth.
1000 4479 1362 4551 xxvu),quod
1381 4477 1528 4534 idem
1551 4484 1653 4533 est.
1678 4475 1774 4533 Fel
1792 4475 1938 4533 enim

338 4585 444 4642 pro
474 4568 841 4625 amaritudine
871 4568 1071 4641 posuit.
1104 4568 1444 4640 Myrrhatum
1464 4566 1611 4623 enim
1639 4565 1826 4622 vinum
1854 4571 1939 4622 est

338 4657 790 4726 amarissimum;
823 4672 1134 4731 quanquam
1160 4655 1284 4714 ﬁeri
1320 4655 1493 4730 possit
1521 4663 1581 4711 ut
1610 4662 1664 4711 et
1710 4652 1838 4712 felle
1884 4659 1940 4709 et

340 4747 570 4819 myrrha
599 4745 1007 4804 amarissimum
1037 4744 1333 4803 redderent
1372 4744 1581 4800 viuum.

413 4835 634 4907 (Ηῐειι.)
663 4836 734 4891 Et
761 4835 992 4903 dabant,
1026 4842 1131 4891 etc.
1164 4826 1281 4891 Hoc
1317 4840 1473 4890 aceto
1518 4845 1716 4889 succus
1762 4829 1938 4887 letha-

338 4923 409 4981 lis
436 4925 592 4997 pomi
621 4923 979 4997 abstergitur.
999 4924 1072 4979 Et
1098 4939 1216 4980 non
1235 4922 1475 4994 accepit.
1508 4920 1569 4977 Id
1586 4936 1690 4992 pro
1710 4935 1818 4992 quo
1846 4934 1943 4991 pa-

340 5013 499 5070 titur.
531 5012 691 5071 Unde
718 5011 791 5068 de
820 5027 887 5068 eo
922 5029 936 5068 :
975 5012 1105 5080 Quae
1130 5027 1247 5069 non
1274 5012 1446 5084 rapui
1492 5013 1629 5069 tunc
1685 5009 1941 5069 exsolve-

345 5102 480 5159 bam
511 5102 690 5173 (Psal.
720 5101 947 5172 vam).

415 5201 491 5256 Et
517 5213 637 5255 non
664 5200 902 5272 accepit.
953 5196 1234 5253 Matthaeus
1282 5213 1297 5251 :
1347 5197 1418 5252 Et
1464 5212 1595 5253 cum
1640 5196 1942 5267 gustasset,

341 5290 538 5346 noluit
584 5287 788 5345 bibere.
846 5284 1056 5342 Iudicat
1108 5285 1390 5341 Matthaeus
1450 5282 1597 5356 quod
1641 5297 1743 5354 pro
1788 5279 1948 5337 nobis

341 5375 773 5434 amaritudinem
791 5375 984 5433 mortis
1015 5373 1331 5447 gustaverit,
1354 5372 1453 5429 sed
1482 5371 1571 5429 die
1586 5370 1747 5428 tertia
1774 5384 1952 5449 resur-

348 5465 513 5521 rexit.
1065 5472 1074 5482 '

2037 4471 2257 4543 signant
2285 4486 2384 4526 eos
2412 4470 2505 4543 qui
2532 4469 2642 4526 ﬁde
2662 4476 2715 4526 et
2734 4468 3079 4526 confessione
3098 4469 3320 4540 Christi,
3342 4468 3431 4526 vel
3451 4485 3634 4544 agone

2038 4559 2122 4615 sui
2146 4558 2414 4631 martyrii,
2446 4556 2536 4614 vel
2563 4555 2860 4630 quamlibet
2877 4564 3083 4614 arctam
3104 4556 3492 4614 continentiam
3510 4556 3636 4613 sub-

2038 4655 2185 4704 eunt.
2234 4648 2306 4703 Et
2352 4646 2445 4718 qui
2471 4646 2580 4701 hoc
2608 4660 2710 4716 pro
2753 4653 2960 4701 aeterna
2988 4644 3167 4718 gloria
3196 4652 3423 4719 gerunt,
3455 4645 3632 4703 dextri

2036 4735 2266 4792 latronis
2293 4734 2489 4791 merito
2535 4739 2590 4788 et
2631 4733 2739 4788 ﬁde
2794 4732 3098 4806 signantur.
3133 4732 3239 4803 Qui
3292 4740 3476 4791 autem
3531 4751 3634 4808 pro

2037 4824 2276 4880 humana
2302 4821 2483 4897 gloria
2506 4820 2598 4877 vel
2626 4819 2869 4893 qualibet
2897 4820 3078 4877 minus
3095 4820 3265 4894 digna
3307 4821 3630 4895 intentione,

2040 4911 2246 4969 sinistri
2271 4910 2497 4968 latronis
2524 4916 2765 4966 mentem
2792 4908 3035 4966 imitatur
3064 4916 3118 4966 et
3146 4918 3319 4968 actus.

2104 5028 2314 5103 (Ηιεει.)
2326 5026 2462 5084 Cum
2478 5024 2681 5098 iniquis
2697 5024 2898 5082 veritas
2916 5024 3177 5097 deputata
3190 5040 3359 5083 unum
3376 5025 3636 5099 relinquit

2043 5117 2342 5187 sinistrum,
2376 5115 2610 5171 alterum
2655 5113 2882 5170 assumit
2924 5112 3217 5182 dextrum;
3249 5112 3332 5171 sic
3366 5113 3533 5172 faciet
3576 5116 3635 5172 in

2044 5206 2134 5263 die
2156 5204 2368 5276 judicii,
2400 5220 2468 5261 ex
2498 5202 2664 5259 simili
2720 5201 2951 5260 crimine
3005 5200 3301 5261 dissimiles
3331 5203 3633 5260 sortiuntur

2046 5294 2185 5351 vias.
2243 5293 2397 5350 Alter
2454 5290 2719 5364 praecedit
2747 5291 2971 5347 Petrum
3027 5290 3087 5347 in
3124 5290 3463 5363 paradisum,
3495 5292 3635 5349 alter

2045 5383 2243 5439 Judam
2298 5381 2356 5438 in
2409 5378 2706 5437 infernum.
2771 5378 3059 5437 Confessio
3116 5378 3303 5438 brevis
3355 5380 3523 5437 vitam
3545 5394 3637 5435 ac-

2050 5471 2214 5545 quirit
2249 5469 2492 5543 longam,
2532 5476 2588 5527 et
2622 5464 2967 5541 blasphemia
2999 5466 3155 5524 ﬁnita
3184 5482 3351 5542 pana
3383 5464 3640 5540 plectitur

419 5572 602 5631 Vnus.
630 5570 724 5631 2L
756 5599 827 5614 —
855 5571 930 5628 Et
953 5567 1346 5649 cruciﬁgentes
1393 5582 1542 5628 eum.
1593 5561 1805 5637 (Hum)
1853 5561 1955 5623 Hic
2051 5567 2275 5619 aeterna.
2338 5557 2441 5617 Hic
2512 5556 2697 5631 pullus
2768 5552 2922 5614 Iudae
3000 5554 3202 5631 ligatur
3284 5552 3356 5611 ad
3426 5551 3647 5626 vitem,
