4006 6178
384 284 490 339 239

919 278 1321 334 WALAFRIDI
1349 273 1592 333 STRABI
1622 276 1823 332 FULD.
1848 274 2019 330 MON.
2050 273 2204 331 OPP.
2235 275 2410 332 PARS
2440 275 2481 358 Il.
2501 304 2570 317 —
2596 274 3065 332 THEOLOGICA.

3566 276 3672 330 240

389 404 725 483 ἀναϐὸλαιον,
744 411 798 465 id
830 419 931 480 est,
953 409 1178 481 pallium
1206 408 1432 482 tingitur
1460 409 1517 463 in
1545 407 1812 481 sanguine
1842 423 1959 464 uvae

2086 418 2234 473 Deus
2265 416 2425 488 (Ibid.
2457 417 2590 489 va),
2640 422 2695 473 et
2722 419 2785 472 in
2814 419 2988 485 omni,
3030 425 3133 472 etc.
3160 434 3175 482 ;
3209 423 3262 471 et
3290 414 3345 469 in
3364 413 3673 487 Evangelio

385 500 476 559 hic
502 501 745 558 lacerant
772 498 915 554 haedi
933 498 1166 553 vineam.

458 589 631 644 Vnus.
655 591 745 646 29.
778 617 847 628 -
877 588 918 642 Α
950 587 1227 643 Moventes
1250 587 1457 657 capita.
1482 582 1988 656 (Huzn.)Emittitur

378 692 530 734 mors
558 676 869 748 iniquorum
919 674 1139 745 quando
1200 673 1515 729 excitantur
1541 672 1760 728 vincula
1788 671 1987 726 inferni

382 780 558 837 usque
587 763 659 819 ad
689 762 980 832 cervicem,
1015 777 1135 833 qua;
1165 768 1249 817 est
1279 760 1463 817 cervix
1484 759 1707 815 humani
1736 759 1980 832 generis.

451 879 623 936 Vnus.
658 881 745 933 31.
768 877 1008 935 —Alios
1038 877 1239 933 salvos.
1282 875 1493 947 (Hmn.)
1523 874 1703 930 Etiam
1734 874 1985 929 nolentes

382 967 709 1026 conﬁtentur
766 964 912 1038 quod
967 965 1105 1021 alios
1161 963 1288 1019 fecit
1326 963 1541 1033 salvos,
1576 970 1628 1017 et
1656 978 1715 1017 se
1760 962 1987 1034 propria

380 1056 643 1113 damnant
671 1052 959 1119 sententia,
993 1051 1119 1124 quia
1148 1052 1284 1108 alios
1325 1051 1505 1109 salvos
1551 1049 1680 1106 fecit
1724 1057 1778 1106 et
1822 1067 1882 1106 se
1938 1048 1984 1105 si

380 1144 545 1203 vellet
582 1142 798 1199 salvare
831 1147 1064 1213 poterat.

448 1259 620 1314 Vnus.
646 1262 733 1315 32.
756 1287 827 1298 —
845 1256 1157 1313 Descendat
1175 1271 1350 1311 nunc.
1378 1253 1505 1308 Plus
1525 1260 1609 1309 est
1638 1252 1708 1309 de
1728 1252 1983 1323 sepulcro

379 1362 631 1420 surgere,
664 1354 718 1401 et
744 1352 925 1400 tamen
971 1359 1081 1398 non
1130 1342 1504 1399 crediderunt.
1551 1342 1620 1396 Hi
1647 1357 1841 1397 omnes
1888 1340 1983 1397 de-

376 1435 758 1499 clinaverunt,
786 1433 962 1488 simul
991 1432 1230 1487 inutiles
1260 1432 1407 1502 [acti
1436 1433 1577 1485 sunt
1605 1428 1781 1501 (Psal.
1830 1429 1983 1500 xm).

443 1524 516 1578 Et
544 1523 797 1595 quicum
826 1536 906 1576 eo.
949 1518 1169 1591 (BEDA.)
1223 1517 1534 1574 Secundum
1572 1517 1777 1574 Lucam
1823 1516 1978 1588 (Luc.

376 1609 545 1681 xxm)
595 1625 734 1664 unus
780 1608 919 1663 latro
975 1606 1390 1677 blasphemabat
1435 1605 1631 1661 dicens
1665 1624 1678 1660 :
1711 1606 1770 1662 Si
1812 1609 1878 1660 tu
1924 1620 1982 1660 es

2082 504 2233 575 prius
2267 522 2280 559 :
2312 506 2378 560 In
2403 505 2553 561 viam
2568 507 2824 577 gentium
2843 521 2915 561 ne
2935 504 3189 561 abieritis
3211 503 3435 574 (Matth.
3465 501 3584 574 x).;
3617 508 3672 557 et

2082 601 2209 664 post
2236 591 2550 664 passionem
2586 611 2600 647 :
2633 595 2734 663 Ite,
2767 598 2824 650 et
2855 593 3046 650 docete
3075 607 3269 649 omnes
3297 594 3492 664 gentes
3513 590 3671 661 (Ibid.

2084 681 2311 753 xxvm).

2154 770 2328 825 Vnus.
2353 773 2440 825 39.
2464 800 2533 811 —
2560 770 2758 827 Videns
2777 773 2988 838 autem,
3014 775 3118 824 etc.
3150 766 3468 823 Ostenditur
3496 780 3665 838 quare

2082 858 2325 913 centurio
2354 858 2599 928 miratur,
2631 858 2760 930 quia
2789 857 2921 912 vidit
2949 872 3072 912 eum
3113 855 3194 912 sic
3241 854 3568 927 exspirasse,
3618 853 3677 910 id

2083 952 2193 1001 est‘
2214 946 2461 1018 spiritum
2510 946 2779 1002 emisisse.
2810 945 3006 1000 Nullus
3044 944 3188 999 enim
3217 944 3382 999 habet
3426 950 3673 1014 potesta-

2082 1041 2191 1089 tem
2220 1034 2497 1090 emittendi
2528 1034 2794 1105 spiritum,
2826 1033 2932 1088 nisi
2958 1033 3200 1089 concitor
3228 1031 3581 1088 animarum.“

2160 1124 2308 1189 Vere,
2343 1131 2445 1179 etc.
2479 1123 2690 1195 (Ηιιιιι.)
2718 1123 2861 1179 Nota
2887 1122 3032 1194 quod
3070 1120 3314 1177 centurio
3363 1128 3489 1176 ante
3538 1134 3671 1177 cru-

2081 1226 2202 1265 cem
2230 1210 2285 1264 in
2306 1210 2426 1281 ipso
2455 1211 2711 1267 seandalo
2738 1210 3011 1282 passionis
3040 1225 3170 1265 vere
3200 1209 3393 1265 Filium
3426 1208 3527 1264 Dei
3545 1224 3671 1265 con-

2082 1297 2264 1354 ﬁtetur
2296 1316 2310 1353 :
2344 1306 2397 1354 et
2423 1299 2604 1369 Arius,
2637 1306 2766 1365 etc.,
2801 1314 2975 1371 usque
3002 1298 3076 1354 ad
3105 1306 3159 1354 et
3187 1313 3316 1355 vere
3347 1296 3539 1353 Filium
3567 1295 3670 1352 Dei

2084 1396 2377 1468 Synagoga
2404 1403 2617 1451 tacente
2654 1393 2959 1451 continuat.

2152 1502 2322 1556 Vnus.
2354 1502 2443 1556 40.
2475 1531 2546 1541 -
2572 1503 2756 1557 Erant
2774 1504 2987 1557 autem.
3021 1499 3152 1571 (ln.)
3174 1498 3324 1556 Sicut
3351 1514 3463 1556 non
3481 1480 3666 1557 exclu-

2081 1588 2225 1644 ditur
2252 1588 2533 1645 muliebris
2562 1605 2726 1645 sexus
2772 1603 2807 1643 a
2843 1587 3019 1644 salute
3066 1604 3168 1659 per
3214 1587 3441 1643 Mariam
3479 1586 3670 1661 Virgi-

379 1675 657 1763 Christus,
691 1697 914 1753 salvum
942 1698 1036 1767 fac
1068 1675 1122 1751 te
1171 1698 1229 1750 et
1262 1711 1384 1750 nos.
1436 1694 1611 1761 Alter,
1646 1700 1775 1763 etc.,
1807 1708 1959 1765 usqw

2081 1693 2207 1732 nem
2240 1695 2254 1732 :
2285 1678 2360 1733 ita
2388 1694 2498 1733 non
2528 1676 2808 1748 repellitur
2834 1693 2865 1731 a
2894 1675 3152 1748 mysterio
3199 1676 3380 1733 crucis
3427 1675 3669 1733 scientiae

371 1784 444 1842 ad
492 1784 584 1857 qui
631 1758 875 1842 caelestia
918 1758 1129 1854 petunt,
1180 1780 1252 1837 ad
1296 1796 1363 1838 ea
1410 1781 1528 1838 sine
1558 1758 1724 1837 dubio
1754 1758 1959 1837 Christc

2076 1773 2126 1822 et
2152 1765 2567 1822 resurrectionis
2587 1782 2686 1837 per
2713 1765 2929 1821 viduam
2957 1764 3184 1820 Mariam
3210 1763 3592 1837 Magdalenam
3612 1771 3669 1821 et

372 1873 649 1929 mediante
680 1880 733 1928 et
763 1871 1061 1926 miserante
1090 1870 1438 1941 perveniunt.

439 1971 609 2026 Vnus.
636 1974 723 2025 33.
756 1998 827 2010 —
856 1971 928 2025 Et
947 1972 1105 2041 facta
1135 1969 1273 2024 hora
1304 1972 1489 2024 sexta.
1525 1966 1747 2038 (ΒΕυΑ.)
1773 1967 1975 2024 Notan-

369 2057 500 2114 dum
531 2059 677 2129 quod
706 2059 842 2113 hora
872 2064 1041 2127 sexta,
1075 2056 1131 2111 id
1160 2063 1243 2111 est
1271 2056 1387 2111 sole
1416 2070 1707 2111 recessuro
1726 2070 1758 2109 a
1779 2062 1968 2111 centro

368 2147 575 2215 mundi,
608 2144 898 2202 cruciﬁxus
926 2145 1013 2211 sit,
1048 2153 1102 2199 et
1131 2144 1371 2213 diliculo,
1405 2142 1617 2199 oriente
1647 2144 1762 2199 sole
1783 2160 1961 2198 resur-

366 2234 526 2301 rexit,
551 2242 681 2303 etc.,
714 2250 886 2307 usque
916 2234 988 2289 ad
1017 2241 1072 2287 et
1118 2247 1226 2303 qua
1243 2232 1380 2287 hora
1406 2232 1616 2303 primus
1645 2232 1818 2286 Adam
1845 2245 1970 2302 pec-

2075 1861 2298 1910 caateras
2326 1861 2549 1909 matres.

2141 1942 2329 1999 Jacobi
2356 1944 2596 2000 minoris
2624 1945 2682 1999 et
2708 1940 2926 2013 Ioseph.
2959 1939 3182 2012 (BEDA.)
3213 1940 3478 1997 Minorem
3507 1941 3665 1998 Jaco-

2071 2030 2200 2086 bum
2230 2030 2359 2086 dicit
2386 2031 2645 2087 Iacobum
2674 2028 2890 2101 Alphei,
2922 2028 3015 2100 qui
3044 2037 3099 2084 et
3126 2028 3296 2085 frater
3322 2029 3561 2097 Domini,
3595 2045 3663 2086 eo

2070 2120 2217 2190 quod
2246 2126 2390 2174 esset
2418 2117 2560 2173 ﬁlius
2589 2118 2775 2174 Mariae
2810 2123 3116 2172 matertera
3162 2117 3398 2174 Domini.
3430 2118 3511 2173 De
3553 2133 3663 2190 qua

2065 2208 2306 2262 Joannes
2340 2222 2352 2262 :
2385 2208 2623 2263 Stabant
2654 2210 2851 2263 autem
2871 2207 3051 2278 juxta
3069 2222 3297 2263 crucem
3314 2209 3444 2264 Iesu
3472 2210 3664 2262 mater

364 2323 539 2378 cando
569 2323 773 2377 mundo
789 2293 1035 2377 ‘mortem
1066 2320 1262 2391 intulit,
1297 2320 1490 2375 eadem
1517 2322 1652 2375 hora
1690 2320 1959 2376 secundus

2076 2297 2186 2367 ejus
2217 2296 2401 2365 (Ioan.
2432 2296 2578 2366 χιχ),
2612 2300 2720 2351 etc.
2754 2293 3010 2365 Cleophis
3036 2293 3250 2351 videtur
3276 2310 3398 2352 eam
3426 2294 3607 2351 dicere
3628 2309 3659 2348 a

364 2410 539 2466 Adam
568 2417 801 2466 mortem
828 2408 1115 2465 moriendo
1154 2408 1482 2464 destrueret.

438 2499 711 2555 Tenebrae.
772 2498 983 2570 (Ηιειι.)
1042 2497 1141 2554 Hic
1186 2496 1341 2552 adest
1386 2497 1505 2551 Noe
1549 2494 1850 2551 inebriatus
1895 2509 1960 2552 ac

358 2586 589 2642 nudatus
636 2587 777 2642 ccelo
820 2602 886 2643 ac
914 2593 1065 2642 terra
1112 2585 1331 2641 ebrioso
1376 2584 1540 2656 pallio
1572 2591 1768 2651 tectus,
1801 2591 1856 2640 et
1886 2584 1957 2639 ab

358 2675 577 2731 homine
605 2675 800 2730 irrisus
827 2674 918 2730 hic
947 2673 1168 2729 stillavit
1196 2672 1265 2728 de
1296 2672 1445 2745 ligno
1493 2672 1739 2745 sanguis.

429 2773 601 2828 Vnus.
635 2775 721 2827 35.
754 2801 824 2812 —
852 2773 923 2826 Et
958 2771 1202 2844 quidam,
1237 2777 1342 2825 etc.
1374 2770 1499 2825 Non
1525 2784 1736 2825 omnes.
1771 2767 1954 2823 Forsi‘

357 2868 452 2916 tan
479 2859 680 2914 milites
727 2858 956 2915 Romani
1003 2874 1113 2913 non
1154 2857 1520 2929 intelligentes
1561 2856 1952 2927 pr0prietatem

358 2948 576 3004 Hebraei
606 2946 894 3013 sermonis,
928 2962 993 3001 ex
1024 2962 1090 3001 eo
1131 2945 1277 3017 quod
1324 2945 1520 3000 dicitur
1546 2944 1687 3012 Eloi,
1719 2952 1949 3015 putave-

358 3044 484 3091 runt
512 3035 690 3092 Eliam
718 3035 788 3089 ab
817 3050 883 3089 eo
913 3033 1117 3090 vocari.
1153 3033 1252 3088 Vel
1280 3033 1453 3088 Judaei
1500 3032 1660 3088 solito
1689 3032 1792 3087 sibi
1822 3048 1946 3088 ser-

1992 2388 1995 2397 '
2062 2391 2212 2454 patre
2240 2383 2327 2440 vel
2356 2399 2390 2439 a
2429 2384 2776 2456 cognatione.

2133 2472 2303 2527 Vens.
2337 2472 2424 2529 42.
2461 2502 2531 2513 -
2560 2474 2632 2527 Et
2660 2490 2793 2529 cum
2813 2476 2941 2546 jam
2984 2489 3108 2531 sero
3156 2477 3321 2541 esset,
3374 2479 3478 2528 etc.
3526 2470 3658 2543 (In.)

2055 2560 2378 2643 Παρασκευὴ
2410 2570 2617 2637 Graece,
2661 2569 2975 2643 preparatio
3014 2570 3222 2626 Latine.
3274 2570 3391 2626 Hoc
3440 2569 3662 2626 nomine

2054 2659 2227 2714 Judaei
2254 2659 2394 2715 inter
2423 2658 2644 2714 Graecos
2672 2666 2952 2714 morantes
2981 2667 3192 2714 sextam
3223 2657 3438 2713 sabbati
3460 2657 3656 2729 appel-

2052 2746 2261 2815 labant,
2284 2747 2409 2819 quia
2423 2747 2479 2802 in
2500 2761 2566 2801 eo
2592 2762 2716 2817 quas
2744 2746 2973 2802 sabbato
3001 2754 3157 2803 erant
3174 2745 3491 2802 necessaria
3518 2762 3654 2817 prae-

2053 2836 2320 2907 parabant
2352 2834 2649 2890 secundum
2680 2834 2846 2906 quod,
2880 2843 3008 2902 etc.,
3041 2851 3213 2908 usque
3242 2834 3313 2890 ad
3346 2834 3524 2890 donec
3552 2848 3654 2890 oc-

2051 2930 2177 2979 tava
2204 2923 2454 2979 veniente
2499 2930 2652 2978 aetate
2697 2929 2750 2977 et
2797 2923 2918 2994 ipsa
2967 2938 3203 2994 corpora
3250 2922 3648 2978 resurrectione

2048 3009 2351 3085 glorificata
2379 3026 2501 3067 cum
2524 3010 2811 3066 animabus
2832 3010 2994 3066 simul
3016 3011 3482 3083 incorruptionem
3503 3018 3659 3068 aster-

356 3139 520 3180 mone
549 3124 719 3180 verba
748 3122 965 3178 Domini
996 3122 1381 3192 depravantes,
1415 3120 1800 3177 imbecillitatis
1820 3120 1959 3177 infa-

2076 3116 2146 3156 iaa
2173 3099 2501 3155 haereditatis
2541 3099 2833 3171 accipiant.

352 3212 574 3267 mabant
601 3228 727 3267 eum
755 3210 903 3283 quod
931 3210 1066 3265 Elite
1096 3218 1318 3266 vocaret
1359 3209 1639 3265 auxilium.

424 3310 596 3364 Vnus.
646 3313 734 3364 36.
770 3337 840 3349 —
882 3309 1128 3364 Currens
1156 3311 1367 3375 autem,
1402 3315 1507 3363 etc.
1541 3307 1764 3379 (BEDA.)
1791 3309 1956 3363 Joan-

357 3414 457 3454 nes
494 3397 709 3469 plenius
757 3397 889 3453 dicit
935 3416 948 3452 :
994 3400 1195 3453 Postea
1224 3400 1407 3454 sciens
1436 3399 1615 3463 Iesus,
1649 3405 1754 3453 etc.
1787 3396 1957 3466 Quasi

355 3486 471 3542 Hoc
491 3485 672 3540 minus
689 3484 913 3555 fecistis,
933 3485 1059 3540 date
1081 3484 1227 3557 quod
1245 3485 1395 3541 estis.
1419 3486 1595 3540 Erant
1614 3484 1781 3551 enim,
1804 3492 1891 3540 etc
1913 3526 1951 3552 .,

356 3586 528 3647 usque
559 3575 631 3630 ad
659 3574 729 3629 de
758 3589 867 3644 quo
901 3591 915 3628 :
944 3575 1216 3630 Dominus
1271 3574 1556 3645 plantavit
1584 3574 1809 3629 vineam
1860 3574 1955 3629 So-

354 3663 483 3718 reth
515 3678 529 3716 :
562 3664 619 3718 et
658 3661 922 3734 quomodo
979 3678 1247 3718 conversa
1301 3678 1359 3718 es
1414 3664 1477 3717 in
1505 3662 1954 3718 amaritudinem

357 3750 490 3804 vitis
519 3750 725 3805 aliena:
756 3767 770 3804 :
802 3752 859 3805 et
889 3744 1211 3822 exspectavi
1246 3754 1314 3806 ut
1342 3752 1561 3821 faceres
1590 3766 1746 3817 uvas,
1782 3754 1839 3807 et
1867 3752 1953 3821 fe-

350 3837 483 3894 cisti
539 3839 752 3910 spinas.
786 3839 917 3909 (Isa.
952 3840 1032 3910 v).

435 3952 608 4009 Vnus.
634 3953 723 4008 37.
755 3982 824 3993 —
868 3955 1027 4009 Iesus
1047 3958 1260 4023 autem,
1301 3961 1412 4008 etc.
1447 3952 1668 4023 (BEDA.)
1699 3949 1841 4019 Quid
1897 3950 1952 4005 di

350 4040 490 4097 xerit
518 4042 689 4096 Lucas
719 4039 893 4111 aperit
919 4044 1140 4107 :Pater,
1163 4043 1226 4097 in
1246 4057 1451 4096 manus
1481 4044 1610 4095 tuas
1626 4038 1950 4095 commendo

350 4131 619 4202 spiritum
675 4146 904 4196 meum;
937 4133 993 4184 et
1040 4130 1139 4185 hoc
1196 4128 1388 4183 dicens
1417 4128 1728 4199 exspiravit
1784 4127 1942 4196 (Luc.

350 4217 539 4281 xxm).
572 4215 731 4286 Quod
759 4225 939 4272 autem
973 4215 1099 4270 dicit
1125 4216 1361 4269 Joannes
1404 4231 1416 4269 :
1452 4216 1590 4270 Cum
1644 4216 1949 4286 accepisset

353 4309 599 4373 acetum,
646 4307 845 4361 dixit:
895 4304 1360 4359 Consummatum
1402 4306 1487 4357 est
1520 4318 1532 4357 :
1565 4306 1623 4358 et
1668 4303 1949 4359 inclinato

353 4396 537 4466 capite
587 4392 825 4449 tradidit
877 4391 1147 4461 spiritum
1193 4390 1378 4459 (Ioan.
1432 4390 1579 4459 χιχ).
1638 4390 1785 4444 Inter
1842 4391 1947 4446 hoc

352 4482 495 4553 quod
525 4481 599 4536 ait
630 4498 644 4536 :
679 4470 1141 4536 Consummatum
1189 4482 1293 4543 est,
1355 4485 1407 4533 et
1444 4477 1577 4532 illud
1609 4495 1622 4532 :
1663 4478 1943 4536 inclinato

351 4572 536 4643 capite
565 4568 756 4625 emisit
784 4568 1069 4639 spiritum,
1104 4565 1302 4621 emissa
1334 4573 1416 4621 est
1443 4581 1549 4621 vox
1579 4565 1674 4620 illa
1728 4582 1945 4639 magna,

353 4673 514 4730 quam
532 4656 767 4711 Joannes
789 4661 943 4721 tacet,
969 4654 1150 4711 czeteri
1166 4661 1596 4711 commemorant
1620 4672 1633 4709 :
1656 4655 1721 4710 In
1742 4670 1946 4710 manus

351 4747 498 4811 tuas,
533 4750 637 4800 etc.

421 4830 657 4905 (Ηιιιιι).)
686 4830 957 4885 Infirmata
987 4830 1186 4886 etenim
1222 4845 1389 4886 carne
1417 4846 1543 4885 mox
1572 4830 1744 4886 virtus
1763 4828 1947 4885 divina

351 4919 577 4977 invaluit
631 4934 751 4990 qua:
800 4917 974 4974 dicit:
1005 4916 1233 4990 Aperite
1290 4920 1433 4975 mihi
1483 4922 1679 4991 portas
1697 4919 1944 4991 justitiaz

352 5007 530 5079 (Psal.
560 5007 776 5073 cxvm),
810 5014 914 5061 etc.
946 5005 1061 5060 Nos
1117 5013 1299 5061 autem
1342 5021 1464 5061 cum
1519 5006 1684 5075 nulla,
1716 5006 1805 5062 vel
1833 5019 1944 5061 una

2127 3206 2297 3262 Vnus.
2331 3206 2418 3262 43.
2451 3235 2521 3245 -—
2557 3206 2713 3261 Venit
2742 3206 2962 3277 Ioseph.
3006 3204 3220 3277 (Ηιεη.)
3250 3204 3455 3275 Ioseph
3501 3202 3652 3259 venit

2056 3309 2181 3349 sero
2212 3309 2509 3365 parasceve
2538 3293 2608 3348 ab
2641 3293 2960 3360 Arimathia,
2994 3310 3114 3365 quae
3144 3293 3525 3364 interpretatur
3562 3290 3651 3348 de-

2050 3397 2285 3455 ponens,
2320 3381 2389 3436 ad
2419 3381 2802 3452 deponendum
2832 3396 3033 3451 corpus
3064 3380 3285 3445 Christi,
3318 3387 3446 3447 etc.,
3470 3393 3645 3452 usque

2054 3470 2127 3525 ad
2156 3469 2545 3542 aspicientibus
2572 3485 2603 3523 a
2632 3469 2797 3542 longe
2826 3468 3014 3525 electis
3042 3469 3134 3540 qui
3165 3475 3289 3523 sunt
3319 3467 3488 3523 stellae
3530 3482 3646 3522 ma-

2054 3557 2151 3625 ris,
2186 3558 2425 3630 quando,
2460 3558 2507 3613 si
2534 3556 2652 3614 fieri
2679 3564 2879 3629 potest,
2932 3555 3441 3614 scandalizabuntur
3484 3554 3644 3612 etiam

2054 3646 2232 3703 electi.

2123 3736 2294 3792 Vnus.
2333 3736 2417 3790 46.
2452 3766 2521 3777 -
2546 3735 2746 3808 Ioseph
2773 3740 2984 3801 autem,
3021 3742 3125 3790 etc.
3160 3733 3382 3807 (BEDA.)
3409 3732 3492 3789 Ex
3522 3732 3645 3788 sim-

2051 3824 2179 3896 plici
2205 3824 2480 3895 sepultura
2510 3823 2747 3890 Domini,
2779 3822 3001 3879 ambitio
3030 3821 3257 3877 divitum
3303 3822 3642 3878 condemna-

2051 3920 2153 3981 tur,
2190 3912 2282 3983 qui
2309 3928 2410 3968 nec
2438 3911 2494 3966 in
2522 3910 2760 3979 tumulis,
2795 3918 2924 3977 etc.,
2959 3927 3131 3984 usque
3162 3910 3399 3967 adlineo
3419 3919 3643 3967 terreno

2049 4000 2308 4070 celebrat,
2355 3999 2493 4056 sicut
2537 4014 2734 4071 corpus
2780 3998 2999 4055 Domini
3043 3999 3098 4053 in
3148 3998 3394 4070 syndone
3439 3999 3642 4055 munda

2051 4089 2319 4159 sepultum
2347 4095 2429 4143 est
2457 4107 2476 4143 :
2508 4087 2586 4143 sic
2615 4103 2648 4141 a
2676 4102 2821 4159 papa
2851 4087 3132 4158 Sylvestro
3173 4095 3433 4142 statutum
3461 4094 3564 4143 est.

2123 4177 2273 4243 Quod
2302 4180 2427 4231 erat
2456 4177 2732 4231 excisum.
2765 4176 2987 4246 (ΒευΑ.)
3027 4174 3235 4231 Dicitur
3263 4176 3410 4248 quod
3438 4191 3638 4231 monu-

2046 4272 2289 4318 mentum
2317 4263 2535 4319 Domini
2564 4263 2759 4318 domus
2788 4263 3024 4318 rotunda
3060 4262 3157 4318 fuit
3204 4264 3273 4319 de
3322 4264 3640 4333 subjacente

2048 4368 2183 4422 rupe
2215 4352 2396 4407 excisa
2424 4358 2584 4406 tanta:
2613 4350 2911 4406 altitudinis
2940 4358 2999 4407 ut
3028 4352 3191 4407 homo
3221 4359 3405 4408 rectus
3433 4351 3638 4407 consiso

1967 4471 2019 4531 D
2048 4448 2167 4495 tens
2195 4440 2284 4496 vix
2310 4448 2528 4496 extenta
2555 4455 2721 4495 manu
2750 4440 2968 4497 culmen
3010 4440 3183 4511 possit
3227 4440 3516 4513 attingere.
3566 4441 3639 4496 Et

2047 4528 2211 4584 habet
2237 4528 2534 4596 introitum,
2567 4536 2697 4599 etc.,
2729 4545 2905 4602 usque
2933 4529 3004 4584 ad
3035 4528 3187 4585 color
3214 4536 3397 4585 autem
3432 4543 3634 4585 monu-

2047 4617 2215 4672 menti
2245 4625 2300 4673 et
2329 4617 2496 4701 loculi
2511 4617 2637 4673 albo
2658 4625 2713 4673 et
2741 4617 2915 4672 rubeo
2940 4616 3141 4673 dicitur
3168 4633 3293 4673 esse
3309 4617 3630 4689 permistus.

2117 4723 2287 4778 Vnus.
2320 4724 2410 4779 47.
2440 4753 2510 4764 -
2536 4724 2715 4779 Maria
2732 4727 2944 4791 autem,
2978 4729 3083 4779 etc.
3107 4722 3431 4794 (In.)Lucas
3458 4722 3630 4780 dicit:

2047 4811 2188 4879 Quia
2216 4813 2477 4868 astabant
2498 4826 2688 4868 omnes
2704 4812 2825 4867 noti
2853 4813 2974 4882 ejus
3003 4827 3040 4866 a
3066 4812 3241 4883 longe,
3274 4815 3333 4867 et
3359 4812 3632 4869 mulieres

2043 4915 2165 4971 quae
2178 4903 2386 4956 secutw
2398 4902 2631 4970 fuerant
2652 4914 2782 4955 eum
2801 4898 2958 4969 (Luc.
2983 4898 3170 4970 χχιιι).
3196 4899 3305 4955 Sed
3324 4898 3445 4954 aliis
3465 4899 3631 4970 depo-

2043 4986 2145 5042 sito
2166 5002 2398 5058 corpore
2418 4987 2535 5057 ejus
2554 4986 2624 5041 ad
2645 5001 2745 5041 sua
2772 4986 3161 5054 remeantibus,
3183 4986 3314 5043 solae
3341 4986 3627 5054 mulieres,

350 5068 485 5153 voce
528 5068 797 5151 morimur
823 5092 917 5165 qui
962 5093 1031 5148 de
1059 5100 1207 5149 terra
1251 5110 1477 5161 sumus;
1508 5094 1601 5149 ille
1644 5068 1789 5149 enim
1817 5109 1941 5151 cum
2042 5073 2561 5147 etc.,usqueadetsi
2572 5073 2711 5129 forte
2722 5074 2942 5130 valeant
2960 5068 3160 5130 imitari
3179 5074 3269 5147 pia
3287 5074 3623 5147 curiositate,

348 5177 587 5235 exaltata
612 5192 747 5235 voce
776 5176 1067 5249 exspiravit
1097 5177 1189 5249 qui
1215 5176 1284 5233 de
1314 5178 1455 5237 ccelo
1480 5177 1786 5233 descendit.

416 5292 588 5349 Vnus.
604 5295 691 5348 38.
705 5293 857 5348 —Et
876 5292 1062 5348 velum
1078 5291 1295 5364 templi.
1314 5292 1381 5347 Ut
1396 5305 1584 5347 arcam
1603 5291 1933 5360 testamenti,

345 5387 400 5437 et
437 5379 618 5437 omnia
663 5379 804 5452 legis
850 5386 1192 5436 sacramenta
1238 5395 1359 5450 qua:
1405 5380 1735 5452 tegebantur
1769 5395 1935 5452 appa-

341 5475 515 5539 reant,
547 5475 602 5525 et
654 5468 725 5524 ad
782 5475 975 5541 gentes
1038 5474 1332 5525 transeant.
1380 5469 1519 5523 Ante
1575 5467 1857 5524 dicebatur
1915 5485 1931 5523 :

2040 5178 2149 5235 quo
2176 5163 2369 5219 ordine
2397 5162 2467 5218 sit
2490 5162 2607 5232 ejus
2637 5162 2824 5235 passio
2843 5163 3243 5236 amplectenda,
3260 5163 3623 5236 perpendunt.

2629 5330 2853 5388 CAPUT
2880 5280 3025 5389 XVI.

2105 5468 2275 5526 Vnus.
2309 5473 2360 5526 1.
2384 5500 2455 5512 -
2474 5471 2692 5529 Etcum
2714 5474 3032 5531 transisset.
3061 5472 3281 5543 (Βειιχ.)
3296 5470 3473 5528 Lucas
3490 5470 3624 5526 dicit

340 5559 515 5616 Notus
543 5557 608 5613 in
652 5555 845 5613 Iudwa
900 5558 1073 5623 Deus,
1106 5558 1171 5612 in
1218 5556 1394 5612 Israel
1421 5572 1695 5628 magnum
1722 5571 1932 5614 nomen
2033 5557 2162 5629 quia
2187 5566 2524 5615 revertentes
2553 5575 2588 5615 a
2612 5568 2966 5617 monumento
2994 5567 3325 5631 paraverunt
3369 5565 3619 5616 aromata

337 5648 461 5721 ejus
472 5644 841 5719 (Psal.t.xxv)
860 5658 877 5717 ;
897 5658 1042 5702 nunc
1059 5649 1239 5701 autem
1262 5644 1569 5703 :Exaltare
1586 5646 1930 5717 supercwlos
2030 5653 2086 5703 et
2111 5654 2410 5720 unguenta,
2460 5653 2516 5703 et
2558 5648 2785 5705 sabbato
2829 5647 3115 5718 siluerunt,
3148 5647 3280 5721 quia
3304 5647 3621 5706 mandatum
