4006 6178
366 306 464 362 241

1321 301 1592 360 GLOSSA
1621 301 2030 359 ORDINARIA.
2059 328 2123 342 —
2161 300 2426 358 EVANG.
2456 301 2691 358 MARCI.

3538 303 3645 358 242

367 433 486 484 erat
516 434 574 482 ut
619 393 831 482 sabbati
861 425 1155 494 silentium,
1187 434 1316 492 etc.,
1349 443 1524 500 usque
1553 428 1624 483 ad
1652 427 1954 482 illuminata
1983 428 2041 488 Α
2059 434 2116 481 ut
2144 425 2504 496 intelligamus
2551 425 2680 498 quid
2711 441 2896 480 sumus
2928 432 2982 480 et
3006 424 3284 495 fuerimus,
3336 433 3389 481 et
3418 423 3650 482 sciamus

366 515 507 572 facie
553 515 798 570 decussis
842 514 1096 570 vitiorum
1142 515 1384 569 tenebris
1429 515 1657 571 odorem
1687 516 1956 572 bonorum

363 618 591 675 Operum
621 603 853 658 Domino
883 610 937 658 et
965 603 1272 660 orationum
1302 604 1624 660 suavitatem
1663 603 1882 660 offerre.
1916 640 1920 648 ι

437 709 456 776 (
479 709 637 763 Hmn.
661 710 681 777 )
711 709 868 764 Nunc
897 724 1022 764 cum
1053 708 1390 764 aromatibus
1420 709 1794 765 redolentibus
1832 724 1956 765 cum

360 811 565 868 sponsa
593 803 646 850 et
675 796 1097 852 adolescentulis
1126 805 1372 863 currunt,
1395 805 1520 868 post
1551 813 1672 853 eam
1695 813 1956 868 consper-

359 884 542 958 gimus
561 883 780 950 librum,
805 884 860 938 id
881 892 963 939 est
987 884 1185 952 cubile,
1210 892 1338 951 etc.,
1362 902 1536 958 usque
1558 887 1630 942 ad
1650 893 1703 941 et
1722 885 1955 941 Domino

359 972 417 1028 in
445 987 510 1028 eo
539 987 663 1028 cum
691 972 968 1042 triumpho
998 980 1323 1045 resurgente
1353 981 1405 1028 et
1433 973 1647 1029 dicente
1671 990 1684 1028 :
1709 975 1832 1031 Haec
1871 978 1956 1031 est

359 1061 478 1117 dies
509 1077 680 1133 quam
707 1061 845 1131 fecit
874 1062 1164 1128 Dominus,
1201 1069 1304 1117 etc.
1355 1061 1538 1132 (Psal.
1581 1063 1810 1132 cxvn.).

430 1183 604 1238 Vatis.
638 1187 691 1240 2.
741 1213 811 1224 -—
839 1185 909 1239 Et
938 1185 1098 1240 valde
1142 1200 1330 1240 mane.
1385 1183 1598 1254 (Ηιειι.)
1629 1183 1787 1252 Quod
1815 1183 1956 1239 alius

359 1271 490 1327 dicit
519 1271 780 1327 diluculo.
836 1271 1126 1327 Diliculum
1174 1279 1257 1327 est
1303 1272 1446 1327 inter
1491 1272 1749 1328 tenebras
1780 1272 1956 1329 noctis

359 1381 412 1428 et
437 1373 550 1428 diei
579 1372 884 1428 claritatem
913 1373 969 1426 in
1000 1388 1106 1444 qua
1136 1373 1284 1428 salus
1314 1373 1462 1429 venit
1489 1373 1545 1427 in
1573 1373 1824 1429 Ecclesia
1852 1373 1954 1429 de-

359 1461 623 1517 claranda
644 1475 798 1516 more
820 1461 968 1529 solis,
989 1461 1451 1533 quifconsurgens
1466 1477 1685 1517 roseam
1703 1462 1958 1533 praemitti

357 1564 642 1616 auroram,
675 1557 733 1604 ut
753 1557 934 1604 tantus
965 1550 1224 1620 splendor
1243 1551 1562 1622 praeparatis
1591 1552 1765 1608 oculis
1780 1552 1953 1622 possit

354 1637 556 1703 videri,
588 1653 712 1702 cum
741 1645 954 1708 tempus
983 1639 1280 1694 Dominicae
1328 1640 1746 1695 resurrectionis
1782 1639 1956 1695 illuxit

353 1734 410 1780 ut
441 1734 575 1782 tunc
601 1725 795 1782 laudes
823 1725 1024 1782 Christi
1051 1734 1159 1782 tota
1188 1735 1436 1782 cantaret
1463 1728 1696 1782 ecclesia
1733 1736 1954 1784 sancta-

355 1831 478 1869 rum
530 1813 858 1870 feminarum
881 1857 894 1880 ,
941 1815 1160 1887 quando
1202 1815 1368 1871 vitam
1414 1815 1662 1886 prastitit
1694 1823 1745 1871 et
1771 1817 1956 1873 lumen

353 1903 698 1960 credulitatis
726 1902 977 1958 infundit.

422 2018 600 2073 Vsus.
623 2021 676 2072 3.
691 2019 840 2073 —Et
860 2016 1118 2074 dicebant
1137 2017 1208 2073 ad
1226 2018 1487 2074 invicem.
1513 2017 1726 2088 (Hum)
1751 2019 1959 2091 Aquilae

351 2113 767 2178 congregantur
785 2105 855 2160 ad
876 2120 1094 2176 corpus,
1119 2113 1390 2176 martyres
1412 2113 1466 2161 et
1499 2106 1732 2177 apostoli
1764 2107 1960 2162 vident

348 2194 593 2264 lapidem
622 2193 949 2260 revolutum,
985 2193 1075 2266 qui
1103 2201 1185 2248 est
1202 2193 1289 2249 lex
1335 2194 1554 2260 mortis,
1589 2196 1746 2266 quasi
1775 2196 1954 2253 dicat:

355 2283 448 2341 Ubi
478 2286 588 2350 est,
621 2298 792 2350 mors,
824 2283 1055 2338 aculeus
1077 2286 1208 2337 tuus
1238 2282 1301 2352 (Ι
1329 2283 1453 2340 Cor.
1483 2283 1648 2354 xv)?

422 2415 599 2471 Vens.
625 2417 678 2470 4.
703 2445 771 2456 -
790 2416 1120 2471 Revolutum
1143 2415 1406 2488 lapidem.
1427 2415 1648 2488 (BEDA.)
1669 2415 1955 2484 Quomodo

349 2503 486 2575 lapis
508 2519 613 2575 per
634 2503 891 2576 angelum
913 2503 982 2558 sit
1001 2504 1298 2571 revolutus,
1323 2505 1606 2560 Mattlueus
1627 2504 1792 2560 dicit?
1812 2504 1951 2561 Alle-

352 2592 544 2666 gorice
577 2600 791 2659 autem,
825 2591 1018 2662 lapidis
1049 2592 1314 2648 revolutio
1345 2592 1804 2648 resurrectionem
1853 2607 1948 2648 sa-

345 2688 758 2737 cramentorum
779 2680 976 2735 Christi
1000 2698 1120 2753 quae
1136 2680 1405 2736 velamine
1426 2680 1620 2736 litterae
1640 2681 1778 2754 legis
1809 2689 1953 2737 tecta

349 2777 538 2836 erant,
591 2768 844 2823 insinuat.
895 2768 1006 2824 Lex
1054 2767 1254 2824 etenim
1300 2768 1356 2822 in
1402 2767 1584 2840 lapide
1631 2769 1830 2840 scripta
1870 2778 1953 2826 est

352 2859 510 2926 cujus
544 2856 728 2912 ablato
759 2856 1028 2928 tegmine,
1079 2856 1254 2929 gloria
1283 2857 1700 2912 resurrectionis
1729 2865 1949 2913 ostensa

349 2953 460 3013 est,
519 2951 574 3000 et
623 2944 845 2999 abolitio
887 2943 1080 2999 mortis
1109 2944 1371 3016 antiquae,
1405 2951 1459 2999 et
1486 2943 1598 3000 vita
1626 2944 1785 3002 nobis
1815 2962 1946 3018 spe-

345 3033 522 3090 randa
552 3039 822 3105 perpetua
849 3039 962 3088 toto
992 3033 1126 3090 orbe
1155 3033 1320 3106 coepit
1349 3032 1660 3106 praedicari.

414 3157 593 3212 Vens.
618 3159 672 3211 5.
694 3185 765 3197 --
785 3157 1072 3213 Juvenem.
1097 3155 1309 3227 (Ηιειι.)
1333 3156 1457 3211 Non
1485 3172 1692 3225 senem,
1725 3171 1834 3212 non
1863 3156 1944 3211 in-

347 3243 580 3310 fantem,
616 3245 714 3300 sed
728 3245 1030 3314 jucundum
1059 3251 1235 3312 aetate,
1269 3252 1326 3298 ut
1346 3244 1543 3300 dicitur
1565 3262 1579 3300 :
1603 3245 1838 3311 Laetare,
1853 3247 1947 3317 ju-

346 3335 503 3390 venis
534 3334 601 3389 in
632 3333 1012 3390 adolescentia
1043 3336 1144 3388 tua
1172 3332 1393 3402 (Eccle.
1416 3347 1479 3388 χι
1499 3335 1547 3404 ),
1573 3349 1693 3405 quae
1723 3348 1834 3390 non
1862 3341 1946 3390 est

343 3421 431 3478 hic
461 3437 596 3477 vera
629 3421 759 3476 dum
788 3420 942 3477 senio
972 3420 1154 3477 mista.

431 3517 662 3591 (BBDA.)
724 3517 981 3573 Mulieres
1029 3516 1260 3590 angelos
1287 3516 1475 3573 vident
1504 3532 1626 3591 quae
1655 3531 1779 3574 cum
1810 3532 1944 3574 aro-

343 3608 582 3663 matibus
613 3613 899 3674 venerunt,
933 3605 1061 3676 quia
1089 3605 1196 3661 illae
1239 3613 1451 3662 mentes
1498 3621 1765 3677 supernos
1795 3607 1944 3663 cives

343 3695 647 3766 aspiciunt,
681 3709 802 3766 qua:
831 3709 956 3750 cum
985 3693 1274 3749 virtutibus
1319 3693 1390 3750 ad
1418 3695 1594 3752 Deum
1622 3710 1723 3766 per
1757 3702 1946 3751 sancta

340 3783 621 3840 desideria
648 3782 889 3838 veniunt.

414 3894 717 3950 Sedentem
747 3893 811 3948 in
840 3892 1114 3949 dexteris.
1165 3891 1418 3962 (BEDA.)
1464 3892 1547 3948 Ad
1584 3891 1942 3948 meridianam

342 3989 551 4052 partem
572 3980 682 4036 loci
703 3980 876 4048 illius,
902 3980 993 4034 ubi
1014 3977 1249 4051 positum
1273 3979 1465 4048 fuerat,
1508 3988 1611 4037 etc.
1630 4025 1644 4046 ,
1675 3997 1850 4054 usque
1870 3982 1941 4037 ad

338 4071 608 4125 intrantes
638 4069 695 4124 in
723 4077 1135 4125 monumentum
1165 4069 1303 4125 duos
1333 4069 1561 4142 angelos
1605 4069 1681 4126 ibi
1731 4077 1940 4126 stantes

343 4157 697 4213 invenerunt.

406 4272 643 4344 (GBEG.)
671 4271 778 4328 Per
805 4271 1081 4328 sinistram
1111 4271 1217 4327 vita
1247 4286 1616 4344 praesens,per
1644 4271 1931 4330 dexteram

340 4359 447 4416 vita
475 4370 705 4429 mterna,
742 4369 878 4430 etc.,
911 4377 1084 4433 usque
1114 4361 1186 4416 ad
1217 4367 1269 4415 et
1298 4360 1368 4416 ad
1397 4360 1720 4433 angelorum
1749 4377 1939 4419 nume-

339 4467 461 4506 rum
490 4450 788 4506 restituens
818 4448 1058 4505 caelestis
1087 4449 1280 4520 patria
1298 4448 1500 4504 damna
1529 4450 1821 4520 reparavit.

407 4583 582 4637 Vens.
617 4583 760 4637 6.—
797 4582 979 4638 Nolite
1023 4597 1412 4654 expavescere.
1455 4581 1686 4653 (Gal-:6.)
1717 4580 1883 4650 Quasi
1916 4601 1929 4636 :

338 4671 579 4726 Paveant
597 4669 678 4725 illi
699 4670 789 4741 qui
819 4685 928 4725 non
948 4678 1133 4724 amant
1153 4669 1446 4726 adventum
1467 4669 1682 4724 Domini
1718 4669 1803 4726 vel
1850 4687 1934 4727 su-

336 4774 639 4830 pernorum
661 4757 877 4826 civium,
904 4759 996 4830 qui
1016 4758 1158 4814 vitiis
1179 4759 1356 4829 pressi
1377 4759 1444 4814 de
1466 4774 1654 4814 eorum
1676 4759 1933 4816 societate

335 4847 654 4918 desperant.
687 4846 797 4902 Vos
827 4854 1029 4913 autem,
1064 4847 1193 4919 quid
1216 4847 1412 4901 timetis
1435 4863 1555 4918 quae
1570 4855 1783 4903 vestros
1804 4863 1933 4904 con-

335 4936 486 4990 cives
516 4934 714 4991 videtis
734 4934 763 4988 *Ρ
807 4935 964 4991 Unde
1012 4937 1298 4992 Mattheeus
1326 4935 1583 5008 angelum
1611 4935 1931 5008 apparuisse

331 5023 658 5079 describens
687 5023 762 5079 ait
793 5039 806 5078 :
839 5025 1251 5097 Erataspectus
1273 5027 1394 5096 ejus
1422 5025 1571 5080 sicut
1601 5026 1827 5097 fulgur,
1873 5030 1930 5082 et

332 5113 677 5170 vestimenta
706 5115 826 5183 ejus
857 5113 1006 5168 sicut
1038 5113 1148 5168 nix
1179 5113 1398 5184 (Matth.
1432 5114 1662 5184 xxvm).

401 5228 616 5284 Iesum.
651 5224 918 5281 Salutare.
971 5225 1078 5281 Sed
1110 5226 1238 5298 quia
1265 5226 1419 5282 multi
1448 5241 1558 5282 non
1601 5227 1927 5283 substantia-

327 5314 454 5369 liter
476 5314 577 5371 sed
606 5314 972 5384 nuncupative
999 5315 1103 5370 hoc
1131 5315 1348 5369 nomine
1379 5315 1712 5382 dicebantur,
1745 5315 1926 5372 deter-

327 5404 498 5458 minat
543 5418 645 5474 per
690 5402 871 5458 locum
919 5403 1292 5469 Nazarenum,
1343 5411 1398 5459 et
1446 5418 1666 5459 causam
1696 5405 1922 5460 subdit:

329 5491 706 5559 Cruci/imum.
730 5493 908 5562 Atque
928 5491 1079 5546 addit
1104 5507 1115 5546 :
1143 5493 1426 5558 Surrexit,
1447 5508 1563 5549 non
1583 5497 1667 5549 est
1689 5494 1798 5550 hic.
1823 5493 1926 5548 Per

329 5579 682 5649 praesentiam
710 5579 1028 5648 majestatis.
1061 5582 1198 5636 Ecce
1221 5581 1393 5638 locus.
1421 5579 1740 5637 Ostenditur
1783 5596 1926 5638 mor-

325 5668 502 5725 talitas
527 5667 850 5726 mortalibus
879 5669 948 5725 ad
995 5669 1260 5726 actionem
1307 5670 1610 5743 gratiarum
1655 5669 1922 5740 debitam,

1974 1779 2028 1838 B

2057 514 2185 586 quid
2216 514 2432 569 erimus.

2130 642 2296 695 Vens.
2328 642 2379 694 7.
2415 671 2483 681 —
2513 642 2581 695 Et
2613 644 2796 696 Petro.
2832 642 3074 712 (BEDA.)
3104 642 3292 696 Petrus
3321 648 3542 697 vocatur
3580 655 3646 696 ex

2056 728 2292 795 nomine,
2317 745 2387 784 ne
2403 729 2652 800 desperet
2673 745 2738 783 ex
2759 730 3068 800 negatione.
3090 729 3208 783 Nisi
3225 728 3386 794 enim,
3414 737 3539 797 etc.,
3563 745 3654 785 us-

2056 833 2160 889 que
2189 818 2259 888 ad
2289 826 2344 871 ut
2391 817 2594 871 futurus
2625 826 2736 872 erat
2759 826 2945 883 pastor
2991 817 3252 873 Ecclesiae
3284 817 3339 871 in
3368 831 3462 872 sua
3491 817 3646 888 culpa

2055 904 2286 960 disceret
2317 905 2586 976 quomodo
2617 904 2734 958 aliis
2765 905 3009 960 misereri
3053 906 3293 961 deberet.

2128 1003 2196 1056 Et
2228 1004 2412 1057 Petro.
2437 1001 2659 1072 (Hum).
2696 1001 2802 1069 Qui
2829 1018 2887 1056 se
2917 1001 3196 1074 indignum
3228 1001 3550 1072 discipulatu
3578 1001 3654 1056 in-

2056 1088 2214 1154 dicat,
2249 1105 2370 1144 cum
2401 1097 2482 1144 ter
2511 1089 2830 1160 magistrum
2860 1098 3041 1161 negat.
3091 1091 3198 1144 Sed
3244 1098 3462 1161 peccata
3508 1106 3652 1164 prae-

2055 1178 2208 1232 terita
2237 1193 2344 1232 non
2374 1186 2591 1245 nocent,
2617 1178 2828 1249 quando
2859 1194 2966 1233 non
2986 1178 3215 1248 placent.

2127 1286 2402 1340 Praecedit
2429 1286 2560 1339 'vos.
2605 1285 2750 1338 Bene
2792 1284 2860 1338 de
2925 1285 3286 1355 Redemptore
3332 1293 3516 1340 nostro
3562 1284 3650 1341 di-

2054 1372 2231 1428 citur:
2265 1373 2334 1426 de
2382 1372 2601 1427 Galilzea
2652 1388 2884 1444 namque
2933 1372 3326 1443 transmigratio
3374 1373 3509 1428 facta
3561 1373 3650 1427 in-

2055 1468 2390 1531 terpretatur.
2439 1461 2555 1514 Jam
2603 1460 2746 1515 enim
2791 1477 2821 1514 a
2866 1461 3118 1531 passione
3168 1462 3234 1514 ad
3283 1462 3646 1518 resurrectio-

2054 1565 2197 1614 nem,
2232 1565 2262 1602 a
2295 1558 2463 1604 morte
2491 1549 2557 1602 ad
2587 1549 2768 1619 vitam,
2802 1565 2831 1602 a
2863 1566 3021 1619 poena
3051 1550 3120 1603 ad
3142 1549 3368 1622 gloriam
3400 1549 3646 1605 transmi-

2053 1644 2319 1708 graverat.
2351 1638 2418 1690 Et
2452 1638 2591 1691 bene
2618 1646 2741 1708 post
2775 1637 3224 1693 resurrectionem
3271 1638 3322 1692 in
3375 1637 3593 1693 Galilara
3621 1654 3652 1692 a

2057 1725 2333 1796 discipulis
2379 1725 2588 1779 videtur
2612 1769 2624 1789 ,
2677 1725 2803 1796 quia
2846 1726 3251 1781 resurrectionis
3282 1727 3397 1795 ejus
3426 1725 3653 1800 gloriam

2059 1822 2181 1884 post
2225 1813 2332 1867 lazti
2377 1813 2714 1879 videbimus,
2769 1814 2816 1868 si
2865 1814 3026 1869 modo
3074 1830 3103 1868 a
3131 1813 3274 1869 vitiis
3303 1814 3370 1869 ad
3401 1814 3653 1870 virtutum

2061 1901 2432 1957 celsitudinem
2482 1901 2948 1972 transmigremus.
2999 1902 3102 1970 Qui
3156 1919 3286 1975 ergo
3314 1903 3367 1957 in
3399 1903 3650 1975 cepulcro

2059 1989 2354 2056 nuntiatur,
2411 1990 2464 2044 in
2511 1990 2983 2062 transmigratione
3012 1991 3344 2058 ostenditur;
3391 1999 3445 2047 et
3475 1992 3565 2064 qui
3593 1991 3646 2048 in

2058 2077 2469 2134 mortificatione
2499 2079 2674 2134 carnis
2703 2078 3044 2151 agnoscitur,
3097 2078 3150 2134 in
3183 2079 3650 2152 transmigratione

2058 2167 2253 2221 mentis
2282 2167 2510 2222 videtur.

2127 2264 2348 2334 (Βευιι.)
2379 2265 2516 2319 Nota
2543 2264 2686 2335 quod
2716 2265 2926 2320 Marcus
2956 2264 3083 2321 dicit
3107 2281 3118 2320 :
3157 2265 3436 2322 Praecedit
3462 2281 3552 2322 vos
3583 2267 3646 2321 in

2060 2353 2370 2417 Galilaeam,
2403 2360 2503 2408 etc.
2556 2353 2670 2407 Nec
2721 2360 2899 2408 tamen
2949 2353 3022 2408 ibi
3054 2353 3229 2409 visum
3261 2353 3455 2411 retulit.
3503 2355 3644 2410 Mat-

2055 2429 2225 2494 thaeus
2253 2448 2427 2494 autem
2448 2481 2462 2506 ,
2485 2447 2609 2510 etc.,
2648 2456 2822 2513 usque
2854 2442 2925 2496 ad
2956 2441 3091 2496 sicut
3121 2441 3174 2496 in
3215 2442 3303 2495 illa
3341 2441 3644 2498 aeternitate

2053 2537 2442 2599 cognoscatur,
2495 2544 2600 2599 quo
2650 2536 2702 2583 et
2746 2544 2846 2583 nos
2885 2529 3145 2598 perducet
3165 2539 3388 2600 propter
3419 2530 3652 2587 formam

2053 2614 2219 2680 servi,
2249 2622 2306 2668 ut
2331 2615 2487 2669 liberi
2517 2616 2940 2688 contemplemur
2970 2616 3201 2671 formam
3231 2616 3465 2672 Domini.

2123 2746 2294 2801 Vens.
2321 2749 2350 2799 8
2371 2777 2440 2786 —
2463 2748 2767 2818 Fugerunt.
2802 2749 3030 2818 (HIER.)
3063 2748 3144 2802 De
3165 2747 3337 2803 futura
3364 2747 3471 2804 vita
3501 2748 3641 2805 dici-

2052 2841 2179 2889 tur:
2215 2836 2410 2906 Fugiet
2455 2835 2612 2892 dolor
2659 2841 2715 2891 et
2761 2839 3023 2907 gemitus.
3075 2837 3358 2891 Imitantur
3387 2836 3644 2893 mulieres

2051 2930 2175 2978 ante
2205 2923 2659 2978 resurrectionem
2687 2924 2926 2978 omnium
2971 2925 3115 2996 quod
3160 2924 3360 2980 faciunt
3389 2933 3544 2995 post,
3588 2925 3644 2979 id

2050 3018 2159 3075 est,
2191 3011 2335 3082 quod
2380 3010 2602 3067 facturae
2632 3020 2756 3066 sunt
2786 3011 2998 3083 fugiunt
3025 3020 3254 3068 mortem
3284 3019 3338 3067 et
3364 3029 3641 3084 pavorem,

1975 3132 2024 3196 Ο
2119 3109 2188 3162 Et
2217 3109 2466 3196 nemini.
2506 3109 2726 3178 (l—Imn.)
2775 3107 2913 3176 Quia
2942 3108 3016 3164 illi
3063 3109 3163 3164 soli
3193 3109 3508 3182 mysterium
3541 3125 3630 3165 re-

2046 3195 2393 3250 surrectionis
2422 3195 2604 3251 vident
2632 3196 2724 3266 qui
2752 3205 3096 3266 meruerunt,
3123 3198 3296 3261 unde,
3339 3196 3638 3252 secundum
3687 3191 3698 3195 ”

2044 3283 2305 3338 Joannem
2348 3299 2361 3338 :
2403 3285 2606 3339 Petrus
2636 3288 2831 3340 autem
2857 3301 3092 3356 surgens
3124 3287 3380 3342 cucurrit
3409 3285 3481 3341 ad
3520 3302 3638 3343 mo-

2045 3376 2409 3438 numentum,
2442 3379 2499 3426 ut
2517 3371 2727 3428 videret
2754 3388 2874 3446 quae
2917 3373 3139 3430 audivit.

2117 3494 2284 3550 Vens.
2317 3498 2370 3549 9.
2403 3524 2472 3535 —
2499 3495 2746 3568 Surgens
2794 3500 3007 3552 autem.
3039 3497 3199 3554 Mane
3227 3497 3476 3568 surrexit,
3511 3512 3635 3554 sero

2045 3583 2287 3654 sepultus
2317 3589 2418 3650 est,
2444 3591 2502 3638 ut
2519 3585 2623 3639 hoc
2652 3584 2969 3655 adimpleret
3001 3601 3012 3640 :
3039 3586 3119 3642 Ad
3139 3602 3432 3658 vesper-um
3452 3586 3636 3645 demo-

2041 3672 2263 3727 rabitur
2281 3673 2450 3740 ﬂetus
2471 3675 2526 3726 et
2547 3672 2618 3726 ad
2638 3675 2993 3729 matutinum
3020 3675 3223 3730 laetitia
3247 3674 3421 3744 (Psal.
3445 3674 3632 3746 xxxx).

2041 3758 2290 3829 Sepultus
2337 3774 2469 3829 ergo
2499 3767 2646 3814 sexta
2679 3759 2889 3814 sabbati
2919 3776 3039 3832 quae
3078 3769 3306 3817 vocatur
3343 3777 3638 3832 parasceve

2039 3846 2182 3903 circa
2212 3861 2493 3917 vesperam
2529 3847 2774 3918 sequenti
2802 3854 2960 3904 nocte
3009 3854 3062 3903 et
3109 3848 3198 3904 die
3229 3849 3459 3916 sabbati,
3513 3866 3638 3904 cum

2041 3935 2287 4007 sequenti
2317 3941 2475 3990 nocte
2502 3934 2557 3989 in
2586 3943 2936 3991 monumento
2980 3935 3208 4007 positus,
3259 3936 3347 3993 die
3377 3937 3552 4007 tertia,
3579 3937 3634 3992 id

2039 4030 2121 4078 est
2148 4022 2321 4094 primo
2341 4038 2498 4078 mane
2519 4023 2692 4094 prima
2715 4023 2939 4090 sabbati,
2966 4025 3219 4080 surrexit.
3269 4027 3336 4080 Et
3363 4025 3504 4082 bene
3525 4041 3634 4081 una

2040 4110 2128 4166 die
2159 4118 2210 4166 et
2238 4111 2449 4165 duabus
2477 4111 2725 4167 noctibus
2756 4111 2811 4166 in
2831 4111 3078 4182 sepulcro
3101 4112 3290 4185 jacuit,
3314 4112 3439 4185 quia
3457 4113 3630 4169 lucem

2040 4215 2150 4254 suae
2201 4198 2410 4270 simpla:
2456 4199 2644 4254 mortis
2689 4208 2890 4256 nostrm
2934 4200 3110 4272 dupla:
3156 4201 3346 4256 mortis
3392 4201 3631 4257 tenebris

2037 4287 2295 4356 adjunxit.
2330 4287 2390 4340 In
2419 4295 2594 4342 morte
2626 4287 2768 4342 enim
2815 4287 3012 4344 animae
3061 4297 3113 4344 et
3154 4289 3371 4361 spiritus
3401 4290 3626 4345 teneba-

2036 4391 2173 4441 mur,
2198 4375 2341 4429 unde
2357 4375 2423 4429 ad
2445 4391 2545 4431 nos
2575 4391 2746 4442 suam,
2777 4375 2832 4429 id
2862 4384 2943 4431 est
2971 4376 3150 4431 carnis
3171 4384 3402 4432 mortem
3430 4379 3620 4448 attulit,

1950 4488 2004 4550 D
2036 4471 2090 4520 et
2118 4464 2252 4519 duas
2283 4471 2492 4519 nostras
2522 4463 2680 4520 solvit
2705 4479 2717 4519 :
2743 4463 2992 4534 simplum
3023 4480 3179 4519 suam
3210 4465 3386 4536 duplae
3429 4475 3626 4523 nostra;

2038 4552 2280 4618 contulit,
2314 4560 2367 4608 et
2395 4553 2616 4622 duplam
2636 4561 2877 4607 nostram
2907 4552 3144 4608 moriens
3173 4553 3409 4608 abstulit.
3437 4555 3619 4627 Appa-

2048 4641 2174 4696 ruit
2216 4641 2400 4712 primo
2434 4641 2620 4695 Mariae
2648 4639 3010 4710 Magdalenae.
3060 4641 3246 4695 Mariae
3286 4641 3623 4714 Magdalenae

2035 4727 2208 4799 primo
2238 4728 2561 4795 ostenditur,
2596 4728 2662 4782 de
2696 4743 2798 4798 qua
2829 4727 3067 4796 ejecerat
3089 4735 3296 4799 septem
3319 4729 3584 4786 daemonia
3609 4747 3621 4784 :

2034 4817 2159 4888 quia
2189 4816 2522 4885 meretrices,
2557 4824 2609 4870 et
2638 4815 2912 4886 publicani
2932 4817 3249 4887 praecedunt
3280 4819 3623 4890 Synagogam

2032 4904 2086 4958 in
2116 4921 2344 4978 regnum
2368 4904 2496 4970 Dei,
2520 4912 2578 4959 ut
2596 4904 2731 4959 latro
2760 4905 3044 4975 prmeessit
3063 4906 3356 4978 apostolos.
3381 4907 3622 4977 Apostoli

2031 4991 2160 5048 ﬂent
2191 5001 2242 5048 et
2272 4992 2478 5065 lugent,
2513 4992 2637 5064 quia
2667 4993 2898 5049 necdum
2928 4993 3197 5062 viderunt,
3234 4994 3330 5050 sed
3359 4994 3466 5050 cito
3496 5011 3621 5052 con-

2031 5080 2368 5136 solabuntur.

2098 5191 2318 5261 (ΒευΑ.)
2348 5192 2407 5246 In
2433 5190 2700 5264 principio
2728 5191 2924 5249 mulier
2953 5192 3325 5264 auctorculpae
3351 5192 3470 5250 viro
3499 5193 3617 5261 fuit,

2028 5287 2314 5335 exsecutor
2339 5279 2422 5335 vir
2467 5280 2699 5350 erroris,
2731 5290 2832 5336 etc.
2855 5325 2868 5346 ,
2903 5298 3074 5353 usque
3105 5283 3175 5336 ad
3205 5290 3259 5336 ut
3287 5281 3421 5354 ipsis
3452 5295 3616 5339 evan-

2026 5369 2236 5439 gelistis
2267 5377 2317 5424 et
2346 5370 2606 5441 apostolis
2638 5370 3093 5426 resurrectionem
3123 5372 3544 5445 evangelizaret.

2098 5493 2266 5546 Vens.
2293 5496 2454 5546 tt.——
2475 5494 2544 5547 Et
2567 5493 2658 5548 illi
2680 5493 2998 5548 audientes.
3023 5493 3247 5563 (ΒΕυΑ.)
3270 5494 3426 5562 Quod
3446 5494 3610 5550 disci-

2025 5580 2136 5652 puli
2154 5580 2606 5636 resurrectionem
2618 5581 2770 5635 tarde
2789 5581 3031 5646 credunt,
3049 5596 3156 5637 non
3171 5589 3277 5636 tam
3295 5590 3377 5634 est
3397 5580 3613 5636 illorum

2023 5667 2330 5737 infirmitas,
2366 5686 2530 5742 quam
2560 5677 2741 5726 nostra
2772 5667 3032 5732 ﬁrmitas;
3065 5668 3432 5725 dubitantibus
3469 5670 3614 5728 enim
