3932 6178
347 325 454 383 243

955 321 1362 380 WALAFRIDI
1401 321 1648 382 STRABI
1690 323 1887 384 FULD.
1920 322 2093 384 MON.
2131 325 2283 385 OPP.
2316 328 2495 387 PARS
2523 331 2568 387 Ῑ.
2598 361 2669 374 ——
2698 331 3170 392 THEOLOGICA.

3538 339 3639 395 144

349 446 686 505 resurrectio
713 445 986 518 permulta
1011 456 1338 521 argumenta
1364 454 1663 506 monstrata
1688 457 1794 522 est,
1827 450 1946 525 qui-
1963 452 2021 517 A
2048 468 2160 510 non
2186 453 2482 526 faciamus,
2530 471 2643 512 non
2671 456 2988 514 credimus?
3034 458 3144 515 Sed
3183 460 3302 517 haec
3331 459 3389 516 in
3417 460 3644 519 exordio

366 535 470 591 bus
507 540 562 591 et
590 548 695 591 nos
726 532 939 591 ﬁrmius
985 535 1310 592 solidamur.

423 623 598 680 Vsus.
630 624 1048 681 12.—Duobus
1094 641 1171 682 ex
1218 624 1326 682 his.
1379 626 1601 699 (ΒΕυΑ.)
1630 627 1748 685 Hoc
1774 628 1947 686 Lucas

351 710 594 783 apertius
621 710 979 784 (Luc.xx1v):
1013 712 1176 770 Oculi
1200 729 1413 785 eorum,
1447 722 1552 772 etc.
1583 716 1713 772 Post
1738 731 1951 792 cogno-

352 805 550 857 verunt
580 815 705 856 eum
732 799 791 856 in
834 799 1101 858 fractione
1129 802 1308 874 panis.
1354 803 1425 858 Et
1454 802 1593 860 sicut
1620 804 1797 862 Lucas
1826 806 1901 861 ait
1932 822 1947 861 :

350 888 654 961 Surgentes
683 888 882 947 eadem
916 889 1054 946 hora
1082 892 1295 948 reversi
1313 896 1451 950 sunt
1478 895 1544 950 in
1571 881 1943 962 Hierusalem,

355 984 461 1035 etc.

423 1065 858 1124 Ambulantibus
887 1065 1102 1140 (Ηιειι.)
1131 1066 1294 1124 Fides
1322 1067 1414 1125 hic
1431 1069 1647 1126 laborat
1672 1085 1845 1144 agens
1865 1084 1952 1128 ac-

352 1152 522 1211 tivam
549 1153 736 1225 vitam,
759 1153 871 1231 illic
900 1155 1343 1227 contemplativa,
1368 1164 1495 1228 etc.,
1526 1174 1699 1232 usque
1718 1159 1793 1215 ad
1812 1159 1949 1216 obli-

352 1249 441 1298 tus
467 1241 648 1298 carnis
690 1259 803 1299 suae
848 1244 1088 1314 postulat
1113 1244 1172 1301 in
1198 1243 1305 1300 ista
1333 1244 1446 1301 vita
1472 1246 1617 1318 quod
1646 1254 1770 1319 post
1799 1246 1949 1303 illam

355 1345 641 1403 speramus
666 1330 723 1387 in
752 1330 955 1387 futura.

425 1419 601 1475 Vnus.
635 1419 722 1476 14.
754 1449 824 1460 -
851 1421 1179 1491 Novissime,
1211 1428 1315 1477 etc.
1367 1420 1588 1493 (ΒΕοΑ.)
1620 1419 1947 1496 Quadrage-

356 1506 497 1563 simo
524 1507 635 1578 die,
667 1507 886 1579 quando
916 1515 1035 1564 erat
1056 1507 1171 1578 jam
1200 1508 1271 1564 ab
1299 1508 1379 1564 eis
1409 1524 1727 1566 recessurus
1756 1509 1814 1565 in
1842 1525 1949 1567 cae-

354 1595 490 1667 lum,
503 1594 610 1653 hoc
628 1595 709 1651 eis
728 1596 983 1663 maxime,
1006 1603 1135 1666 etc.,
1154 1614 1327 1670 usque
1347 1597 1419 1653 ad
1437 1616 1456 1653 :
1474 1598 1690 1655 Euntes
1706 1598 1770 1654 in
1785 1615 1949 1655 mun-

306 1701 308 1704 '
358 1683 495 1741 dum
514 1684 863 1751 universum,
895 1684 1201 1757 praedicata
1230 1686 1618 1757 Evangelium.

425 1772 716 1829 Duritiam
743 1772 942 1838 cordis,
978 1779 1083 1828 etc.
1109 1772 1321 1845 (Ηιειι.)
1342 1773 1414 1829 Ut
1433 1773 1689 1829 succedat
1710 1787 1807 1830 cor
1826 1788 1949 1830 car-

354 1875 518 1917 neum
548 1860 812 1916 charitate
840 1859 1060 1931 plenum
1085 1877 1097 1916 :
1121 1860 1250 1916 hinc
1295 1861 1443 1933 quod
1480 1869 1716 1919 catervae
1744 1870 1949 1935 marty-

357 1965 478 2005 rum
504 1955 738 2004 mortem
768 1948 928 2018 hujus
972 1947 1157 2005 saeculi
1205 1948 1440 2004 libenter
1485 1947 1743 2005 aﬂ'ectant
1767 1993 1781 2017 ,
1824 1951 1951 2023 quia

356 2044 558 2094 norunt
584 2052 687 2109 pro
716 2035 1002 2109 temporali
1028 2035 1250 2093 interitu
1277 2044 1543 2111 perpetuo
1586 2053 1647 2092 se
1677 2053 1801 2094 esse
1829 2037 1950 2097 vic-

356 2134 531 2183 turos.

428 2213 603 2269 Vsus.
637 2214 724 2269 15.
748 2241 818 2253 -
839 2212 1007 2270 Omni
1052 2216 1350 2269 creatum.
1384 2211 1547 2269 Omni
1575 2211 1780 2268 nationi
1809 2229 1949 2285 gen-

358 2297 516 2353 tium.
547 2299 687 2353 Ante
716 2295 863 2352 enim
908 2295 1109 2352 dictum
1140 2302 1288 2351 erat:
1311 2296 1378 2352 In
1418 2297 1567 2352 viam
1594 2297 1851 2368 gentium
1878 2313 1950 2354 ne

358 2382 613 2439 abieritis
643 2381 863 2453 (Matth.
895 2381 957 2450 χ)
980 2399 999 2435 :
1020 2387 1077 2435 ut
1105 2379 1315 2436 scilicet
1342 2380 1716 2451 apostolorum
1734 2381 1887 2452 prius
1919 2397 1951 2437 a

355 2469 541 2527 Iudaea
568 2468 787 2542 repulsa
816 2467 1131 2540 praedicatio
1152 2508 1168 2539 ,
1200 2475 1326 2527 tunc
1353 2468 1610 2542 gentibus
1650 2468 1706 2524 in
1744 2469 1952 2539 adjuto-

355 2558 495 2615 rium
534 2557 711 2615 ﬁeret.

428 2646 643 2719 (Hum)
674 2644 837 2703 Omni
862 2645 1051 2719 generi
1078 2645 1342 2713 humano,
1376 2644 1524 2717 quod
1551 2643 1717 2701 habet
1744 2645 1951 2718 aliquid

359 2736 649 2794 commune
678 2733 824 2793 omni
852 2740 1140 2801 creaturae,
1164 2732 1395 2806 angelis,
1417 2732 1728 2804 pecoribus,
1760 2733 1945 2805 lignis,

356 2824 652 2897 lapidibus,
682 2822 798 2896 igni
826 2828 880 2878 et
906 2837 1082 2894 aquae,
1114 2820 1293 2877 calido
1321 2828 1373 2877 et
1402 2819 1622 2892 frigido,
1645 2820 1867 2877 humido
1896 2830 1951 2878 et

356 2913 531 2981 arido,
563 2910 687 2985 quia
712 2909 891 2966 minor
916 2909 1152 2971 mundus
1180 2910 1344 2966 homo
1374 2908 1588 2965 dicitur.

427 3001 602 3058 Vnus.
636 3002 724 3056 16.
746 3028 816 3041 -
834 2999 941 3067 Qui
968 2998 1290 3068 crediderit,
1314 3005 1419 3055 etc.
1451 2998 1555 3053 Per
1579 2996 1714 3054 alios
1734 2997 1948 3070 parvuli

356 3089 608 3160 credunt,
638 3088 778 3145 sicut
806 3102 873 3143 ex
894 3084 1014 3143 aliis
1042 3100 1108 3142 ea
1136 3102 1259 3159 quae
1285 3086 1343 3141 in
1362 3085 1631 3159 baptismo
1662 3086 1742 3142 eis
1762 3086 1947 3143 remit-

356 3184 543 3234 tuntur
563 3219 578 3248 ,
605 3182 833 3250 peccata
870 3182 1237 3234 extraxerunt.

424 3266 597 3324 Vnus.
634 3267 722 3322 17.
753 3293 823 3308 -
851 3266 1025 3338 Signa
1050 3267 1263 3334 autem,
1287 3270 1393 3322 etc.
1423 3261 1681 3338 Nunquid
1706 3263 1755 3320 si
1785 3262 1946 3335 signa

2050 544 2360 599 necessaria
2406 543 2651 614 fuerunt,
2703 553 2763 601 ut
2809 544 2946 602 ﬁdes
2994 547 3270 605 miraculis
3316 548 3640 620 nutriretur,

2050 630 2158 687 ﬁde
2189 639 2370 687 autem
2399 632 2664 690 Ecclesiae
2685 633 2795 703 jam
2825 634 3142 691 conﬁrmata
3171 651 3283 692 non
3303 644 3429 693 sunt
3450 652 3643 695 neces-

2050 719 2211 775 saria.
2233 722 2526 778 Dmmonia
2553 724 2805 795 cjicient,
2829 730 2934 779 etc.
2958 723 3078 780 Hoc
3102 723 3267 780 hodie
3288 725 3645 797 spiritualiter

2049 806 2178 864 facit
2204 808 2480 880 Ecclesia,
2532 824 2655 867 cum
2696 826 2799 883 per
2845 811 3136 868 exorcismi
3163 813 3393 886 gratiam
3421 828 3644 871 manum

2050 896 2400 953 credentibus
2427 898 2686 971 imponit,
2739 905 2793 955 et
2819 899 3088 973 malignos
3134 901 3358 972 spiritus
3395 902 3643 975 expellit.

2048 986 2283 1058 Linguis
2314 987 2613 1060 loquentur
2640 989 2814 1045 novis.
2836 988 2954 1044 Hoc
2981 987 3043 1043 fit
3068 987 3198 1044 dum
3218 988 3413 1046 ﬁdeles
3438 990 3646 1047 veteris

2048 1072 2174 1130 vitae
2201 1074 2480 1131 saecularia
2511 1075 2679 1132 verba
2708 1076 3040 1149 relinquunt,
3087 1085 3141 1133 et
3169 1085 3355 1135 sancta
3381 1080 3646 1151 mysteria

2047 1161 2319 1231 insonant,
2353 1171 2407 1219 et
2435 1163 2537 1221 Dei
2563 1163 2752 1221 laudes
2782 1172 2837 1221 et
2864 1165 3161 1238 potentiam
3182 1174 3440 1240 quantum
3461 1166 3645 1226 valent

2050 1250 2333 1307 extollunt.

2118 1365 2288 1423 Vnus.
2322 1370 2409 1423 18.
2433 1396 2503 1409 —-
2522 1368 2583 1425 Si
2608 1369 2999 1440 mortiferum,
3032 1377 3138 1426 etc.
3170 1368 3312 1426 Dum
3352 1370 3645 1443 pestiferas

2046 1453 2431 1526 persuasiones
2458 1455 2700 1525 audiunt,
2724 1471 2828 1513 nec
2846 1456 2915 1512 ad
2944 1458 3290 1529 operationes
3318 1475 3494 1532 usque
3513 1476 3645 1533 per-

2046 1543 2270 1612 ducunt,
2306 1545 2452 1616 quod
2479 1543 2607 1600 inde
2653 1544 2734 1601 eis
2762 1561 2874 1601 non
2901 1553 3063 1602 nocet
3092 1546 3141 1602 si
3180 1547 3522 1605 mortiferum
3553 1548 3643 1605 bi-

2048 1616 2201 1687 bunt.
2232 1633 2410 1706 Super
2435 1648 2608 1705 (agros
2636 1650 2842 1691 manus
2868 1676 2881 1701 ,
2932 1642 3037 1691 etc.
3088 1634 3229 1691 Dum
3274 1636 3559 1708 proximos
3586 1636 3643 1693 in

2047 1719 2192 1776 bono
2222 1736 2391 1793 opere
2413 1720 2757 1779 conﬁrmatos
2782 1722 3043 1778 roborant
3062 1724 3313 1796 exemplo
3333 1724 3492 1781 bonae
3509 1739 3647 1798 ope-

1966 1812 2022 1874 B
2049 1809 2293 1880 rationis,
2326 1825 2494 1882 super
2518 1826 2702 1885 aegros
2729 1827 2921 1867 manus
2949 1810 3260 1883 imponunt,
3293 1820 3349 1868 et
3375 1812 3519 1870 bene
3547 1813 3646 1870 ha-

2049 1898 2273 1953 bebunt.
2309 1899 2437 1954 Haec
2465 1899 2731 1956 miracula
2777 1907 2925 1956 tanto
2951 1900 3189 1969 majora,
3241 1909 3442 1973 quanto
3471 1902 3643 1975 spiri-

2049 1986 2249 2055 tualia;
2315 2002 2416 2059 per
2479 1987 2585 2044 hoc
2648 1987 2792 2044 enim
2853 1989 3046 2045 animae
3113 1989 3441 2046 suscitantur
3458 2033 3473 2058 ,
3532 2006 3645 2048 non

2050 2090 2299 2147 corpora.

2121 2190 2292 2245 Vens.
2345 2192 2432 2246 19.
2465 2218 2535 2231 -—-
2566 2191 2632 2246 In
2660 2191 2882 2247 emtum.
2931 2191 3122 2264 (Aue.)
3168 2192 3311 2249 Nota
3357 2193 3507 2265 quod
3534 2194 3640 2251 ali-

2050 2278 2267 2348 quando
2298 2278 2468 2335 coelos
2496 2277 2778 2350 pluraliter
2806 2286 2861 2334 et
2889 2279 3179 2351 aliquando
3208 2280 3409 2338 ccelum
3438 2282 3640 2357 singu-

2048 2365 2257 2434 lariter,
2291 2374 2429 2436 etc.,
2462 2384 2636 2440 usque
2665 2368 2737 2423 ad
2762 2367 2855 2422 ubi
2885 2366 3126 2423 ﬁdelium
3172 2370 3622 2443 credulitasplus

2050 2454 2258 2511 actibus
2289 2470 2450 2526 quam
2479 2455 2844 2511 locutionibus
2872 2456 3132 2512 eruditur.

2120 2558 2193 2613 Et
2218 2556 2371 2614 sedet
2399 2574 2435 2613 a
2464 2556 2704 2613 dextris.
2756 2556 2979 2630 (ΒευΑ.)
3024 2558 3093 2613 Et
3121 2573 3265 2614 nunc
3293 2558 3473 2615 omnia
3484 2560 3641 2630 judi-

2049 2662 2195 2714 cans,
2219 2645 2277 2701 in
2306 2643 2412 2701 ﬁne
2441 2645 2681 2700 omnium
2709 2644 2885 2701 Iudex
2905 2654 3167 2702 venturus
3197 2654 3299 2703 est.
3335 2647 3642 2721 Stephanus

2048 2741 2229 2792 autem
2254 2734 2388 2790 vidit
2416 2749 2539 2790 eum
2568 2741 2816 2805 stantem,
2852 2734 2977 2806 quia
3003 2734 3061 2792 in
3106 2736 3406 2792 certamine
3454 2736 3642 2793 habuit

2049 2840 2175 2881 eum
2204 2823 2529 2892 adjutorem.

2119 2939 2289 2996 Vens.
2321 2941 2410 2996 20.
2442 2966 2512 2978 -—
2539 2937 2635 2993 Illi
2661 2941 2874 3005 autem,
2908 2944 3013 2994 etc.
3046 2937 3271 3010 (ΒΕυΑ.)
3298 2938 3440 2995 Nota
3488 2941 3639 3013 quod

2046 3028 2257 3084 Marcus
2282 3026 2640 3100 Evangelium
2670 3040 2827 3083 suum
2870 3033 3073 3098 quanto
3114 3027 3385 3085 inchoavit
3415 3028 3639 3099 tardius,

2047 3124 2216 3185 tanto,
2251 3123 2389 3186 etc.,
2422 3132 2594 3189 usque
2624 3116 2696 3172 ad
2744 3130 2851 3188 quo
2894 3115 3127 3187 apostoli
3169 3116 3315 3174 idem
3354 3117 3642 3193 Evangelii

1978 3171 2028 3235 Ο
2049 3205 2277 3263 verbum
2306 3221 2404 3278 per
2430 3171 2603 3262 totum
2633 3171 2825 3263 orbein
2854 3204 3280 3262 seminaverunt.

356 3433 3636 3464 Μ

1190 3540 1809 3620 EVANGELTUM
1860 3536 2375 3615 SECUNDUM
2422 3535 2769 3612 LUCAM.

668 3769 1041 3830 PROLOGUS
1070 3769 1130 3828 B.
1162 3767 1576 3828 HIERONYMI.

758 3869 791 3943 (
794 3869 919 3929 Vide
956 3870 1114 3927 inter
1147 3870 1269 3941 ejus
1302 3867 1516 3942 opera.)

384 3965 791 4029 ΡΒΟωΜΙῸΜ
832 3964 1028 4025 LUCE
1074 3964 1151 4021 IN
1193 3962 1656 4023 EVANGELIUM
1694 3963 1902 4022 SUUM.

419 4074 596 4133 Vnus.
630 4076 683 4129 1.
704 4100 775 4115 ·-
800 4070 1076 4142 Quoniam
1099 4069 1343 4143 quidem,
1376 4075 1482 4125 etc.
1515 4068 1737 4141 (ΒΕΒΑ.)
1765 4068 1940 4127 Lucas

350 4165 424 4225 de
449 4161 706 4221 omnibus
751 4175 873 4233 quae
899 4157 1029 4215 fecit
1054 4157 1213 4214 Jesus
1259 4162 1313 4214 et
1338 4155 1540 4227 docuit,
1574 4164 1680 4214 etc.
1701 4198 1718 4228 ,
1766 4174 1942 4232 usque

350 4253 425 4311 ad
437 4250 618 4326 magis
636 4248 952 4307 ordinarent
965 4244 1335 4304 narrationem
1354 4259 1521 4319 quam
1540 4244 1778 4305 historiae
1799 4252 1942 4304 texe-

350 4348 476 4400 rant
500 4339 801 4399 veritatem.

424 4430 595 4487 Vsus.
622 4431 678 4486 3.
708 4455 778 4471 --
811 4424 1030 4485 Omnia.
1062 4421 1194 4497 (ID.)
1222 4421 1345 4481 Non
1374 4420 1553 4480 omnia
1581 4437 1702 4496 quae
1730 4437 1940 4483 assecu-

2121 3767 2385 3826 Sacerdos
2415 3766 2662 3840 quidam.
2696 3763 2944 3838 Implevit
2970 3765 3240 3834 ordinem,
3263 3764 3397 3822 dixit
3424 3782 3639 3841 regem,

2051 3864 2105 3914 et
2132 3856 2418 3930 regionem
2443 3854 2502 3910 in
2529 3870 2634 3927 qua
2663 3852 2780 3921 fuit,
2812 3853 3157 3910 sacerdotem
3186 3860 3243 3910 et
3268 3862 3491 3929 gentem
3520 3856 3639 3926 ejus

2045 3952 2100 4003 et
2129 3960 2352 4001 uxorem
2381 3942 2524 3999 illius
2552 3938 2774 3999 indicat.
2808 3943 3131 3999 Zacharias.
3164 3942 3476 4012 Zacharias,
3513 3960 3639 4001 me-

2043 4048 2167 4090 mor
2195 4030 2413 4089 Domini
2444 4048 2457 4087 :
2491 4030 2577 4088 cui
2607 4038 2834 4102 apparet
2860 4030 3104 4103 Angelus
3124 4048 3155 4085 a
3193 4031 3400 4088 dextris
3426 4031 3635 4100 altaris,

2046 4122 2171 4194 quia
2198 4121 2250 4177 ei
2279 4121 2372 4193 qui
2400 4134 2612 4177 memor
2660 4117 2878 4176 Domini
2923 4125 3007 4175 est
3046 4119 3454 4176 demonstratur
3481 4137 3638 4194 mys-

2115 4318 2193 4374 De
2221 4316 2338 4373 vice
2366 4314 2522 4372 Abia.
2556 4311 2779 4385 (BEDA.)
2807 4312 2961 4381 Abia,
2995 4312 3156 4369 Pater
3183 4313 3467 4384 Dominus,
3499 4322 3633 4381 etc.,

2043 4420 2217 4478 usque
2245 4404 2318 4460 ad
2346 4402 2486 4460 sicut
2511 4417 2612 4474 per
2642 4410 2851 4475 septem
2877 4402 3282 4460 Testamentum
3325 4402 3641 4460 declaratur

352 4528 439 4578 tus
457 4563 471 4589 ,
514 4517 614 4576 sed
643 4517 714 4576 de
758 4513 1013 4574 omnibus
1039 4493 1259 4586 quaead
1284 4509 1448 4569 ﬁdem
1475 4493 1773 4585 legentium
1805 4527 1941 4570 con-
1960 4507 2015 4572 D
2043 4493 2240 4550 Vetus-

352 4606 678 4665 ﬁrmandam
722 4604 895 4663 credit
938 4601 1155 4660 idonea.
1201 4600 1285 4658 Ex
1319 4599 1568 4658 consulto
1596 4600 1741 4658 enim
1776 4600 1946 4658 multa

353 4695 620 4768 praeterit,
668 4710 788 4766 qua:
831 4692 924 4750 alii
968 4691 1171 4758 dicunt,
1222 4695 1283 4746 ut
1319 4687 1535 4746 diversa
1561 4689 1619 4745 in
1646 4689 1945 4764 Evangelio

354 4783 529 4858 gratia
555 4780 874 4855 refulgeret,
906 4787 959 4837 et
987 4777 1223 4853 propriis
1245 4776 1572 4851 quibusdam
1590 4777 1714 4834 libri
1743 4777 1945 4851 singuli

353 4871 736 4944 mysteriorum
754 4875 1142 4943 gestorumque
1159 4866 1421 4924 miracula
1441 4866 1760 4925 eminerent.
1787 4867 1947 4925 Theo-

352 4961 529 5037 phile.
546 4957 898 5032 TheOphilus,
920 4970 1109 5013 amans
1128 4956 1321 5025 Deum,
1345 4962 1474 5026 etc.,
1497 4971 1672 5029 usque
1689 4957 1761 5012 ad
1781 4953 1945 5011 fidem

353 5055 633 5122 perpetuae
676 5045 966 5105 divinitatis
1014 5052 1070 5103 et
1115 5052 1480 5115 temporaneae
1524 5044 1945 5117 dispensationis

355 5138 502 5194 illius
530 5136 696 5195 debet
722 5135 968 5194 ordinem
1003 5147 1186 5192 nosse.

641 5306 645 5312 ι
819 5250 1046 5308 CAPUT
1083 5248 1373 5306 PRIMUM.

423 5349 597 5417 Ynns.
632 5351 685 5405 5.
717 5375 786 5390 ·-
816 5349 948 5406 Fuit
974 5347 1039 5404 in
1059 5346 1250 5403 diebus
1279 5345 1508 5403 Herodis
1538 5346 1684 5418 regis
1713 5346 1938 5402 Iudaeae.

350 5436 585 5512 (Auum)
600 5435 810 5492 Vitulus
831 5433 1187 5493 sacerdotalis
1210 5433 1409 5491 hostia.
1436 5433 1541 5490 Per
1563 5433 1790 5490 vitulum
1811 5448 1945 5507 ergo

349 5527 456 5586 hoc
498 5524 861 5600 Evangelium
906 5522 1169 5598 ﬁguratur
1192 5564 1205 5590 ,
1257 5521 1314 5577 in
1361 5537 1468 5595 quo
1504 5536 1539 5579 a
1566 5522 1945 5580 sacerdotibus

346 5616 653 5683 inchoatur,
686 5622 741 5674 et
767 5614 825 5672 in
856 5613 1025 5671 vitulo
1054 5618 1480 5681 consummatur,
1515 5610 1571 5667 id
1600 5618 1682 5669 est
1708 5611 1765 5668 in
1793 5610 1947 5668 Chri-

348 5713 453 5778 sto,
487 5705 580 5781 qui
605 5719 704 5781 pro
734 5702 921 5763 mundi
949 5702 1060 5764 vita
1078 5700 1408 5760 immolatur.

2118 4598 2422 4656 Elisabeth.
2471 4596 2749 4653 Elisabeth
2770 4636 2785 4665 ,
2837 4595 2938 4652 Dei
2982 4595 3092 4653 mei
3138 4596 3413 4667 saturitas,
3460 4597 3642 4671 signat

2043 4686 2266 4744 Mariam
2295 4701 2417 4758 quae
2444 4684 2606 4756 plena
2636 4685 2752 4741 Deo
2771 4683 2888 4741 fuit.

2115 4812 2286 4870 Vens.
2335 4815 2386 4868 6.
2417 4840 2487 4852 —-
2514 4811 2696 4867 Erant
2740 4813 2935 4867 autem
2980 4810 3158 4867 ambo.
3193 4808 3395 4881 (BEDA,
3428 4812 3640 4883 una.)

2043 4899 2208 4958 Plena
2254 4898 2487 4956 laudatio
2536 4914 2657 4971 quae
2703 4914 2878 4971 genus
2923 4897 2981 4953 in
3009 4896 3335 4967 majoribus,
3367 4913 3553 4956 mores
3582 4899 3641 4956 in

2043 4988 2318 5062 aequitate,
2352 4987 2591 5066 ofﬁcium
2622 4986 2679 5041 in
2706 4986 3034 5056 sacerdotio,
3067 4985 3268 5047 factum
3308 4987 3367 5042 in
3405 4987 3639 5045 manda.

2044 5078 2132 5146 tis,
2157 5076 2422 5148 judicium
2451 5074 2507 5131 in
2527 5073 3001 5146 justiﬁcationibus
3031 5075 3461 5146 comprehendit.
3485 5078 3641 5135 Iusti

2044 5171 2181 5224 ante
2208 5168 2403 5224 Deum.
2436 5163 2665 5235 (Auum)
2693 5164 2817 5220 Non
2846 5162 2992 5219 enim
3021 5164 3198 5220 omnis
3228 5164 3319 5236 qui
3345 5166 3526 5234 justus
3557 5173 3643 5222 est

2044 5263 2168 5311 ante
2224 5253 2472 5309 homines
2511 5254 2691 5323 justus
2739 5259 2823 5308 est
2865 5259 2991 5309 ante
3035 5253 3250 5319 Deum;
3300 5252 3460 5309 aliter
3489 5253 3637 5309 enim

2044 5343 2230 5400 vident
2257 5341 2525 5411 homines,
2557 5341 2714 5396 aliter
2739 5340 2889 5396 Deus
2913 5358 2925 5395 :
2948 5340 3197 5396 homines
3219 5340 3275 5396 in
3294 5339 3453 5411 facie,
3485 5342 3639 5398 Deus

2044 5430 2099 5488 in
2128 5431 2314 5488 corde.
2348 5430 2586 5502 Ideoque
2607 5428 2725 5486 ﬁeri
2750 5436 2948 5500 potest,
2972 5436 3031 5485 ut
3057 5428 3249 5501 aliquis
3270 5427 3524 5486 affectata
3544 5429 3638 5486 bo-

2045 5521 2207 5576 nitate
2251 5519 2501 5592 populari
2522 5519 2701 5595 justus
2748 5518 2996 5574 videatur
3023 5516 3189 5585 mihi,
3235 5518 3416 5587 justus
3454 5526 3639 5575 tamen

2044 5624 2154 5666 non
2180 5607 2249 5664 sit
2276 5616 2402 5664 ante
2431 5608 2623 5677 Deum,
2659 5606 2705 5662 si
2728 5606 2934 5677 justitia
2962 5621 3072 5662 non
3103 5622 3169 5662 ex
3194 5606 3394 5663 mentis
3425 5607 3638 5680 simpli-

2045 5698 2204 5755 citate
2232 5697 2516 5768 formetur,
2550 5697 2648 5754 sed
2677 5695 2984 5753 adulatione
3014 5694 3315 5753 simuletur.
