4006 6178
324 166 431 225 ξιτ

336 291 464 349 bilis
490 292 750 359 vinceret,
783 298 837 348 et
866 290 1245 348 commistione
1283 291 1493 363 copulae
1522 290 1757 346 carnalis
1796 305 1933 346 con-
1959 291 2017 353 A

337 388 528 453 ceptus
556 395 666 435 non
696 388 795 435 est.
817 382 932 436 Nos
962 381 1273 436 conditione
1310 379 1682 450 corruptibilis
1720 387 1929 435 natura:

336 468 639 537 constricti,
690 486 790 540 per
831 468 1063 540 gratiam
1116 485 1408 540 possumus
1460 466 1808 524 sanctiﬁcari.
1861 469 1932 523 Et

337 558 611 630 congruit,
639 565 697 612 ut
726 573 846 628 quae
878 565 1067 613 contra
1093 573 1306 612 morem
1332 556 1488 628 virgo
1524 556 1791 627 concepit,
1832 573 1928 611 su-

337 661 435 717 pra
449 660 653 701 morem
665 646 913 700 humanas
934 644 1338 700 consuetudinis
1354 644 1454 699 Dei
1471 644 1663 699 Filium
1680 652 1925 717 generet.

412 743 582 797 Vnus.
614 745 776 796 36.—-
803 743 877 797 Et
903 757 1044 807 ecce,
1077 749 1181 796 etc.
1216 741 1437 813 (ΒΕοΑ.)
1456 742 1538 795 Ne
1560 740 1718 814 virgo
1734 741 1929 812 despe-

342 836 426 885 ret
454 829 523 884 de
550 836 731 900 partu,
766 836 893 895 etc.,
918 844 1091 900 usque
1108 829 1183 885 ad
1201 844 1602 899 praecursorem
1623 845 1840 901 quoque
1860 829 1927 884 de

343 932 446 973 anu
477 917 648 972 sterili
677 917 1011 972 nasciturum
1042 925 1420 990 cognosceret.

415 1007 663 1077 Cognata
676 1010 799 1061 tua.
820 1005 958 1074 Quia
974 1005 1201 1075 de_tribu
1227 1006 1375 1075 Levi,
1390 1006 1444 1060 id
1462 1012 1543 1061 est
1559 1006 1627 1061 de
1646 1005 1788 1060 tribu
1804 1005 1924 1060 Dei.

412 1094 632 1165 (BEDA.)
663 1094 936 1166 Legimus,
981 1094 1127 1164 quod
1164 1096 1349 1148 Aaron
1382 1093 1472 1165 qui
1510 1094 1578 1148 de
1619 1094 1762 1149 tribu
1798 1093 1929 1149 Levi

341 1189 477 1248 erat,
513 1189 642 1248 etc.,
674 1198 817 1255 uque
848 1182 921 1237 ad
960 1198 1080 1252 quae
1120 1181 1416 1237 secundum
1456 1183 1629 1237 Deum
1668 1181 1927 1253 spiritua-

336 1269 406 1327 lis
436 1270 776 1341 cognationis
805 1271 1080 1327 consortio
1109 1286 1218 1325 non
1247 1271 1525 1325 carebant.

414 1368 586 1424 Vens.
604 1371 776 1423 38.—
804 1369 942 1423 Ecce
971 1368 1188 1424 ancilla
1218 1368 1463 1423 Domini.
1495 1369 1618 1422 Non
1646 1368 1716 1423 de
1734 1369 1926 1441 singu-

337 1455 544 1511 laritate
576 1455 755 1509 meriti
786 1472 847 1509 se
878 1455 1105 1521 extollit,
1141 1455 1239 1509 sed
1268 1472 1382 1510 suae
1409 1456 1734 1512 conditionis
1762 1465 1815 1512 et
1838 1458 1926 1513 di-

335 1543 477 1600 vinae
505 1542 848 1614 cognationis
878 1559 979 1614 per
1005 1543 1189 1597 omnia
1218 1560 1448 1610 memor,
1484 1561 1542 1599 se
1575 1545 1828 1601 ancillam
1856 1547 1927 1601 il-

336 1631 442 1687 lius
469 1647 592 1687 esse
621 1630 835 1697 fatetur,
880 1633 1033 1701 cujus
1070 1639 1245 1686 mater
1282 1632 1520 1704 eligitur,
1555 1641 1608 1687 et
1645 1650 1769 1689 cum
1805 1651 1925 1689 ma-

335 1736 449 1792 gna
475 1721 763 1777 devotione
789 1720 1213 1792 promissionem
1239 1722 1421 1793 angeli
1450 1729 1599 1793 Optat
1620 1723 1852 1794 impleri.

406 1820 576 1875 Vnus.
594 1823 681 1874 39.
708 1822 1093 1892 —E.rurgens
1122 1824 1315 1875 autem
1346 1822 1523 1877 Maria
1543 1822 1606 1877 in
1635 1823 1826 1880 diebus
1858 1825 1928 1880 il-

338 1909 427 1974 lis,
454 1908 594 1964 abiit
622 1908 684 1962 in
710 1912 988 1965 montana
1010 1925 1139 1964 cum
1156 1911 1527 1979 festinatione
1549 1911 1615 1965 in
1637 1912 1927 1969 civitatem

333 1996 496 2055 Iuda.
525 1996 893 2068 (Aman.)jNon
921 1996 1205 2053 incredula
1230 1998 1299 2052 de
1326 1998 1569 2065 oraculo,
1586 2007 1714 2067 etc.,
1751 2018 1926 2076 usque

332 2085 407 2142 ad
437 2084 568 2139 dum
599 2084 843 2140 subditur
865 2102 878 2139 :
897 2087 969 2141 Et
981 2089 1201 2158 factum
1219 2090 1305 2142 est
1320 2090 1387 2142 ut
1400 2087 1638 2143 audivit.

404 2174 573 2229 Vnus.
598 2176 684 2228 40.
705 2204 774 2214 -
802 2175 873 2229 Et
892 2175 1135 2230 intravit
1154 2177 1217 2230 in
1234 2174 1462 2231 domum
1478 2176 1925 2236 Zacharia’ﬂinc

331 2260 544 2318 discant
560 2269 763 2318 sanctae
778 2262 1056 2331 mulieres,
1081 2279 1242 2335 quam
1264 2263 1607 2319 sedulitatem
1624 2281 1921 2337 praegnan-

329 2350 474 2407 tibus
500 2342 737 2407 debeant
766 2351 1025 2407 exhibere
1054 2351 1321 2423 cognatis.

399 2441 472 2494 Et
498 2441 771 2496 salutavit
799 2440 1108 2496 Elizabeth.
1141 2440 1363 2512 (ΒΕΒΔ.)
1385 2424 1540 2496 Prior
1554 2440 1770 2510 salutat,
1796 2443 1937 2515 quia-

325 2527 485 2586 decet
511 2535 568 2583 ut
599 2534 803 2603 quanto
830 2529 1047 2596 castior,
1082 2536 1228 2584 tanto
1257 2528 1516 2584 humilior
1544 2529 1630 2584 sit.

398 2631 673 2688 Vnus“.
707 2662 776 2672 —
805 2632 1152 2699 Exsultavit,
1175 2630 1429 2700 etc.Quia
1458 2630 1647 2705 lingua
1670 2647 1781 2690 non
1811 2650 1917 2706 po-

323 2727 482 2787 terat,
507 2719 689 2775 animo
720 2720 1021 2776 exsultante
1053 2720 1269 2788 salutat,
1304 2728 1357 2775 et
1389 2737 1502 2777 suae
1531 2722 1918 2793 praecursionis

323 2807 560 2865 oﬁicium
575 2808 809 2865 inchoat.
824 2810 969 2865 Ecce
986 2814 1209 2880 apparet
1236 2809 1381 2881 quod
1409 2810 1638 2880 angelus
1666 2810 1913 2867 dixerat:

322 2896 539 2973 Spiritu
550 2902 745 2955 sancto
757 2897 1066 2970 replebitur
1084 2897 1266 2955 adhuc
1287 2913 1362 2955 ex
1377 2902 1539 2955 utero
1550 2901 1753 2956 matris
1775 2918 1912 2957 suae.
1962 2922 1965 2925 ·

389 2996 561 3051 Vens.
592 2998 681 3053 42.
706 3025 775 3036 -
799 2995 1102 3051 Benedicta
1119 2998 1203 3052 tu.
1238 2994 1433 3066 (BEDA,
1468 2998 1674 3069 Aman.)
1698 2997 1917 3056 Conve-
1948 2997 1998 3062 C

319 3083 474 3140 niunt
501 3084 671 3140 verba
695 3083 978 3155 Evangelii
998 3099 1122 3140 cum
1150 3084 1334 3139 verbis
1352 3084 1546 3157 psalmi
1566 3084 1623 3140 in
1651 3103 1759 3159 quo
1778 3104 1914 3159 pro-

322 3171 550 3229 mittitur
562 3171 735 3229 David
758 3174 853 3228 :De
869 3174 1068 3244 fructu
1086 3174 1302 3230 ventris
1332 3175 1418 3231 tui
1427 3191 1638 3247 ponam
1653 3192 1824 3251 super
1838 3194 1917 3234 se-

323 3260 451 3318 dem
467 3265 628 3318 tuam
646 3260 1057 3333 (Psal.cxxx1).
1080 3263 1147 3317 Et
1169 3262 1363 3318 eadem
1382 3278 1517 3320 voce
1544 3264 1712 3319 Maria
1738 3265 1912 3322 bene-

320 3348 517 3407 dicitur
543 3351 612 3406 ab
642 3348 921 3407 Elizabeth
951 3365 1058 3423 qua
1085 3363 1120 3407 a
1147 3350 1426 3421 Gabriele,
1456 3360 1512 3408 ut
1539 3360 1593 3408 et
1619 3354 1835 3426 angelis
1861 3362 1915 3411 et

319 3438 630 3497 hominibus
658 3439 994 3508 veneranda,
1028 3447 1082 3497 et
1109 3440 1311 3498 nostris
1338 3441 1556 3499 feminis
1571 3443 1914 3517 praeferenda

323 3536 677 3588 monstretur.

390 3618 564 3675 Vens.
584 3620 747 3675 43.-
770 3618 946 3696 Mater
960 3620 1203 3677 Domini.
1231 3620 1415 3677 Sentio
1427 3620 1774 3689 miraculum,
1793 3637 1912 3694 my-

323 3706 552 3765 sterium
564 3722 859 3781 cognosco,
873 3715 1047 3766 mater
1058 3708 1275 3765 Domini
1289 3710 1460 3767 verbo
1472 3709 1723 3778 feta,Deo
1732 3710 1910 3783 plena.

392 3806 669 3864 Vnus“.
700 3837 771 3849 -—
808 3809 871 3866 Ut
895 3811 1071 3880 facta.
1105 3809 1229 3878 Ipso
1256 3815 1533 3865 momento
1563 3825 1669 3880 quo
1698 3825 1802 3866 vox
1831 3808 1914 3865 in“

322 3903 432 3953 trat
459 3898 530 3952 ad
567 3911 730 3953 aures
768 3897 1039 3968 corporis,
1079 3895 1251 3953 virtus
1287 3898 1585 3968 spiritualis
1624 3913 1722 3953 cor
1759 3899 1921 3953 intrat

327 3985 618 4051 audientis,
652 3992 705 4040 et
730 4000 841 4039 non
877 3985 1051 4040 solum
1066 3983 1443 4057 matrem,:sed
1474 3985 1635 4041 etiam
1674 3985 1920 4042 sobolem

323 4089 509 4130 amore
539 4071 880 4128 advenientis
909 4071 1176 4129 accendit.

398 4162 750 4218 Exsultavit.
783 4160 1004 4232 (BEDA.)
1035 4159 1334 4217 Revelante
1351 4160 1554 4233 Spiritu
1574 4176 1681 4234 quo
1696 4161 1921 4234 impleta

323 4258 775 4324 erat,etc.,usque
786 4249 859 4307 ad
870 4248 1101 4305 credidit
1110 4248 1388 4322 virgo,ubi
1405 4251 1663 4307 sacerdos
1674 4252 1911 4324 negavit.

827 167 1230 225 WALAFRIDI
1261 166 1504 224 STRABI
1536 166 1739 224 FULD.
1788 164 1963 223 MON.
1988 164 2141 224 OPP.
2174 165 2352 223 PARS
2378 167 2422 223 Ι.
2451 194 2521 209 —-
2547 165 3021 225 THEOLOGICA.

3533 171 3642 227 248

2101 294 2173 348 Et
2197 292 2606 348 misericordia.
2656 292 2877 365 (ΒευΑ.)
2907 295 2953 348 Α
2974 291 3305 365 specialibus
3347 292 3507 349 donis
3550 294 3622 349 ad

2028 380 2312 452 generalia
2353 380 2455 435 Dei
2487 380 2693 449 judicia
2729 398 2789 437 se
2830 382 3118 451 convertit,
3162 389 3292 453 etc.,
3342 397 3515 455 usque
3550 382 3625 438 ad

2029 468 2210 523 subdit
2241 468 2371 540 quid
2402 476 2806 541 contemptores
2834 479 3166 526 mereantur.

2101 580 2271 636 Vnus.
2307 583 2479 636 53.—
2510 584 2840 638 Esurientes
2870 585 3125 655 implevit
3154 583 3330 639 bonis.
3364 581 3495 654 (In.)
3516 581 3622 652 Qui

2029 675 2236 723 aeterna
2266 676 2378 725 toto
2430 670 2608 725 studio
2653 671 2988 737 desiderant,
3040 672 3445 740 saturabuntur,
3497 686 3623 727 cum

2027 756 2274 812 Christus
2304 758 2615 828 apparuerit
2644 759 2698 813 in
2729 759 2925 833 gloria.
2961 760 3069 814 Sed
3099 759 3191 831 qui
3219 759 3453 816 terrenis
3493 774 3625 832 gau-

2028 845 2177 916 dent,
2200 845 2258 899 in
2276 846 2466 902 ultimo
2487 846 2679 902 inanes
2700 848 2863 902 totius
2884 847 3230 902 beatitudinis
3256 847 3618 903 dimittuntur.

2028 934 2089 987 In
2108 934 2364 1004 praesenti
2386 934 2551 990 etiam
2572 935 2820 991 videmus
2842 935 3072 991 humiles
3091 935 3276 992 divina
3307 936 3489 1009 gratia
3513 935 3623 992 im-

2027 1021 2186 1092 pleri,
2221 1024 2489 1094 superbos
2518 1022 2722 1079 lumine
2752 1024 2999 1080 veritatis
3030 1024 3256 1095 privari.

2100 1137 2271 1193 Vnus.
2305 1140 2392 1192 55.
2426 1168 2495 1178 -
2522 1139 2681 1195 Sicut
2714 1140 2932 1195 locutus
2962 1144 3049 1195 est
3079 1140 3151 1195 ad
3164 1142 3358 1212 patres
3374 1143 3618 1198 nostros.

2025 1226 2345 1281 Memoriam
2384 1233 2601 1297 patrum
2648 1227 2844 1298 quibus
2886 1229 3006 1284 hac
3056 1227 3205 1283 salus
3258 1228 3498 1283 revelata
3542 1237 3626 1284 est

2027 1312 2255 1384 faciens,
2305 1315 2579 1370 Abraham
2622 1316 2939 1371 nominatim
2987 1315 3260 1387 exprimit,
3311 1316 3395 1372 cui
3442 1317 3622 1387 primo

2026 1401 2147 1472 ipsa
2190 1403 2490 1459 incarnatio
2543 1403 2889 1459 manifestata
2946 1412 3047 1459 est.
3112 1407 3181 1461 Et
3237 1406 3444 1461 semini
3499 1408 3621 1477 ejus

2025 1491 2091 1546 in
2119 1493 2347 1547 saecula.
2380 1493 2505 1547 Non
2535 1500 2645 1547 tam
2675 1508 2841 1547 carne
2883 1493 3102 1565 genitis,
3146 1509 3309 1564 quam
3347 1492 3475 1549 ﬁdei
3518 1510 3619 1549 ve-

2029 1578 2193 1650 stigia
2241 1579 2461 1650 secutis,
2509 1581 2706 1652 quibus
2752 1581 3020 1637 adventus
3068 1581 3368 1637 Salvatoris
3409 1582 3465 1637 in
3509 1598 3617 1637 saa-

1943 1641 1998 1702 B
2027 1667 2147 1722 cula
2188 1676 2270 1723 est
2312 1668 2637 1739 promissus,
2694 1669 2823 1740 quia
2868 1669 2990 1740 ipsa
3038 1669 3331 1740 promissio
3378 1671 3617 1727 haeredi-

2025 1754 2150 1810 tatis
2196 1756 2345 1812 nullo
2402 1755 2509 1811 ﬁne
2580 1757 2884 1813 claudatur.
2934 1760 3076 1813 Nam
3123 1766 3177 1813 et
3222 1775 3394 1830 usque
3440 1759 3497 1814 in
3551 1759 3621 1814 ﬁ-

2024 1860 2151 1900 nem
2194 1844 2380 1901 saeculi
2422 1846 2711 1902 credentes
2753 1862 2864 1903 non
2893 1848 3145 1917 deerunt,
3177 1856 3231 1904 et
3272 1848 3620 1906 beatitudinis

2026 1932 2126 1988 erit
2154 1933 2330 2006 gloria
2357 1934 2635 2005 perennis.

2095 2049 2266 2103 Vnus.
2302 2052 2389 2103 56.
2423 2079 2493 2089 —
2524 2050 2730 2107 Mansit
2757 2055 2950 2108 autem
2986 2053 3179 2109 Maria.
3212 2053 3434 2124 (BEDA.)
3473 2054 3614 2109 Tan-

2024 2135 2117 2192 diu
2169 2136 2385 2206 mansit,
2448 2137 2626 2194 donec
2676 2138 2889 2195 videret
2935 2141 3297 2211 praecursoris
3354 2141 3608 2198 nativita-

2023 2232 2151 2291 tem,
2200 2233 2429 2296 prOpter
2477 2242 2642 2298 quam
2687 2228 2923 2284 maxime
2970 2238 3216 2285 venerat.
3276 2231 3394 2287 Nec
3448 2246 3613 2287 causa

2024 2314 2143 2369 sola
2204 2313 2589 2370 familiaritatis
2651 2317 2837 2371 tandiu
2901 2318 3120 2387 mansit,
3182 2319 3281 2374 sed
3341 2327 3401 2374 ut
3464 2327 3613 2376 tanto

2021 2409 2270 2473 tempore
2319 2411 2373 2458 et
2415 2404 2696 2460 Elizabeth
2734 2412 2788 2459 et
2830 2404 3056 2461 Joannis
3101 2415 3379 2463 cresceret
3423 2408 3613 2479 profe-

2020 2498 2160 2547 ctus.
2202 2492 2346 2547 Nam
2403 2492 2450 2546 si
2505 2492 2562 2546 in
2616 2492 2793 2564 primo
2849 2494 3086 2549 adventu
3140 2494 3345 2564 Mariae,
3407 2496 3612 2566 Spiritu

2019 2588 2210 2636 sancto
2238 2588 2363 2635 sunt
2402 2580 2615 2651 repleti,
2659 2582 2889 2637 multum
2929 2588 3012 2637 est
3038 2581 3148 2637 illis
3192 2583 3605 2656 superadditum

2018 2675 2171 2724 tanta
2198 2683 2353 2725 mora
2377 2668 2699 2725 mansionis.

2088 2783 2260 2839 Vens.
2295 2787 2383 2839 59.
2416 2814 2485 2824 —
2513 2786 2612 2841 Die
2641 2788 2850 2843 octavo.
2882 2786 2987 2841 Per
3016 2786 3492 2845 circumcisionem
3522 2806 3607 2848 re-

2019 2871 2285 2927 surrectio
2332 2872 2551 2928 Domini
2607 2871 2887 2946 ﬁguratur,
2948 2874 3077 2947 quia
3133 2883 3188 2930 et
3250 2883 3445 2933 octava
3497 2877 3606 2944 die,

2018 2958 2074 3015 id
2124 2966 2208 3016 est
2254 2968 2379 3031 post
2426 2961 2735 3031 sabbatum,
2789 2961 2935 3018 facta
2983 2972 3085 3020 est.
3134 2965 3205 3019 Et
3257 2964 3395 3021 sicut
3443 2965 3536 3020 illa
3578 2981 3613 3022 a

2018 3057 2176 3103 reatu
2222 3049 2417 3104 mortis
2463 3049 2751 3107 absolvere
2802 3051 3032 3118 solebat,
3096 3052 3173 3109 sic
3224 3053 3331 3110 ista
3377 3053 3606 3110 immor-

2014 3137 2139 3193 talis
2168 3137 2294 3194 vitae
2319 3137 2678 3206 nativitatem,
2712 3147 2765 3194 et
2793 3139 2848 3194 in
2879 3148 3097 3198 auctore
3125 3150 3315 3199 nostro
3345 3142 3603 3210 exhibuit,

2014 3234 2067 3282 et
2096 3226 2151 3281 in
2181 3226 2340 3282 nobis
2369 3228 2693 3284 monstravit
2721 3230 3071 3299 Sperandam.

2083 3317 2155 3372 Et
2184 3318 2459 3373 vocabant
2484 3333 2633 3373 eum.
2651 3318 2874 3390 (ΒεοΑ.)
2904 3318 3130 3375 Joannis
3161 3320 3435 3377 celebrata
3463 3321 3599 3378 nati-

2013 3403 2175 3471 vitas,
2194 3412 2277 3460 est
2294 3404 2437 3461 Novi
2451 3406 2785 3462 Testamenti
2805 3407 3057 3464 inchoata
3073 3409 3272 3482 gratia,
3298 3418 3606 3484 etc.,usque

2013 3493 2085 3550 ad
2114 3492 2348 3567 gratiam
2378 3495 2668 3568 Evangelii
2698 3496 2745 3550 si
2774 3503 2923 3553 recte
2951 3497 3289 3571 intelligatur
3331 3499 3600 3572 exprimit.

2083 3607 2254 3663 Vnus.
2281 3611 2367 3664 62.
2392 3639 2461 3649 —
2482 3610 2802 3666 Innuebant
2821 3616 3016 3668 autem
3028 3615 3186 3685 patri
3206 3615 3346 3685 ejus,
3371 3623 3475 3671 etc.
3500 3614 3606 3685 Qui

2011 3693 2239 3750 innuunt
2267 3697 2409 3767 patri
2467 3697 2538 3752 de
2578 3698 2797 3753 nomine
2826 3699 3327 3773 pueri,signiﬁcant
3361 3702 3486 3759 illos
3514 3703 3607 3774 qui

2012 3783 2322 3839 testimonio
2357 3784 2499 3857 legis
2546 3785 2830 3841 intendunt
2877 3794 3127 3844 astruere
3173 3790 3407 3862 gratiam
3454 3790 3601 3847 ﬁdei.

2084 3890 2252 3945 Vnus.
2290 3892 2376 3945 67.
2413 3920 2482 3930 —-
2510 3893 2579 3946 Et
2605 3893 2960 3964 prophetavit
2989 3894 3201 3950 dicens.
3235 3896 3456 3973 (BEDA‘.)
3484 3898 3603 3952 Ma-

2011 3993 2120 4051 gna
2143 3977 2367 4051 largitas
2399 3980 2596 4035 divinae
2623 3979 2857 4050 pietatis.
2892 3982 3036 4038 Ecce
3066 3982 3288 4054 loquela
3326 4001 3448 4056 quae
3486 3986 3606 4043 sola

2011 4066 2196 4122 ablata
2234 4074 2318 4122 est
2361 4065 2644 4134 difﬁdenti,
2693 4083 2819 4124 cum
2862 4069 3055 4140 spiritu
3097 4072 3400 4143 prophetiae
3438 4074 3603 4131 resti-

2011 4162 2127 4211 tuta
2158 4163 2243 4211 est
2272 4155 2535 4212 credenti.

2082 4270 2253 4325 Vens.
2289 4274 2376 4326 68.
2408 4301 2478 4312 —
2507 4273 2861 4330 Benedictus.
2897 4273 3003 4343 Qui
3031 4272 3159 4331 dum
3188 4277 3481 4335 bonitatem
3502 4280 3604 4336 Dei

393 4349 567 4405 Vnus.
590 4350 679 4403 46.
711 4375 781 4389 ·-
820 4347 1142 4418 Magni/50M
1178 4349 1377 4404 anima
1415 4364 1538 4404 mea
1576 4351 1962 4420 DommumD
1989 4358 2222 4432 rogavit,
2273 4374 2372 4431 pro
2402 4358 2726 4417 liberatione
2754 4378 3066 4433 praecursor
3094 4365 3327 4422 donatus
3356 4376 3458 4423 est.

320 4434 452 4508 (11).)
471 4437 653 4493 Primo
671 4435 816 4491 dona
831 4434 935 4489 sibi
950 4434 1305 4506 spiritualiter
1320 4451 1583 4493 concessa
1598 4437 1903 4509 proﬁtetur,

320 4532 628 4598 etc.,usque
646 4525 717 4581 ad
734 4524 789 4578 in
806 4524 923 4593 ejus
941 4525 1229 4597 praeceptis
1250 4525 1611 4583 observandis
1626 4527 1902 4599 impendo.

388 4640 665 4696 Vens“.
698 4669 767 4681 —
794 4642 865 4696 Et
886 4643 1215 4699 exsultavit.
1235 4643 1366 4715 (10.)
1396 4641 1536 4712 Quia
1565 4650 1781 4701 terrena
1798 4661 1908 4702 non

315 4743 472 4796 curo,
518 4729 854 4800 prosperitas
905 4744 1014 4785 non
1054 4730 1260 4786 emollit
1301 4748 1409 4798 me,
1452 4732 1755 4790 adversitas
1798 4750 1907 4789 non

313 4816 537 4889 frangit,
568 4816 669 4873 sed
693 4815 811 4873 sola
840 4818 987 4873 illius
1014 4819 1281 4875 memoria
1316 4820 1571 4887 delectat,
1605 4837 1639 4876 a
1670 4838 1777 4894 quo
1819 4838 1907 4878 sa-

314 4904 402 4960 lus
446 4912 697 4977 speratur
738 4913 961 4975 aeterna,
1007 4906 1153 4963 illius
1206 4908 1484 4965 divinitate
1537 4909 1693 4967 laetor
1751 4912 1906 4980 cujus

316 4994 607 5065 temporali
636 4995 993 5067 conceptione
1022 5011 1147 5052 mea
1174 5011 1305 5053 caro
1334 4997 1554 5054 fetatur.

386 5092 557 5148 Vnus.
580 5093 720 5149 48-
739 5093 880 5161 Quia
896 5097 1168 5167 respexit.
1190 5095 1321 5167 (10.)
1338 5097 1481 5153 Ecce
1499 5111 1663 5169 quam
1684 5096 1815 5153 vilia
1835 5097 1903 5152 de

316 5195 378 5237 se
407 5181 589 5248 sentit,
621 5188 748 5249 etc.,
769 5200 942 5257 usque
973 5184 1046 5240 ad
1075 5192 1128 5240 et
1156 5185 1225 5241 de
1253 5185 1440 5257 parvis
1469 5185 1760 5243 etinﬁrmis
1791 5202 1903 5241 ma-

316 5284 457 5341 gnos
481 5268 610 5327 facit
640 5277 694 5326 et
720 5270 908 5328 fortes.

320 5382 325 5387 -
395 5359 535 5427 Quia
565 5359 703 5430 fecit
731 5360 876 5416 mihi
903 5379 1129 5435 magna.
1150 5362 1291 5432 Quia
1311 5363 1367 5419 in
1395 5380 1483 5420 me
1514 5378 1737 5421 carnem
1756 5380 1903 5421 sum-

313 5447 440 5519 psit,
487 5455 540 5503 et
577 5465 664 5505 me
696 5465 726 5504 a
765 5451 1005 5522 peccatis
1046 5453 1342 5518 mundavit,
1400 5461 1451 5509 et
1499 5453 1641 5509 dona
1677 5453 1904 5525 Spiritus

319 5536 493 5595 sancti
522 5538 656 5596 mihi
684 5539 926 5597 contulit.

2089 4448 2363 4504 Visitavit.
2406 4447 2566 4517 Quod
2605 4451 2853 4521 proxime
2893 4452 3206 4509 faciendum
3244 4465 3601 4529 cognoverat,

2005 4536 2329 4608 prophetico
2358 4553 2508 4594 more
2540 4539 2697 4610 quasi
2721 4540 2836 4607 jam
2866 4539 3069 4597 factum
3098 4551 3297 4598 narrat.

2079 4634 2249 4688 Vnns.
2286 4636 2373 4689 69.
2416 4665 2485 4675 —-
2528 4636 2713 4692 Cornu
2758 4638 2963 4693 salutis
3010 4640 3186 4695 nobis.
3239 4640 3461 4711 (BnnA.)
3503 4642 3604 4698 Per

2007 4734 2178 4777 cornu
2211 4722 2359 4793 quod
2390 4738 2608 4778 carnem
2639 4724 2870 4794 excedit,
2903 4741 3027 4780 cum
3057 4726 3239 4784 omnia
3271 4743 3397 4785 ossa
3436 4745 3602 4788 carne

2005 4816 2275 4881 tegantur,
2311 4826 2544 4883 regnum
2573 4812 2770 4868 Christi
2801 4813 3157 4889 signiﬁcatur,
3209 4834 3318 4890 quo
3358 4820 3597 4876 mundus

2004 4905 2059 4954 et
2078 4897 2280 4971 gaudia
2314 4899 2496 4955 carnis
2513 4910 2858 4970 superantur.
2892 4904 2953 4956 In
2984 4907 3138 4974 cujus
3163 4906 3399 4981 ﬁguram
3428 4910 3601 4966 David

2005 4993 2057 5040 et
2087 4986 2347 5042 Salomon
2375 5001 2546 5041 cornu
2577 4986 2703 5055 olei,
2738 4996 2861 5044 sunt
2894 4988 2950 5044 in
2993 4995 3152 5066 regni
3193 4996 3427 5067 gloriam
3460 5014 3598 5055 con-

2005 5074 2224 5142 secrati,
2255 5082 2313 5129 ut
2341 5074 2493 5144 prius
2524 5074 2654 5130 Saul
2683 5076 2956 5135 lenticula.

2077 5172 2246 5227 Vens.
2279 5174 2367 5226 71.
2401 5202 2469 5212 -
2499 5173 2756 5231 Salutem
2785 5192 2859 5232 ea:
2888 5179 3142 5236 inimicis
3184 5185 3412 5250 nostris,
3445 5189 3502 5240 et
3532 5186 3599 5242 de

2002 5276 2197 5326 manu,
2257 5267 2360 5317 etc.
2394 5260 2587 5317 Erexit
2633 5264 2791 5321 nobis
2848 5267 3077 5323 salutem
3124 5285 3191 5325 ex
3229 5268 3480 5341 inimicis,
3543 5280 3597 5329 et

2004 5356 2088 5405 est
2114 5348 2418 5421 explanatio
2462 5352 2764 5423 superioris
2823 5356 3098 5425 versiculi,
3131 5357 3188 5413 in
3216 5374 3322 5430 quo
3354 5360 3595 5418 breviter

2001 5438 2147 5495 idem
2194 5439 2574 5509 praemiserat:
2608 5444 2677 5497 Et
2725 5446 2910 5499 erexit
2949 5462 3126 5502 cornu
3163 5449 3369 5504 salutis
3412 5452 3587 5508 nobis.

2075 5542 2243 5602 Vens.
2278 5548 2366 5605 72.
2400 5578 2469 5590 —
2494 5549 2576 5607 Ad
2613 5550 2937 5619 faciendam
2970 5554 3416 5614 misericordiam
3466 5573 3599 5616 cum
