3932 6178
176 298 276 356 249

1061 286 1330 345 GLOSSA
1364 284 1773 344 ORDINARIA.
1802 310 1873 327 —
1899 281 2168 366 EVANG.
2197 283 2350 342 LUC.

3373 290 3480 346 250

183 417 423 496 patribus
454 415 686 483 nostris,
720 418 779 472 et
802 414 1109 470 memorari
1140 415 1488 479 testamenti,
1523 419 1627 468 etc.
1660 410 1768 467 Lo-
1796 408 1856 470 Α
1877 417 2185 482 gnoverunt
2231 425 2333 465 nos
2354 409 2538 483 angeli
2587 410 2736 466 cives
2781 424 2929 467 suos.
2968 409 3038 465 Et
3071 410 3223 467 timet
3252 411 3485 485 angelus

187 515 323 567 cutus
344 513 448 573 est,
482 503 656 561 erexit
682 503 842 559 nobis
871 501 1097 558 salutem
1134 502 1203 558 ad
1248 500 1553 558 faciendam
1597 498 1769 554 mise-

185 595 483 660 ricordiam,
516 594 576 648 ut
600 591 1036 648 misericordiam
1083 605 1246 663 quam
1283 589 1529 662 patribus
1559 588 1771 660 promi-

185 686 245 741 sit
270 683 490 755 impleat
518 681 577 736 in
616 680 796 748 nobis,
829 688 883 736 et
921 681 1292 749 juramentum
1329 678 1476 751 quod
1514 677 1639 733 fecit
1666 693 1771 749 pa-

182 774 339 831 tribus
367 772 439 828 de
466 769 789 826 liberatione
815 775 1027 837 nostra,
1058 768 1116 823 in
1157 766 1318 825 nobis
1364 782 1466 839 per
1494 766 1771 824 Christum

183 860 523 932 compleatur.

242 949 410 1004 Vens.
439 950 533 1004 76.
567 976 638 988 —
665 947 737 1002 Et
768 950 851 1012 tu,
881 960 1045 1019 puer,
1072 944 1347 1019 propheta
1374 944 1661 1001 Altissimi
1688 960 1774 1001 vo-

182 1038 381 1097 caberis
413 1053 428 1093 :
456 1037 687 1110 prwibis
718 1034 877 1091 enim
905 1038 1041 1091 ante
1069 1033 1278 1105 faciem
1296 1036 1525 1091 Domini
1540 1049 1767 1107 parare,

183 1134 275 1184 etc.
304 1125 531 1198 (ΒΕυΑ.)
559 1126 685 1181 Non
710 1124 910 1178 mirum
940 1122 987 1178 si
1015 1122 1309 1195 alloquitur
1355 1122 1617 1179 infantem
1650 1130 1772 1178 octo

182 1216 398 1281 dierum,
431 1221 566 1282 etc.,
598 1228 772 1286 usque
798 1211 873 1269 ad
900 1226 1020 1284 quae
1065 1211 1402 1285 agnoscebat
1432 1226 1492 1267 se
1548 1211 1604 1266 in
1631 1210 1772 1268 ﬁlios

182 1302 496 1374 suscepisse.
1481 1312 1498 1326 ‘

238 1392 403 1448 Vm.
436 1392 529 1459 79,
563 1393 652 1446 80.
683 1419 754 1430 —
780 1389 862 1447 Ad
900 1388 1218 1462 dirigendos
1244 1388 1412 1462 pedes
1458 1394 1682 1448 nostros
1709 1391 1774 1445 in

179 1482 314 1537 viam
343 1481 533 1553 pacis.
566 1481 718 1535 Puer
743 1482 938 1534 autem
966 1479 1268 1547 crescebat,
1302 1486 1403 1533 etc.
1437 1479 1505 1534 Ut
1532 1494 1631 1549 per
1659 1494 1773 1533 em-

176 1569 254 1624 nia
287 1583 523 1641 gressus
550 1574 866 1623 nostrorum
911 1582 1136 1637 operum
1182 1566 1562 1622 illuminatoris
1598 1565 1773 1622 nostri

183 1656 356 1730 gratim
395 1656 756 1723 concordent,
808 1655 983 1711 donec
1018 1654 1091 1710 ad
1126 1654 1467 1711 mansionem
1496 1663 1775 1727 perpetuae

176 1744 312 1817 pacis
340 1744 636 1800 intremus.

232 1840 237 1843 ’
809 1830 1035 1889 CAPUT
1064 1832 1131 1887 II.

237 1949 403 2005 Vsus.
438 1951 467 2003 1
503 1977 575 1988 -
606 1947 774 2004 Exiit
800 1947 1050 2004 edictum
1078 1963 1114 2004 a
1147 1947 1380 2005 Caesare.
1414 1949 1579 2017 Aua.,
1611 1949 1772 2025 Ben.)

176 2039 441 2110 Augustus
478 2037 773 2093 duodecim
804 2037 965 2092 annis
1012 2036 1157 2093 circa
1211 2035 1546 2094 nativitatem
1576 2037 1777 2095 Christi

170 2126 215 2183 in
239 2142 371 2199 pace
401 2125 680 2199 regnavit,
720 2132 847 2193 etc.,
890 2141 1066 2197 usque
1094 2125 1167 2181 ad
1192 2125 1283 2182 hic
1310 2126 1546 2197 primum
1576 2127 1765 2184 Iudaea

174 2214 292 2271 facta
319 2222 410 2271 est
440 2213 799 2287 stipendiaria
827 2213 1108 2270 Romanis.

230 2305 400 2360 Vnus.
421 2307 479 2362 2.
512 2333 585 2345 —
610 2304 826 2359 Prima.
850 2302 1071 2375 (BEDA.)
1097 2302 1219 2358 Iam
1248 2302 1481 2359 diversis
1510 2304 1766 2376 tempori-

169 2393 274 2459 bus,
319 2393 609 2466 plerseque
635 2399 821 2464 partes
850 2397 1124 2448 terrarum
1166 2393 1425 2466 leguntur
1454 2392 1764 2465 descriptae,

175 2482 260 2538 sed
286 2483 406 2539 hac
433 2490 520 2538 est
547 2481 724 2553 prima
753 2498 939 2537 earum
970 2496 1092 2553 quae
1128 2488 1301 2538 totum
1329 2481 1519 2539 orbem
1548 2483 1769 2539 conclu-

168 2580 359 2639 serunt,
395 2587 521 2644 quae
548 2569 821 2642 professio
850 2577 933 2626 est
962 2570 1240 2638 mentium,
1276 2570 1402 2644 quia
1448 2571 1630 2628 nullus
1661 2587 1767 2629 ex-

168 2659 411 2715 cluditur.
442 2660 548 2715 Vel
579 2666 728 2715 certe
756 2666 888 2715 tunc
912 2658 1152 2731 primum
1194 2660 1377 2732 ccepit,
1409 2660 1626 2732 quando
1656 2662 1766 2733 Cy-

164 2747 302 2803 rinus
326 2764 359 2802 a
392 2748 615 2804 Caesare
642 2747 698 2802 in
729 2746 941 2820 Syriam
968 2748 1171 2806 missus
1227 2755 1329 2816 est,
1363 2762 1561 2805 censor
1587 2749 1764 2821 patri-

166 2837 463 2892 moniorum
492 2835 730 2892 futurus.

226 2933 395 2991 Vsus.
429 2935 487 2990 4.
519 2965 593 2975 -
618 2934 921 2992 Nazareth.
954 2933 1085 3007 (In.)
1129 2932 1385 3004 Quotidie
1414 2935 1679 2993 Dominus
1710 2938 1766 2993 in

165 3022 424 3079 Nazareth
455 3022 782 3095 concipitur,
815 3030 944 3091 etc.,
993 3039 1167 3096 usque
1203 3023 1277 3082 ad
1303 3024 1452 3097 quod
1506 3026 1766 3084 instantia

1871 497 2093 553 adorari
2106 498 2172 552 ab
2184 499 2424 553 humana
2434 506 2630 553 natura
2650 514 2815 571 quam
2824 499 2879 554 in
2893 514 2992 555 suo
3004 516 3138 573 rege
3150 498 3483 557 considerat.

1938 588 2267 643 Hominibus
2315 589 2469 644 bona:
2517 589 2851 644 voluntatis.
2901 588 3123 661 (BEDA.)
3174 587 3280 657 Qui
3311 588 3484 645 susci-

1871 674 2027 746 piunt
2055 683 2240 730 natum
2273 676 2568 745 Christum,
2604 693 2714 732 non
2742 677 2828 732 his
2858 677 2949 750 qui
2988 677 3171 732 audita
3200 678 3317 748 ejus
3345 676 3484 734 nati-

1874 763 2038 820 vitate
2059 771 2184 819 sunt
2206 766 2405 820 turbati
2427 773 2479 820 et
2503 782 2627 821 eum
2663 766 2958 837 persecuti.
2982 768 3103 823 Non
3125 770 3210 823 est
3224 784 3346 839 paa:
3367 767 3481 823 im-

1867 854 2002 924 piis,
2036 853 2175 909 dicit
2212 856 2484 910 Dominus
2526 854 2656 925 (Isa.
2689 855 2908 926 XLVIII).

1944 941 2113 996 Vsus.
2168 945 2253 997 16.
2305 974 2373 983 -
2422 945 2491 997 Et
2540 948 2820 999 venerunt
2866 945 3211 1015 festinantes
3260 944 3483 1015 (BEDA.)

1870 1029 1993 1085 Non
2052 1044 2177 1085 cum
2236 1030 2447 1085 desidia
2477 1031 2675 1085 Christi
2706 1032 2996 1104 qumrenda
3054 1040 3137 1087 est
3165 1033 3477 1103 praesentia,

1873 1125 2000 1187 etc.,
2034 1135 2207 1189 usque
2238 1119 2310 1174 ad
2341 1119 2498 1190 quasi
2528 1119 2582 1173 in
2625 1120 2882 1191 praesipio
2931 1120 3227 1177 invenient.

1945 1225 2115 1280 Vens.
2150 1226 2235 1279 17.
2268 1255 2337 1264 -
2372 1226 2625 1282 Videntes
2655 1231 2866 1282 autem.
2910 1226 3060 1282 Visio
3106 1226 3193 1284 vel
3240 1227 3478 1301 cognitio

1872 1312 1973 1368 Dei
2003 1321 2103 1381 est,
2139 1321 2191 1368 et
2220 1314 2338 1369 haec
2369 1321 2451 1369 est
2481 1314 2600 1369 sola
2638 1314 2752 1371 vita
2805 1315 3086 1370 hominum
3132 1323 3191 1371 ut
3237 1332 3472 1390 cognos-

1873 1410 1999 1458 cant
2027 1418 2219 1457 verum
2248 1404 2481 1472 Patrem,
2516 1412 2569 1459 et
2606 1420 2767 1476 quem
2814 1403 2963 1458 misit
2991 1405 3177 1460 Jesum
3207 1404 3481 1461 Christum

1874 1507 1998 1547 esse
2028 1508 2195 1546 unum
2225 1493 2420 1548 Deum.

1945 1580 2115 1635 Vsus.
2152 1584 2238 1635 18.
2270 1611 2339 1620 -
2369 1582 2559 1637 Mirati
2588 1586 2745 1637 sunt.
2796 1580 3063 1636 Mirantur
3092 1589 3145 1636 et
3173 1581 3242 1636 de
3271 1588 3480 1654 myste-

1873 1666 1958 1723 rio
1987 1668 2375 1723 incarnationis
2406 1677 2459 1724 et
2488 1671 2557 1724 de
2586 1678 2730 1725 tanta
2776 1660 3058 1741 pastorum
3115 1670 3479 1741 attestatione,

1799 1764 1853 1825 Β
1877 1756 1969 1827 qui
1997 1755 2208 1828 ﬁngere
2240 1758 2424 1813 audita
2478 1759 2773 1826 nescirent,
2807 1760 2907 1814 sed
2962 1759 3195 1830 simplici
3224 1758 3482 1814 facundia

1873 1860 2008 1900 vera
2043 1846 2428 1915 praedicarent.
2482 1848 2589 1903 Sed
2636 1847 2901 1902 Dominus
2939 1864 3049 1902 non
3077 1849 3346 1914 rethores,
3383 1848 3483 1903 sed

1873 1932 2178 2004 piscatores
2206 1935 2276 1989 ad
2333 1936 2821 2008 evangelizandum
2877 1936 3187 1992 destinavit.
3222 1936 3312 1991 Sic
3340 1943 3393 1991 et
3423 1936 3481 1990 in

1874 2022 2070 2078 Vetere
2100 2024 2449 2079 Testamento
2488 2041 2600 2079 sua:
2641 2024 3061 2095 dispensationis
3100 2024 3322 2080 nuntios
3352 2040 3480 2095 pas-

1872 2117 2019 2166 tores
2048 2111 2337 2167 ordinavit.
2372 2113 2501 2168 Ideo
2531 2128 2641 2168 non
2678 2120 2760 2168 est
2815 2113 3265 2185 parvipendenda
3292 2121 3481 2186 pasto-

1871 2215 1996 2254 rum
2024 2200 2312 2255 attestatio.

1942 2288 2113 2343 Vens.
2145 2292 2234 2345 20.
2266 2319 2335 2328 —
2363 2291 2435 2343 Et
2464 2291 2692 2356 reversi,
2726 2298 2830 2346 etc.
2864 2290 3084 2362 (Βεω.)
3114 2290 3205 2346 Sic
3228 2289 3478 2362 spiritua-

1869 2376 1951 2430 les
1978 2384 2230 2447 pastores
2258 2378 2424 2432 modo
2461 2378 2854 2433 dormientibus
2893 2379 3016 2433 aliis
3053 2379 3473 2449 contemplanda

1871 2464 2117 2521 coelestia
2146 2466 2542 2535 subvehuntur,
2592 2474 2722 2533 etc.,
2763 2483 2936 2539 usque
2966 2468 3039 2523 ad
3075 2468 3205 2521 dum
3236 2467 3423 2522 dicunt
3458 2483 3471 2521 :

1872 2552 2060 2609 Gloria
2088 2555 2151 2609 in
2180 2555 2484 2611 altissimis
2512 2557 2641 2622 Deo,
2675 2559 2731 2611 et
2751 2556 2815 2610 in
2835 2558 2991 2611 terra
3008 2572 3128 2627 pax
3152 2555 3472 2612 hominibus

1868 2642 2022 2699 bona:
2059 2643 2392 2698 voluntatis.

1939 2739 2110 2794 Vnus.
2141 2743 2231 2797 22.
2263 2769 2334 2780 -—-
2368 2742 2641 2796 Tulerunt
2670 2742 2858 2797 illum.
2893 2741 3112 2797 Parvuli
3141 2741 3233 2814 qui
3261 2740 3331 2797 de
3359 2748 3473 2797 toto

1867 2842 2042 2898 regno
2083 2828 2400 2884 Judaeorum
2447 2829 2517 2884 ad
2545 2830 2810 2900 templum
2836 2831 3211 2901 portabantur,
3248 2829 3294 2884 si
3323 2837 3479 2886 erant

1865 2914 1935 2971 de
1966 2916 2111 2971 tribu
2142 2917 2289 2987 Levi,
2321 2917 2379 2973 in
2407 2917 2770 2973 ministerium
2807 2918 3004 2974 domus
3032 2926 3298 2990 perpetuo
3327 2917 3466 2975 deti-

1866 3004 2153 3061 nebantur.
2187 3005 2243 3061 Si
2274 3006 2341 3062 de
2370 3006 2479 3062 alia
2506 3007 2673 3076 tribu,
2705 3007 2883 3078 pretio
2913 3008 3040 3063 dato
3068 3024 3100 3063 a
3147 3007 3479 3078 parentibus

172 3110 434 3184 loquentis
461 3093 720 3184 magi‘stri
746 3110 881 3166 nihil
926 3093 1086 3167 valet‘
1116 3110 1223 3168 nisi
1279 3093 1635 3187 ﬁgmentum
1664 3133 1766 3173 su-
1785 3131 1836 3196 C
1879 3093 2232 3166 primogeniti
2276 3095 2684 3151 redimebantur
2712 3096 2783 3151 ad
2802 3096 3028 3167 propria
3057 3094 3353 3152 referendi.

161 3201 305 3271 perni
324 3200 629 3271 juvaminis
656 3208 715 3255 ut
741 3199 988 3256 audiatur
1016 3200 1312 3273 acceperit.

222 3288 386 3346 Vnus.
423 3293 482 3346 6.
531 3319 604 3330 —
650 3290 889 3346 Factum
936 3292 1024 3345 est
1068 3293 1283 3346 autem.
1331 3290 1475 3347 Alibi
1521 3293 1754 3367 concipi,

160 3376 275 3434 alibi
316 3378 478 3436 nasci
523 3376 792 3433 Dominus
840 3376 1038 3447 voluit,
1072 3385 1132 3433 ut
1173 3377 1479 3435 insidiantis
1528 3381 1765 3439 Herodis

160 3464 389 3524 furorem
440 3464 659 3523 facilius
706 3465 985 3522 evaderet.
1038 3465 1327 3521 Humilitas
1370 3468 1575 3525 Christi
1605 3487 1760 3527 com-

157 3555 453 3624 mendatur,
493 3555 624 3627 quia
650 3569 764 3610 non
794 3554 974 3611 solum
1012 3553 1307 3624 incarnari,
1345 3557 1444 3612 sed
1475 3558 1637 3614 etiam
1664 3560 1760 3617 illo

160 3649 391 3716 tempore
420 3643 585 3700 nasci
613 3642 804 3711 voluit,
838 3658 946 3716 quo
966 3658 1092 3699 mox
1111 3650 1270 3699 natus
1308 3646 1497 3701 censui
1528 3648 1761 3706 Caesaris

158 3741 370 3804 propter
398 3739 657 3789 nostram
687 3731 1068 3788 liberationem
1126 3732 1474 3792 subderetur.

220 3820 387 3879 Vnus.
441 3822 503 3878 7.
533 3850 607 3862 —
632 3822 852 3878 Pennis
882 3836 1013 3878 eum
1039 3820 1299 3879 involvit.
1334 3822 1544 3879 Vilibus
1574 3824 1763 3882 indui-

150 3916 229 3965 tur
279 3910 505 3982 pannis,
536 3915 601 3966 ut
653 3909 851 3965 stolam
897 3908 1319 3966 immortalitatis
1351 3911 1748 3985 reciperemus.

152 3996 332 4054 Manus
379 4006 437 4056 et
486 3997 661 4070 pedes
706 3998 1087 4070 stringuntur;
1118 4006 1177 4054 ut
1222 4013 1419 4055 manus
1459 4010 1662 4060 nostrae
1690 4004 1763 4061 ad

147 4086 277 4144 bene
301 4086 679 4160 operandum,
709 4087 881 4159 pedes
924 4087 981 4142 in
1021 4086 1160 4143 viam
1209 4089 1359 4160 pacis
1411 4089 1754 4164 dirigantur;

151 4177 402 4245 parvulus
432 4177 637 4248 factus,
670 4183 729 4233 ut
755 4191 858 4232 nos
891 4175 1123 4249 perfecti
1173 4176 1365 4234 simus.

212 4264 381 4322 Vens.
419 4270 477 4323 8.
520 4295 592 4307 --
637 4267 708 4322 Et
756 4271 1030 4339 pastores.
1083 4265 1306 4338 (ΒευΑ.)
1357 4266 1501 4325 Nato
1548 4284 1760 4327 summo

149 4362 384 4425 pastore,
417 4362 681 4429 pastores
717 4354 787 4410 ab
828 4354 1043 4411 insidiis
1091 4354 1288 4422 noctis,
1321 4362 1450 4426 etc.,
1485 4374 1660 4432 usque
1690 4360 1762 4416 ad

147 4458 305 4516 super
334 4459 486 4518 quos
514 4443 696 4501 divina
734 4442 915 4519 gratia
949 4443 1163 4518 largius
1194 4454 1469 4502 coruscat.

1942 3200 2114 3256 Vnus.
2148 3204 2312 3257 23.—
2343 3202 2502 3257 Sicut
2529 3204 2831 3275 scriptum.
2855 3203 3076 3275 (BEDA.)
3099 3203 3368 3275 Scriptum
3388 3209 3474 3259 est

1870 3288 1928 3343 in
1956 3287 2082 3362 lege
2116 3306 2129 3344 :
2164 3290 2363 3346 Mulier
2381 3308 2503 3363 quae
2546 3296 2825 3364 suscepto,
2860 3300 2988 3359 etc.,
3039 3308 3214 3365 usque
3244 3292 3317 3348 ad
3349 3308 3473 3349 cum

1870 3377 2144 3433 bonorum
2201 3394 2429 3450 operum
2474 3378 2742 3435 fructibus
2807 3395 3061 3451 superum
3118 3379 3473 3438 beatitudinis

1870 3466 2078 3540 gaudia
2107 3468 2269 3523 subit.

1940 3574 2110 3629 Vens.
2141 3577 2230 3631 24.
2265 3605 2334 3615 -
2388 3577 2504 3631 Par
2563 3578 2859 3632 turturum
2887 3574 3018 3647 (In.)
3065 3575 3193 3632 Haec
3241 3575 3464 3648 oblatio,

1864 3676 2169 3734 pauperum
2199 3671 2334 3733 erat,
2358 3663 2449 3735 qui
2470 3678 2580 3719 non
2611 3662 2926 3720 sufﬁcerent
2946 3663 3146 3720 offerre
3165 3680 3389 3739 agnum,
3412 3672 3473 3722 ut

1864 3767 1965 3822 per
1993 3751 2173 3806 omnia
2204 3751 2481 3807 humilitas
2512 3751 2730 3807 Domini
2768 3759 2971 3823 pateat.
3249 3769 3253 3773 '

1934 3867 2105 3922 Vnus.
2137 3870 2229 3924 25.
2261 3895 2331 3907 -
2359 3869 2429 3923 Et
2451 3884 2576 3925 ecce
2598 3869 2778 3926 homo.
2801 3868 2925 3924 Non
2945 3867 3124 3924 solum
3143 3867 3346 3942 angeli,
3371 3869 3471 3927 sed

1863 3955 2039 4010 omnis
2069 3962 2199 4010 setas
2219 3964 2272 4011 et
2294 3972 2456 4011 sexus
2477 3956 2845 4014 testimonium
2865 3964 2994 4014 nato
3016 3957 3255 4014 reddunt
3271 3974 3465 4031 puero.

1860 4044 1928 4099 Et
1942 4044 2076 4100 sicut
2096 4044 2166 4099 ab
2187 4044 2430 4101 omnium
2452 4045 2776 4102 saeculorum
2806 4046 3064 4117 fidelibus
3084 4047 3465 4121 praesagieba-

1861 4141 1968 4201 tur,
1992 4134 2068 4189 ita
2088 4135 2314 4191 veniens
2336 4135 2577 4191 omnium
2597 4144 2913 4193 sanctorum
2933 4136 3093 4193 laude
3116 4136 3464 4209 praedicatur.

1933 4250 2101 4307 Vnus.
2132 4254 2221 4309 27.
2255 4282 2325 4292 —
2353 4255 2622 4308 Puerum.
2657 4253 2792 4308 Cum
2832 4252 3069 4325 pueritia
3104 4260 3230 4326 post
3258 4261 3468 4325 septem

1857 4354 2029 4395 annos
2066 4340 2306 4397 infantiae
2334 4341 2575 4413 incipiat,
2617 4343 2776 4397 Iesus
2805 4342 3128 4414 frequenter
3156 4358 3296 4413 puer
3324 4342 3460 4399 dici-

1857 4436 1965 4494 tur,
2000 4437 2247 4485 nontam
2292 4438 2446 4487 aetate
2504 4446 2668 4503 quam
2713 4446 2816 4501 pro
2868 4430 3111 4498 servitio,
3145 4430 3290 4485 unde
3318 4431 3459 4486 Pro-

208 4497 478 4590 satis:
509 4497 1502 4607 insessasmanu)
1531 4497 1833 4593 Etcon-D
1863 4516 2074 4588 pheta:
2108 4519 2248 4574 Ecce
2273 4536 2419 4591 puer
2446 4497 2623 4586 τηὲαε,
2659 4497 2784 4591 (ιυῖίει
2827 4520 3008 4575 Filius
3054 4497 3302 4576 hbmz‘nis
3347 4534 3465 4577 ηοτι

145 4620 480 4693 cipiendum,
515 4630 571 4679 et
616 4630 960 4695 conceptum,
993 4629 1049 4679 et
1074 4631 1262 4679 natum
1290 4623 1602 4693 Dominum,
1627 4624 1753 4681 coeli

145 4710 285 4768 cives
312 4719 617 4781 testantur,
650 4718 710 4767 ut
737 4718 791 4767 et
820 4710 1083 4768 mortales
1129 4711 1462 4769 sufﬁcienter
1490 4712 1754 4783 imbuant,

141 4806 189 4855 et
215 4815 380 4856 suum
411 4799 624 4857 auctori
675 4800 954 4857 servitium
998 4800 1333 4873 impendant.

202 4888 379 4945 Vnus.
418 4892 510 4946 12.
554 4919 629 4931 -
672 4890 965 4961 Infantem
992 4892 1205 4963 pannis
1244 4892 1588 4948 involutum.
1622 4891 1755 4965 (In.)

140 4973 354 5033 Crebris
373 4975 613 5034 infantia
647 4977 951 5034 Salvatoris
971 4986 1025 5035 et
1044 4977 1371 5053 angelorum
1396 4978 1745 5050 testimoniis,

140 5072 186 5119 et
209 5065 692 5141 evangelistarum
723 5074 806 5123 est
832 5067 1126 5137 inculcata,
1158 5076 1216 5124 ut
1243 5068 1515 5125 mentibus
1545 5069 1751 5126 nostris

139 5151 291 5213 altius
339 5153 615 5229 inﬁgatur
661 5155 795 5228 quid
841 5172 943 5227 pro
990 5157 1149 5212 nobis
1196 5157 1265 5212 sit
1294 5157 1467 5214 factus
1501 5175 1515 5213 :
1556 5159 1618 5213 In
1648 5174 1757 5231 quo

136 5240 415 5300 humilitas
447 5245 894 5301 commendatur:
921 5244 1065 5313 Quia
1084 5262 1215 5302 cum
1243 5251 1389 5303 esset
1416 5246 1587 5313 dives,
1610 5263 1755 5319 pau-

135 5346 230 5400 per
249 5349 361 5406 pro
402 5333 569 5391 nobis
606 5336 799 5403 factus
834 5338 940 5403 est,
976 5338 1044 5389 ut
1062 5336 1259 5407 inopia
1299 5351 1405 5392 sua
1422 5351 1524 5392 nos
1544 5335 1757 5393 ditaret

138 5420 206 5481 (ιι
249 5422 410 5493 σον).

200 5507 375 5567 Vm.
413 5512 507 5568 14.
538 5538 610 5552 -
637 5512 711 5567 Et
740 5513 804 5567 in
837 5516 991 5569 terra
1019 5528 1158 5585 pax.
1203 5511 1434 5582 Quando
1472 5513 1754 5584 peccando

133 5612 350 5655 eramus
382 5615 423 5655 a
455 5599 570 5657 Deo
600 5599 868 5669 extranei,
902 5608 1193 5658 extraneos
1238 5616 1339 5657 nos
1370 5602 1554 5675 angeli
1583 5602 1755 5674 depu-

132 5687 352 5757 tabant;
389 5689 500 5748 sed
528 5690 653 5763 quia
683 5689 1042 5764 cognovimus
1073 5706 1264 5764 regem
1292 5698 1562 5762 nostrum,
1597 5707 1755 5751 reco-

1860 4607 2015 4662 venit
2044 4607 2388 4673 ministrari,
2425 4608 2521 4664 sed
2548 4609 2880 4663 ministrare
2912 4607 3043 4676 (Isa.
3086 4606 3247 4678 xw).

1932 4705 2102 4760 Vens.
2135 4708 2226 4762 29.
2247 4735 2317 4745 —
2336 4706 2495 4761 Nunc
2515 4705 2761 4759 dimittis
2788 4719 3014 4760 servum
3026 4708 3210 4761 tuum.
3234 4703 3465 4777 (Anum)

1860 4790 1968 4861 Qui
1996 4793 2110 4849 vult
2139 4793 2353 4863 dimitti,
2388 4793 2569 4849 veniat
2596 4792 2653 4847 in
2681 4792 3041 4862 Hierusalem,
3093 4800 3233 4866 etc.,
3276 4809 3453 4867 usque

1858 4880 1930 4937 ad
1950 4890 2081 4938 tunc
2110 4882 2412 4937 dimittetur
2430 4889 2490 4936 ut
2515 4897 2624 4938 non
2653 4881 2835 4938 videat
2863 4888 3112 4950 mortem,
3146 4881 3273 4954 quia
3300 4881 3458 4938 vide-

1857 4978 1941 5026 rat
1968 4970 2152 5027 vitam.

1932 5070 2099 5124 Vnus.
2134 5070 2222 5123 34.
2256 5098 2325 5108 -
2355 5071 2493 5125 Ecce
2520 5069 2738 5142 positus
2768 5072 2854 5124 est
2883 5069 2993 5125 hic.
3027 5068 3087 5122 In
3107 5066 3321 5123 ruinam
3336 5066 3461 5126 illo-
3552 5118 3557 5129 .

1856 5172 1977 5211 rum
2007 5157 2097 5228 qui
2129 5164 2410 5223 steterant,
2443 5166 2496 5214 et
2525 5156 2983 5214 resurrectionem
3009 5154 3228 5212 illorum
3248 5156 3341 5229 qui
3369 5172 3462 5215 ce-

1856 5244 2139 5312 ciderant;
2170 5246 2257 5300 vel
2286 5247 2344 5301 in
2374 5246 2583 5303 ruinam
2611 5247 2886 5313 vitiorum,
2919 5253 2973 5300 et
2999 5245 3059 5300 in
3100 5247 3463 5304 resurrectio-

1855 5349 1982 5389 nem
2010 5334 2413 5390 virtutum.Non
2443 5337 2499 5391 in
2536 5353 2596 5393 se
2626 5343 2852 5402 tantum,
2886 5334 2987 5390 sed
3014 5333 3073 5389 in
3099 5334 3213 5390 suis
3241 5351 3459 5408 quoque

1854 5423 2310 5495 praedicatoribus
2336 5426 2545 5495 positus
2574 5433 2656 5481 est
2684 5426 2740 5479 in
2769 5425 2983 5479 ruinam
3012 5430 3067 5481 et
3096 5423 3452 5480 resurrectio-

1854 5528 2000 5580 nem,
2048 5512 2192 5568 unde
2240 5513 2533 5584 Apostolus
2564 5530 2577 5568 :
2615 5515 2825 5571 Christi
2873 5515 3046 5572 bonus
3089 5513 3223 5570 odor
3257 5524 3453 5567 sumus

1855 5605 1984 5671 Deo,
2018 5604 2081 5658 in
2112 5604 2199 5658 his
2245 5603 2344 5675 qui
2387 5603 2532 5658 salvi
2558 5603 2725 5673 ﬁunt,
2760 5608 2817 5659 et
2846 5606 2911 5659 in
2942 5603 3030 5658 his
3057 5602 3155 5674 qui
3180 5600 3440 5671 pereunt.

1854 5692 2003 5750 Bono
2014 5692 2158 5750 enim
2170 5692 2358 5761 odore,
2374 5692 2465 5749 alii
2485 5691 2777 5762 salvantur,
2792 5691 2882 5749 alii
2890 5696 3122 5763 pereunt
3133 5688 3209 5757 (II
3226 5686 3346 5744 Cor.
3362 5684 3445 5755 ιι).
