3932 6178
429 272 530 329 251

1056 265 1463 325 WALAFRIDI
1489 264 1735 324 STRABI
1764 263 1967 323 FULD.
1998 263 2173 322 MON.
2207 263 2359 322 OPP.
2381 262 2559 320 PARS
2588 263 2631 319 Ι.
2658 291 2727 306 -
2747 260 3221 321 THEOLOGICA.

3635 269 3743 325 252

515 394 687 451 Vnus.
738 396 825 449 35.
874 422 944 436 ——
987 392 1235 450 Gladius.
1287 392 1510 464 (Βεω.)
1547 391 1718 447 Dolor
1745 390 2046 446 Dominica:
2065 394 2122 458 Α
2148 388 2494 461 importunos
2521 387 2781 461 cogitatu,
2832 387 3186 461 repellamus,
3219 394 3275 445 et
3314 387 3451 447 alios
3481 388 3759 451 instruere

440 482 731 565 passionis,
764 489 891 552 etc.,
923 497 1098 556 usque
1112 481 1185 538 ad
1204 480 1405 536 zizania
1423 480 1735 553 germinare
1755 478 2041 550 conspicit.

517 580 586 637 Ut
611 579 960 635 revelentur.
993 580 1134 634 Ante
1166 585 1284 633 erat
1310 577 1582 633 incertum
1612 575 1705 648 qui
1735 575 2050 631 Iudaeorum

422 666 645 724 Christi
691 666 929 741 gratiam
975 666 1304 738 reciperent,
1347 665 1440 738 qui
1486 671 1856 736 conspuerent
1890 680 1904 718 :
1952 662 2051 718 sed

442 754 629 812 audita
655 754 931 812 nativitate
970 754 1281 811 revelantur
1309 752 1688 827 cogitationes,
1722 758 1775 807 et
1803 749 2050 806 Herodes

443 852 497 900 et
525 843 619 900 alii
660 844 965 913 turbantur,
1016 842 1239 915 quidam
1284 843 1355 899 ad
1408 841 1611 899 Christi
1672 838 2052 913 magisterium

444 932 734 990 accedunt.

514 1047 684 1104 Vnus.
719 1049 808 1102 36.
842 1074 912 1087 —
941 1047 1011 1102 Et
1040 1050 1166 1103 erat
1194 1046 1379 1114 Anna,
1416 1052 1521 1102 etc.
1558 1043 1700 1114 Quia
1744 1059 1847 1115 per
1877 1042 2053 1100 virum

442 1142 496 1193 et
524 1136 816 1192 mulierem
844 1134 953 1191 vita
991 1134 1157 1190 totius
1198 1134 1388 1189 mundi
1432 1133 1652 1206 perdita
1682 1140 1782 1202 est,
1813 1132 1872 1187 in
1899 1131 2053 1188 testi-

441 1224 627 1281 monio
658 1224 783 1282 vitae
812 1239 915 1296 per
944 1223 1222 1279 Christum
1251 1223 1531 1279 redeuntis
1560 1224 1716 1277 Anna
1764 1218 2053 1292 conjungi-

439 1321 531 1370 tur
553 1312 813 1370 Simeoni.
837 1312 1103 1369 Convenit
1120 1311 1397 1384 mysteriis
1415 1310 1699 1379 Ecclesiae,
1725 1309 1873 1381 quod
1896 1310 2054 1364 Anna

443 1402 623 1476 gratia
651 1402 1062 1473 interpretatur,
1098 1417 1220 1473 qua:
1249 1407 1333 1456 est
1360 1399 1470 1455 ﬁlia
1490 1396 1749 1467 Phanuel,
1776 1396 1869 1469 qui
1888 1392 2057 1453 facies

443 1491 546 1547 Dei
575 1490 793 1559 dicitur,
837 1490 983 1546 unde
1033 1505 1197 1561 supra
1233 1507 1247 1544 :
1278 1490 1575 1561 Signatum
1622 1490 1710 1543 est
1755 1501 1925 1558 super
1952 1501 2057 1542 nos

446 1587 641 1644 lumen
668 1580 861 1636 vultus
883 1581 993 1646 tui,
1015 1578 1430 1650 Domine(Psal.
1463 1578 1561 1648 IV).
1593 1577 1671 1631 De
1703 1576 1856 1631 tribu
1893 1574 2052 1630 Aser.

512 1675 574 1732 Id
606 1684 689 1731 est
717 1675 879 1745 beati,
913 1675 1216 1744 descendit,
1250 1673 1343 1747 qui
1371 1672 1513 1728 inter
1558 1671 1851 1728 duodecim
1880 1669 2051 1742 patri-

442 1765 641 1822 archas
669 1764 865 1821 ordine
892 1764 1153 1821 nascendi
1183 1771 1406 1819 octavus
1434 1769 1535 1831 est,
1584 1768 1812 1834 propter
1840 1767 2044 1831 myste-

441 1854 586 1910 rium
641 1853 1081 1909 resurrectionis.
1147 1851 1401 1923 Quinque
1448 1858 1573 1905 sunt
1620 1852 1810 1905 Annae.
1863 1847 2044 1903 Prima

442 1949 622 1999 mater
666 1942 903 2010 Samuel,
957 1941 1201 1998 secunda
1255 1956 1394 1995 uxor
1421 1938 1649 2011 Raguel,
1682 1936 1841 1992 tertia
1870 1943 2046 1991 mater

441 2031 646 2098 Tobiae,
681 2038 873 2104 quarta
902 2029 1012 2085 ﬁlia
1040 2028 1303 2098 Phanuel,
1339 2028 1521 2100 quinta
1541 2027 1714 2081 Mater
1730 2025 1932 2082 Mariae.

514 2131 872 2186 Processerat
899 2129 962 2184 in
1008 2127 1220 2184 diebus.
1274 2124 1495 2197 (BEDA.)
1538 2124 1697 2180 Juxta
1738 2122 2038 2191 historiam,

443 2219 619 2288 Anna,
655 2225 709 2274 et
739 2217 950 2273 devotae
979 2214 1435 2283 conversationis,
1470 2221 1600 2283 etc.,
1623 2229 1797 2286 usque
1818 2213 1891 2269 ad
1910 2210 2044 2267 mul-

441 2306 753 2379 tiplicantur
779 2313 1006 2379 propter
1034 2304 1392 2376 apostolicam
1416 2302 1741 2359 doctrinam.

515 2405 686 2461 Vnus.
718 2407 806 2459 38.
840 2433 909 2444 —
953 2403 1222 2459 Omnibus
1272 2403 1386 2475 qui,
1423 2408 1528 2456 etc.
1564 2398 1832 2455 Omnibus
1862 2395 2037 2452 ﬁdeli-

440 2493 543 2548 bus
573 2493 665 2566 qui
687 2493 823 2565 jugo
854 2492 1089 2548 Herodis
1118 2490 1442 2563 alienigenae
1472 2487 1702 2562 gravati,
1752 2485 2041 2542 liberatio-

442 2598 570 2638 nem
615 2581 847 2638 civitatis
885 2589 940 2636 et
984 2580 1172 2652 populi
1220 2579 1628 2651 exspectabant,
1689 2574 2042 2648 promittebat

443 2686 545 2742 per
572 2670 865 2726 adventum
915 2668 1117 2725 Christi
1164 2668 1221 2723 in
1269 2666 1519 2740 proximo
1548 2664 1982 2736 redemptionem
2011 2679 2043 2717 a

446 2758 733 2832 tyrannide
762 2756 944 2812 alieni.

515 2863 690 2920 Vnus.
734 2865 823 2918 40.
857 2864 1099 2918 —Puer
1155 2865 1371 2919 autem.
1425 2858 1646 2931 (ΒΕυΑ.)
1694 2859 1756 2913 In
1784 2872 1852 2914 eo
1894 2856 2043 2929 quod

443 2969 582 3025 puer
610 2959 745 3022 erat,
780 2959 908 3021 etc.,
941 2967 1115 3024 usque
1161 2950 1233 3007 ad
1263 2950 1428 3006 homo
1457 2947 1579 3005 ﬁeri
1608 2946 1881 3019 coepisset,
1916 2961 2043 3017 per-

443 3041 619 3099 fectus
647 3048 794 3098 esset
820 3048 876 3095 ut
914 3040 1082 3096 Deus.

516 3147 689 3203 Vnus.
722 3148 811 3202 41.
843 3175 913 3188 -—
941 3148 1011 3202 Et
1039 3146 1199 3202 ibant
1234 3148 1521 3217 parentes,
1556 3150 1660 3199 etc.
1693 3140 1825 3215 (In.)
1854 3140 2047 3198 Merito

2148 477 2482 533 laboremus.

2168 568 2177 575 “
2221 567 2393 621 Vens.
2425 568 2515 623 52.
2546 594 2615 606 -
2643 565 2975 635 Pro/ieiebat
3016 567 3320 640 sapientia.
3353 567 3580 640 (Βεωι.)
3607 567 3757 625 Sicut

2150 661 2233 711 est
2263 653 2443 709 carnis
2482 661 2639 710 aetate
2677 652 2967 725 proﬁcere,
3021 662 3151 724 etc.,
3201 671 3376 729 usque
3403 656 3479 713 ad
3524 663 3756 731 utraque

2150 742 2356 815 pariter
2376 742 2696 799 salvaretur.

2775 874 3001 933 CAPUT
3048 875 3140 931 III.

2225 1019 2396 1075 Vnus.
2429 1022 2484 1077 2.
2518 1048 2587 1059 —
2615 1019 2855 1074 Factum
2925 1023 3012 1074 est
3058 1019 3307 1087 verbum,
3365 1028 3475 1077 etc.
3538 1021 3763 1094 (Βεω.)

2154 1107 2605 1181 Congregaturus
2631 1105 2956 1175 Ecclesiam,
2987 1107 3090 1163 Dei
3117 1106 3261 1163 ﬁlius
3287 1108 3530 1180 primum
3558 1125 3762 1182 opera-

2154 1203 2244 1251 tur
2270 1197 2327 1251 in
2356 1196 2594 1263 servulo,
2627 1202 2757 1264 etc.,
2791 1211 2968 1269 usque
2994 1196 3067 1251 ad
3095 1212 3266 1253 unum
3293 1196 3479 1270 itaque
3508 1197 3670 1267 dixit,
3705 1206 3758 1254 et

2155 1285 2336 1340 omnia
2374 1284 2688 1341 declaravit.

2227 1375 2399 1430 Vnus.
2431 1378 2484 1429 3.
2515 1403 2585 1413 —
2612 1373 2934 1430 Prcedicans
2991 1373 3333 1447 baptismum
3383 1376 3759 1447 pwnitentiw,

2156 1470 2263 1519 etc.
2296 1462 2427 1533 (In.)
2455 1462 2691 1517 Joannes
2712 1462 3042 1533 baptismum
3059 1461 3394 1533 paenitentiae
3420 1463 3761 1535 praedicavit,

2156 1559 2212 1606 et
2242 1551 2565 1623 quibusdam
2596 1550 2758 1605 etiam
2789 1550 2960 1618 dedit,
2992 1557 3122 1618 etc.,
3154 1566 3329 1624 usque
3356 1551 3432 1608 ad
3457 1567 3766 1624 praecurre-

2157 1646 2247 1694 tur
2275 1655 2375 1694 suo
2403 1639 2724 1709 baptismate
2754 1655 2863 1710 quo
2890 1646 3117 1710 peccata
3145 1639 3286 1694 solvi
3312 1655 3422 1697 non
3451 1650 3710 1712 possunt.

2064 1749 2120 1811 Β
2229 1729 2399 1785 Vens.
2434 1730 2487 1783 4.
2517 1758 2587 1768 -
2624 1730 2735 1785 Vox
2779 1728 3106 1783 clamantis.
3140 1728 3286 1797 Vox,
3338 1730 3465 1801 quia
3491 1746 3762 1801 praenun-

2147 1816 2256 1872 tius
2284 1816 2458 1872 verbi.
2510 1817 2577 1871 In
2623 1816 2861 1872 deserto.
2914 1815 3054 1883 Quia
3102 1816 3338 1873 desertae
3385 1826 3441 1873 et
3479 1819 3761 1876 destitutae

2141 1906 2348 1961 Judzezn
2392 1903 2645 1959 solatium
2720 1903 3117 1975 redemptionis
3181 1906 3482 1961 annuntiat.
3532 1908 3766 1963 Nullum

2142 1994 2373 2050 verbum
2404 1993 2523 2048 sine
2552 2007 2687 2049 voce
2716 1992 2954 2059 auditur,
2985 2007 3089 2049 nec
3116 2008 3224 2049 vox
3264 1994 3384 2050 sine
3411 1995 3565 2050 verbi
3596 1995 3762 2051 intel-

2142 2082 2364 2154 ligentia
2395 2081 2556 2137 valet.
2591 2084 2802 2137 Parata
2831 2082 2982 2137 viam
3014 2083 3261 2149 Domini,
3313 2091 3419 2139 etc.
3454 2082 3563 2152 Qui
3590 2082 3759 2140 ﬁdem

2144 2179 2197 2226 et
2227 2171 2367 2225 bona
2395 2186 2565 2241 opera
2605 2170 2885 2241 praedicat,
2936 2169 3067 2241 quid
3108 2169 3256 2225 aliud
3303 2187 3468 2243 quam
3513 2167 3762 2228 venienti

2143 2259 2379 2315 Domino
2400 2260 2428 2314 ?
2457 2259 2525 2314 ad
2555 2259 2723 2314 corda
2772 2257 3110 2313 audientium
3167 2259 3309 2314 viam
3338 2268 3517 2331 parat,
3549 2268 3613 2316 ut
3640 2262 3763 2317 haec

2141 2348 2226 2404 vis
2254 2347 2445 2421 gratiae
2499 2347 2752 2414 illustret,
2784 2353 2843 2401 ut
2898 2354 3079 2402 rectas
3135 2347 3253 2403 Deo
3309 2348 3532 2403 semitas
3561 2348 3750 2417 faciat,

2087 2488 2102 2499 ,
2142 2436 2273 2492 dum
2301 2436 2532 2491 mundas
2561 2434 2919 2509 cogitationes
2948 2434 3005 2489 in
3034 2434 3217 2491 animo
3272 2452 3374 2508 per
3430 2453 3754 2495 sermonem

2141 2525 2542 2597 praedicationis
2570 2524 2786 2579 format.

2205 2615 2376 2671 Vens.
2409 2617 2462 2668 5.
2495 2643 2565 2655 -
2593 2615 2663 2669 Et
2693 2616 2866 2669 erunt
2880 2629 3079 2686 prava.
3104 2612 3326 2686 (Βεθλ.)
3345 2614 3538 2681 Prava,
3560 2613 3620 2670 id
3641 2622 3748 2684 est,

2140 2702 2413 2757 malorum
2442 2701 2608 2758 corda
2635 2718 2736 2773 per
2762 2700 3079 2771 injustitiam
3108 2701 3337 2758 distorta
3392 2703 3459 2758 ad
3490 2703 3752 2777 regulam

2136 2790 2361 2861 justitiae
2391 2790 2715 2863 dirigentur.
3012 2850 3015 2851 ν
3147 2801 3155 2810 ”

2213 2880 2386 2935 Vens.
2419 2884 2470 2934 6.
2505 2909 2575 2919 —
2602 2881 2673 2935 Et
2701 2878 2927 2936 ‘videbit.
2974 2877 3107 2951 (In.)
3154 2879 3217 2934 In
3260 2879 3363 2936 hac
3410 2879 3520 2936 vita
3566 2880 3755 2937 omnis

2142 2969 2306 3024 homo
2336 2967 2610 3023 Christum
2641 2967 2831 3023 videre
2858 2983 2969 3023 non
2996 2967 3190 3040 potuit,
3218 2968 3316 3024 sed
3344 2966 3402 3023 in
3420 2967 3748 3038 diejudicii,

2144 3056 2202 3112 in
2231 3058 2363 3113 sede
2394 3055 2693 3125 majestatis
2723 3063 2776 3111 et
2807 3056 2965 3112 electi
2994 3065 3047 3113 et
3102 3055 3323 3129 reprobi
3351 3056 3558 3128 pariter
3589 3058 3755 3114 vide-

2147 3146 2299 3213 bunt,
2332 3152 2393 3199 ut
2430 3144 2564 3214 justi
2618 3152 3058 3213 remunerentur,
3100 3153 3154 3200 et
3210 3144 3337 3201 mali
3365 3145 3421 3202 in
3476 3153 3753 3203 mternum

445 3236 619 3292 Lucas
644 3234 790 3291 inter
823 3243 1016 3306 quator
1045 3232 1299 3289 animalia
1328 3232 1496 3289 vitulo
1516 3238 1882 3304 comparatur,
1915 3236 2044 3298 etc.,
2146 3241 2388 3307 gemant.
2417 3233 2573 3289 Unde
2603 3241 2657 3288 et
2686 3233 2937 3289 subditur
2969 3251 2982 3288 :

444 3324 711 3397 usquead
744 3322 1041 3395 discipulos
1076 3321 1298 3385 Domini
1344 3321 1400 3376 in
1445 3321 1649 3394 templo
1677 3320 1962 3377 laudantes
1991 3318 2048 3374 in

446 3410 554 3469 ﬁne
582 3411 872 3485 Evangelii
908 3412 992 3468 sui
1038 3410 1333 3468 concludit.

518 3528 689 3585 Vnus.
725 3527 815 3585 45.
846 3555 915 3569 -
944 3529 1015 3583 Et
1058 3543 1174 3584 non
1221 3528 1599 3583 invenientes.
1635 3522 1767 3597 (In.)
1798 3522 1855 3580 Si
1883 3537 2045 3594 quoe-

444 3616 585 3675 ritur
613 3617 889 3690 quomodo
917 3617 1091 3689 potuit
1118 3630 1154 3671 a
1197 3615 1516 3688 parentibus
1543 3611 1919 3670 obliviscenda
1949 3626 2044 3669 re-

444 3705 785 3779 linqui,etc.,
820 3722 994 3793 usque
1016 3705 1088 3762 ad
1116 3721 1242 3762 cum
1273 3704 1448 3762 altero
1468 3710 1699 3777 parente
1737 3716 2041 3758 reversum.

515 3823 686 3880 Vnus.
710 3825 800 3880 46.
816 3851 886 3865 --
904 3822 972 3880 In
990 3822 1172 3879 medio
1194 3821 1327 3894 (In.)
1343 3820 1511 3891 Quasi
1522 3818 1664 3888 fons,
1687 3815 1902 3873 medius
1920 3815 2047 3871 doc-

443 3920 627 3968 torum
656 3911 830 3981 sedet,
864 3910 965 3967 sed
1003 3910 1159 3983 quasi
1199 3910 1479 3982 exemplar
1521 3904 1856 3974 humilitatis,
1890 3902 2045 3976 prius

444 3999 748 4071 interrogat
776 4005 831 4054 et
856 3997 1009 4053 audit
1055 4013 1219 4070 quam
1264 3998 1513 4066 instruat,
1547 4012 1616 4052 ne
1664 3992 1877 4068 parvuli
1903 4008 1935 4049 a
1963 4007 2047 4048 se-

445 4085 691 4144 nioribus
727 4085 915 4143 doceri
952 4085 1297 4153 erubescant,
1327 4100 1396 4142 ne
1440 4083 1689 4142 inﬁrmus
1718 4084 1920 4142 docere
1948 4097 2043 4137 au-

445 4176 589 4233 deat.

512 4289 684 4347 Vnus.
708 4291 797 4347 49.
818 4317 887 4331 --
910 4287 1053 4359 Quid
1071 4292 1159 4346 est
1193 4288 1338 4362 quod
1365 4303 1454 4344 me
1500 4290 1880 4362 quaerebatur?
1910 4289 2041 4361 (In.)

442 4382 568 4440 Non
596 4379 745 4455 quod
772 4393 898 4436 eum
917 4376 1071 4451 quasi
1110 4376 1281 4434 ﬁlium
1327 4384 1578 4449 quaerunt
1622 4377 1910 4450 vituperat,
1943 4378 2043 4434 sed

2218 3322 2390 3377 Vens.
2420 3324 2473 3377 7.
2506 3351 2576 3362 —
2607 3321 2740 3390 Quis
2767 3321 3037 3389 ostendit,
3072 3329 3179 3379 etc.
3202 3322 3232 3378 ?
3261 3322 3493 3394 (Anam)
3517 3321 3662 3393 Quis
3690 3340 3759 3381 os

2146 3409 2317 3467 tendit
2343 3410 2398 3464 in
2453 3409 2741 3482 prudentia
2794 3409 3145 3468 miseratione
3212 3410 3313 3467 Dei
3360 3410 3560 3481 infusa,
3597 3420 3704 3470 etc.
3730 3414 3762 3468 ἓ

2143 3514 2319 3573 usque
2346 3499 2419 3555 ad
2448 3516 2612 3570 quam
2640 3499 2710 3555 ad
2736 3507 2931 3573 gentes
2963 3498 3399 3556 transferendam
3429 3501 3753 3572 prophetat.

2217 3589 2387 3645 Vnus.
2423 3590 2696 3646 8.—Dico
2714 3590 2868 3645 enim
2892 3589 3064 3645 vobis.
3096 3586 3226 3660 (In.)
3247 3586 3350 3658 Qui
3367 3588 3573 3645 amisso
3594 3606 3769 3647 sensu

2143 3676 2391 3746 rationis,
2427 3684 2556 3744 etc.,
2585 3693 2757 3750 usque
2778 3677 2851 3733 ad
2888 3677 3169 3750 replentur
3194 3677 3484 3746 fructibus,
3509 3680 3765 3736 vestiun-

2145 3773 2234 3821 tur
2264 3764 2567 3821 frondibus.

2215 3855 2388 3911 Vnus.
2422 3857 2509 3911 11.
2532 3882 2603 3895 --
2624 3853 2732 3922 Qui
2756 3853 2918 3911 habet
2948 3855 3112 3911 duas.
3137 3853 3359 3927 (ΒεῡΑ.)
3393 3853 3604 3912 Tunica
3622 3855 3763 3929 plus

2144 3942 2229 3999 sui
2256 3942 2566 4000 necessaria
2596 3959 2756 4015 quam
2772 3942 3015 4015 pallium,
3049 3951 3179 4014 etc.,
3200 3959 3378 4019 usque
3395 3944 3470 4001 ad
3489 3943 3591 4002 sed
3608 3945 3773 4018 quod

2142 4031 2458 4087 habetcum
2505 4046 2748 4105 paupere
2785 4032 2999 4103 partiat.

2214 4119 2928 4178 Vens.12.—Publicani.
2974 4120 3106 4194 (In.)
3153 4119 3261 4190 Qui
3306 4120 3601 4195 vectigalia
3647 4138 3781 4196 pu-

2144 4207 2287 4265 blica
2306 4208 2549 4281 exigunt,
2585 4215 2713 4276 etc.,
2738 4226 2913 4282 usque
2939 4209 3013 4266 ad
3043 4209 3260 4265 tandem
3288 4208 3358 4265 ad
3387 4209 3617 4283 propria
3633 4226 3781 4269 cum

2142 4295 2405 4370 proximis
2465 4296 2918 4354 communicanda
2960 4297 3355 4371 pcrtingerent.
3420 4366 3423 4367 γ

2214 4386 2384 4442 Vnus.
2411 4388 2496 4441 15.
2519 4415 2589 4427 --
2606 4386 2992 4444 Εωὶδιὶηιαηιε
3024 4391 3239 4443 autem.
3276 4386 3406 4459 (In.)
3426 4386 3552 4443 Non
3575 4387 3783 4446 solum

444 4470 567 4543 quis
596 4469 667 4525 sit
695 4469 799 4526 sibi
828 4483 994 4525 verus
1022 4467 1182 4524 Pater
1208 4465 1463 4535 insinuat,
1495 4473 1552 4521 et
1581 4466 1711 4538 quid
1740 4466 1922 4539 potius
1942 4467 2039 4524 de-
2059 4476 2114 4539 Β
2143 4473 2472 4549 cogitabant,
2505 4482 2634 4544 etc.,
2667 4491 2845 4549 usque
2872 4475 2945 4531 ad
2971 4491 3073 4547 per
3101 4474 3374 4549 virginem
3401 4475 3628 4534 venisse
3645 4493 3791 4536 non

444 4559 571 4614 beat
598 4557 650 4614 ei
677 4558 767 4615 cui
796 4565 879 4615 est
905 4564 1144 4613 aeternus
1181 4554 1368 4622 Filius,
1399 4553 1598 4610 mentis
1638 4555 1831 4612 oculos
1875 4556 2040 4613 attol-
2144 4563 2394 4620 credunt.

444 4645 562 4701 lere
590 4645 757 4719 cogit.
790 4645 932 4714 Quia
958 4645 1106 4701 enim
1153 4644 1301 4701 Deus
1346 4650 1401 4699 et
1444 4644 1609 4701 homo
1637 4650 1743 4711 est,
1773 4658 1922 4701 nunc
1947 4662 2041 4702 ex-

446 4732 594 4790 celsa
641 4733 886 4800 Deitatis,
940 4748 1088 4790 nunc
1135 4732 1350 4789 inﬁrma
1408 4732 1632 4806 praefert
1675 4732 2043 4791 humanitatis.

445 4819 614 4892 Quasi
641 4820 806 4878 Filius
834 4821 936 4878 Dei
962 4821 1018 4876 in
1047 4822 1250 4894 templo
1279 4829 1668 4891 commoratur,
1702 4822 1857 4895 quasi
1875 4823 2043 4880 Filius

443 4910 679 4968 hominis
706 4926 831 4968 cum
869 4911 1187 4982 parentibus
1218 4926 1327 4984 quo
1351 4911 1545 4981 jubent
1574 4911 1905 4985 regreditur.

517 5024 688 5083 Vsus.
722 5028 810 5081 51.
844 5055 913 5067 -
942 5027 1014 5082 Et
1056 5030 1244 5084 mater
1289 5029 1412 5100 ejus
1459 5030 1822 5087 conservabat
1851 5032 2045 5088 omnia

447 5121 612 5179 verba
638 5123 701 5178 in
730 5122 894 5181 corde
939 5138 1059 5180 suo.
1113 5122 1308 5181 Omnia
1360 5140 1482 5197 quae
1510 5124 1580 5181 de
1610 5126 1864 5197 Domino,
1897 5126 1986 5184 vel
2013 5144 2045 5183 a

449 5208 682 5267 Domino
710 5210 850 5268 facta
880 5211 1156 5285 cognovit,
1190 5212 1305 5268 sive
1337 5228 1459 5285 quae
1476 5213 1764 5285 intellexit,
1787 5216 1903 5273 sive
1923 5232 2044 5289 quae

447 5298 690 5355 nondum
716 5298 1021 5373 intelligere
1052 5300 1243 5371 potuit,
1276 5302 1457 5357 omnia
1484 5302 1541 5357 in
1559 5305 1827 5361 memoria
1844 5320 2045 5362 recon-

447 5387 637 5454 debat,
659 5394 737 5453 ut,
761 5387 977 5459 quando
995 5395 1211 5461 tempus
1240 5390 1602 5461 praedicanda
1621 5409 1720 5450 seu
1741 5394 2047 5451 scribendae

446 5475 832 5533 incarnationis
876 5477 995 5548 ejus
1043 5478 1362 5550 adveniret,
1414 5480 1748 5541 sufﬁcienter
1793 5483 2047 5541 universa

446 5574 611 5640 prout
638 5575 824 5624 essent
851 5575 1007 5641 gesta
1035 5577 1224 5640 posset
1242 5568 1512 5642 explicare
1533 5573 1922 5643 quaerentibus.
1956 5574 2049 5631 Sic

447 5668 550 5719 nos
579 5656 774 5715 crebra
802 5655 1069 5716 factorum
1099 5666 1152 5716 et
1172 5659 1444 5717 dictorum
1458 5660 1676 5717 Domini
1695 5661 2046 5721 meditatione

2216 4653 2387 4709 Vens.
2421 4655 2508 4709 16.
2541 4682 2610 4693 -
2655 4655 2845 4711 Veniet
2884 4657 3100 4721 autem,
3135 4652 3270 4710 Ideo
3323 4652 3541 4725 baptizo
3589 4670 3793 4728 aqua,

2145 4741 2270 4813 quia
2298 4741 2390 4797 ille
2438 4741 2586 4798 venit
2628 4742 2721 4814 qui
2766 4742 3058 4815 baptizabit
3084 4741 3298 4815 spiritu,
3331 4751 3389 4800 et
3415 4750 3671 4815 oportet,
3718 4756 3797 4803 ut

2147 4829 2225 4885 illi
2253 4830 2338 4885 via
2364 4837 2719 4903 praeparetur.

2221 4919 2393 4992 Cujus
2420 4936 2536 4978 non
2571 4935 2699 4977 sum
2727 4920 2950 4992 dignus.
2983 4919 3207 4991 (BEDA.)
3232 4918 3357 4976 Non
3386 4934 3510 4975 sum
3545 4918 3801 4995 dignus

2146 5007 2469 5080 mysterium
2495 5008 2886 5065 incarnationis
2923 5007 3276 5082 investigare,
3310 5015 3441 5078 etc.,
3473 5025 3670 5084 usque
3711 5015 3811 5073 ad

2147 5096 2461 5170 evangelica
2487 5096 2821 5170 praedicatio,
2855 5113 2962 5172 qua
2992 5097 3218 5154 calceati
3247 5105 3375 5153 sunt
3400 5098 3685 5171 apostoli.

2220 5211 2388 5267 Vens.
2423 5214 2510 5268 19.
2553 5240 2622 5252 -—
2663 5211 2923 5269 Herodes.
2970 5215 3277 5283 Antequam
3322 5212 3496 5269 Lucas
3544 5212 3822 5289 aliquid

2146 5307 2327 5355 narrat
2354 5298 2426 5356 de
2481 5300 2692 5357 actibus
2742 5301 2891 5371 Jesu,
2943 5301 3075 5358 dicit
3116 5301 3384 5357 Joannem
3430 5300 3499 5357 ab
3529 5303 3821 5369 Herode

2146 5395 2378 5461 captum,
2412 5390 2746 5462 utostendat
2775 5406 2836 5448 se
2890 5389 3233 5447 solummodo
3263 5406 3327 5447 ea
3355 5390 3494 5447 facta
3526 5391 3810 5456 deseri-

2145 5485 2394 5550 pturum,
2430 5495 2550 5551 quae
2598 5494 2665 5537 eo
2709 5495 2851 5535 anno
2879 5488 3033 5554 gesta
3062 5486 3207 5548 sunt,
3240 5496 3349 5552 quo
3376 5481 3641 5539 Joannes
3708 5492 3832 5548 vel

2148 5576 2336 5640 captus
2366 5576 2468 5635 est,
2500 5568 2588 5625 vel
2616 5568 2855 5642 punitus.

2218 5667 2389 5724 Vnus.
2410 5670 2499 5726 21.
2539 5699 2608 5710 -
2626 5670 2700 5727 Et
2726 5670 2858 5727 Jesu
2875 5667 3179 5742 baptizata.
3203 5667 3427 5740 (ΒεοΑ.)
3446 5667 3841 5741 Baptizatur
