3932 6178
167 305 274 361 253

1112 294 1385 356 GLOSSA
1413 292 1824 355 ORDINARIA.
1859 323 1930 339 -
1955 294 2226 356 EVANG.
2266 295 2418 356 LUC.

3373 291 3481 356 254

177 442 473 514 Dominus,
505 456 619 499 non
646 439 899 498 mandari
928 439 1202 515 indigens,
1236 447 1366 511 etc.,
1388 454 1565 515 usque
1584 439 1657 497 ad
1676 440 1791 509 jam
1817 421 1875 485 A
1893 421 2034 515 nihil
2055 438 2159 515 pro
2185 423 2393 515 diaboli
2427 422 2673 515 arbitrio,
2724 438 2828 480 nec
2874 422 3218 482 declaranda
3264 423 3482 480 virtutis

178 532 413 590 edoctus
438 531 545 589 Dei
571 530 767 588 Filium
794 535 984 603 aperte
1012 528 1294 602 praedicat.

248 631 428 688 Vens.
457 632 549 689 22.
582 659 652 671 —
680 629 747 686 In
779 632 835 686 te
860 628 1196 701 complacui.
1226 626 1354 684 Non
1372 624 1553 683 aliena
1580 625 1636 681 in
1654 623 1787 694 ﬁlio,

173 719 279 776 sed
307 735 409 775 sua
434 717 711 788 laudatur,
735 717 895 791 quasi
913 715 1061 787 dicat
1092 734 1105 772 :
1140 714 1495 789 Quaecunque
1513 714 1686 771 habes
1705 722 1785 782 tu,

172 823 302 865 mea
332 814 482 864 sunt.

246 896 427 951 Vens.
456 897 549 954 23.
571 895 953 952 —Amzorum
981 893 1244 965 triginta.
1277 890 1495 964 (BEDA).
1520 889 1681 961 Quod
1699 888 1792 947 tri-

170 983 430 1043 cennalis
454 983 782 1057 baptizatur,
815 989 947 1050 etc.,
967 997 1144 1055 usque
1166 981 1239 1038 ad
1266 986 1325 1036 ut
1353 979 1410 1036 in
1452 978 1693 1036 Jeremia
1737 986 1793 1035 et

170 1071 411 1130 Daniele
424 1114 437 1127 .

243 1170 426 1226 Vens.
455 1172 548 1229 26.
582 1197 653 1210 --
684 1168 793 1237 Qui
822 1168 942 1240 fuit
969 1165 1312 1233 Mathathiw,
1348 1166 1445 1239 qui
1463 1165 1580 1237 fuit
1598 1164 1783 1230 Amos,

171 1258 273 1334 qui
287 1260 411 1331 fuit
437 1258 683 1324 Nahum,
709 1258 806 1330 qui
835 1256 955 1328 fuit
974 1255 1150 1312 Hesli.
1173 1253 1397 1327 (Bene)
1414 1251 1673 1319 Mathath,
1698 1250 1791 1323 qui

172 1368 282 1426 per
304 1349 657 1408 Salomonem
676 1343 981 1413 descendit,
1005 1350 1135 1411 etc.,
1158 1358 1333 1416 usque
1351 1341 1424 1398 ad
1444 1340 1535 1413 qui
1553 1356 1655 1412 per
1675 1353 1791 1396 car-

175 1440 369 1499 nalem
396 1433 818 1511 generationem
828 1431 1135 1489 ostenditur
1151 1431 1325 1487 factus
1346 1428 1510 1486 Filius
1530 1427 1787 1507 hominis.

246 1537 431 1594 Vens.
460 1535 556 1592 29.
588 1562 660 1573 —
689 1531 798 1600 Qui
824 1530 943 1603 fuit
971 1530 1121 1586 Levi.
1153 1528 1280 1585 Non
1308 1535 1490 1583 autem
1519 1526 1576 1582 hi
1596 1534 1791 1599 quator

183 1628 282 1701 qui
310 1626 422 1682 hoc
450 1623 575 1679 loco
606 1618 912 1676 inferuntur
929 1618 1102 1674 Jacob
1132 1615 1228 1672 ﬁlii
1251 1615 1492 1683 fuerunt,
1527 1615 1626 1671 sed
1648 1614 1793 1688 quod

181 1730 381 1773 eorum
410 1709 726 1768 nominibus
767 1706 1181 1779 participabant.

1886 512 2322 570 consideratione
2368 512 2698 569 faciendum.

1957 617 2128 675 Vens.
2161 622 2214 676 5.
2247 648 2317 661 -
2345 621 2417 676 Et
2445 619 2636 676 duxit.
2668 619 2840 676 Lucas
2869 619 3009 676 sicut
3050 635 3142 676 res
3191 626 3346 692 gesta
3393 627 3479 675 est

1887 706 2215 780 exsequitur,
2245 707 2483 764 mediam
2512 722 2723 779 ponens
2751 707 3055 775 avaritiam,
3103 707 3351 765 ultimam
3382 723 3478 764 su-

1886 795 2148 867 perbiam,
2180 794 2479 852 secundum
2506 811 2690 853 mores
2717 796 3004 869 praesentis
3040 798 3318 869 temporis,
3351 796 3481 870 quia

1888 883 2147 955 superbia
2174 892 2298 956 post
2343 899 2533 941 omnes
2578 884 2806 941 virtutes
2837 885 3009 942 saevit.
3042 885 3324 943 Matthaeus
3370 901 3482 943 non

1887 971 2137 1044 sequitur
2163 972 2408 1028 ordinem
2436 972 2693 1042 historize,
2743 974 2841 1029 sed
2870 974 3224 1030 tentationum
3253 974 3407 1031 Adae.
3428 1042 3445 1053 ἱ

1959 1078 2132 1134 Vens.
2167 1080 2199 1133 6
2226 1108 2295 1119 —
2330 1080 2443 1135 Tibi
2471 1078 2626 1137 dabo.
2675 1079 2804 1135 Haec
2842 1079 2911 1135 de
2966 1079 3280 1155 arrogantia
3326 1080 3477 1149 dicit,

1890 1181 2001 1222 non
2032 1167 2176 1239 quod
2206 1175 2346 1223 totus
2372 1168 2605 1223 mundus
2634 1168 2703 1223 sit
2750 1185 2899 1236 suus,
2950 1177 3074 1224 sunt
3122 1169 3268 1225 enim
3314 1168 3481 1241 aliqui

1890 1254 2040 1311 boni.
2073 1257 2209 1312 Mihi
2238 1256 2507 1313 traditur.
2538 1256 2661 1312 Non
2687 1273 2719 1311 a
2747 1256 2963 1313 diabolo
2993 1264 3079 1313 est
3094 1264 3358 1330 potestas,
3383 1258 3483 1315 sed

1890 1342 2127 1400 obnoxia
2155 1351 2337 1400 tamen
2365 1344 2577 1399 insidiis
2606 1343 2828 1401 diaboli.
2859 1346 2975 1401 Nec
3009 1344 3133 1402 ideo
3160 1345 3304 1401 mala
3328 1346 3483 1403 ordi-

1890 1432 2037 1488 natio
2061 1440 2412 1505 potestatum,
2438 1433 2564 1505 quia
2584 1433 2730 1490 malo
2750 1442 2875 1489 sunt
2894 1434 3143 1491 obnoxiae
3160 1441 3478 1507 potestates.

1960 1540 2132 1596 Vens.
2161 1541 2216 1596 '1.
2246 1570 2316 1581 —
2349 1542 2427 1596 Tu
2455 1557 2602 1613 ergo.
2635 1541 2858 1611 (ΒευΑ.)
2877 1540 3079 1597 Dicens
3099 1539 3348 1597 diabolus
3368 1540 3485 1597 Sal-

1889 1628 2063 1684 vatori
2091 1646 2106 1683 :
2138 1629 2198 1684 Si
2220 1628 2520 1701 procidens
2547 1630 2870 1686 adoraveris
2900 1646 3008 1696 me,
3042 1628 3344 1685 econtrario
3373 1645 3478 1685 au-

1889 1716 1987 1784 dit,
2021 1717 2166 1789 quod
2195 1716 2314 1788 ipse
2341 1717 2517 1791 magis
2545 1717 2777 1774 adorare
2807 1734 2929 1775 eum
2952 1719 3165 1787 debeat,
3188 1717 3479 1776 Dominum

249 1801 484 1874 (BEDA.)
515 1797 687 1868 Quasi
713 1776 1025 1851 nominibus
1054 1793 1302 1849 alludens
1332 1791 1479 1866 quod
1505 1791 1565 1847 in
1591 1789 1699 1847 illis
1728 1789 1790 1845 ﬁ-
1815 1776 1871 1839 Β
1888 1812 1943 1861 ει
1968 1776 2144 1861 ᾐέυηι
2176 1776 2352 1860 sﬁum

182 1898 450 1966 guratum
482 1893 586 1956 est,
617 1891 748 1954 etc.,
769 1900 944 1957 usque
972 1882 1045 1939 ad
1062 1896 1271 1956 genera
1297 1880 1559 1938 virtutum
1574 1879 1788 1937 diversa

176 1977 586 2054 pracederent.

244 2076 431 2131 Vens.
481 2074 571 2128 31.
602 2099 673 2112 -
706 2066 951 2126 Nathan.
995 2066 1125 2139 (11).)
1171 2064 1329 2136 Quod
1357 2065 1640 2122 Matthaeus
1685 2080 1787 2137 per

178 2164 561 2229 Salomonem,
594 2166 726 2227 etc.,
759 2172 933 2230 usque
960 2156 1033 2212 ad
1062 2155 1147 2212 cui
1167 2153 1432 2225 judicium
1454 2168 1487 2209 a
1513 2154 1633 2210 Deo
1652 2169 1786 2226 rege

178 2252 431 2310 defertur
462 2267 478 2306 :
507 2245 776 2305 Sacerdos
805 2249 889 2303 est
916 2245 980 2301 in
1011 2248 1291 2301 aeternum
1313 2242 1625 2300 secundum
1639 2241 1789 2299 ordi-

178 2359 319 2399 nem
364 2334 789 2396 Melchisedech.

242 2455 427 2511 Vens.
459 2452 549 2507 3’1.
583 2478 655 2491 —
682 2447 1017 2505 Mathusale.
1054 2444 1285 2518 (Anam)
1316 2443 1460 2501 Anni
1487 2442 1787 2501 Mathusale

176 2544 324 2601 ultra
350 2539 623 2598 diluvium
650 2542 1023 2605 numerantur,
1056 2533 1329 2608 signiﬁcat
1359 2531 1653 2602 Christum,
1685 2548 1786 2589 cu-

178 2635 268 2703 jus
294 2632 410 2688 vita
436 2635 654 2685 aetatem
681 2624 877 2682 nescit.

251 2721 360 2790 Qui
387 2720 513 2790 fuit
541 2713 757 2772 Enoch.
788 2711 1010 2785 (Beata)
1039 2712 1085 2767 A
1114 2710 1384 2783 baptizato
1414 2708 1516 2765 Dei
1546 2707 1683 2765 Filio
1701 2723 1789 2764 us-

183 2825 288 2883 que
306 2808 381 2863 ed
402 2806 585 2862 Deum
602 2804 825 2860 Patrem
843 2799 1171 2868 ascendens,
1195 2798 1601 2872 septuagesimo
1611 2796 1786 2870 gradu

178 2896 375 2955 Enoch
405 2894 581 2968 ponit,
612 2899 742 2962 etc.,
775 2905 949 2963 usque
978 2889 1051 2945 ad
1099 2903 1237 2961 quos
1282 2887 1341 2942 in
1388 2885 1785 2943 resurrectione

183 2983 517 3042 immutabili
546 2982 651 3038 Dei
681 2978 958 3052 sapientia:
986 2975 1420 3050 contemplandas
1448 2992 1549 3048 per
1586 2972 1788 3031 saecula

179 3080 453 3131 monstrat
481 3086 611 3128 esse
633 3067 966 3142 jungendos.

1955 1921 2126 1976 Vens.
2152 1924 2202 1975 8.
2216 1912 2292 1961 '—
2310 1921 2369 1977 Si
2388 1921 2569 1977 Filius
2586 1922 2705 1978 Dei.
2723 1920 2785 1976 In
2805 1921 3059 1977 omnibus
3087 1921 3481 1979 tentationibus

1883 2008 1990 2066 hoc
2018 2008 2147 2081 agit,
2179 2016 2237 2064 ut
2262 2008 2527 2082 intelligat
2557 2008 2605 2064 si
2635 2008 2799 2065 Filius
2828 2009 2930 2066 Dei
2971 2010 3059 2079 sit.
3094 2010 3203 2066 Sed
3235 2010 3482 2067 Christus

1885 2097 1967 2153 sic
2003 2112 2329 2169 responsum
2378 2105 2663 2168 temperat,
2696 2105 2753 2153 ut
2801 2097 3119 2171 ambiguum
3164 2098 3435 2172 relinquat
3466 2117 3481 2154 :

1885 2187 2042 2242 Mitte
2072 2189 2125 2241 te
2152 2186 2431 2242 deorsum.
2466 2185 2642 2255 Quem
2667 2202 2770 2242 nec
2798 2186 2923 2259 gula
2952 2202 3055 2242 nec
3093 2186 3322 2243 avaritia
3350 2186 3480 2245 vicit

1886 2280 2058 2329 tentat
2082 2289 2223 2329 vana
2252 2274 2445 2347 gloria,
2480 2274 2527 2328 si
2555 2273 2694 2329 forte
2729 2274 2884 2329 illum
2912 2273 3002 2330 vel
3050 2274 3167 2346 ipsa
3215 2273 3477 2345 victoria,

1885 2377 1998 2418 suae
2017 2361 2276 2432 jactantia
2303 2362 2481 2418 valeat
2509 2361 2763 2430 dejicere.
2792 2363 2967 2417 Mitte.
2992 2362 3121 2419 Haec
3151 2378 3257 2419 vox
3285 2362 3336 2418 ei
3356 2377 3488 2419 eon-

1885 2449 2032 2505 venit
2062 2450 2153 2521 qui
2182 2466 2373 2505 omnes
2401 2449 2739 2521 praecipitare
2769 2449 2988 2523 satagit.
3022 2451 3085 2505 In
3106 2466 3214 2522 quo
3232 2449 3483 2505 inﬁrmus

1885 2538 2188 2594 ostenditur
2216 2538 2306 2610 qui
2336 2538 2470 2593 nulli
2495 2538 2669 2610 possit
2702 2552 2921 2608 nocere,
2972 2538 3078 2595 nisi
3105 2537 3256 2611 prius
3302 2538 3392 2595 ille
3424 2554 3486 2595 se

1885 2626 2144 2683 deorsum
2171 2627 2404 2683 miserit.

1956 2716 2127 2772 Vens.
2153 2718 2204 2769 9.
2223 2745 2294 2755 -
2308 2715 2595 2788 Scriptum
2615 2718 2719 2771 est.
2738 2714 2874 2783 Quia
2895 2714 3295 2787 Scripturarum
3308 2730 3487 2771 exem-

1884 2803 2035 2875 plum
2087 2803 2418 2875 praetulerat.
2479 2802 2877 2875 Scripturarum
2904 2803 3135 2859 vincitur
3198 2803 3480 2876 exemplis.

1884 2890 2060 2948 Utitur
2112 2898 2292 2945 autem
2345 2888 2591 2946 diabolus
2647 2907 2747 2962 per
2810 2891 3095 2947 haereticos
3159 2890 3487 2948 testimoniis

1886 2978 2305 3051 Scripturarum,
2336 2994 2445 3034 non
2475 2985 2533 3034 ut
2562 2978 2774 3048 doceat,
2818 2979 2916 3036 sed
2946 2987 3004 3035 ut
3031 2978 3199 3036 fallat.

1956 3076 2128 3132 Vens.
2163 3078 2249 3131 1ο.
2284 3105 2355 3117 -
2384 3076 2631 3149 Angelis.
2666 3076 2891 3149 (liena)
2919 3077 3050 3133 Haec
3072 3077 3358 3149 prophetia
3377 3092 3488 3135 non

246 3129 424 3229 Vens.
457 3174 549 3225 38.
580 3129 654 3209 -Σ
680 3129 834 3223 δᾶιι.
857 3163 990 3220 Seth
1014 3162 1289 3235 posterior
1306 3161 1440 3219 Adae
1459 3145 1632 3229 ﬁlius,
1655 3174 1769 3216 non
1800 3129 1853 3195 C‘
1882 3163 1952 3220 de
1978 3129 2334 3235 Christoest,
2365 3129 3130 3234 Qu;

180 3260 396 3329 siletur,
428 3266 491 3315 ut
517 3270 646 3314 cum
672 3254 797 3310 dua:
824 3251 1011 3324 populi
1040 3251 1146 3307 sint
1173 3250 1580 3325 generationes,
1611 3248 1783 3322 signi-

175 3347 302 3406 ﬁcet
330 3346 619 3405 Christum
646 3343 705 3399 in
732 3341 1041 3414 posteriore
1064 3341 1248 3413 potius
1285 3355 1448 3413 quam
1492 3338 1551 3397 in
1595 3337 1782 3410 priore

176 3436 542 3510 generatione
570 3430 993 3489 numerandum.

252 3528 361 3596 Qui
390 3527 512 3597 fuit
538 3523 664 3580 Dei.
696 3522 747 3576 Α
765 3517 901 3575 Filio
929 3517 1030 3575 Dei
1046 3516 1330 3591 generatio
1356 3515 1566 3590 incipit,
1598 3514 1784 3573 tax-mi-

180 3622 345 3673 natur
372 3613 433 3669 in
461 3610 661 3668 Filium
687 3608 811 3679 Dei,
838 3605 1102 3681 praecedit
1138 3612 1353 3663 creatus
1380 3605 1439 3662 in
1481 3604 1679 3679 ﬁgura,
1727 3611 1787 3661 ut

176 3709 435 3778 sequatur
451 3707 619 3757 natus
643 3699 704 3755 in
719 3696 979 3763 veritate;
1008 3694 1169 3768 praeit
1186 3694 1359 3753 factus
1377 3694 1448 3752 ad
1467 3693 1782 3768 imaginem,

181 3800 239 3852 ut
265 3798 498 3866 propter
525 3803 655 3848 eum
682 3787 865 3860 imago
893 3783 1213 3844 descendat.

797 3951 1021 4011 CAPUT
1085 3952 1178 4009 IV.

254 4128 432 4185 Vens.
455 4130 510 4182 1.
544 4151 619 4166 -—
644 4124 718 4180 Et
735 4121 1021 4195 agebatur.
1064 4119 1294 4193 (Anam)
1313 4117 1597 4192 Agebatur
1626 4118 1683 4173 in
1700 4117 1791 4174 de-

179 4223 413 4285 sertum,
442 4215 554 4271 hoc
583 4209 834 4280 consilio,
866 4217 925 4266 ut
954 4208 1237 4267 diabolum
1274 4213 1636 4280 provocarat;
1664 4221 1791 4263 nam

178 4304 289 4361 nisi
314 4303 413 4361 ille
436 4306 729 4370 certasset,
770 4299 875 4355 iste
921 4297 1054 4354 mihi
1100 4312 1213 4354 non
1257 4294 1516 4363 vicisset;
1578 4302 1791 4367 myste-

177 4393 285 4463 rio,
320 4399 382 4448 ut
407 4391 591 4448 Adam
618 4388 690 4446 de
719 4386 910 4444 exsilio
937 4386 1231 4455 liberaret;
1281 4383 1552 4457 exemplo,
1582 4391 1642 4440 ut
1688 4398 1785 4440 os-

1888 3252 2103 3310 Christo
2132 3259 2298 3323 esset,
2332 3252 2496 3309 etiam
2526 3253 2672 3325 quod
2699 3253 2946 3326 sequitur
2990 3253 3254 3310 debuerat
3282 3254 3482 3312 memi-

1882 3342 2034 3399 nisse
2067 3359 2082 3397 :
2113 3342 2294 3414 Super
2321 3342 2576 3415 aspidem
2603 3346 2662 3398 et
2700 3343 3030 3400 basiliscum
3059 3343 3394 3413 ambulabis,
3427 3349 3485 3402 et

1887 3431 2245 3489 conculcabis
2278 3431 2495 3487 leonem
2523 3434 2579 3487 et
2612 3430 2914 3488 draconem
2975 3432 3155 3503 (Psal.
3204 3432 3322 3504 xc).
3376 3432 3487 3490 Sed

1885 3520 1956 3576 de
1984 3519 2303 3593 angelorum
2331 3518 2528 3575 auxilio
2560 3519 2711 3590 quasi
2736 3519 2805 3573 ad
2833 3519 3110 3575 inﬁrmum
3128 3520 3389 3592 loquitur,
3414 3520 3485 3577 de

1884 3623 1980 3664 sua
2009 3606 2416 3663 cenculcatione
2446 3605 2602 3679 quasi
2641 3606 3033 3678 tergiversator
3064 3614 3232 3664 tacet.

1954 3696 2126 3751 Vens.
2160 3698 2247 3750 13.
2278 3723 2349 3736 -
2375 3684 2447 3750 Et
2475 3699 2891 3751 consummata.
2925 3694 3058 3766 (In.)
3081 3695 3279 3751 Tribus
3298 3701 3482 3752 tenta-

1882 3782 2121 3841 tionibus
2147 3782 2325 3853 victis,
2357 3797 2578 3839 omnem
2602 3782 2950 3839 tentationem
2979 3782 3109 3839 dicit
3138 3797 3480 3840 consumma-

1885 3880 2012 3943 tam,
2044 3879 2172 3940 etc.,
2204 3887 2380 3944 usque
2409 3871 2482 3928 ad
2511 3878 2690 3928 tamen
2719 3870 2974 3927 formidat
2998 3870 3223 3942 instare,
3272 3887 3344 3930 ne
3373 3872 3482 3930 fre-

1888 3959 2139 4034 quentius
2184 3960 2568 4033 triumphetur.

1960 4058 2132 4115 Vens.
2168 4062 2194 4115 1
2207 4058 2333 4114 4.-
2351 4060 2423 4114 Et
2450 4060 2611 4130 fama
2639 4058 2807 4116 exiit.
2822 4056 2947 4115 Non
2968 4063 3177 4115 tantum
3196 4073 3231 4115 a
3247 4073 3486 4132 praesen-

1888 4147 2035 4204 tibus
2062 4154 2290 4221 propter
2315 4147 2433 4203 visa
2458 4146 2726 4203 miracula
2751 4147 3069 4219 honoratur,
3101 4146 3199 4206 sed
3225 4148 3371 4222 apud
3391 4149 3487 4205 ab-

1891 4242 2073 4294 sentes
2119 4235 2264 4293 fama
2307 4234 2717 4310 divulgabatur.

1962 4324 2135 4382 Vens.
2170 4326 2258 4382 15.
2292 4354 2362 4366 -
2390 4326 2647 4383 Docebat.
2680 4324 2811 4381 Post
2827 4323 3091 4381 miracula
3117 4338 3248 4382 ecce
3266 4323 3484 4397 sapien-

1891 4413 1986 4484 tia,
2020 4429 2127 4487 qua
2156 4414 2334 4486 docet,
2367 4429 2472 4487 qua
2499 4413 2745 4471 doctrina
2762 4429 2863 4486 per
2886 4411 3147 4470 miracula
3165 4413 3479 4486 praeceden-

174 4482 434 4576 tenderet
458 4478 625 4537 nobis
653 4475 928 4535 diabolum
956 4475 1022 4532 ad
1050 4474 1282 4534 meliora
1307 4472 1657 4533 tendentibus
1685 4472 1775 4530 in-
1795 4486 1852 4552 D
1881 4472 2315 4576 ηδ’πιξλὲηίθοαι,

176 4570 661 4715 ﬂagitatum.
693 4651 1053 4710 Historialiter
1088 4668 1100 4708 :
1135 4652 1193 4709 in
1236 4651 1332 4709 illo
1376 4651 1597 4708 deserto
1642 4652 1789 4724 quod

179 4755 265 4804 est
292 4745 443 4803 inter
470 4741 818 4803 Hierusalem
847 4748 902 4799 et
927 4740 1204 4811 Hiericho,
1239 4739 1334 4797 ubi
1363 4739 1670 4813 ﬁguraliter
1697 4744 1786 4802 di-

177 4841 348 4892 xerat
374 4832 554 4892 Adam
582 4847 621 4887 a
654 4829 874 4888 diabolo
902 4828 1104 4889 victum
1148 4829 1338 4887 fuisse.

249 4932 433 4989 Vens.
463 4934 520 4989 2.
553 4958 624 4971 —
653 4930 892 4987 Esuriit.
926 4928 1149 5000 (Βεω.)
1178 4929 1301 4985 Non
1332 4934 1415 4984 est
1436 4928 1699 5002 scriptum
1717 4929 1787 4988 de

176 5022 378 5092 Moyse
407 5019 497 5076 vel
524 5017 671 5085 Elia,
705 5025 836 5085 etc.,
868 5032 1042 5090 usque
1089 5016 1163 5074 ad
1210 5017 1382 5074 esurit
1429 5024 1612 5076 autem
1677 5034 1788 5077 non

177 5115 292 5166 tam
322 5107 515 5166 cibum
543 5104 797 5180 corporis
827 5120 992 5178 quam
1022 5104 1255 5163 salutem
1291 5104 1508 5163 animae.

244 5224 430 5280 Vens.
462 5226 518 5279 3.
538 5250 623 5264 ν-
649 5221 713 5279 Si
744 5221 925 5279 Filius
954 5222 1057 5277 Dei
1075 5236 1153 5278 es.
1177 5222 1410 5293 (Anam)
1429 5221 1669 5280 Noverat
1685 5222 1786 5280 Dei

178 5311 386 5369 Filium
411 5316 727 5377 venturum,
759 5310 861 5367 sed
897 5309 1114 5367 venisse
1139 5325 1239 5385 per
1265 5310 1637 5369 inﬁrmitatem
1664 5327 1788 5369 cor-

173 5400 334 5471 poris
363 5413 476 5455 non
502 5397 749 5472 putabat,
783 5406 910 5465 etc.,
945 5414 1120 5471 usque
1145 5399 1219 5455 ad
1248 5398 1340 5472 qui
1358 5400 1462 5456 hoc
1490 5400 1658 5458 verbo
1675 5416 1787 5458 non

178 5489 448 5556 vescitur,
476 5503 590 5546 non
618 5487 769 5544 vivit.
1596 5477 1601 5482 ’

245 5585 431 5641 Vens.
469 5586 526 5641 ι..
559 5612 630 5627 --
658 5585 949 5657 Scriptum
978 5589 1084 5642 est.
1116 5586 1290 5642 Docet
1317 5584 1497 5659 magis
1540 5583 1783 5642 doctrina

172 5687 350 5747 quam
384 5672 656 5732 miraculis
682 5689 947 5748 pugnare,
978 5673 1262 5733 humilitati
1308 5690 1473 5747 quam
1522 5674 1780 5748 potentia,

1959 4591 2132 4648 Vens.
2165 4593 2253 4647 16.
2286 4620 2356 4632 —-
2384 4592 2456 4647 Et
2484 4590 2744 4648 surrexit
2774 4590 2974 4662 legere.
3005 4588 3350 4662 (BenA.)Qui
3368 4605 3480 4649 non

1889 4686 2113 4736 venerat
2139 4678 2448 4751 ministrari,
2479 4678 2579 4736 sed
2606 4677 2937 4749 ministrare,
2962 4685 3089 4750 etc.,
3112 4695 3286 4754 usque
3305 4679 3380 4739 ad
3396 4681 3484 4739 vel

1888 4768 2151 4841 propetize
2181 4768 2410 4825 lectonis
2436 4766 2779 4824 attestatione
2805 4767 3125 4841 corrigeret.

1960 4866 2132 4923 Vens.
2165 4868 2252 4923 18.
2283 4895 2353 4908 --
2379 4866 2647 4939 Spiritus.
2681 4865 2815 4938 (In.)
2846 4866 2909 4921 In
2937 4866 3310 4939 superioribus
3337 4883 3474 4941 pro-

1886 4955 2085 5029 phetiae
2112 4955 2357 5011 Salvator
2385 4955 2455 5011 de
2483 4954 2726 5028 gentium
2773 4954 3061 5013 vocatione
3111 4963 3165 5013 et
3207 4956 3476 5016 Ecclesiae

1886 5043 2296 5102 conﬁrmatione
2323 5043 2576 5116 loquens,
2610 5052 2737 5111 etc.,
2772 5059 2946 5117 usque
2974 5044 3048 5101 ad
3075 5044 3204 5118 quia
3246 5045 3481 5119 Spiritus

1884 5132 2103 5191 Domini
2132 5140 2215 5189 est
2242 5148 2410 5205 super
2438 5148 2583 5189 eum.

1954 5222 2354 5294 Euangelizare
2369 5221 2733 5296 pauperibus,
2752 5228 2857 5280 etc.
2875 5221 3480 5299 Gentesintelligitquas

1884 5318 2039 5366 erant
2065 5326 2195 5367 vere
2222 5326 2513 5383 pauperes.
2545 5311 2738 5383 Neque
2767 5311 2915 5368 enim
2942 5312 3045 5369 Dei
3082 5312 3472 5388 cognitionem,

1882 5413 2062 5472 neque
2090 5399 2291 5473 legem,
2324 5415 2504 5472 neque
2532 5401 2848 5473 prophetas,
2896 5416 3079 5475 neque
3123 5403 3272 5460 aliud
3313 5404 3477 5477 quid-

1883 5505 2044 5562 quam
2073 5488 2128 5544 in
2157 5488 2317 5545 bonis
2342 5489 2634 5560 habebant,
2667 5498 2722 5547 et
2751 5490 2965 5548 caeteris
3003 5490 3259 5549 omnibus
3303 5492 3469 5563 spiri-

1881 5578 2116 5636 tualibus
2145 5578 2342 5651 opibus
2371 5587 2527 5636 erant
2572 5580 2865 5638 destitutae.

1951 5677 2120 5735 Vens.
2134 5680 2224 5737 20.
2239 5679 2363 5737 -Ε
2369 5682 2531 5738 tcum
2538 5679 2855 5754 plicuisset.
2871 5677 3094 5749 (Bene)
3110 5673 3465 5734 Audientibus
