4006 6178
476 271 583 327 255

1083 262 1486 325 WALAFRIDI
1512 266 1755 326 STRABI
1782 267 1985 325 FULD.
2015 266 2190 327 MON.
2233 268 2436 328 PARS.
2474 270 2518 327 Ι.
2549 297 2620 313 -ι
2668 266 3142 326 THEOLOGICA.

3669 272 3772 328 256

479 410 588 467 illis
601 410 693 483 qui
705 410 933 466 aderant
952 409 1106 484 legit,
1131 418 1260 481 etc.,
1275 428 1448 485 usque
1465 412 1537 466 ad
1549 412 1647 467 sed
1668 426 1771 482 pro
1784 411 2080 483 capacitate
2100 396 2157 458 A
2187 396 2416 471 tigatum
2443 394 2692 451 diabolus
2721 394 2950 462 Videret,
2982 401 3112 461 etc.,
3134 408 3310 467 usque
3340 392 3413 449 ad
3444 392 3666 485 quia,si
3683 411 3771 485 eo.

483 499 817 556 audientium
842 500 1126 556 committit
1155 500 1367 556 doctori
1387 500 1814 572 dispensandum
1826 501 2075 557 verbum.

2186 486 2511 559 gnovissent
2543 485 2846 543 Dominum
2872 485 3088 555 gloria,
3119 498 3415 555 nunquam
3444 482 3769 553 cruci/iacis-

553 599 723 655 Vnus.
754 602 843 657 23.
876 629 944 639 —
974 599 1195 655 Medice.
1232 599 1383 653 Sicut
1412 598 1553 653 fabri
1584 597 1776 670 ﬁlium,
1799 599 1870 654 ita
1890 600 2068 655 eadem

2185 579 2313 631 sent
2342 572 2562 643 (Matth.
2611 572 2672 643 ι).

482 687 689 743 erroris
718 687 1022 757 dementia;
1056 687 1331 743 medicum
1380 696 1592 758 vocant,
1642 688 1740 743 sed
1786 688 1841 742 in
1892 704 2079 743 errore

482 774 704 831 illorum
734 776 935 831 veritas
964 776 1110 831 latet.
1145 777 1288 831 Vere
1318 776 1465 831 enim
1495 783 1610 831 erat
1641 775 1784 831 ﬁlius
1806 775 1964 846 fabri,
1986 775 2078 847 qui

481 880 585 936 per
611 864 791 935 ipsum
820 864 876 918 in
902 863 1168 936 principio
1200 865 1382 920 omnia
1410 864 1557 932 fecit,
1590 865 1682 936 qui
1731 872 1991 934 operatur
2021 864 2078 918 in

486 952 726 1024 Spirituo
755 961 946 1010 sancto
976 961 1030 1009 et
1059 953 1194 1027 igni,
1229 954 1321 1025 qui
1368 955 1423 1008 in
1455 969 1657 1026 magna
1705 954 1869 1008 domo
1915 953 2077 1021 hujus

481 1041 672 1097 mundi
699 1041 829 1098 facit
858 1059 987 1097 vasa
1016 1043 1219 1097 diversi
1266 1042 1508 1115 generis.
1556 1043 1657 1097 Est
1705 1049 1759 1097 et
1802 1042 2072 1111 medicus,

485 1129 614 1200 quia
641 1146 743 1200 per
769 1130 950 1201 ipsum
980 1131 1160 1185 omnia
1191 1147 1312 1201 qua
1342 1131 1397 1185 in
1427 1130 1581 1186 oculis
1612 1138 1665 1185 et
1695 1145 1817 1201 qua
1843 1130 1900 1184 in
1928 1137 2075 1184 terra

482 1226 608 1273 sunt
640 1226 964 1274 restaurata.
999 1219 1104 1288 Qui
1133 1220 1201 1275 de
1232 1235 1291 1274 se
1321 1219 1453 1274 dicit
1487 1237 1499 1273 :
1533 1220 1653 1275 Non
1683 1223 1769 1274 est
1814 1235 1950 1291 opus
1980 1235 2074 1273 va-

483 1307 728 1363 lentibus
755 1308 1022 1373 medicus,
1056 1307 1152 1363 sed
1177 1309 1328 1363 male
1360 1308 1690 1362 habentibus
1721 1306 1940 1377 (Matth.
1966 1305 2071 1377 ιχ).

552 1404 723 1459 Vnus.
755 1406 844 1461 24.
877 1434 946 1445 —
974 1404 1153 1460 Amen
1183 1406 1304 1461 dico
1323 1405 1489 1461 vobis.
1511 1402 1731 1477 (BEDA.)
1750 1404 1874 1458 Non
1897 1403 2075 1458 solum

480 1491 746 1547 Dominus
775 1500 828 1547 et
857 1500 1020 1563 caput
1049 1494 1461 1564 prophetarum,
1505 1500 1633 1561 etc.,
1668 1508 1841 1565 usque
1879 1492 1951 1548 ad
1980 1492 2074 1546 mi-

483 1579 670 1636 racula
701 1596 814 1636 sua
843 1580 1058 1636 virtutis
1106 1582 1321 1637 avertit.

553 1669 725 1724 Vnus.
747 1673 837 1726 25.
869 1698 939 1710 —
965 1671 1031 1725 In
1060 1670 1247 1727 diebus
1276 1671 1432 1725 Elite.
1477 1669 1609 1741 (10.)
1656 1667 1823 1737 Quasi
1866 1667 2013 1725 dicat
2054 1686 2068 1723 :

2251 662 2423 717 Vnus.
2456 663 2544 717 42.
2567 689 2638 700 —
2656 660 2830 716 Facta
2850 662 3045 715 autem
3063 659 3171 714 die.
3195 657 3423 730 Mystice
3446 675 3460 713 :
3484 658 3771 716 manifesta

2177 749 2299 807 luce
2329 747 2749 805 resurrectionis
2777 764 2809 801 a
2838 747 3176 804 credentium
3208 745 3402 802 turmis
3430 747 3723 820 requiritur
3754 767 3768 803 :

2179 844 2233 894 et
2259 837 2314 893 in
2342 837 2587 911 gentium
2616 837 2838 892 deserto
2866 835 3135 902 inventus,
3169 851 3238 891 ne
3278 835 3456 904 abeat,
3486 836 3769 894 retinetur.

2808 989 3033 1047 CAPUT
3071 990 3137 1046 V.

2246 1133 2416 1188 Vnus.
2440 1135 2490 1186 1.
2514 1161 2583 1174 -
2613 1135 2853 1189 Factum
2882 1136 2970 1187 est
2992 1135 3207 1188 autem.
3238 1131 3356 1188 Nec
3373 1138 3637 1204 tempore,
3666 1148 3771 1191 nec

2174 1222 2297 1277 loco
2326 1222 2484 1276 turba
2511 1238 2544 1275 a
2575 1221 2750 1275 studio
2789 1219 3022 1276 sanandi
3068 1220 3392 1288 cohibetur;
3441 1237 3638 1292 vesper
3676 1221 3767 1277 in-

2175 1309 2397 1377 cumbit,
2431 1317 2485 1365 et
2500 1317 2678 1364 tamen
2706 1298 2985 1381 sequitur;
3020 1316 3271 1382 stagnum
3300 1309 3536 1366 occurrit
3553 1318 3609 1366 et
3645 1317 3766 1366 tur-

2174 1398 2241 1453 ba
2269 1405 2449 1470 urget,
2483 1404 2535 1451 et
2563 1397 2687 1452 ideo
2715 1397 2958 1452 ascendit
2986 1397 3042 1451 in
3070 1397 3249 1453 navim
3280 1397 3446 1453 Petri.

2230 1488 2414 1542 ‘Secus
2445 1486 2648 1541 stabat.
2682 1485 2904 1557 (ΒΕΒΑ.)
2931 1485 3216 1558 Stagnum,
3243 1501 3489 1556 prasens
3509 1485 3768 1543 saculum

2172 1574 2443 1647 designat.
2479 1572 2742 1629 Dominus
2771 1582 2950 1628 autem
2974 1575 3089 1643 jam
3126 1589 3236 1629 non
3264 1574 3321 1628 in
3368 1582 3560 1647 stagno
3609 1576 3768 1646 quasi

2166 1660 2279 1733 jam
2310 1678 2421 1718 non
2449 1661 2506 1716 in
2532 1678 2697 1718 carne
2726 1661 2995 1733 passibili,
3030 1662 3129 1717 sed
3158 1677 3318 1718 secus
3334 1670 3607 1734 stagnum,
3638 1662 3769 1735 quia

478 1758 604 1812 Non
632 1766 716 1813 est
744 1758 1079 1814 contrarium
1107 1758 1358 1828 exemplo
1386 1758 1795 1828 prophetarum,
1832 1763 1961 1825 etc.,
1985 1750 2145 1812 us-B
2174 1752 2229 1807 in
2259 1767 2322 1807 ea
2353 1766 2517 1806 carne
2543 1750 2599 1804 in
2631 1765 2739 1822 qua
2765 1765 2962 1821 passus
2991 1758 3075 1806 est
3101 1750 3451 1806 stabilitatem
3487 1759 3767 1822 perpetua

481 1862 587 1919 que
598 1846 797 1919 adquia
809 1846 957 1900 nulla
970 1853 1087 1901 erat
1098 1846 1500 1919 cognoscenda
1510 1842 1807 1901 divinitatis
1821 1845 2046 1900 ubertas
2056 1887 2069 1900 .

549 1943 722 1997 Vnus.
754 1946 842 1999 26.
875 1971 945 1982 —
980 1943 1230 2000 Viduam.
1265 1943 1395 2014 (10.)
1424 1942 1601 1997 Vidua
1630 1942 1701 1997 ad
1731 1957 1895 2014 quam
1920 1941 2072 1996 Elias

477 2030 725 2100 mittitur,
759 2031 1003 2104 gentium
1032 2029 1231 2105 ﬁgurat
1258 2030 1583 2098 Ecclesiam,
1616 2038 1746 2100 etc.,
1798 2046 1970 2103 usque
2000 2030 2072 2085 ad

485 2118 543 2175 in
572 2136 676 2191 qua
706 2120 866 2174 nobis
897 2120 1020 2176 vita
1044 2128 1269 2176 aterna
1296 2127 1644 2191 praparatur
1672 2118 1852 2189 panis.

548 2208 721 2263 Vnus.
744 2210 833 2265 2’7.
865 2237 934 2248 —
964 2209 1222 2264 Naaman
1256 2209 1446 2279 Syrus.
1481 2206 1613 2279 (10.)
1659 2207 1926 2277 Naaman,
1979 2205 2073 2277 qui

476 2295 648 2353 decor
674 2297 1086 2370 interpretatur,
1137 2296 1399 2368 populum
1446 2293 1718 2368 signiﬁcat
1766 2295 2067 2364 nationum,

477 2392 606 2455 etc.,
638 2402 812 2458 usque
842 2386 915 2441 ad
944 2385 1074 2457 quia
1102 2393 1316 2456 oportet
1333 2384 1630 2456 baptizatos
1656 2382 1927 2439 Dominici
1947 2398 2071 2439 cor-

473 2473 626 2545 poris
654 2473 1066 2545 participatione
1097 2472 1434 2530 conﬁrmari.

551 2581 724 2636 Vnus.
756 2583 845 2638 29.
879 2581 950 2635 Et
980 2580 1294 2636 duxerunt.
1317 2578 1448 2651 (10.)
1469 2578 1693 2646 Pejores
1712 2576 1887 2632 Judai
1907 2576 2075 2632 disci-

474 2667 608 2740 puli,
641 2668 861 2725 diabolo
889 2668 1173 2742 magistro,
1208 2675 1338 2737 etc.,
1376 2682 1552 2739 usque
1590 2667 1662 2723 ad
1690 2664 1858 2723 veluti
1902 2664 2073 2722 divini

476 2756 781 2828 Sculptoris
810 2772 1074 2828 expressa
1102 2772 1269 2812 manu
1300 2762 1609 2812 servantur.

549 2854 721 2911 Vnus.
756 2857 846 2909 31.
876 2884 946 2894 —
975 2856 1047 2910 Et
1074 2853 1385 2920 descendit,
1430 2860 1534 2908 etc.
1585 2852 1717 2924 (10.)
1764 2852 1881 2908 Nec
1921 2844 2069 2907 indi-

473 2942 731 3017 gnatione
752 2949 1077 3013 commotus,
1103 2956 1207 2999 nec
1227 2941 1439 2998 scelere
1461 2940 1723 3012 oﬂensus,
1744 2947 1873 3011 etc.,
1893 2955 2070 3013 usque

474 3031 547 3088 ad
574 3046 679 3087 nec
710 3031 939 3088 solvitur
971 3030 1077 3099 lex,
1112 3030 1159 3086 si
1188 3030 1258 3085 sit
1288 3028 1568 3088 renovatio
1597 3029 1837 3086 hominis
1857 3029 1974 3099 jam
1992 3027 2071 3084 la-

474 3118 674 3185 bentis.

462 3276 465 3279 λ
542 3208 715 3265 Vnus.
750 3211 838 3264 33.
871 3237 941 3249 —
975 3209 1045 3265 Et
1073 3209 1137 3264 in
1163 3209 1469 3281 Synagoqa.
1503 3207 1633 3279 (10.)
1661 3207 1722 3261 In
1771 3206 2069 3278 Synagoga

476 3304 559 3354 est
580 3297 743 3353 homo
774 3296 984 3352 habens
1012 3296 1261 3369 spiritum
1308 3296 1666 3363 immundum,
1716 3294 1840 3367 quia
1887 3292 2066 3366 Spiri-

473 3393 585 3442 tum
614 3393 859 3442 sanctum
887 3385 1160 3441 amiserat.
1189 3385 1477 3441 Introierat
1506 3384 1652 3442 enim
1679 3382 1949 3451 diabolus,
1971 3397 2067 3437 un-

474 3473 545 3531 de
572 3472 818 3531 Christus
847 3472 1201 3545 spiritualiter
1234 3472 1457 3530 exierat.

543 3579 714 3638 Vnus.
747 3582 836 3636 34.
868 3609 941 3621 -
968 3580 1090 3638 Scio
1131 3584 1204 3636 te.
1257 3580 1362 3635 Per
1413 3594 1583 3651 opera
1626 3577 1799 3649 potuit
1842 3573 2067 3648 probari

471 3668 639 3726 Filius
670 3669 791 3725 Dei.
824 3669 933 3725 Sed
963 3682 1144 3724 nonne
1177 3667 1311 3723 dixit
1358 3666 1634 3739 Apostolis
1664 3683 1680 3721 :
1714 3666 1923 3737 Majora
1968 3666 2064 3735 fa-

470 3759 633 3817 cietis
658 3763 681 3814 .9
709 3757 936 3825 Solutio,
966 3773 1069 3830 per
1094 3772 1276 3829 opera,
1309 3755 1364 3810 id
1395 3763 1480 3812 est
1525 3755 1747 3811 modum
1792 3751 2065 3825 operatio-

467 3846 575 3902 nis.
610 3845 717 3903 Alii
746 3846 996 3903 dicebant
1029 3864 1043 3901 :
1075 3846 1139 3901 In
1168 3845 1399 3902 nomine
1431 3847 1583 3914 Iesu,
1615 3852 1720 3899 etc.
1754 3843 1880 3913 Ipse
1907 3840 2063 3897 dice-

470 3936 564 3992 bat
595 3954 609 3990 :
650 3936 765 3991 Tibi
792 3935 935 4000 dixi,
970 3941 1075 3989 etc.

540 4033 713 4088 Vnus.
748 4035 835 4086 33.
870 4059 941 4072 —
968 4033 1039 4086 Et
1065 4047 1195 4086 cum
1226 4030 1572 4103 profecisset.
1607 4027 1828 4100 (BEDA.)
1851 4026 2064 4083 Curan-

470 4120 574 4176 dus
603 4119 888 4191 permittur
915 4133 947 4173 a
975 4118 1224 4175 damone
1248 4118 1303 4173 in
1332 4117 1571 4173 medium
1599 4114 1813 4188 projici,
1860 4123 1919 4172 ut
1948 4115 2065 4173 vir-

468 4215 555 4264 tus
583 4207 851 4280 patefacta
878 4207 1063 4280 plures
1092 4207 1161 4262 ad
1182 4206 1407 4262 salutem
1439 4204 1647 4261 invitet.

541 4305 714 4361 Vnus.
756 4307 845 4362 36.
879 4334 948 4346 —-
978 4306 1051 4360 Et
1078 4305 1313 4361 virtute.
1345 4304 1470 4359 Non
1497 4310 1556 4358 ut
1581 4301 1842 4374 (homines
1890 4300 1981 4373 qui
2010 4300 2066 4355 in

470 4394 642 4454 verbo
671 4395 771 4450 Dei
799 4392 1070 4450 damonis
1110 4392 1351 4462 ejiciunt,
1406 4392 1503 4448 sed
1533 4391 1755 4464 propria
1799 4397 2063 4463 potestate

468 4485 697 4542 virtutes
723 4491 999 4556 operatur.

538 4583 710 4637 Vnus.
743 4584 831 4637 38.
865 4611 934 4623 --
961 4582 1026 4637 In
1058 4580 1289 4638 domum
1323 4579 1587 4637 Simonis.
1639 4578 1844 4633 Domus
1892 4576 2058 4644 Petri,

468 4668 810 4725 circumcisio
841 4676 924 4737 est
955 4670 1071 4738 ejus
1119 4667 1440 4741 apostolatui
1495 4666 1804 4723 commissa.
1856 4665 2061 4721 Socrus

466 4766 551 4814 est
584 4758 880 4829 Synagoga
909 4773 1030 4829 quae
1060 4757 1459 4828 quodammodo
1488 4764 1663 4810 mater
1691 4762 1774 4810 est
1797 4752 2063 4809 Ecclesia

468 4848 632 4904 Petro
659 4843 986 4901 commissa.
1022 4846 1151 4900 Hac
1178 4845 1471 4913 febricitat,
1506 4843 1634 4916 quia
1673 4842 1891 4899 invidia
1909 4842 2061 4898 asti-

470 4936 572 4992 bus
616 4933 930 5001 laborabat,
978 4950 1319 5005 persequens
1372 4932 1694 4989 Ecclesiam.
1748 4932 1858 4987 Sed
1903 4932 2063 4987 Iesus

469 5029 620 5078 stans
650 5038 817 5093 super
844 5036 965 5078 eam
1002 5029 1174 5089 sanat,
1207 5022 1330 5093 quia
1374 5021 1470 5077 ubi
1517 5021 1677 5076 timor
1724 5020 1825 5077 Dei
1876 5018 2062 5091 incipit

470 5127 613 5179 esse,
645 5110 766 5166 talis
795 5110 1039 5167 astuatio
1069 5110 1210 5166 solet
1238 5110 1528 5167 recedere.

540 5209 712 5264 Vnus.
736 5210 900 5264 40.-
916 5210 1055 5266 Cum
1075 5209 1158 5264 sal
1177 5211 1374 5263 autem
1393 5208 1705 5265 occidisset.
1729 5206 1951 5279 (BEDA.)
1970 5205 2064 5261 So-

467 5298 537 5354 lis
565 5297 867 5363 accubitus,
898 5296 1087 5369 passio
1128 5295 1349 5362 Christi,
1398 5313 1499 5368 per
1527 5311 1691 5368 quam
1736 5296 1920 5368 plures
1966 5308 2061 5349 sa-

468 5391 670 5442 nantur
698 5384 1040 5454 damoniaci,
1075 5399 1238 5455 quam
1265 5392 1391 5440 ante
1418 5384 1610 5441 vivens
1629 5384 1683 5439 in
1701 5398 1866 5440 carne
1884 5397 2063 5453 agro-

471 5484 559 5531 tos
588 5480 895 5538 sanaverat,
927 5473 1051 5545 quia
1080 5473 1137 5528 in
1163 5487 1332 5529 carne
1358 5473 1550 5530 vivens
1587 5488 1792 5545 paucos
1840 5470 2062 5528 Judao-

470 5578 591 5620 rum
622 5562 821 5631 docuit,
859 5570 980 5633 post
1012 5562 1469 5621 resurrectionem
1497 5562 1756 5636 gentibus
1787 5559 2057 5632 apparuit.

545 5652 717 5711 Vnus.
737 5654 825 5710 41.
848 5681 917 5694 --
943 5654 1020 5711 Tu
1040 5669 1097 5711 es
1116 5654 1296 5710 Filius
1314 5654 1432 5710 Dei.
1458 5650 1591 5723 (10.)
1611 5649 1748 5707 Cum
1758 5649 1966 5720 jejunio
1985 5647 2063 5707 fa-

2171 1837 2368 1912 quietis
2406 1838 2556 1894 adiit.

2242 1928 2411 1983 Vnus.
2441 1930 2496 1984 2.
2530 1956 2600 1966 —
2637 1925 2780 1983 Vidit
2811 1925 2951 1981 duas
2980 1941 3172 1982 naves.
3223 1925 3355 1998 (10.)
3401 1926 3533 1983 Dua
3575 1942 3762 1995 naves,

2170 2015 2398 2087 mystice
2417 2057 2432 2081 ,
2478 2012 2945 2070 circumcisionem
2992 2020 3046 2069 et
3092 2014 3408 2085 praputium
3457 2014 3765 2087 signiﬁcant

2170 2119 2303 2175 quas
2333 2101 2486 2169 vidit,
2518 2101 2646 2174 quia
2678 2101 2733 2156 in
2762 2109 2995 2173 utroque
3036 2102 3237 2172 populo
3282 2105 3439 2159 novit
3482 2104 3579 2176 qui
3622 2108 3765 2159 sunt

2170 2194 2331 2267 ejusL
2346 2206 2576 2262 quorum
2603 2191 2766 2247 corda
2792 2207 2824 2245 a
2845 2190 3094 2247 fluctibus
3126 2190 3309 2247 saeculi
3328 2191 3396 2245 ad
3422 2190 3616 2247 futura
3634 2192 3761 2247 vita

2169 2278 2631 2351 tranquillitatem,
2664 2279 2816 2352 quasi
2844 2279 2916 2334 ad
2945 2279 3093 2334 littus
3120 2279 3540 2337 misericorditer
3566 2279 3762 2337 viven-

2170 2368 2260 2435 do,
2292 2368 2562 2439 provenit.

2240 2457 2412 2511 Vnus.
2428 2461 2481 2511 3.
2496 2487 2566 2497 —
2576 2456 2808 2528 Rogavit
2819 2471 2968 2511 eum.
2984 2454 3115 2527 (10.)
3129 2453 3287 2523 Quod
3298 2454 3475 2526 primo
3494 2464 3651 2531 rogat
3664 2471 3763 2512 na-

2169 2554 2281 2612 vim
2299 2570 2332 2609 a
2360 2562 2501 2610 terra
2516 2553 2699 2609 reduci
2724 2551 2997 2624 pusillum,
3031 2560 3158 2618 etc.,
3181 2569 3358 2624 usque
3377 2553 3450 2608 ad
3477 2554 3545 2608 ad
3575 2570 3762 2610 remo-

2169 2642 2334 2699 tiores
2361 2649 2554 2714 gentes
2581 2640 2776 2714 quibus
2805 2647 2992 2712 postea
3020 2639 3368 2710 pradicatum
3396 2648 3478 2696 est
3496 2642 3755 2712 pertinet.

2239 2732 2411 2787 Vnus.
2444 2731 2496 2785 4.
2528 2758 2600 2770 -
2626 2732 2742 2785 Duc
2771 2730 2834 2784 in
2863 2730 3068 2785 altum.
3102 2728 3334 2801 (Anum)
3360 2728 3481 2783 Etsi
3495 2728 3618 2784 aliis
3647 2729 3760 2786 im-

2166 2826 2386 2891 peratur
2413 2826 2472 2873 ut
2498 2817 2677 2873 laxent
2704 2816 2855 2886 retia,
2891 2823 3020 2884 etc.,
3052 2833 3225 2889 usque
3256 2817 3329 2873 ad
3359 2816 3448 2872 vel
3476 2817 3545 2873 de
3576 2817 3761 2889 Spiri-

2167 2915 2222 2963 tu
2251 2905 2421 2962 sancti
2442 2905 2833 2979 proﬁuentibus
2863 2905 3021 2962 donis
3066 2904 3342 2961 instruitur
3385 2904 3654 2977 Ecclesia,
3705 2914 3763 2963 et

2166 3003 2420 3051 armatur.

2089 3103 2140 3167 ρ
2237 3085 2410 3141 Vnus.
2444 3087 2497 3139 5.
2528 3112 2599 3124 --
2630 3084 2695 3139 In
2722 3082 2899 3152 verba,
2934 3089 3038 3138 etc.
3065 3081 3288 3155 (Bnm)
3307 3081 3425 3138 Nisi
3445 3082 3611 3140 verbo
3632 3098 3761 3157 gra-

2166 3172 2256 3229 tia
2281 3172 2455 3228 laxata
2482 3170 2681 3228 fuerint
2724 3169 3081 3226 instrumenta
3123 3171 3565 3243 disputationum,
3614 3180 3761 3245 etc.,

2164 3277 2339 3334 usque
2368 3260 2442 3316 ad
2468 3259 2630 3316 etiam
2658 3258 2801 3314 inter
2826 3259 3266 3345 persequentium
3302 3260 3575 3316 scandala.

2234 3351 2404 3405 Vnus.
2436 3350 2490 3404 ’7.
2524 3379 2595 3389 —
2623 3349 2696 3404 Et
2721 3349 3120 3422 impleverunt.
3163 3348 3293 3420 (10.)
3340 3349 3470 3405 Hac
3515 3348 3763 3420 impletio

2162 3454 2338 3510 usque
2367 3436 2426 3492 in
2453 3435 2618 3492 ﬁnem
2649 3436 2837 3492 saculi
2867 3435 3085 3507 crescit,
3110 3443 3239 3507 etc.,
3262 3452 3437 3510 usque
3463 3436 3537 3494 ad
3562 3445 3616 3493 et
3635 3438 3765 3495 talis

2162 3525 2438 3582 humilitas
2465 3532 2710 3581 meretur
2738 3523 2886 3597 piam
2914 3524 3132 3581 Domini
3163 3524 3610 3581 consolationem.

2234 3615 2407 3671 Vnus.
2445 3617 2531 3669 10.
2565 3644 2635 3655 —
2664 3615 2751 3669 Ex
2782 3613 2881 3670 hoc
2903 3616 3048 3686 jam.
3073 3611 3203 3685 (10.)
3232 3614 3348 3670 Hoc
3367 3614 3435 3669 ad
3464 3614 3646 3685 ipsum
3664 3614 3766 3671 Pe-

2163 3711 2309 3760 trum
2341 3702 2651 3774 specialiter
2676 3702 2930 3774 pertinet,
2962 3701 3050 3760 cui
3067 3702 3355 3774 exponitur
3384 3702 3515 3774 quid
3533 3710 3765 3775 captura

2165 3791 2436 3867 signiﬁcet
2463 3791 2716 3864 piscium.
2751 3792 2859 3848 Sed
2908 3791 3048 3847 sicut
3075 3799 3204 3848 tunc
3248 3807 3351 3863 per
3376 3791 3510 3848 retia
3548 3792 3759 3863 pisces,

2165 3882 2245 3938 sic
2272 3874 2382 3953 per
2400 3880 2568 3936 verba
2599 3879 2889 3951 aliquando
2919 3879 3097 3951 capiet
3124 3879 3393 3951 homines,
3424 3879 3481 3936 in
3510 3896 3619 3953 quo
3647 3881 3762 3937 Pe-

2165 3978 2251 4026 tro
2280 3976 2363 4024 est
2392 3976 2553 4040 tjpus
2598 3967 2763 4023 totius
2792 3967 3078 4024 Ecclesia.

2235 4058 2404 4114 Vnus.
2441 4060 2528 4114 12.
2558 4086 2629 4096 —
2656 4057 2723 4115 In
2752 4074 2871 4114 una
2899 4058 3215 4114 civitatum.
3248 4056 3350 4114 Hic
3363 4056 3472 4113 duo
3490 4056 3763 4114 adventus

2164 4147 2221 4202 in
2251 4146 2627 4217 Capharnaum
2657 4152 2930 4201 notantur.
2962 4145 3197 4216 Primus,
3231 4145 3567 4202 incarcerato
3595 4146 3766 4202 Joan-

2164 4250 2254 4305 ne,
2285 4233 2501 4305 quando
2522 4232 2651 4290 fecit
2670 4233 2925 4289 continue
2961 4233 3054 4288 illa
3071 4232 3171 4288 tria
3209 4233 3507 4301 miracula;
3550 4249 3759 4292 secun-

2163 4323 2286 4393 dus,
2321 4321 2537 4394 quando
2564 4321 2849 4378 descendit
2894 4322 2963 4378 de
3008 4329 3192 4377 monte
3240 4322 3429 4379 electis
3471 4323 3759 4396 apostolis,

2085 4461 2140 4525 D
2170 4410 2386 4485 quando
2415 4409 2473 4465 ﬁt
2500 4410 2646 4466 istud
2672 4410 2994 4467 miraculum
3023 4411 3092 4465 de
3120 4409 3362 4482 leproso.

2240 4501 2391 4525 tr---
2450 4503 2511 4525 an
2670 4502 2877 4525 m..1.'_.'a
2925 4500 3157 4525 τινι-ιιι...
3175 4498 3362 4525 ι.......ει;

2240 4501 2411 4556 Vnus.
2448 4503 2535 4555 13.
2567 4529 2636 4539 —
2670 4502 2891 4572 Tetigit.
2925 4500 3157 4571 Propter
3175 4498 3552 4569 humilitatem,
3575 4508 3635 4555 ut
3654 4516 3761 4557 nos

2161 4590 2385 4647 doceret
2413 4587 2621 4643 nullum
2650 4604 2910 4659 spernere
2940 4603 3042 4659 pro
3071 4587 3249 4659 aliqua
3287 4588 3536 4660 corporis
3561 4604 3760 4645 macu-

2161 4678 2380 4734 latione.
2413 4676 2608 4750 Tangit
2634 4692 2747 4731 non
2774 4675 3117 4748 dedignatus,
3141 4675 3372 4748 imperat
3390 4691 3500 4732 non
3519 4675 3756 4748 difﬁsus,

2161 4766 2380 4822 adhibet
2410 4765 2594 4836 operis
2624 4763 3010 4819 testimonium.
3044 4764 3187 4821 Volo.
3219 4764 3361 4821 Dicit
3387 4771 3612 4837 propter
3641 4766 3757 4821 Fo-

2163 4854 2354 4923 tinum,
2385 4852 2614 4925 imperat
2638 4860 2865 4924 propter
2893 4852 3106 4924 Arium,
3137 4850 3309 4927 tangit
3335 4860 3563 4926 propter
3589 4853 3761 4909 Mani-

2161 4944 2391 5000 chaum.

2231 5031 2402 5085 Vnus.
2428 5030 2513 5084 14.
2554 5058 2623 5069 -
2659 5031 2938 5102 Praecepit
2954 5030 3068 5086 illi.
3091 5028 3313 5101 (BEDA.)
3349 5028 3540 5086 Taceri
3575 5028 3756 5101 jubet,

2161 5133 2265 5176 nec
2282 5118 2453 5175 taceri
2480 5124 2677 5190 potest.
2709 5118 2834 5174 Non
2872 5119 3019 5190 quod
3054 5118 3256 5189 aliquid
3291 5117 3525 5174 voluerit
3561 5125 3615 5175 et
3642 5134 3761 5176 non

2161 5206 2419 5280 potuerit,
2444 5207 2541 5263 sed
2569 5207 2661 5262 dat
2680 5207 2996 5278 exemplum
3026 5214 3084 5261 ut
3103 5205 3187 5262 sui
3214 5206 3274 5261 in
3291 5207 3507 5280 magnis
3522 5223 3647 5279 qua
3675 5207 3760 5262 fa-

2162 5296 2311 5353 ciunt
2329 5295 2499 5352 latere
2517 5295 2703 5365 velint,
2719 5296 2818 5353 sed
2827 5295 3104 5366 utprosint
3114 5294 3253 5365 aliis,
3267 5295 3569 5366 prodantur
3577 5295 3756 5352 inviti.

2231 5386 2401 5441 Vnus.
2435 5387 2520 5440 15.
2552 5414 2623 5426 -—
2651 5387 2725 5440 Et
2750 5384 3159 5441 conveniebant
3178 5384 3374 5453 turba,
3395 5391 3503 5440 etc.
3528 5384 3762 5457 (Bn0A.)

2163 5474 2379 5531 Sanatio
2409 5473 2567 5542 hujus
2594 5474 2792 5528 multas
2819 5473 2888 5528 ad
2915 5471 3208 5528 Dominum
3237 5471 3387 5545 cogit
3430 5472 3637 5529 turbas.
3690 5473 3762 5530 Ut

2162 5563 2308 5619 enim
2336 5563 2453 5634 ipse
2482 5561 2711 5619 interius
2741 5570 2795 5617 et
2824 5560 3063 5618 exterius
3093 5576 3153 5616 se
3194 5568 3438 5618 sanatum
3480 5561 3707 5618 doceret
3742 5579 3757 5615 :

2160 5658 2479 5725 perceptum
2510 5650 2836 5709 beneﬁcium
2866 5650 3026 5709 etiam
3049 5650 3234 5721 jussus
3271 5665 3384 5708 non
3429 5657 3592 5709 tacet.
3644 5650 3761 5707 Sed
