3932 6178
198 247 308 301 257

195 377 249 423 et
278 369 493 424 Marcus
523 367 618 438 ait,
642 369 960 442 evangelico
987 370 1202 428 functus
1221 373 1398 431 officio
1420 393 1434 430 :
1461 377 1584 432 Mox
1605 393 1790 449 egres-

195 457 806 530 sus,cwpitprwdicare
817 459 1180 530 etdi/fa-mare
1191 479 1506 520 sermonem
1519 466 1708 537 (Marc.
1724 468 1784 537 ι).

263 570 437 626 Vens.
473 574 559 626 16.
592 601 662 613 -
689 574 763 628 Et
789 574 1004 630 orabat.
1037 574 1267 644 Quando
1307 587 1442 645 orat,
1493 580 1789 636 theoricam

192 659 388 729 vitam,
418 661 634 732 quando
664 671 814 717 sanat
840 664 1069 720 activam
1098 665 1369 723 infamat.

258 749 487 817 (ΒευΑ.)
516 750 676 805 Sanat
697 759 752 804 ut
770 752 939 821 Deus,
964 761 1083 808 orat
1102 763 1157 808 ut
1179 756 1364 823 homo,
1392 757 1453 811 in
1475 758 1630 826 urbe,
1655 766 1758 815 etc.
1769 801 1782 829 ,

185 837 467 909 usque-ad
497 855 595 908 per
620 838 830 894 interna
858 841 1129 898 desideria
1159 843 1385 900 silenter
1413 845 1682 917 loquatur.

252 951 432 1008 Vsus.
469 956 553 1009 17.
585 983 656 996 -
682 957 754 1011 Et
779 957 999 1026 factum
1030 963 1131 1026 est,
1166 967 1267 1016 etc.
1306 960 1437 1032 (11).)
1469 962 1568 1017 Ubi
1588 963 1786 1018 sedens

186 1040 439 1097 docuerit
467 1042 642 1099 Lucas
674 1042 957 1100 breviandi
974 1047 1146 1119 gratia
1162 1049 1436 1119 praeteriit,
1465 1059 1590 1121 etc.,
1614 1069 1785 1124 usque

183 1129 256 1185 ad
283 1145 454 1201 quam
480 1147 592 1186 non
629 1133 924 1204 nascendo,
983 1136 1079 1191 sed
1127 1137 1416 1192 virtutibus
1467 1139 1783 1195 illustrando

182 1233 340 1272 suam
385 1218 607 1275 fecerat.

249 1308 326 1360 Et
336 1313 530 1362 erant.
546 1309 775 1381 (Anam)
788 1310 934 1366 Inter
943 1319 1261 1368 caeterorum
1272 1316 1512 1371 remedia
1523 1316 1780 1372 debilium

179 1395 659 1463 convenientibus,
685 1405 814 1468 etc.,
841 1417 1013 1473 usque
1033 1402 1104 1456 ad
1122 1411 1448 1476 actuumque
1466 1413 1780 1461 nostrorum

181 1482 376 1538 clauda
411 1485 643 1558 vestigia
673 1487 854 1542 verbis
874 1490 1107 1544 caelestis
1127 1493 1370 1548 remedio
1392 1493 1776 1550 reformentur.

241 1598 422 1654 Vens.
455 1603 544 1654 18.
576 1631 646 1640 -
681 1603 796 1658 Viri
825 1609 1135 1675 portantes.
1187 1606 1495 1679 Allegorice
1531 1627 1544 1664 :
1578 1609 1631 1663 id
1662 1617 1774 1679 est,

177 1687 459 1759 erigentes
487 1688 556 1743 ad
588 1691 870 1760 superiora
898 1692 1134 1747 animum
1180 1695 1477 1765 hominum,
1529 1697 1774 1768 quamvis

180 1775 466 1831 exterioris
497 1777 732 1832 hominis
748 1779 1024 1837 debilitate
1051 1790 1355 1853 torpentem
1375 1803 1390 1851 ;
1415 1801 1643 1856 quorum
1663 1803 1777 1842 rur-

176 1879 264 1918 sus
291 1864 670 1932 adminiculis,
705 1875 758 1922 et
785 1869 1032 1925 attollere
1063 1879 1116 1926 et
1145 1872 1430 1928 humiliare
1461 1890 1521 1929 se
1567 1873 1776 1931 facilius

174 1960 290 2008 ante
317 1953 518 2008 Iesum
547 1954 792 2025 docetur,
825 1958 1109 2014 Dominico
1139 1960 1336 2032 dignus
1364 1961 1537 2018 videri
1573 1979 1771 2035 aspec-

177 2047 244 2094 tu.
277 2041 656 2098 Humilitatem
689 2044 832 2100 enim
861 2046 1086 2118 respicit
1116 2049 1282 2104 Deus.
1347 2096 1351 2100 .

235 2138 304 2191 Et
331 2139 686 2209 quaerebant,
713 2150 816 2195 etc.
839 2142 1058 2212 (\BEDA.)
1080 2145 1402 2200 Desiderant
1423 2145 1636 2216 offerre,
1671 2147 1770 2202 sed

176 2224 318 2278 turba
344 2226 676 2297 interposita
695 2229 1062 2297 recluduntur,
1089 2233 1211 2302 quia
1243 2250 1388 2304 saepe
1417 2235 1612 2302 anima,
1639 2243 1766 2306 etc.,

174 2329 335 2385 usque
369 2315 450 2368 ad
483 2315 609 2386 quia
639 2317 708 2370 ad
755 2317 955 2372 Christi
1002 2320 1355 2377 humilitatem
1401 2321 1530 2379 fidei
1571 2323 1768 2394 pietate

171 2399 537 2470 descenditur,
571 2413 625 2459 et
652 2405 720 2459 ad
751 2405 949 2461 Christi
978 2408 1218 2463 notitiam
1248 2410 1477 2466 venitur.

233 2515 406 2569 Vens.
443 2520 531 2571 19.
565 2548 636 2557 -
667 2520 736 2572 Et
763 2536 867 2592 per
898 2523 1135 2592 tegulas.
1159 2523 1288 2594 (10.)
1309 2525 1517 2580 Domus
1534 2525 1764 2580 Jesute-

170 2603 304 2672 gulis
337 2611 486 2659 tecta
515 2605 862 2673 describitur,
896 2609 1019 2680 quia
1049 2611 1150 2665 sub
1181 2614 1567 2684 contemptibili
1614 2614 1764 2670 litte-

169 2706 334 2745 rarum
365 2692 663 2764 velamine,
699 2695 743 2748 si
771 2696 910 2752 adsit
940 2698 1149 2768 doctor,
1185 2701 1277 2771 qui
1324 2711 1530 2758 reseret
1558 2702 1758 2773 divina,

169 2779 455 2848 spiritualis
490 2783 683 2854 gratiae
713 2784 883 2839 virtus
929 2785 1220 2842 invenitur-
1251 2788 1410 2856 Qoud
1451 2806 1572 2846 cum
1620 2791 1762 2849 lecto

169 2865 464 2939 deponitur,
503 2870 775 2943 significat
801 2873 869 2927 ab
899 2875 1120 2930 homine
1149 2877 1325 2933 adhuc
1369 2878 1426 2932 in
1453 2879 1553 2934 ista
1597 2895 1761 2936 carne

168 2957 449 3014 constituto
484 2958 756 3014 Christum
787 2961 986 3018 debere
1015 2966 1294 3037 cognosci.

1179 249 1448 306 GLOSSA
1480 250 1888 309 ORDINARIA.
1919 283 1987 295 —
2014 252 2277 310 EVANG.
2310 255 2464 312 LUC.
3383 272 3486 325 258

1819 379 1875 440 Α
1889 397 2148 454 latentem
2169 398 2518 471 cognoscatis
2533 401 2829 470 potentiam
2850 404 3150 473 majestatis
3169 422 3277 478 qua
3305 416 3485 480 potest
3533 386 3536 389 i

1890 495 2109 556 peccata
2137 487 2407 543 dimittere
2437 496 2495 544 ut
2525 489 2690 546 Deus.

1961 593 2130 647 Vens.
2156 597 2245 650 22.
2269 625 2338 634 —
2366 597 2429 652 Ut
2462 600 2655 653 autem
2675 602 2946 669 cognovit,
2967 608 3069 656 etc.
3105 603 3336 675 (Antam)
3363 606 3485 661 Ma-

1888 697 2030 752 gnus
2052 683 2314 738 sacerdos
2335 683 2544 754 lepram
2565 685 2848 742 videbatin
2871 690 3130 745 cordibus
3147 692 3480 764 Iudaeorum,

1887 775 1940 822 et
1967 769 2184 838 pejores
2213 772 2452 828 ostendit
2483 773 2577 828 illo
2608 774 2829 844 leproso
2859 776 2946 832 cui
2975 788 3210 851 purgato
3233 781 3395 849 jussit
3423 797 3485 839 se

1886 855 2085 913 offerre
2112 860 2402 915 sacerdoti.
2428 861 2534 916 Sed
2555 863 2655 917 hos
2677 880 2921 919 summus
2952 868 3212 928 sacerdos
3233 870 3486 941 repudiat

1884 961 1953 1000 ne
1981 946 2119 1001 alios
2149 964 2370 1020 quoque
2401 965 2592 1007 eorum
2622 952 2772 1022 lepra
2838 956 3188 1012 contaminet.

1955 1043 2126 1099 Vens.
2157 1046 2247 1102 24.
2281 1076 2353 1087 -
2391 1048 2504 1103 Tibi
2535 1050 2655 1106 dico
2678 1094 2692 1116 ,
2733 1068 2917 1123 surge.
2943 1053 3166 1125 (BEDA.)
3197 1055 3435 1130 Surgere
3459 1100 3474 1128 ,

1883 1138 1966 1186 est
1994 1133 2230 1188 animam
2251 1150 2284 1190 a
2315 1137 2628 1193 carnalibus
2659 1137 2952 1194 desideriis
2973 1143 3314 1200 abstrahere.
3344 1147 3480 1203 Lec-

1883 1227 1995 1275 tum
2024 1222 2231 1292 tollere,
2267 1231 2394 1290 etc.,
2427 1243 2599 1298 usque
2629 1227 2700 1282 ad
2723 1244 2825 1299 per
2846 1228 3163 1287 missionem
3184 1249 3378 1305 pmnae,
3398 1252 3480 1292 re-

1879 1309 2197 1365 missionem
2227 1313 2401 1383 culpte
2431 1313 2695 1388 intelligo.

1950 1397 2119 1452 Vens.
2152 1401 2242 1455 26.
2276 1431 2344 1441 —
2374 1403 2446 1456 Et
2476 1407 2687 1476 stupor.
2713 1406 2941 1480 (Anam)
2964 1409 3222 1480 Spectant
3244 1428 3474 1486 surgen-

1878 1492 1987 1539 tem
2015 1486 2319 1555 increduli,
2371 1490 2639 1548 mirantur
2667 1495 2976 1566 abeuntem,
3011 1506 3066 1554 et
3093 1499 3263 1556 divini
3291 1503 3472 1572 operis

1875 1574 2138 1630 miracula
2165 1577 2375 1633 malunt
2405 1580 2593 1636 timere
2625 1600 2789 1653 quam
2819 1586 3049 1642 credere
3074 1605 3088 1650 :
3120 1604 3247 1644 nam
3277 1589 3323 1644 si
3353 1605 3474 1647 cre-

1875 1661 2086 1732 derent,
2121 1682 2231 1721 non
2261 1667 2540 1736 timerent,
2576 1672 2673 1726 sed
2701 1674 3014 1746 diligerent.
3037 1680 3298 1750 Perfecta
3319 1681 3475 1737 enim

1801 1736 1856 1798 Β
1876 1749 2100 1809 dilectio
2119 1757 2275 1825 foras
2304 1758 2491 1812 mittit
2525 1761 2784 1817 timorem
2799 1736 2868 1831 V(I
2880 1766 3040 1820 Joan.
3084 1736 3186 1836 tv').

1943 1849 2110 1905 Vens.
2130 1854 2218 1908 27.
2243 1855 2478 1911 —Levi.
2511 1856 2733 1928 (BEDA.)
2766 1860 2917 1915 Idem
2957 1861 3090 1917 Levi
3127 1864 3222 1934 qui
3249 1873 3302 1919 et
3329 1866 3470 1921 Mat-

1870 1937 2061 1993 thaeus.
2114 1939 2223 1996 Sed
2268 1941 2475 2014 Lucas,
2528 1951 2665 2012 etc.,
2700 1964 2874 2020 usque
2919 1949 2993 2006 ad
3022 1951 3091 2006 de
3122 1952 3387 2010 telonario
3417 1954 3474 2010 in

1868 2026 2267 2097 evangelistam
2296 2029 2366 2084 sit
2395 2040 2653 2088 mutatus.

1939 2122 2148 2192 (Bnna,
2209 2128 2417 2197 Anan.)
2473 2129 2711 2201 Reliquit
2770 2134 3012 2204 propria,
3074 2137 3166 2207 qui
3222 2138 3472 2209 rapiebat

1867 2209 2063 2265 aliena.
2096 2214 2214 2269 Nec
2245 2215 2420 2269 solum
2451 2217 2606 2272 lucra
2637 2219 2858 2291 reliquit
2889 2223 3257 2296 vectigalium,
3291 2229 3388 2283 sed
3419 2236 3474 2286 et

1865 2299 2170 2367 periculum
2200 2303 2525 2373 contemnit,
2561 2308 2707 2378 quod
2738 2317 2952 2379 poterat
2982 2313 3166 2368 venire
3205 2330 3238 2369 a
3265 2317 3470 2386 princi-

1864 2386 2024 2455 pibus
2057 2390 2262 2456 saeculi,
2288 2391 2418 2462 quia
2447 2393 2685 2450 rationes
2707 2398 3058 2470 vectigalium
3079 2402 3469 2474 incompositas

1863 2475 2166 2546 reliquerit.
2217 2479 2288 2534 Et
2337 2480 2465 2551 quia
2493 2482 2550 2536 in
2579 2484 2729 2539 nullo
2758 2502 2982 2556 prorsus
3010 2490 3170 2558 hujus
3219 2492 3342 2546 vitae
3370 2510 3466 2548 re-

1845 2573 2110 2636 spectum
2139 2566 2225 2622 vel
2243 2569 2633 2640 cogitationem
2667 2573 2768 2627 sibi
2798 2577 3119 2646 reservavit,
3151 2579 3466 2638 Dominico—

1862 2669 1982 2708 rum
2011 2655 2339 2711 talentorum
2368 2658 2542 2714 ﬁdelis
2570 2661 2915 2731 dispensator
2963 2682 3086 2722 esse
3132 2669 3350 2724 meruit.

1933 2743 2153 2814 (ΒΕυΑ.)
2204 2745 2309 2800 Per
2353 2748 2592 2803 Matthaei
2641 2750 2996 2822 electionem,
3047 2754 3184 2810 ﬁdes
3215 2758 3462 2830 gentium

1863 2847 1984 2900 quae
2031 2832 2184 2901 prius
2231 2835 2521 2890 mundanis
2565 2837 2880 2911 inhiabant,
2935 2842 3034 2897 sed
3084 2861 3230 2901 nunc
3258 2861 3460 2918 corpus

1861 2919 2062 2974 Christi
2109 2921 2297 2976 sedula
2343 2924 2634 2980 devotione
2680 2927 2950 2999 reficiunt,
2987 2933 3325 3003 exprimitur.
3358 2937 3461 2992 Per

1860 3009 2171 3078 superbiam
2203 3011 2601 3068 Pharisaeorum
2631 3016 2936 3074 insinuatur
2962 3021 3277 3078 Judaeorum
3313 3025 3458 3082 invi-

231 3071 395 3126 Vaas.
416 3076 513 3130 20.
537 3103 608 3114 -—
632 3076 877 3142 Quorum
907 3078 1095 3146 ﬁdem.
1131 3080 1351 3178 (Βξω.)
1373 3082 1758 3178 Mnultumﬂalet
1777 3094 1826 3157 Ο
1855 3071 1964 3165 dia,
2000 3114 2120 3167 qua:
2149 3099 2218 3153 de
2247 3101 2493 3172 gentium
2526 3104 2701 3159 salute
2759 3071 3063 3178 torquet—ur.

168 3159 294 3214 ﬁdes
322 3163 552 3233 propria
579 3165 863 3236 cujusque,
896 3182 1022 3221 cum
1040 3184 1137 3238 per
1155 3169 1386 3225 alienam
1409 3170 1573 3227 fidem
1595 3173 1756 3230 homo

167 3245 381 3305 interius
413 3260 470 3306 et
501 3252 740 3307 exterius
781 3254 850 3308 sit
896 3257 1148 3312 salvatus.

228 3350 351 3424 (10.)
382 3353 518 3408 Hac
548 3355 754 3410 curatio
779 3357 1062 3427 paralytici
1094 3355 1362 3432 significat
1403 3361 1756 3419 salvationem

170 3437 349 3494 animae
379 3441 714 3528 suspirantis
743 3444 812 3498 ad
834 3446 1027 3513 Deum,
1059 3455 1186 3515 etc.,
1212 3465 1384 3521 usque
1401 3451 1473 3505 ad
1493 3468 1612 3523 quae
1633 3461 1756 3507 sum

167 3527 461 3597 prudentia,
497 3528 780 3599 fortitudo,
814 3535 1188 3605 temperantia,
1218 3537 1442 3605 justitia.

225 3633 408 3701 Homo,
447 3638 854 3704 remittuntur,
887 3647 990 3696 etc.
1026 3642 1103 3696 Tu
1133 3643 1297 3698 homo
1325 3652 1600 3715 peccator,
1649 3661 1754 3718 ego

173 3719 303 3775 Deus
331 3723 424 3793 qui
456 3732 686 3793 peccata
723 3726 954 3798 remitto,
1004 3730 1096 3800 qui
1141 3731 1372 3787 aliorum
1416 3734 1612 3789 merito
1661 3735 1755 3789 tibi

172 3819 380 3877 peccata
414 3811 624 3867 relaxo.
660 3813 762 3882 Qui
793 3832 924 3887 ergo
970 3820 1214 3888 peccatis
1262 3829 1540 3894 gravatur,
1593 3823 1754 3878 adbi-

177 3895 287 3951 beat
312 3899 627 3956 Ecclesium
660 3919 779 3973 qua}
809 3921 912 3975 pro
940 3922 1005 3962 eo
1034 3917 1306 3977 precetur.

220 3993 353 4063 Quia
380 4014 486 4068 pro
516 3999 681 4070 culpa
707 4001 901 4058 anima:
933 4003 1094 4058 etiam
1123 4021 1319 4077 corpus
1351 4008 1747 4079 infirmabatur,

165 4082 275 4139 ideo
303 4095 601 4142 sanaturus
632 4104 852 4161 corpus,
884 4091 1038 4162 prius
1070 4103 1226 4149 sanat
1257 4096 1514 4152 animam.

225 4200 387 4255 Vens.
411 4206 506 4259 21.
533 4233 603 4242 -
629 4205 763 4270 Quis
776 4209 964 4277 potest
983 4207 1274 4266 dimittere
1298 4214 1513 4269 ?Nemo
1537 4214 1753 4270 dimittit

161 4299 370 4354 peccata
403 4291 512 4344 nisi
545 4292 710 4360 Deus,
747 4294 839 4363 qui
865 4311 966 4364 per
1000 4312 1096 4350 eos
1126 4315 1342 4370 quoque
1369 4301 1587 4357 dimittit
1618 4304 1743 4374 qui-

161 4373 246 4428 bus
271 4386 599 4446 potestatem
629 4379 935 4437 dimittendi
963 4385 1130 4439 dedit.
1168 4387 1302 4442 Cum
1331 4405 1466 4462 ergo
1502 4373 1744 4447 Christus

1928 3185 2100 3241 Vens.
2135 3191 2222 3242 30.
2257 3218 2327 3229 —
2366 3193 2565 3259 Quare,
2597 3201 2701 3249 etc.
2737 3195 2968 3269 (Anam)
3003 3198 3196 3255 Omnis
3243 3204 3456 3274 questio

1857 3289 1923 3326 ex
1952 3272 2075 3345 lege
2121 3292 2242 3346 quae
2290 3285 2448 3332 tenax
2471 3280 2721 3351 justitiaa,
2757 3299 2866 3339 non
2896 3286 3079 3353 habet,
3115 3272 3458 3365 etc.,—usque

1855 3362 1928 3416 ad
1957 3370 2010 3416 et
2029 3364 2325 3420 ambulatio
2355 3375 2407 3422 et
2427 3369 2608 3424 omnia
2628 3388 2748 3441 quae
2778 3374 2969 3446 gessit,
2995 3377 3154 3432 saluti
3193 3362 3454 3436 serviunt.

1927 3450 2155 3520 (Anam,
2191 3455 2391 3526 BEDA.)
2423 3455 2529 3524 Qui
2547 3459 2822 3516 domicilio
2853 3463 3131 3520 Christum
3161 3466 3354 3539 recipit
3382 3470 3460 3524 in-

1855 3544 2014 3594 terno
2042 3541 2296 3597 maximis
2328 3545 2749 3603 exuberantiam
2795 3553 3038 3620 pascitur
3076 3555 3456 3614 delectationi-

1856 3626 1958 3682 bus
2005 3629 2360 3700 voluptatum.
2415 3636 2600 3706 Itaque
2644 3638 2908 3694 Dominus
2957 3642 3282 3714 ingreditur,
3317 3647 3457 3702 etin

1857 3716 1972 3784 ejus
2020 3719 2112 3788 qui
2161 3721 2392 3776 credidit
2443 3725 2712 3780 recumbit
2744 3726 2963 3784 affectu.
2999 3732 3106 3786 Sed
3135 3750 3329 3788 rursus
3355 3751 3455 3792 ac-

1856 3805 2106 3860 cenditur
2153 3807 2351 3864 invidia
2399 3811 2735 3881 perﬁdorum
2760 3859 2772 3881 ,
2807 3816 3003 3874 futurae
3033 3836 3209 3890 poena:
3240 3823 3453 3894 species

1855 3892 2259 3966 praeﬁguratur.
2281 3899 2641 3968 Epulantibus
2673 3903 2818 3958 enim
2839 3904 3090 3963 fidelibus
3121 3917 3173 3964 et
3202 3910 3257 3964 in
3269 3892 3452 3984 “regno

1856 3981 2119 4036 caelorum
2141 3987 2604 4056 recumbentibus,
2629 3991 2858 4060 perfidia
2881 3995 3063 4064 jejuna
3087 3981 3450 4070 torquebitur.

1857 4068 2175 4127 Ostenditur
2205 4074 2368 4130 etiam
2400 4086 2663 4148 quantum
2694 4080 2904 4138 intersit
2930 4084 3072 4140 inter
3111 4068 3338 4144 aemulos
3369 4089 3454 4145 1e-

1853 4157 1938 4230 gis
1969 4168 2022 4214 et
2051 4162 2258 4233 gratiae,
2292 4165 2416 4236 quia
2448 4167 2539 4237 qui
2567 4167 2749 4239 legem
2780 4182 3097 4244 sequuntur,
3132 4178 3328 4232 mentis
3376 4178 3456 4234 fa-

1851 4271 1996 4312 mem
2049 4259 2322 4328 patientur
2379 4271 2656 4322 aeternam.
2721 4268 2826 4337 Qui
2857 4288 2990 4328 vero
3019 4273 3074 4327 in
3102 4272 3452 4331 interioribus

1850 4345 2078 4400 verbum
2110 4351 2445 4422 receperint,
2477 4355 2717 4411 alimenti
2745 4359 2983 4415 caelestis
3012 4370 3065 4415 et
3084 4361 3248 4418 fontis
3287 4365 3450 4420 uber-

451 4484 463 4498 ν
991 4437 1026 4439 Ἰ
1177 4437 1302 4442 v—m
1335 4437 1463 4462 "Ov
1485 4437 1814 4514 ium-me
1850 4440 1960 4488 tate
1989 4437 2242 4508 recreati,
2293 4442 2502 4498 esurire
2551 4452 2605 4500 et
2635 4445 2785 4501 sitire
2813 4464 2922 4504 non
2948 4459 3205 4521 possunt,
3240 4460 3293 4507 et
3322 4452 3448 4509 ideo

315 4475 391 4532 at,
429 4484 561 4523 vere
600 4469 747 4523 Deus
796 4472 1077 4540 probatur.
1129 4475 1326 4530 Verum
1375 4487 1742 4537 testimonium
1991 4538 2002 4540 -
2058 4523 2068 4533 .
2216 4526 2226 4537 .
2269 4529 2278 4538 .
2439 4538 2445 4540 .
2940 4538 2971 4540 --

377 4508 391 4532 ,
440 4508 561 4523 ’νιν
600 4508 747 4523 υνυυ
798 4508 1048 4532 pax/nutu:
1066 4516 1077 4526 ο

158 4549 257 4607 Deo
284 4555 544 4625 reddunt,
577 4557 672 4611 sed
701 4574 995 4628 personam
1026 4562 1226 4618 Christi
1258 4568 1512 4638 negando
1539 4569 1740 4624 fallun-

156 4645 248 4694 tur.
282 4642 518 4698 Perﬁdia
548 4645 693 4699 enim
723 4647 971 4704 confiteri
1007 4659 1205 4720 potest,
1241 4655 1468 4710 credere
1497 4673 1606 4712 non
1635 4675 1741 4730 po-

153 4733 261 4781 test.
294 4729 482 4803 Itaque
511 4734 884 4790 testimonium
921 4753 1033 4792 non
1079 4739 1233 4794 deest
1263 4741 1557 4814 Divinitati,
1600 4729 1738 4802 ﬁdes

153 4814 289 4872 deest
319 4819 503 4874 saluti.
548 4822 697 4877 Deus
729 4832 907 4880 autem
937 4826 1127 4881 volens
1158 4829 1339 4886 salvos
1383 4831 1564 4888 facere
1610 4851 1740 4905 pec-

151 4912 363 4975 catores,
400 4916 453 4963 et
481 4911 820 4966 occultorum
855 4914 1166 4986 c0gnitione
1197 4934 1256 4973 se
1284 4919 1459 4975 Deum
1489 4938 1610 4978 esse
1639 4925 1736 4981 de-

152 5003 418 5064 monstrat,
453 5005 508 5052 et
539 4998 900 5059 admiratione
931 5001 1201 5060 factorum
1222 5005 1327 5061 illis
1347 5011 1684 5080 respondens
1716 5031 1729 5068 :

153 5079 276 5145 Quid
304 5087 571 5157 cogitatis
587 5090 743 5145 mala
761 5092 824 5145 in
849 5093 1106 5150 cordibus
1126 5097 1327 5152 vestris
1351 5102 1374 5153 ἱ)
1392 5079 1603 5156 Eadem
1619 5118 1732 5157 ma-

147 5166 320 5233 jestate
349 5181 405 5228 et
434 5176 678 5244 potentia
707 5193 814 5248 qua
843 5181 1204 5253 cogitationes
1232 5193 1447 5242 vestras
1496 5188 1724 5261 intueor,

149 5270 350 5323 possum
377 5261 694 5318 hominibus
723 5266 920 5322 delicta
948 5269 1240 5328 dimittere.
1272 5274 1356 5329 Ex
1388 5276 1544 5332 vobis
1564 5278 1728 5334 intel-

149 5341 279 5438 ligite
308 5350 440 5420 quid
465 5352 806 5424 paralyticus
835 5368 1221 5430 consequatur.
1256 5363 1364 5419 Sed
1391 5365 1519 5435 quia
1557 5368 1727 5438 Spiri-

149 5433 328 5492 tualem
354 5439 592 5511 gratiam
621 5457 733 5497 non
763 5447 1117 5518 cognoscitis,
1160 5465 1265 5507 nec
1309 5433 1531 5509 creditis
1578 5433 1727 5527 quod

147 5517 346 5579 interius
376 5526 582 5585 factum
614 5539 717 5601 est,
753 5534 1016 5604 probetur
1039 5536 1199 5610 signo
1229 5539 1427 5597 visibili
1447 5517 1725 5615 quodnon

1845 4521 1935 4593 qui
1984 4523 2165 4580 animo
2206 4526 2453 4596 jejunant
2499 4543 2869 4605 murmurant,
2919 4538 3165 4594 dicentes
3206 4558 3220 4594 :
3265 4540 3448 4608 Quare

1839 4625 1969 4666 cum
1994 4615 2348 4686 publicanis,
2400 4627 2508 4674 etc.
2533 4621 2560 4674 ?
2612 4621 2730 4676 Filii
2761 4624 2992 4692 diaboli,
3028 4643 3299 4683 venenum
3330 4645 3448 4685 ser-

1836 4699 2018 4768 pentis
2067 4703 2393 4760 diffundunt.
2446 4708 2689 4778 Serpens
2738 4711 2971 4781 primam
3022 4731 3214 4773 vocem
3245 4718 3442 4787 emisit,

1837 4785 2027 4843 dicens
2055 4791 2184 4847 Eva;
2209 4808 2222 4848 :
2247 4791 2390 4860 Quid
2420 4795 2603 4866 utique
2621 4798 2767 4853 Deus
2797 4800 2930 4856 dixit
2954 4820 2968 4856 :
2993 4805 3179 4862 Nolite
3200 4785 3445 4865 mandit?

1835 4889 1966 4933 care
1993 4894 2069 4935 ex
2088 4883 2246 4938 omni
2269 4885 2416 4954 ligno
2441 4888 2465 4938 ξ)
2494 4885 2658 4956 (Gen.
2695 4889 2806 4960 III.)
2836 4890 2992 4948 Hunc
3022 4893 3302 4952 imitantur
3331 4896 3440 4952 isti.

1921 4992 2093 5048 Vens.
2127 4999 2214 5051 31.
2246 5027 2318 5039 -
2343 4999 2567 5057 Medico.
2605 5002 2852 5061 Christus
2882 5009 3128 5066 medicus
3159 5012 3270 5083 qui,
3304 5014 3444 5073 miro

1831 5079 2149 5139 medicandi
2171 5103 2402 5158 genere,
2419 5091 2754 5149 vulneratus
2773 5100 2857 5151 est
2863 5101 3098 5170 propter
3108 5079 3445 5174 iniquitates

1833 5172 2086 5227 nostras.
2121 5172 2237 5230 Hoc
2267 5177 2628 5235 medicamine
2662 5184 2932 5254 serpentis
2953 5172 3224 5244 venenum
3253 5191 3442 5248 exclu-

1829 5255 1989 5312 ditur.
2057 5258 2161 5328 Qui
2226 5263 2333 5321 hoc
2388 5267 2792 5328 medicamento
2820 5273 2984 5329 utitur
3007 5317 3020 5342 ,
3052 5293 3163 5333 non
3193 5289 3443 5339 remanet

1819 5344 2055 5413 jejunus.

1898 5462 2069 5520 Vens.
2124 5468 2210 5522 32.
2231 5495 2302 5509 -—
2333 5469 2532 5531 Vocare
2563 5477 2772 5546 justas.
2807 5479 3029 5552 (BEDA.)
3059 5482 3245 5539 Justos
3274 5491 3433 5539 vocat

1827 5564 1922 5605 eos
1952 5552 2065 5622 qui,
2097 5555 2200 5610 Dei
2217 5559 2517 5627 justitiam
2545 5563 2872 5634 ignorantes
2903 5573 2962 5625 et
2991 5586 3155 5626 suam
3185 5571 3432 5626 volentes

147 5610 346 5671 minoris
374 5627 586 5676 constet
617 5635 744 5678 esse
779 5624 1055 5695 potentia},
1099 5633 1154 5682 ut
1202 5627 1258 5683 in
1306 5630 1441 5689 Filio
1464 5610 1722 5692 hominis
1823 5610 2433 5716 constituerejustitiae
2451 5651 2553 5711 Dei
2567 5610 2687 5714 :ton
2705 5659 2845 5713 sunt
2862 5657 3128 5728 subjecti;
3148 5656 3282 5714 etde
3300 5655 3428 5728 lege
