4006 6178
474 240 580 295 259

1007 238 1411 296 WALAFRIDI
1438 238 1683 296 STRABI
1710 236 1914 296 FULD.
1943 237 2120 299 MON.
2153 241 2307 301 OPP.
2338 243 2515 303 PARS
2540 246 2585 303 Ι.
2615 275 2685 290 -
2709 246 3133 307 THOLOGICA.

3653 257 3766 313 260

468 368 882 435 praisumentes,
905 363 1142 435 gratiam
1167 362 1457 437 Evangelii
1486 380 1597 419 non
1626 370 1908 435 quaerunt;
1938 380 2069 437 pec-
2094 371 2154 436 Α
2173 368 2467 427 ditionibus
2495 373 2839 444 accumulati,
2874 374 3221 433 dulcedinem
3249 373 3611 447 spiritualium
3637 393 3762 435 ver-

469 458 681 507 catores
710 450 802 523 qui
831 466 933 506 sua
960 451 1109 507 mala
1136 452 1499 519 attendentes,
1530 467 1635 509 nec
1660 468 1763 524 per
1788 452 1974 527 legem
2002 471 2064 513 se

467 554 633 611 posse
671 538 962 609 justiﬁcari
1005 548 1280 613 putantes,
1330 541 1529 597 Christi
1559 557 1619 597 se
1659 541 1854 615 gratiae
1879 544 2062 615 poeni-

468 626 634 684 tendo
691 627 1033 685 submittunt.
1678 666 1679 669 η

536 743 710 800 Vnus.
743 747 831 800 33.
874 774 944 786 —-
978 745 1160 814 Quare
1187 745 1474 817 discipuli.
1512 745 1734 817 (ΒεοΑ.)
1777 746 2063 805 Matthaaus

465 832 597 890 dicit
623 832 775 906 ipsos
819 832 1120 905 discipulos
1147 833 1254 890 hoc
1284 833 1569 905 quaesisse.
1601 834 1710 890 Sed
1757 835 2062 907 sciendum,

466 921 595 994 quia
620 921 839 993 utrique
889 922 1238 993 quaesierunt.

534 1010 667 1082 (111.)
697 1010 1059 1081 Spiritualiter
1090 1030 1105 1067 :
1135 1010 1390 1083 discipuli
1417 1011 1643 1067 Joannis
1673 1020 1727 1068 et
1754 1012 2062 1071 Pharisaeo-

464 1115 587 1155 rum
608 1099 880 1169 jejunant,
932 1099 1062 1172 quia
1104 1099 1198 1173 qui
1226 1100 1381 1171 operi
1408 1099 1580 1173 legis,
1613 1107 1716 1157 etc.
1736 1140 1751 1170 ,
1784 1118 1961 1174 usque
1991 1104 2065 1160 ad

465 1187 762 1245 manducet
806 1204 933 1245 cum
976 1188 1357 1260 peccatoribus
1378 1229 1394 1258 ,
1436 1196 1495 1245 ut
1523 1188 1761 1261 gratiam
1790 1197 1845 1246 et
1871 1198 2062 1263 potes-

464 1284 634 1334 tatem
659 1276 954 1349 intelligas.

534 1393 705 1449 Vaas.
729 1394 817 1448 34.
841 1422 910 1432 -
930 1392 1194 1463 Nunquid
1212 1394 1368 1449 enim
1384 1394 1639 1465 potestis.
1662 1394 1793 1466 (11).)
1810 1393 2064 1462 Quandiu

462 1496 700 1553 sponsus
727 1480 1015 1537 nobiscum
1047 1487 1130 1536 est
1159 1487 1213 1536 et
1243 1479 1299 1534 in
1326 1480 1516 1539 laztitia
1547 1498 1756 1551 sumus,
1787 1497 1893 1539 nec
1914 1483 2062 1554 jeju-

462 1584 597 1625 nare
626 1584 918 1642 possumus
938 1610 953 1640 ,
986 1576 1093 1625 ctc.
1113 1611 1127 1636 ,
1156 1584 1332 1641 usque
1360 1570 1432 1625 ad
1461 1577 1590 1626 tunc
1619 1570 1716 1625 ﬁlii
1745 1571 1933 1643 sponsi
1970 1572 2061 1641 je-

454 1659 740 1728 junabunt,
773 1658 1153 1715 desiderantes
1183 1658 1392 1715 Iudicis
1419 1659 1736 1716 adventum.

2165 458 2361 517 borum
2388 460 2674 534 percipere
2702 478 2816 519 non
2843 462 3115 520 valebant.

2235 548 2407 605 Vens.
2439 553 2528 606 38.
2562 580 2632 592 —
2657 552 2763 609 Sed
2782 553 3000 609 vinum.
3032 551 3325 625 Fragilitas
3351 552 3605 612 humanae
3631 568 3759 612 con-

2100 646 2107 653 ‘
2164 637 2385 694 ditionis
2412 639 2676 710 aperitur,
2708 656 2834 697 cum
2861 655 3094 714 corpora
3121 648 3315 698 nostra
3339 642 3547 699 exuviis
3567 642 3757 700 defun-

2164 733 2374 783 ctorum
2402 727 2711 785 animalium
2738 737 3135 802 comparantur.
3166 730 3276 788 Sed
3320 731 3595 788 renovatis
3615 732 3760 789 utri-

2164 813 2268 870 bus
2295 831 2441 874 nova
2468 816 2598 873 vina
2624 818 3024 888 conducuntur,
3068 833 3196 876 cum
3242 827 3589 877 sacramenta
3633 837 3762 893 qua:

2165 902 2465 976 accipimus
2494 905 2756 963 inviolata
2802 922 3107 965 servamus.
3161 908 3274 965 Hos
3302 914 3473 979 utres,
3520 908 3567 964 si
3610 908 3762 981 pleni

2164 1000 2308 1063 sunt,
2340 993 2514 1065 gratia
2542 1002 2745 1066 servat,
2778 996 2826 1051 si
2854 996 3030 1068 vacui,
3063 995 3213 1056 tinea
3241 1003 3297 1054 et
3332 1012 3525 1070 aerugo
3552 1012 3758 1055 consu-

2163 1080 2261 1137 mit
2292 1098 2307 1137 :
2330 1098 2549 1156 semper
2577 1099 2713 1159 ergo
2741 1084 2849 1141 sint
2875 1084 3043 1158 pleni.

2766 1252 2993 1309 CAPUT
3054 1253 3147 1309 VI.

2234 1416 2403 1472 Vsus.
2438 1421 2489 1471 1.
2522 1447 2592 1459 -—
2621 1419 2858 1476 Factum
2887 1424 2973 1477 est
2989 1422 3203 1488 autem,
3238 1425 3346 1478 etc.
3371 1418 3596 1495 (Βεω.)
3615 1421 3761 1480 Dicit

2164 1504 2313 1576 quod
2338 1505 2552 1561 sabbati
2581 1506 2763 1563 littera
2790 1507 2931 1565 solvi
2965 1515 3229 1581 coeperat,
3284 1514 3416 1580 etc.,
3463 1526 3639 1584 usque
3684 1511 3760 1568 ad

2162 1601 2302 1738 polstf
2316 1595 2635 1665 secundum,
2666 1596 2737 1653 ab
2766 1612 2833 1654 eo
2879 1612 2989 1669 quo
3031 1597 3399 1670 praecedentia
3445 1606 3573 1657 sunt
3610 1599 3759 1657 dicta

2163 1698 2229 1739 ve
2298 1690 2437 1740 acta.

530 1748 702 1851 νξῖίίῗ·
905 1750 1157 1851 Ῡθζῖίθηί-
1186 1753 1398 1849 aufém-
1447 1748 1580 1851 (Ψ)
1638 1747 1827 1851 Quasi.
1862 1749 2012 1851 dicf“
2040 1766 2057 1805 ³
2088 1733 2142 1794 Β
2529 1781 2636 1831 etc.
2657 1774 2885 1846 Mystice
2918 1792 2934 1831 :
2964 1790 3097 1849 ager
3115 1776 3389 1846 mundus;
3419 1776 3755 1851 agriseges,

459 1836 679 1893 Facturi
706 1836 857 1907 estis,
890 1845 948 1893 ut
974 1836 1227 1910 lugentes
1251 1839 1518 1908 jejuncnt,
1572 1838 1697 1908 quia
1727 1837 1881 1908 estis,
1915 1846 2019 1894 etc.
2039 1881 2053 1908 ,

458 1941 632 1998 usque
660 1926 735 1981 ad
763 1925 1002 1997 quandiu
1030 1942 1157 1982 cum
1186 1926 1467 1998 discipulis
1495 1925 1762 1982 Dominus
1806 1927 1863 1983 in
1891 1942 2057 1984 carne

457 2022 814 2070 conversatus
846 2023 949 2071 est.

532 2105 683 2161 Tunc
700 2104 1050 2176 jejunabunt
1071 2146 1086 2170 ,
1120 2110 1224 2160 etc.
1257 2104 1338 2159 De
1387 2112 1621 2175 utroque
1661 2104 1869 2173 jejunio
1909 2105 2057 2176 quod

460 2199 543 2248 est
587 2192 646 2247 in
691 2191 1042 2248 tribulatione
1088 2191 1175 2248 vel
1226 2191 1427 2265 gaudio
1488 2192 1785 2263 respondet
1844 2209 1860 2247 :
1917 2196 2058 2250 Cum

455 2281 680 2336 ablatus
726 2282 908 2351 fuerit
954 2297 1210 2353 sponsus,
1265 2288 1393 2335 tunc
1423 2288 1583 2335 erunt
1630 2280 1687 2335 in
1734 2297 1970 2337 maerore
2001 2290 2057 2338 et

453 2368 622 2438 luctu,
675 2368 854 2425 donec
907 2385 1008 2440 per
1039 2368 1288 2440 spiritum
1339 2376 1588 2424 sanctum
1617 2369 1921 2425 consolatio
1951 2371 2053 2425 tri-

457 2456 695 2525 buatur;
728 2474 836 2530 quo
866 2458 1012 2513 dono
1041 2465 1323 2528 percepto,
1350 2458 1617 2527 jejunium
1655 2459 1802 2530 quod
1848 2458 1908 2514 ﬁt
1953 2476 2056 2530 per

451 2544 715 2615 laetitiam,
742 2547 858 2615 jam
887 2547 1136 2603 renovati
1165 2546 1219 2601 in
1248 2546 1414 2603 vitam
1445 2546 1784 2617 spiritualem
1814 2546 2059 2604 celebra-

456 2636 610 2690 bunt.
640 2636 712 2690 Et
736 2635 825 2690 hic
853 2636 1007 2707 prius
1037 2635 1152 2708 agit
1180 2634 1251 2690 de
1286 2636 1493 2704 jejunio
1543 2636 1690 2706 quod
1718 2637 1953 2707 pertinet
1982 2638 2055 2693 ad

453 2723 816 2779 humilitatem
846 2724 1227 2780 tribulationis.
1261 2724 1401 2779 Illud
1428 2732 1609 2780 autem
1638 2726 1786 2797 quod
1816 2726 1886 2781 ad
1916 2742 2054 2798 gau-

452 2811 604 2868 dium
651 2812 850 2867 mentis
894 2812 1132 2884 pertinet
1180 2812 1425 2884 (quando
1461 2829 1619 2868 mens
1648 2814 1720 2868 ad
1750 2814 2056 2885 spiritualia

451 2901 824 2974 suspenditur,
855 2909 911 2957 et
936 2901 1063 2957 ideo
1091 2917 1125 2956 a
1154 2901 1293 2957 cibis
1321 2902 1606 2972 corporeis
1634 2901 1922 2974 alienatur)
1966 2920 2055 2960 se-

451 2990 742 3063 quentibus
782 2989 1225 3045 similitudinibus
1255 2990 1547 3063 signiﬁcat,
1581 2992 1877 3047 ostendens
1908 2993 2055 3064 quod

2158 1859 2380 1916 humani
2407 1862 2629 1934 generis
2682 1862 3021 1932 fecunditas;
3073 1865 3256 1938 spicae,
3304 1866 3511 1924 fructus
3553 1866 3756 1925 Eccle-

2158 1948 2275 2019 siae,
2323 1950 2518 2022 quibus
2566 1958 2882 2009 saturantur
2923 1955 3159 2026 apostoli
3202 1963 3393 2014 nostro
3438 1971 3502 2014 se
3536 1955 3759 2014 alentes

2156 2036 2429 2109 profectu.

2235 2127 2519 2184 Vellebant
2545 2127 2861 2202 discipulis,
2897 2136 3002 2188 etc.
3034 2132 3159 2188 Non
3186 2132 3453 2190 habentes
3500 2131 3757 2204 discipuli

2156 2214 2389 2285 spatium
2419 2217 2799 2290 manducandi,
2831 2227 3061 2292 propter
3088 2221 3552 2292 importunitatem
3577 2221 3759 2277 turba-

2155 2318 2295 2374 rum,
2315 2305 2631 2363 esuriebant
2653 2315 2711 2364 ut
2729 2308 3001 2377 homines,
3033 2310 3132 2366 sed
3152 2309 3417 2367 vellentes
3437 2310 3615 2383 spicas
3642 2309 3759 2366 ine-

2155 2391 2301 2447 diam
2320 2395 2692 2463 consolantur,
2727 2397 2872 2468 quod
2893 2405 2975 2453 est
2993 2398 3254 2454 indicium
3273 2398 3586 2455 austerioris
3606 2398 3753 2469 vitae,

2154 2496 2265 2535 non
2285 2492 2624 2554 praeparatas
2654 2500 2832 2555 escas,
2865 2485 2965 2541 sed
2993 2486 3147 2542 cibos
3177 2486 3453 2557 simplices
3483 2502 3753 2558 quaerere.

2154 2568 2224 2623 Et
2253 2578 2384 2626 nota
2413 2572 2559 2643 quod
2589 2572 2820 2643 apostoli
2840 2572 3074 2629 litteram
3103 2574 3315 2629 sabbati
3331 2574 3445 2643 jam
3467 2575 3761 2630 destruunt

2153 2657 2419 2714 adversus
2459 2659 2743 2714 Ebionitas
2764 2702 2780 2729 ,
2827 2661 2921 2733 qui
2966 2661 3103 2718 alios
3152 2662 3432 2734 apostolos
3462 2661 3756 2734 recipiunt,

2154 2745 2377 2801 Paulum
2408 2747 2564 2818 quasi
2593 2747 2733 2819 legis
2759 2756 3228 2823 transgressorem
3258 2749 3570 2821 repudiant.

2224 2833 2447 2907 (BEDA.)
2474 2835 2702 2908 Mystice
2735 2853 2750 2892 :
2782 2837 3035 2910 discipuli
3063 2838 3366 2896 esurientes
3392 2838 3625 2895 salutem
3654 2839 3758 2896 ho-

2153 2921 2361 2978 minum
2388 2932 2669 2981 transeunt
2694 2942 2797 2998 per
2823 2935 2960 2997 sata,
2994 2927 3051 2982 id
3080 2935 3164 2984 est
3192 2944 3293 3000 per
3321 2927 3580 3001 regiones
3597 2945 3750 3000 quas,

2154 3018 2282 3084 etc.,
2312 3029 2488 3088 usque
2514 3014 2587 3071 ad
2615 3030 2857 3088 arguens
2903 3016 3161 3073 doctores
3207 3015 3351 3090 legis
3400 3015 3616 3073 nescire
3664 3016 3754 3073 le-

451 3079 766 3170 carnalibus
797 3088 850 3135 et
879 3079 951 3135 ob
970 3081 1077 3170 hoc
1103 3081 1284 3170 adhuc
1310 3088 1802 3170 veteremsensum
1830 3082 2048 3139 trahen-
2069 3088 2122 3153 (Γ,
2147 3079 2299 3170 geni.

449 3166 613 3238 tibus,
647 3168 754 3225 hoc
781 3184 959 3242 genus
982 3168 1171 3237 jejunii
1199 3185 1312 3225 non
1347 3169 1621 3243 congruit.

548 3283 721 3340 Vsus.
758 3286 848 3339 36.
877 3312 949 3326 —
976 3283 1019 3340 Α
1052 3286 1390 3342 vestimento
1419 3303 1578 3344 novo.
1611 3284 1833 3358 (ΒΕυΑ.)
1876 3285 2064 3343 Veteri

460 3372 791 3429 vestimento
813 3379 1198 3444 comparantur
1217 3372 1491 3448 discipuli,
1516 3373 1609 3446 qui
1626 3374 1806 3430 adhuc
1822 3381 1947 3429 sunt
1964 3390 2060 3430 ve—

463 3467 552 3517 tus
569 3461 755 3518 homo.
780 3460 992 3531 Quibus
1011 3477 1187 3519 novus
1203 3477 1436 3535 pannus,
1459 3470 1591 3534 etc.,
1615 3479 1792 3536 usque
1820 3463 1893 3518 ad
1911 3462 2060 3520 unde

453 3550 749 3622 Apostolus
781 3569 796 3606 :
828 3552 1038 3608 Exuite
1085 3556 1331 3608 veterem
1362 3551 1650 3609 hominem
1678 3569 1812 3609 cum
1839 3552 2060 3611 actibus

448 3642 589 3709 suis,
623 3643 682 3698 et
712 3640 937 3697 induite
966 3657 1176 3699 novum
1212 3640 1435 3714 (Ephes.
1488 3641 1591 3713 1v).

517 3756 692 3813 Vnus.
726 3758 816 3813 37.
838 3786 910 3798 —
937 3758 1157 3815 Vinum.
1191 3755 1331 3813 Vino
1378 3755 1525 3813 intus
1554 3756 1856 3828 reﬁcimur,
1903 3764 2058 3813 veste

446 3844 585 3901 foris
605 3845 863 3919 tegimur.
884 3846 1071 3903 Vestis
1101 3860 1238 3918 ergo
1270 3852 1395 3900 sunt
1413 3844 1555 3901 bona
1583 3861 1751 3917 opera
1781 3861 1903 3917 qum
1922 3844 2060 3902 foris

448 3934 685 4008 agimus,
720 3935 921 4007 quibus
952 3950 1136 3991 coram
1164 3933 1477 3989 hominibus
1524 3934 1790 3989 lucemus.
1829 3934 2058 4002 Vinum,

444 4022 631 4079 fervor
658 4020 806 4094 ﬁdei,
840 4022 959 4094 spei
989 4030 1042 4078 et
1072 4022 1369 4090 charitatis,
1402 4038 1511 4094 quo
1540 4022 1598 4077 in
1618 4029 1920 4095 conspectu
1948 4019 2053 4081 Dei

444 4109 503 4166 in
531 4109 770 4167 novitate
802 4125 1001 4166 sensus
1046 4110 1192 4166 intus
1241 4108 1626 4165 reformamur.

527 4207 594 4264 In
622 4210 801 4265 utres.
835 4206 1060 4279 (Βεω.)
1090 4206 1381 4264 Veteribus
1410 4206 1571 4263 etiam
1600 4206 1812 4263 utribus
1841 4220 2061 4279 compa-

457 4304 667 4369 rantur,
691 4296 785 4370 qui
801 4311 945 4354 novo
972 4295 1122 4368 vino,
1143 4295 1202 4352 id
1220 4303 1323 4367 est,
1346 4293 1722 4368 spiritualibus
1739 4295 2054 4369 praeceptis,

448 4386 662 4445 facilius
693 4385 1081 4460 dirumpuntur
1108 4402 1271 4459 quam
1299 4385 1630 4443 contineant.
1662 4385 1840 4442 Erunt
1866 4392 2050 4441 autem

2230 3190 2400 3247 Vrsas.
2437 3195 2492 3250 2.
2515 3222 2586 3233 —
2603 3192 2878 3250 Dicebant
2897 3194 3037 3262 illis,
3061 3200 3167 3250 etc.
3190 3192 3298 3250 Alii
3316 3192 3505 3251 dicunt
3523 3193 3628 3266 ipsi
3647 3194 3760 3252 Do-

2159 3278 2308 3336 mino
2334 3280 2452 3337 haec
2478 3279 2648 3337 fuisse
2675 3282 2906 3351 objecta.
2938 3281 3047 3338 Sed
3074 3298 3108 3339 a
3136 3281 3371 3338 diversis
3398 3290 3453 3339 et
3497 3281 3603 3354 ipsi
3632 3283 3756 3339 Do-

2157 3369 2326 3438 mino,
2372 3376 2428 3425 et
2454 3369 2737 3440 discipulis
2781 3377 3074 3441 potuerunt
3118 3369 3301 3441 objici,
3346 3378 3401 3427 et
3447 3371 3757 3443 cuicunque

2158 3457 2430 3526 objectum
2460 3458 2528 3513 sit
2556 3458 2629 3513 ad
2653 3457 2836 3529 ipsum
2858 3458 3097 3516 maxime
3123 3458 3365 3531 respicit.
3395 3460 3753 3538 Inpabbatis.

2159 3546 2397 3602 Sabbata
2425 3544 2735 3618 signiﬁcant
2762 3546 3076 3604 feriationes
3102 3565 3117 3617 ;
3148 3547 3237 3605 vel
3265 3563 3387 3620 qua
3413 3548 3471 3603 in
3507 3548 3615 3605 hoc
3640 3563 3758 3605 sae-

2157 3635 2281 3692 culo
2305 3644 2540 3708 aguntur
2565 3650 2602 3692 a
2639 3636 2960 3693 vacantibus
3008 3636 3482 3708 superstitionibus
3526 3635 3755 3694 Judao-

2158 3741 2313 3794 rum;
2343 3725 2432 3782 vel
2458 3742 2581 3798 quae
2599 3724 2657 3781 in
2679 3725 2859 3782 futuro
2890 3733 3140 3798 agentur,
3172 3725 3393 3797 quando
3409 3724 3468 3781 in
3485 3732 3757 3798 perpetua

2159 3813 2502 3872 solemnitate
2527 3815 2977 3871 manducabimus
3006 3815 3152 3872 bona
3181 3821 3363 3872 terrm.

2228 3903 2398 3959 Vnus.
2431 3906 2485 3958 3.
2515 3932 2587 3944 —
2614 3904 2724 3961 Nec
2754 3904 2855 3961 hoc
2896 3904 3132 3976 legistis,
3164 3910 3272 3962 etc.
3322 3902 3543 3976 (BRDA.)
3591 3900 3752 3972 Quo-

2155 3991 2321 4048 modo
2349 3991 2583 4049 Domino
2610 3992 2681 4049 ad
2719 3992 2929 4050 crimen
2972 3991 3246 4063 objicitur,
3297 3990 3443 4063 quod
3486 3991 3545 4048 in
3589 4006 3753 4048 servo

2154 4095 2255 4151 pro
2284 4080 2510 4137 crimine
2537 4096 2648 4138 non
2676 4088 2889 4138 tenetur
2907 4081 2936 4137 ?
2965 4081 3142 4139 Verus
3168 4096 3285 4149 rex,
3316 4087 3445 4151 etc.,
3475 4095 3651 4153 usque
3676 4080 3756 4136 ad

2155 4182 2349 4226 omnes
2376 4167 2474 4226 ﬁlii
2497 4168 2760 4227 Ecclesiae
2788 4176 2914 4225 sunt
2959 4169 3298 4237 sacerdotes,
3346 4168 3497 4227 uncti
3545 4166 3753 4242 Spiritu

2156 4264 2344 4315 sancto
2371 4265 2429 4314 ut
2457 4258 2671 4330 seipsos
2719 4256 2965 4315 offerant.

2225 4364 2395 4421 Vnus.
2428 4366 2483 4421 4.
2512 4393 2584 4406 -
2611 4365 2859 4421 Intravit
2884 4365 2950 4420 in
2973 4363 3203 4421 domum
3230 4364 3354 4421 Dei.
3384 4362 3590 4437 Magna
3616 4362 3752 4419 hos-

443 4477 572 4533 novi
603 4483 775 4547 utres,
809 4491 934 4533 cum
963 4483 1089 4549 post
1118 4475 1529 4546 ascensionem,
1578 4482 1804 4545 accepto
1842 4473 2048 4547 Spiritu

2168 4451 2428 4523 pitalitatis
2458 4452 2658 4526 gratia,
2691 4452 2975 4525 proposito
3002 4451 3196 4508 mortis
3222 4450 3489 4523 periculo,
3519 4465 3632 4506 non
3660 4448 3754 4507 de-

441 4564 721 4622 desiderio
771 4564 1165 4622 consolationis
1216 4564 1334 4635 ejus
1364 4563 1575 4620 orando
1605 4563 2036 4619 innovabuntur.

510 4652 684 4709 Aliter
716 4669 731 4709 :
766 4653 965 4710 animae
994 4654 1239 4711 nondum
1258 4653 1548 4721 innovatae,
1572 4652 1671 4709 sed
1700 4652 1757 4708 in
1776 4659 2047 4709 vetustate

440 4738 660 4797 malitiae
704 4740 1079 4812 perseveranti
1126 4758 1397 4799 novorum
1424 4741 1814 4814 mysteriorum
1858 4754 2047 4797 sacra-

439 4836 625 4885 menta
670 4844 783 4885 non
827 4828 1031 4885 debent
1058 4830 1345 4887 committi.
1392 4830 1568 4887 Aliter
1598 4848 1613 4885 :
1648 4837 1863 4887 veteres
1894 4836 2046 4885 utres

440 4924 569 4973 sunt
596 4916 793 4973 scriba
821 4923 876 4973 et
923 4916 1224 4986 Phariszei;
1271 4934 1448 4975 novus
1496 4933 1713 4990 pannus
1760 4925 1815 4974 et
1842 4933 2046 4974 novum

438 5004 646 5073 vinum,
678 5013 957 5077 praecepta
985 5004 1291 5079 Evangelii,
1327 5023 1451 5079 quae
1480 5023 1592 5064 non
1618 5012 1851 5078 possunt
1880 5005 2047 5061 susti-

439 5108 575 5150 nere
601 5092 795 5163 Judaei,
827 5109 898 5150 ne
927 5094 1105 5164 major
1134 5095 1379 5151 scissura
1407 5094 1519 5164 ﬁat,
1552 5111 1679 5152 cum
1710 5094 1909 5169 quibus
1940 5094 2046 5151 Ga-

436 5181 559 5238 latae
584 5190 864 5255 praecepta
881 5182 1024 5258 legis
1043 5182 1349 5240 miscebant
1368 5184 1425 5240 in
1445 5192 1598 5241 utres
1618 5193 1835 5243 veteres
1855 5184 2045 5243 vinum

436 5286 661 5329 novum.
693 5272 1035 5329 Conveniunt
1062 5281 1248 5331 autem
1275 5274 1537 5345 apostolis
1556 5290 1671 5331 non
1696 5274 1785 5332 his
1813 5273 1908 5347 qui
1935 5280 2044 5328 tra-

437 5356 738 5417 ditionibus
763 5363 1035 5432 majorum
1062 5362 1362 5436 depravati,
1396 5363 1768 5421 sinceritatem
1794 5377 2043 5436 pracep-

435 5457 619 5507 torum
648 5450 851 5507 Christi
874 5461 1159 5535 nequeunt
1183 5452 1502 5522 custodire;
1554 5453 1701 5510 unde
1749 5451 2040 5508 subditur:

435 5540 508 5597 Et
534 5555 732 5612 nemo,
783 5539 907 5613 quia
952 5540 1158 5599 Judmis
1185 5543 1385 5599 veteris
1411 5541 1539 5601 vitae
1586 5541 1775 5599 salivis
1819 5539 2042 5597 imbutis

434 5642 593 5693 nam
616 5628 815 5705 gratiae
840 5638 1118 5705 precepts
1145 5631 1467 5704 sordebant,
1491 5630 1623 5705 quia
1645 5629 1918 5702 majorum
1936 5634 2043 5688 tra-

2148 4540 2315 4597 clinat
2343 4541 2612 4613 hospitem
2639 4541 2854 4597 animus
2883 4540 3204 4598 sacerdotis.
3230 4540 3303 4597 Et
3331 4538 3414 4596 sic
3442 4553 3548 4594 nos
3576 4537 3753 4594 debe-

2145 4645 2270 4686 mus
2296 4629 2471 4686 aliena
2496 4630 2743 4702 pericula
2767 4629 2826 4685 in
2853 4645 2954 4687 nos
2982 4627 3299 4686 transferre.
3332 4626 3445 4686 Sed
3466 4634 3521 4685 et
3550 4641 3751 4685 verum

2147 4719 2323 4776 David
2351 4718 2586 4792 hospitio
2614 4718 2814 4776 mentis
2840 4733 2945 4775 nec
2970 4733 3075 4790 pro
3105 4716 3357 4791 periculo
3384 4714 3584 4774 mortis
3629 4713 3755 4772 veri

2148 4807 2440 4865 excludunt
2483 4806 2822 4863 sacerdotes.

2218 4906 2389 4962 Vens.
2440 4907 2493 4960 6.
2522 4933 2593 4947 —-
2617 4905 2806 4962 Homo.
2854 4902 3079 4977 (Βεω.)
3124 4901 3351 4976 Mystice
3384 4902 3597 4971 :ghomo
3644 4900 3755 4957 iste

2146 4994 2445 5050 humanum
2469 5008 2648 5067 genus
2678 4989 2949 5065 signiﬁcat
2976 4991 3035 5048 in
3053 4990 3385 5049 fecunditate
3415 4988 3546 5046 boni
3565 4989 3756 5062 operis

2149 5081 2469 5150 arefactum,
2501 5097 2603 5153 per
2631 5096 2857 5138 manum
2881 5079 2938 5136 in
2965 5079 3147 5153 primo
3173 5086 3404 5152 parente
3437 5078 3510 5135 ad
3542 5077 3760 5151 lignum

2148 5179 2451 5238 extensum,
2485 5186 2646 5244 quam
2676 5178 2835 5228 sanat
2862 5184 3059 5227 manus
3087 5169 3357 5227 innocens
3385 5167 3445 5223 in
3474 5182 3638 5225 cruce
3657 5183 3755 5224 ex.

2147 5269 2324 5317 tensa.
2352 5260 2424 5317 Et
2453 5259 2595 5317 bene
2620 5275 2817 5318 manus
2854 5259 2911 5314 in
2939 5259 3234 5333 Synagoga
3261 5264 3384 5315 erat
3411 5255 3586 5326 arida,
3625 5254 3759 5327 quia

2146 5349 2239 5407 ubi
2267 5350 2441 5420 majus
2464 5349 2669 5406 donum
2712 5348 2976 5416 scientiae,
3007 5347 3083 5404 ibi
3123 5346 3323 5418 majori
3371 5353 3757 5419 transgressor

2150 5438 2398 5510 subjacet
2423 5436 2617 5511 culpae.

2220 5538 2391 5594 Vnus.
2423 5539 2480 5593 ’7.
2510 5565 2581 5580 --
2615 5534 3008 5595 Observabam.
3040 5532 3174 5606 (1η.)
3204 5531 3349 5603 Quia
3375 5529 3756 5589 destructione

2150 5626 2386 5699 sabbati,
2420 5641 2585 5701 quam
2610 5622 2966 5699 indiscipulis
2996 5622 3326 5697 arguebant,
3348 5620 3625 5696 probabili
3640 5634 3757 5679 ma-
