3932 6178
176 269 271 325 261

1120 240 1395 319 GLOsSA
1421 260 1832 321 onnmaam.
1864 288 1935 301 -
1963 258 2229 316 evaec.
2262 260 2416 315 Luc.

3393 262 3501 319 262

182 389 334 464 gistri
352 386 647 444 excusavit
662 383 933 458 exempio,
957 400 1103 442 nunc
1131 386 1310 458 ipsum
1322 386 1793 443 observandoma-
1821 387 1879 450 Α
1898 392 2167 458 poterant.
2201 383 2311 441 Sed
2357 383 2483 456 quia
2513 389 2638 439 sunt
2666 382 2914 440 civitates
2956 382 3220 457 gentium,
3250 384 3500 442 consulte

190 477 440 552 gistrum,
467 474 793 533 calumniari
820 474 1028 543 volunt,
1044 482 1104 531 ut
1115 474 1162 529 si
1188 490 1299 531 non
1310 482 1485 541 curet,
1509 473 1804 531 crudelita-

191 567 265 623 tis
282 565 370 623 vel
388 563 854 631 imbecillitatis,si
873 570 1049 631 curet,
1070 563 1527 636 transgressionis
1543 570 1798 637 arguant.

276 668 451 723 Vens.
471 669 527 722 9.
568 694 639 708 —-
674 666 962 738 Interroyo
1006 682 1120 723 vos.
1170 666 1408 738 (Βεω.)
1454 665 1802 722 Ριοεθνθιιίθιιε

192 755 529 816 calumniam
576 770 744 828 quam
790 754 895 811 sibi
938 755 1231 827 parabant,
1280 755 1462 828 arguit
1505 771 1622 823 eos,
1667 763 1797 824 etc.,

191 861 368 921 usque
396 845 471 902 ad
496 859 607 901 non
635 851 720 900 est
764 851 960 902 auctor
1004 843 1135 901 mali
1165 845 1350 914 Deus,
1386 844 1485 901 sed
1513 859 1653 917 quos
1687 860 1799 902 non

188 935 387 1003 salvat,
416 933 652 1007 perdere
690 932 908 990 dicitur.

255 1040 435 1099 Vens.
466 1042 558 1097 ιο.
579 1069 651 1083 -
677 1040 956 1097 Extende.
987 1039 1120 1111 ([n.)
1148 1037 1508 1096 Infructuosaa
1544 1039 1801 1096 debilitas

184 1130 392 1190 animae
405 1128 558 1186 nullo
574 1128 772 1185 melius
782 1128 976 1185 ordine
994 1135 1233 1197 curatur,
1241 1143 1408 1199 quam
1427 1128 1801 1201 eleemosyna-

181 1235 302 1276 rum
319 1217 584 1293 largitate
605 1236 623 1287 ;
649 1218 795 1274 unde
805 1217 1006 1274 dicitur
1028 1233 1043 1273 :
1067 1218 1189 1275 Non
1205 1219 1283 1273 sit
1294 1234 1502 1274 manus
1520 1222 1620 1273 tua
1631 1218 1800 1275 adac-

182 1308 531 1382 cipiendum
551 1310 834 1380 porrecta,
851 1310 908 1363 et
935 1305 1009 1363 ad
1023 1306 1278 1363 dandum
1305 1307 1542 1364 collecta
1562 1307 1796 1377 (Eccles.

180 1398 275 1468 tv).
313 1395 462 1466 Quia
504 1395 706 1452 frustra
729 1411 833 1467 pro
854 1395 1098 1467 peccatis
1121 1402 1441 1469 rogaturus,
1482 1410 1679 1451 manus
1723 1395 1798 1451 ad

180 1486 354 1542 Deum
386 1484 648 1554 extendit,
691 1484 785 1556 qui
808 1484 907 1539 has
944 1483 1014 1539 ad
1043 1499 1319 1556 pauperes
1348 1499 1452 1556 pro
1489 1499 1654 1555 posse
1686 1499 1798 1540 non

177 1573 434 1631 extendit.

241 1657 423 1714 Vens.
448 1659 538 1712 11.
559 1656 1007 1730 -—Insipientia.
1033 1654 1175 1724 Quia
1199 1655 1319 1711 solo
1361 1654 1535 1712 livore
1562 1656 1798 1727 permoti

1901 472 2221 531 nominatim
2275 479 2571 545 ponuntur,
2606 478 2665 528 ut
2721 478 2925 544 quanta
2973 471 3044 527 sit
3072 471 3245 529 virtus
3300 472 3502 530 Christi

1899 562 2197 633 intimatur,
2232 577 2355 635 quae
2383 561 2548 619 etiam
2586 568 2804 619 exteras
2832 560 3080 619 civitates
3136 561 3355 619 excitat.

1970 669 2143 726 Vens.
2189 673 2277 726 18.
2306 700 2378 712 -
2420 671 2485 728 Ut
2514 669 2802 726 audirent.
2836 668 2896 725 Si
2936 668 3182 726 dicamus
3207 668 3350 726 duos
3377 684 3502 727 esse

1899 774 2204 827 sermones,
2234 758 2482 816 ascendit
2510 758 2566 813 in
2596 766 2857 827 montem,
2892 765 2946 814 et
2974 758 3167 814 habuit
3213 758 3290 815 ibi
3334 758 3503 816 disci-

1898 846 2094 919 pulos;
2128 855 2181 903 et
2208 855 2353 919 post,
2384 846 2668 903 descendit
2697 855 2750 903 et
2778 846 2908 904 fecit
2964 846 3131 903 istum
3161 847 3233 904 ad
3260 847 3499 904 turbam.

1900 935 1959 994 Si
1987 936 2220 993 dicimus
2249 952 2418 992 unum
2444 935 2633 1007 fuisse,
2668 936 2741 991 ita
2768 935 3189 1010 intelligendum
3216 944 3319 1007 est,
3354 935 3504 1011 quod

1897 1025 2148 1082 ascendit
2173 1025 2230 1081 in
2257 1033 2518 1093 montem,
2550 1032 2604 1081 et
2622 1033 2748 1096 post
2767 1024 3163 1097 aliquantulum
3190 1024 3498 1097 descendit,

1899 1121 1954 1171 et
1980 1114 2055 1169 ibi
2085 1113 2215 1170 fecit
2243 1130 2573 1184 sermonem,
2606 1114 2699 1169 ubi
2729 1122 2849 1170 erat
2878 1114 3149 1185 planities.

1969 1204 2142 1260 Vens.
2176 1207 2265 1260 19.
2296 1233 2367 1245 —
2396 1205 2541 1260 Eum
2571 1207 2823 1276 tangere.
2866 1203 3071 1277 Tangit
3099 1203 3377 1260 Christum
3406 1203 3501 1276 qui

1898 1289 2138 1346 fideliter
2166 1291 2342 1349 credit
2369 1292 2426 1347 in
2456 1307 2603 1348 eum.
2643 1291 2912 1364 Tangitur
2942 1307 2978 1348 a
3006 1292 3224 1348 Christo
3261 1291 3354 1364 qui
3404 1291 3501 1347 fir-

1898 1386 2073 1435 matur
2099 1379 2156 1435 in
2187 1380 2303 1436 illo.
2334 1379 2440 1449 Qui
2469 1380 2552 1438 sic
2578 1381 2754 1455 tangit
2780 1388 2835 1437 et
2882 1380 3135 1454 tangitur,
3167 1380 3391 1453 spiritus
3418 1379 3501 1453 ip-

1899 1468 2014 1524 sius
2043 1467 2242 1526 virtute
2261 1477 2502 1525 sanatur.

1970 1584 2141 1640 Vens.
2175 1586 2266 1642 20.
2297 1615 2367 1626 -—
2396 1587 2467 1641 Et
2491 1588 2610 1658 ipse
2639 1585 2892 1652 elevatis,
2928 1592 3035 1641 etc.
3074 1583 3195 1639 Etsi
3223 1582 3502 1657 generali-

1897 1678 1981 1726 ter
2000 1672 2254 1728 omnibus
2282 1672 2540 1745 loquitur,
2574 1673 2886 1745 specialiter
2912 1672 2969 1728 in
2998 1672 3295 1745 discipulos
3314 1672 3505 1730 oculos

182 1754 317 1815 sum:
354 1761 473 1802 non
521 1744 667 1801 enim
713 1744 771 1800 in
816 1744 978 1817 θωνα
1023 1744 1128 1834 fuit,
1157 1744 1260 1834 γίνθῙ
1308 1743 1544 1834 Ιιρωὲηᾷε
1575 1759 1797 1834 manum
1817 1746 1872 1809 Β
1899 1760 2063 1831 levat,
2097 1769 2157 1817 ut
2186 1761 2279 1833 qui
2307 1743 2514 1817 intenta
2542 1743 2727 1818 cordis
2755 1778 2887 1818 aure
2918 1743 3154 1818 verbum
3187 1762 3289 1817 Dei
3316 1762 3503 1834 perci-

179 1835 498 1900 extendere,
532 1834 621 1889 vel
647 1834 836 1889 Iesum
865 1848 1082 1889 sanare.
1119 1833 1323 1905 Magna
1344 1832 1660 1904 insipientia
1680 1841 1801 1890 erat

178 1924 242 1979 de
260 1938 404 1980 nece
426 1922 550 1993 ejus
575 1928 818 1978 tractare
846 1921 1002 1992 cujus
1037 1920 1320 1978 beneﬁciis
1340 1920 1633 1994 plurimum
1660 1922 1801 1978 indi-

185 2013 405 2086 gebant.

248 2102 429 2157 Vens.
456 2103 546 2157 12.
564 2129 635 2142 —
654 2101 815 2157 Exiit
836 2101 901 2155 in
930 2103 1184 2156 montem
1213 2114 1396 2155 orare.
1423 2099 1578 2154 Mons
1605 2099 1660 2155 in
1692 2115 1800 2172 quo

184 2189 468 2262 apostolos
498 2188 655 2262 eligit
682 2196 738 2244 et
764 2188 945 2256 docet,
982 2188 1324 2243 altitudinem
1354 2186 1628 2261 significat
1641 2189 1801 2258 justi-

184 2279 285 2345 tiaz,
309 2278 449 2352 quia
479 2277 797 2334 instituendi
825 2283 985 2332 erant
1010 2284 1066 2332 et
1092 2277 1459 2348 prmdicaturi,
1485 2293 1554 2333 ne
1570 2276 1801 2334 inﬁrmis

184 2374 524 2434 remaneant,
559 2367 659 2422 sed
689 2366 760 2422 ad
791 2380 1028 2437 superna
1077 2366 1380 2438 erigantur.
1415 2365 1507 2422 Sic
1535 2374 1590 2422 et
1636 2367 1800 2423 lexin

185 2465 367 2511 monte
397 2457 532 2511 data
570 2454 689 2511 fuit.
742 2454 1036 2525 Apostolos
1082 2455 1527 2526 praeeminentius
1557 2455 1795 2526 adducit,

184 2553 237 2600 ut
262 2561 296 2599 a
322 2552 518 2600 monte
545 2543 698 2614 prius
740 2551 957 2598 montes
1015 2543 1319 2614 suscipiant
1368 2558 1561 2614 pacem
1589 2544 1795 2615 populo

188 2631 637 2688 annuntiandam.
664 2631 757 2688 Sic
768 2639 823 2688 et
833 2632 1069 2702 Moyses,
1086 2632 1237 2687 solus
1249 2632 1430 2702 legem
1444 2632 1801 2703 spiritualiter

188 2722 499 2795 intelligens
516 2720 719 2777 montis
738 2720 1004 2776 verticem
1023 2719 1078 2774 in
1098 2736 1208 2791 quo
1222 2722 1370 2776 Deus
1389 2728 1509 2776 erat
1528 2721 1796 2777 ascendit.

255 2811 431 2867 Vens.
459 2813 635 2865 13.—
676 2810 1016 2882 Discipulos.
1048 2810 1130 2863 De
1179 2808 1377 2880 quibus
1405 2808 1571 2881 elegit
1598 2810 1803 2865 duode-

195 2899 293 2956 cim
323 2915 471 2973 quos
499 2897 800 2970 apostolos,
834 2897 892 2953 id
919 2903 1003 2953 est
1032 2913 1130 2953 suo
1159 2896 1282 2953 loco
1310 2897 1530 2964 missos,
1553 2898 1800 2954 nomina-

198 2988 269 3044 vit
295 3007 310 3043 :
342 2988 498 3043 unde
531 3004 546 3042 :
579 2987 739 3043 Sicut
772 2986 934 3042 misit
961 3001 1053 3041 me
1080 2988 1270 3053 Pater,
1305 2990 1363 3043 et
1390 3003 1488 3059 ego
1515 2989 1683 3044 mitto
1708 3005 1800 3045 vos

1898 1850 2072 1921 piunt,
2106 1849 2271 1905 latius
2302 1850 2517 1921 saporis
2545 1850 2720 1906 intimi
2765 1852 2952 1907 lumen
2981 1850 3273 1922 accipiant,
3306 1851 3505 1923 quibus

1900 1954 1964 1995 os
1991 1939 2049 1994 in
2067 1947 2249 1996 monte
2269 1939 2469 1995 sedens
2506 1940 2698 2011 aperit,
2721 1947 2781 1994 ut
2811 1954 3012 2013 magna
3031 1939 3303 2011 proferret
3323 1939 3380 1994 in
3409 1954 3507 1996 eos

1898 2036 2051 2083 stans
2082 2028 2139 2083 in
2172 2043 2365 2100 campo
2418 2029 2610 2086 oculos
2656 2028 2864 2101 dirigit,
2898 2036 2956 2083 ut
3003 2028 3190 2084 audita
3236 2027 3507 2099 patienter

1899 2115 2227 2189 intelligant.
2258 2118 2418 2174 Beati
2452 2133 2768 2191 pauperes,
2802 2126 2909 2174 etc.
2960 2116 3067 2186 Qui
3095 2116 3340 2173 nondum
3366 2132 3505 2174 con-

1900 2213 2185 2261 summatae
2221 2205 2436 2261 virtutis
2482 2221 2670 2263 arcem
2718 2206 3089 2263 conscendere
3135 2214 3386 2277 possunt,
3415 2222 3510 2280 ge-

1901 2294 2108 2349 neralis
2136 2295 2354 2351 interim
2399 2295 2751 2366 perfectionis
2799 2303 2925 2351 sunt
2954 2295 3287 2351 beatitudine
3315 2294 3507 2367 perfo-

1900 2382 2081 2449 vendi,
2114 2390 2173 2437 ut
2213 2382 2477 2454 paulatim
2524 2384 2594 2440 ad
2640 2383 2872 2440 meliora
2898 2384 3203 2457 progressi,
3235 2383 3366 2440 dum
3396 2384 3507 2440 Do-

1900 2470 2048 2526 mino
2077 2470 2133 2526 in
2160 2471 2385 2542 planitie
2414 2479 2592 2528 stante
2619 2471 2855 2528 libenter
2883 2472 3211 2541 auscultant,
3246 2472 3319 2527 ad
3356 2473 3505 2529 hunc

1901 2558 2226 2631 quandoque
2256 2559 2314 2614 in
2339 2568 2525 2616 monte
2553 2559 2836 2616 sedentem
2857 2560 3163 2616 sublimiter
3182 2559 3501 2616 ascendant.

1898 2648 2036 2703 Nam
2057 2664 2291 2720 quorum
2318 2649 2578 2705 cordibus
2607 2650 2789 2706 adhuc
2807 2649 3128 2706 edomandis
3147 2648 3367 2716 insistit,
3401 2648 3505 2704 hos

1901 2736 2055 2808 quasi
2085 2745 2238 2792 stans
2267 2736 2484 2794 aﬂ‘atur.
2516 2737 2669 2808 Quos
2695 2737 2865 2812 longo
2894 2738 3073 2794 studio
3103 2737 3430 2795 exercitatos
3451 2745 3507 2793 et

1893 2824 2005 2893 jam
2034 2824 2241 2882 dociles
2269 2826 2493 2899 invenit,
2524 2827 2609 2883 his
2639 2827 2798 2900 quasi
2826 2827 3041 2899 quietus
3072 2826 3322 2884 residens
3352 2842 3501 2900 mys.

1898 2911 2007 2970 tica
2035 2913 2267 2971 intimat.

1971 2999 2195 3075 (BEDA.)
2226 3002 2384 3072 Quod
2430 3005 2573 3076 apud
2601 3005 2915 3061 Matthaeum
2958 3002 3205 3076 plenarie
3250 3020 3352 3076 per
3380 3010 3504 3063 octo

194 3077 371 3149 (lacn.
397 3076 531 3147 xx).
557 3076 618 3131 In
646 3084 887 3131 montem
909 3074 1215 3131 ascendens
1244 3075 1316 3130 ad
1347 3091 1406 3131 se
1427 3081 1607 3143 vocat,
1631 3077 1795 3149 elegit

1908 3090 2268 3148 beatitudines
2287 3074 2486 3148 dicitur
2504 3093 2560 3148 in
2579 3110 2834 3151 sermone
2860 3074 3215 3166 perfectionis
3245 3074 3315 3149 ad
3342 3108 3506 3165 apos-

194 3181 323 3238 quos
338 3165 480 3235 vult,
496 3164 625 3237 quia
635 3180 746 3221 non
757 3164 977 3220 illorum
988 3171 1070 3219 est
1083 3164 1246 3219 studii
1262 3164 1361 3219 sed
1372 3164 1570 3221 divina:
1581 3166 1792 3237 gratiae,

1908 3179 2042 3235 tolos
2071 3179 2129 3235 in
2157 3197 2371 3237 summo
2399 3181 2618 3253 montis,
2649 3184 2755 3239 hoc
2791 3164 2935 3254 apud
2982 3182 3204 3239 Lucam.
3241 3164 3505 3253 etc.,ius-

193 3262 246 3310 ut
262 3254 318 3311 in
336 3254 712 3327 apostolatum
740 3260 1100 3321 vocarentur;
1121 3254 1268 3309 unde
1287 3271 1301 3308 :
1319 3254 1440 3309 Non
1461 3270 1554 3311 vos
1582 3270 1673 3311 me
1692 3256 1800 3311 ele-

192 3346 345 3415 gistis
367 3388 382 3411 ,
409 3343 510 3400 sed
550 3360 647 3416 ego
670 3344 811 3414 elegi
829 3359 921 3399 vos
943 3342 1124 3414 (Ibid.,
1148 3343 1272 3408 xv).
1312 3343 1437 3397 Non
1474 3343 1784 3415 sapientes,

192 3448 293 3488 non
308 3432 535 3502 divites,
547 3447 661 3486 non
674 3430 890 3487 nobiles
901 3430 1086 3502 elegit,
1109 3447 1179 3486 ne
1200 3431 1423 3486 duxisse
1442 3447 1541 3503 pro
1557 3432 1795 3504 pruden-

189 3521 274 3591 tia,
293 3537 365 3577 ne
396 3520 705 3577 redemisse
734 3519 959 3587 divitiis,
992 3536 1061 3575 ne
1091 3519 1347 3590 potentiae
1375 3520 1788 3594 nobilitatisque

192 3610 514 3666 auctoritate
543 3609 761 3681 aliquos
789 3609 861 3664 ad
890 3608 1127 3681 gratiam
1156 3608 1387 3665 traxisse
1416 3608 1713 3666 videretur.

252 3700 428 3756 Vens.
468 3700 560 3755 14.
590 3727 663 3740 -
688 3699 1140 3771 Cognominavit.
1180 3698 1306 3754 Non
1333 3698 1499 3754 modo
1526 3698 1783 3770 primum,

192 3788 280 3844 sed
306 3788 478 3863 longe
507 3786 661 3859 prius
692 3802 819 3845 cum
848 3786 919 3843 ab
977 3788 1219 3843 Andreae
1247 3786 1517 3843 adductus
1546 3786 1744 3843 dicitur
1779 3804 1793 3842 :

196 3878 266 3933 Tu
310 3877 599 3935 vocaberis
649 3876 882 3949 Cephas,
904 3875 1046 3949 quod
1086 3877 1510 3948 interpretatur
1555 3879 1786 3933 Petrus.

193 3964 295 4021 Sed
345 3964 545 4021 volens
590 3963 769 4020 Lucas
822 3963 1043 4019 nomina
1088 3964 1382 4021 duodecim
1426 3964 1797 4036 apostolorum

189 4049 488 4117 nominare,
520 4062 649 4105 cum
677 4062 909 4105 necesse
937 4047 1160 4104 haberet
1187 4049 1409 4103 Petrum
1437 4048 1642 4118 dicere,
1670 4049 1797 4105 bre-

190 4137 323 4193 viter
348 4136 525 4194 voluit
553 4136 802 4203 innuere,
838 4135 987 4208 quod
1012 4152 1123 4191 non
1151 4144 1313 4192 antea
1340 4145 1666 4207 vocaretur;
1698 4138 1797 4194 sed

191 4224 257 4281 ita
275 4226 549 4283 Dominus
578 4224 1006 4299 cognominavit,
1040 4232 1099 4281 ut
1126 4240 1236 4281 non
1283 4241 1413 4281 casu
1441 4225 1642 4283 factum
1687 4243 1797 4299 pu-

193 4321 352 4386 tetur,
387 4315 489 4371 sed
520 4330 589 4370 ex
618 4312 1038 4371 commutatione
1067 4321 1472 4372 sacramentum
1499 4322 1670 4387 petrae
1691 4330 1795 4371 au-

190 4402 465 4460 dientibus
494 4402 995 4460 commendaretur.

1896 3286 2001 3342 que
2029 3269 2102 3325 ad
2131 3269 2230 3325 sed
2260 3270 2383 3342 quia
2412 3269 2521 3328 ﬁde
2566 3272 2835 3344 praestitit,
2866 3270 2975 3329 fide
3002 3288 3119 3345 pra
3147 3271 3362 3329 caeteris
3388 3287 3506 3328 me-

1897 3357 2008 3413 ruit
2047 3358 2436 3432 principatum.

1967 3474 2141 3530 Vens.
2170 3478 2261 3533 21.
2298 3505 2369 3517 -
2401 3476 2506 3544 Qui
2542 3492 2697 3535 nunc
2736 3479 2989 3534 esuritis.
3040 3475 3146 3546 Qui
3176 3476 3346 3533 esurit
3375 3492 3504 3533 esu-

1895 3560 2059 3616 rienti
2080 3564 2406 3635 compatitur
2438 3583 2452 3619 :
2486 3564 2868 3636 compatiendo
2906 3565 3142 3639 largitur
3165 3608 3178 3634 ,
3210 3565 3505 3639 largiendo

1895 3646 2152 3718 fitjustus
2183 3671 2197 3719 ;
2240 3653 2509 3724 aequalem
2557 3669 2617 3709 se
2662 3652 3011 3708 inferioribus
3039 3661 3281 3725 praestat,
3314 3654 3507 3710 dolum

1898 3737 2155 3809 excludit,
2206 3741 2492 3796 veritatem
2539 3740 2787 3813 requirit.
2841 3741 2947 3809 Qui
2990 3758 3147 3799 nunc
3192 3744 3364 3812 ﬂetis.
3399 3739 3507 3812 Qui

1895 3835 2124 3899 pr0pter
2151 3828 2369 3885 divitias
2398 3829 2731 3885 hmreditatis
2778 3829 2997 3897 Christi,
3028 3836 3255 3901 propter
3301 3845 3506 3901 panem

1898 3914 2022 3971 vitae
2076 3924 2314 3986 aeternae,
2373 3925 2600 3990 propter
2645 3934 2798 3990 spem
2844 3917 3149 3975 caelestium
3179 3917 3505 3992 gaudiorum

1898 4002 2076 4075 ﬂetus,
2130 4006 2387 4074 esuriem,
2436 4015 2926 4079 paupertatemque
2974 4005 3273 4074 desiderat,
3306 4006 3502 4064 beatus

1899 4100 2018 4161 est;
2048 4093 2221 4150 multo
2276 4094 2507 4164 beatior,
2567 4096 2660 4169 qui
2687 4096 2788 4152 has
2836 4096 3067 4153 virtutes
3095 4096 3240 4152 inter
3265 4094 3504 4153 adversa

1899 4196 2126 4239 servare
2146 4199 2257 4240 non
2286 4184 2542 4256 trepidat.

1978 4295 2357 4359 Vens.23.—
2406 4300 2649 4357 Gaudete
2696 4305 2753 4358 et
2810 4301 3119 4359 exsultate.
3180 4300 3328 4356 Inter
3381 4298 3507 4356 odia

1898 4390 2171 4462 cordium,
2201 4388 2342 4446 inter
2369 4390 2573 4462 probra
2601 4389 2931 4464 linguarum,
2964 4388 3108 4445 inter
3148 4404 3342 4444 manus
3371 4404 3504 4461 per-

250 4493 432 4550 Vnns.
468 4496 559 4549 15.
593 4523 664 4533 —
683 4492 1038 4548 Matthwum.
1086 4491 1370 4547 Matthaeus
1411 4492 1655 4565 compari
1686 4508 1785 4549 suo
1803 4475 1859 4538 D
1890 4478 2457 4556 sequentiumJaetiori
2486 4479 2655 4536 corde
2684 4477 2997 4546 versamini,
3021 4476 3219 4565 intuitu
3242 4493 3499 4549 supernae

190 4580 435 4649 Thomas,
458 4581 518 4636 in
546 4580 740 4638 ordine
768 4595 936 4637 causa
953 4579 1270 4637 humilitatis
1287 4597 1348 4638 se
1375 4581 1648 4654 supponit,
1672 4597 1797 4638 cum

190 4684 219 4723 a
246 4670 466 4728 caeteris
494 4668 853 4744 evangelistis
899 4669 1162 4742 praelatus
1208 4669 1297 4725 sit.

258 4776 432 4834 Vens.
468 4777 558 4833 17.
594 4805 665 4817 —
693 4777 766 4833 Et
784 4776 1145 4843 descendens,
1181 4784 1285 4832 etc.
1317 4776 1608 4832 Electurus
1636 4790 1797 4848 apos-

189 4864 329 4921 tolos
360 4865 629 4921 Dominus
675 4864 733 4920 in
778 4873 1034 4921 montana
1083 4856 1281 4933 subiit;
1314 4864 1505 4920 turbas
1535 4865 1799 4922 docturus

188 4953 256 5010 ad
285 4953 624 5026 campestria
652 4953 812 5024 redit,
844 4953 970 5026 quia
996 4969 1109 5010 non
1163 4952 1271 5009 nisi
1298 4953 1355 5009 in
1403 4952 1593 5009 humili
1619 4954 1798 5009 turba:

188 5042 464 5099 Christum
499 5042 692 5099 videre
740 5042 1012 5100 sufficiunt
1032 5083 1048 5112 ,
1082 5050 1137 5099 et
1180 5057 1305 5099 raro
1348 5041 1623 5098 invenitur
1649 5044 1799 5115 quod

186 5128 270 5184 vel
295 5129 464 5185 turba
490 5128 787 5185 Dominum
815 5128 885 5183 ad
904 5128 1096 5184 altiora
1116 5136 1394 5200 sequatur,
1418 5128 1506 5185 vel
1526 5128 1799 5201 quispiam

186 5215 383 5273 debilis
410 5217 464 5273 in
493 5224 681 5273 monte
710 5223 953 5285 curetur,
1002 5217 1102 5273 sed
1130 5215 1396 5273 exstincta
1424 5215 1581 5274 febre
1607 5217 1797 5273 libidi-

187 5319 315 5365 num
344 5313 405 5362 et
430 5319 703 5363 succensa
730 5305 855 5362 luce
904 5304 1165 5376 scientiae,
1195 5305 1533 5377 pedetentim
1564 5307 1809 5380 quisque

188 5394 349 5451 subiit
386 5394 608 5452 culmen
661 5394 943 5452 virtutum.

252 5483 563 5542 laritima.
596 5484 726 5540 Non
743 5498 779 5539 a
804 5482 1056 5554 proximo
1085 5482 1224 5540 mari
1254 5482 1518 5556 Galilaeae,
1544 5483 1673 5557 quia
1691 5484 1799 5542 hoc

183 5584 292 5630 non
316 5571 575 5632 miraculi
599 5572 728 5630 loco
752 5580 982 5644 ponunt,
1015 5571 1114 5628 sed
1142 5587 1177 5629 a
1195 5571 1338 5629 mari
1358 5588 1565 5647 magno
1591 5588 1797 5646 cogno-

182 5657 440 5722 minatur.
468 5662 533 5721 In
560 5677 673 5737 quo
701 5659 867 5719 etiam
901 5660 1081 5733 Tyrus
1108 5668 1164 5720 et
1192 5661 1364 5720 Sidon
1390 5662 1789 5737 comprehendi

1895 4568 2189 4628 mercedis.
2250 4568 2571 4625 Secundum
2625 4568 2761 4625 haec.
2811 4564 3080 4637 Exemplo
3106 4566 3504 4637 prophetarum

1896 4658 2169 4717 confortat
2212 4656 2373 4727 illos,
2408 4655 2532 4729 quia
2579 4670 2709 4713 vera
2754 4653 3000 4712 dicentes
3063 4654 3504 4727 persecutionem

1898 4748 2077 4806 solent
2103 4745 2238 4820 pati.

1967 4864 2141 4920 Vens.
2172 4863 2263 4922 24.
2286 4891 2356 4904 --
2383 4862 2778 4919 Verumtamen
2825 4878 2923 4930 vce,
2981 4867 3087 4918 etc.
3130 4835 3417 4918 Mattheus
3444 4861 3501 4917 in

1897 4960 2100 5021 monte,
2145 4950 2510 5008 beatitudines
2566 4949 2912 5007 solummodo
2956 4950 3296 5023 proborum;
3329 4951 3502 5009 Lucas

1897 5058 2030 5099 vero
2059 5042 2117 5096 in
2144 5055 2357 5113 campo,
2390 5040 2551 5097 etiam
2568 5056 2652 5097 vae
2672 5039 2934 5097 describit
2953 5039 3350 5111 improborum,
3374 5040 3504 5114 quia
3586 5098 3591 5103 ,

1897 5130 2066 5187 rudes
2091 5130 2274 5187 adhuc
2303 5128 2582 5185 auditores
2617 5128 2780 5184 minis
2808 5136 2864 5185 et
2908 5129 3217 5186 terroribus
3260 5129 3331 5186 ad
3360 5130 3504 5187 bona

1897 5226 2024 5275 sunt
2051 5216 2437 5290 compellendi,
2481 5217 2756 5289 perfectos
2803 5217 2938 5274 satis
2984 5225 3070 5274 est
3096 5217 3338 5291 praemiis
3364 5218 3505 5276 invi-

1895 5308 2021 5365 tari.
2059 5310 2456 5366 Verumtamen
2483 5324 2582 5363 vaa.
2638 5306 2774 5364 Cum
2794 5323 2964 5379 supra
2984 5323 3216 5381 regnum
3237 5307 3507 5365 caelorum

1895 5412 2202 5470 pauperum
2231 5412 2356 5453 esse
2383 5395 2598 5452 dicatur
2628 5412 2643 5451 :
2679 5412 2749 5455 ex
2794 5396 3047 5469 opposito
3075 5404 3322 5469 apparet,
3356 5394 3504 5467 quod

1896 5486 1968 5541 ab
1994 5487 2102 5543 hoc
2129 5501 2306 5559 regno
2335 5502 2397 5542 se
2424 5484 2624 5543 alienat
2651 5484 2745 5558 qui
2772 5485 3202 5544 consolationem
3223 5482 3418 5556 quaerit
3444 5481 3503 5537 in

1894 5574 2309 5648 temporalibus.
2339 5574 2459 5634 Nec
2485 5582 2595 5633 tam
2622 5574 2823 5636 divitiae
2869 5590 3034 5648 quam
3089 5588 3245 5629 amor
3287 5568 3501 5627 divitia-

1895 5680 2024 5725 rum
2050 5664 2111 5723 in
2140 5663 2302 5741 culpa
2327 5672 2433 5724 est.
