4006 6178
424 259 527 311 263
894 256 1301 313 WALAFRIDI
1339 257 1583 314 suum
1620 257 1821 315 FULD.
1861 256 2035 314 MON.
2077 234 2231 314 ore.
2272 258 2449 316 mas
2488 260 2529 314 1.
2569 287 2639 302 —
2675 257 3146 318 THEOLOGICA.
3624 263 3733 319 ast

495 379 723 451 Mystice
758 396 771 435 :
804 379 959 438 dives
989 382 1223 453 populus
1270 382 1567 450 Iudaicus;
1599 383 1688 439 vel
1714 381 2025 453 haereticus,
2047 390 2104 452 Α
2206 383 2375 440 Vsus.
2410 386 2497 439 30.
2548 415 2617 427 --
2645 385 2723 442 Ne
2752 388 2996 458 repetas.
3036 383 3178 454 Quia
3220 383 3472 441 charitas
3511 388 3597 441 est
3620 402 3732 458 pa-

426 468 515 524 vel
559 468 919 540 philosophus
963 471 1171 540 mundi,
1225 471 1337 542 qui,
1369 472 1619 527 ubertate
1650 472 1945 528 verborum
1976 480 2032 528 et
2132 473 2302 539 tiens,
2337 473 2580 545 benigna
2608 478 2694 530 est
2723 474 2772 545 (Ι
2808 475 2928 531 Cor.
2949 474 3080 545 In);
3110 488 3222 529 non
3245 479 3455 528 tantum
3502 472 3730 542 injurias

422 556 695 613 facundiae
747 558 1052 629 patrocinio
1108 559 1361 616 delectati
1383 602 1397 630 ,
1433 560 1834 632 simplicitatem
1881 577 2031 618 veras
2128 560 2331 617 inimici
2359 560 2573 618 fortiter
2600 561 2845 630 sustinet,
2879 562 2977 617 sed
3006 561 3170 617 etiam
3191 560 3351 618 amici
3368 576 3583 633 quoque
3601 577 3732 635 gra-

426 645 555 701 ﬁdei
585 647 933 720 supergressi
963 649 1252 705 thesauros
1280 649 1499 704 inutiles
1527 649 1909 721 condiderunt,
1942 665 2029 705 se-

2129 648 2261 705 tiam
2293 650 2530 724 benigne
2568 651 2851 722 prwvenit,
2882 658 2941 706 ut
2969 650 3249 707 beneficiis
3279 649 3401 706 aliis
3430 651 3729 707 trahantur.

416 734 669 791 cundum
696 752 858 791 usum
891 736 1077 793 saeculi
1106 737 1175 792 de
1203 738 1560 810 generatione
1606 738 1805 795 Christi
1834 738 2029 809 dispu-

425 831 624 894 tantes,
660 825 753 896 qui
782 825 840 879 in
868 824 1051 882 futuro
1083 835 1386 899 egestatem
1413 826 1541 882 ﬁdei
1588 844 1702 884 sua;
1729 844 2030 901 recognos-

426 920 589 983 cent,
624 913 916 985 cibumque
962 915 1209 986 perﬁdia:
1239 934 1361 988 quae
1389 916 1443 970 in
1472 918 1729 988 praesenti
1758 926 2026 988 eructant,

426 1010 635 1059 aeterno
662 1004 929 1060 macerati
954 1004 1162 1074 jejunio
1206 1020 1432 1062 causam
1460 1006 1594 1060 tanti
1624 1006 1875 1077 supplicii
1903 1023 2028 1063 esse

423 1090 617 1147 scient.
650 1091 879 1163 Eritque
910 1101 1125 1164 tempus
1155 1110 1281 1149 cum
1308 1093 1453 1148 risus
1483 1110 1613 1149 suos
1632 1094 1875 1167 lugeant.
1902 1093 2030 1163 Qui-

423 1180 524 1236 bus
556 1180 696 1237 bene
725 1180 925 1237 dicitur
959 1198 973 1237 :
1016 1185 1098 1239 Va:
1113 1200 1242 1238 cum
1264 1184 1659 1239 benedixerint
1680 1185 1825 1240 vobis
1848 1185 2028 1239 homi-

421 1285 563 1336 nes;
594 1269 723 1342 quia
768 1270 899 1325 dum
944 1270 1035 1325 hic
1080 1270 1299 1341 placent
1353 1272 1702 1341 potentibus,
1734 1272 2026 1329 maledicto

417 1366 684 1429 perpetuo
714 1376 774 1414 se
804 1359 1064 1430 subdunt,
1089 1359 1217 1430 quia
1246 1359 1384 1415 sicut
1402 1376 1675 1431 pauperes
1696 1360 2022 1432 esurientes,

419 1446 633 1517 flentes,
664 1446 1013 1519 improbitate
1042 1448 1313 1503 malorum
1344 1449 1668 1520 probantur,
1692 1448 1772 1505 sic
1800 1449 2023 1521 divitiis,

414 1534 609 1606 epulis,
642 1535 886 1608 risuique
917 1545 1205 1608 vacantes,
1238 1537 1385 1593 mala
1414 1537 1832 1610 obsequentium
1862 1537 2026 1595 clien-

423 1622 549 1693 tela,
580 1624 847 1694 majorem
875 1625 1129 1682 foventur
1159 1625 1229 1682 ad
1256 1641 1496 1698 poenam.

490 1722 665 1778 Vnus.
699 1726 789 1782 25.
821 1754 891 1764 —
952 1725 1058 1792 Qui
1102 1728 1355 1781 saturati
1402 1727 1566 1792 estis,
1599 1732 1702 1781 etc.
1754 1723 1860 1795 Qui
1887 1724 2106 1813 interB

423 1819 624 1878 divites
652 1822 886 1894 amplius
931 1823 1242 1892 abundatis,
1276 1822 1414 1880 sicut
1442 1823 1597 1879 dives
1625 1823 1718 1895 qui
1745 1823 2015 1880 indueba-

409 1915 499 1964 tur
526 1926 791 1982 purpura,
825 1920 880 1968 et
907 1912 1094 1983 bysso,
1118 1920 1172 1969 et
1191 1912 1386 1985 epulis,
1411 1912 1505 1984 qui
1540 1912 1610 1969 de
1631 1911 1804 1986 digito
1823 1913 2017 1970 Lazari

2199 764 2370 819 Vens.
2405 768 2492 820 31.
2526 796 2595 805 -
2624 767 2695 820 Et
2720 770 2891 837 prout
2919 766 3115 822 vultis.
3156 766 3240 820 Ne
3269 764 3517 821 videatur
3545 765 3729 838 legem

2129 852 2451 919 dissolvere,
2488 853 2544 907 in
2572 852 2851 909 beneﬁciis
2880 854 3057 910 vicem
3094 861 3294 920 servat,
3328 869 3489 926 quam
3546 853 3731 927 negli-

2127 941 2207 1014 git
2235 942 2289 995 in
2318 941 2550 1011 injuriis.
2580 943 2699 999 Nec
2727 942 2801 998 ait
2826 950 2992 1014 prout
3018 941 3240 1007 faciunt,
3272 942 3372 997 sed
3400 946 3570 1014 prout
3596 942 3728 999 vul-

2131 1032 2203 1085 tis
2229 1034 2295 1086 ut
2323 1032 2547 1101 faciant
2574 1033 2722 1087 vobis
2755 1032 3029 1098 homines,
3060 1035 3118 1087 et
3135 1047 3227 1088 vos
3244 1032 3475 1102 faciatis
3504 1032 3644 1098 illis,
3669 1039 3730 1086 ut

2127 1117 2443 1175 vicissitudo
2475 1119 2545 1174 sit
2573 1119 2911 1187 cumulatior,
2943 1135 3067 1176 cum
3104 1119 3245 1176 votis
3274 1126 3427 1176 actus
3454 1127 3723 1191 aequatur.

2124 1208 2194 1263 Et
2221 1224 2330 1264 non
2369 1215 2573 1264 tantum
2605 1209 2719 1279 jam
2748 1210 2819 1264 ad
2864 1208 3069 1266 amicos
3115 1224 3287 1280 opera
3315 1208 3595 1264 charitatis
3624 1224 3726 1264 ex-

2125 1297 2347 1367 tendite,
2381 1299 2480 1354 sed
2508 1298 2670 1354 etiam
2718 1298 2789 1353 ad
2831 1297 3100 1367 inimicos,
3132 1305 3192 1353 ut
3221 1296 3380 1354 amici
3426 1313 3550 1353 esse
3580 1296 3725 1354 inci-

2123 1385 2293 1458 piant,
2328 1393 2383 1444 et
2432 1386 2586 1459 prius
2632 1385 2885 1443 allectum
2930 1386 3264 1457 dilectionis,
3297 1394 3350 1443 et
3376 1385 3727 1459 postmodum

2125 1490 2292 1547 opera
2320 1476 2591 1533 cxtendite
2612 1475 2905 1532 charitatis.

2196 1591 2365 1647 Vsus.
2400 1596 2487 1649 32.
2520 1622 2589 1635 -—
2617 1594 2687 1648 Et
2715 1594 2767 1648 si
2795 1592 3051 1664 diligitis.
3101 1590 3374 1660 Quantum
3400 1590 3556 1647 vobis
3583 1606 3724 1665 gra-

2124 1679 2227 1734 dus
2272 1679 2632 1752 professionis
2680 1679 2945 1750 cximior,
2978 1680 3051 1735 ita
3096 1695 3326 1737 necesse
3372 1686 3456 1735 est
3502 1688 3560 1736 ut
3590 1696 3723 1737 cura

2126 1768 2342 1825 virtutis
2374 1769 2442 1825 sit
2462 1769 2699 1839 uberior,
2733 1778 2792 1826 ut
2819 1768 2984 1828 etiam
3011 1775 3141 1827 non’
3170 1776 3417 1826 amantes
3445 1769 3724 1826 charitatis

2119 1858 2240 1913 sinu
2268 1858 2691 1930 amplcctamini.

414 1998 610 2069 quaerit
635 2008 846 2073 guttam
874 2016 1052 2073 aqua}.

484 2097 567 2151 Va:
595 2100 761 2170 vobis,
794 2101 890 2173 qui
934 2116 1090 2155 nunc
1140 2100 1368 2168 ridetis,
1403 2106 1507 2156 etc.
1568 2099 1829 2155 Salomon
1861 2116 1874 2155 :
1911 2102 2014 2157 Cor

408 2191 688 2264 sapientis
734 2188 829 2245 ubi
874 2193 961 2244 est
1010 2190 1270 2254 tristitia,
1321 2205 1416 2244 cor
1461 2190 1771 2244 stultorum
1807 2189 1901 2246 ubi
1929 2196 2014 2246 est

410 2280 615 2337 laetitia
645 2279 818 2349 (Eccl.
843 2276 944 2349 vn)
960 2297 979 2344 ;
1009 2277 1216 2332 docens
1236 2276 1516 2332 stultitiam
1535 2276 1857 2348 ridentibus,
1888 2294 2014 2349 pru-

403 2376 643 2433 dentiam
672 2374 927 2430 ﬂentibus
964 2373 1367 2430 ascribendam.

474 2475 649 2531 Vens.
677 2477 768 2532 26.
798 2503 870 2514 —
888 2474 1296 2529 Benedixerint
1315 2473 1481 2539 vobis,
1518 2480 1622 2529 etc.
1654 2473 1857 2545 Magna
1876 2488 2011 2544 pars

342 2602 353 2607 -
401 2579 582 2636 poenze
630 2569 716 2618 est
759 2569 1115 2634 peccatorum
1164 2577 1265 2616 sua
1310 2561 1524 2617 scelera
1569 2576 1681 2617 non
1706 2562 1872 2618 modo
1898 2578 2011 2618 non

404 2652 597 2726 argui,
632 2651 731 2706 sed
758 2650 986 2722 insuper
1015 2649 1174 2722 quasi
1202 2650 1342 2705 bene
1370 2658 1529 2723 gesta
1557 2650 1789 2706 laudari.

480 2767 660 2824 Vens.
690 2767 780 2824 27.
803 2796 873 2806 -
892 2768 1122 2838 Diligite
1151 2766 1431 2823 inimicos.
1465 2765 1622 2821 Dicto
1645 2765 1775 2837 quid
1803 2765 1875 2821 ab
1903 2765 2006 2821 ini-

410 2854 569 2913 micis
615 2853 828 2926 possint
873 2854 1022 2925 pati,
1057 2853 1313 2925 supponit
1360 2853 1592 2924 qualiter
1637 2854 1708 2909 ad
1756 2854 1906 2925 ipsos
1943 2870 2004 2909 se

400 2944 639 3000 debeant
665 2943 870 2999 habere
917 2942 1186 2998 inimicos.
1229 2943 1299 2997 Et
1325 2942 1414 2999 hic
1440 2942 1693 2998 Ecclesia
1721 2959 1831 2998 non
1859 2943 2003 2999 lacte

396 3032 675 3102 imbuitur,
701 3032 798 3086 sed
819 3030 1082 3087 validiore
1104 3030 1385 3087 charitatis
1405 3030 1527 3087 cibo
1547 3032 1861 3087 roboratur.
1874 3031 2003 3087 Non

397 3119 596 3177 sufficit
627 3137 738 3176 non
767 3120 980 3190 odisse,
1016 3120 1112 3174 sed
1146 3120 1293 3191 quod
1338 3120 1483 3175 ultra
1512 3121 1807 3175 humanam
1836 3128 2001 3174 natu-
2023 3111 2074 3175 C

392 3224 520 3265 ram
552 3216 654 3279 est,
690 3207 1006 3279 praecipitur
1034 3208 1286 3282 diligere.
1318 3209 1388 3264 Et
1417 3225 1540 3265 cum
1560 3209 1649 3264 lcx
1679 3207 2007 3265 vicissitudi-

392 3314 520 3353 nem
550 3298 781 3368 imperet
797 3295 1035 3365 ultionis,
1060 3297 1423 3370 Evangelium
1453 3298 1745 3355 inimicitiis
1767 3292 2027 3354 charita-'

395 3395 526 3457 tem,
559 3386 700 3442 odiis
729 3386 1141 3458 benignitatem,
1164 3387 1469 3443 maledictis
1498 3394 1641 3454 vota,
1665 3403 2004 3458 persequen-

395 3475 542 3531 tibus
588 3474 925 3547 patientiam,
961 3475 1326 3532 esurientibus
1356 3476 1521 3532 etiam
1548 3476 1783 3549 gratiam
1813 3492 2002 3532 remu-

397 3563 698 3620 nerationis
745 3563 1004 3636 impertit.

458 3679 631 3735 Vnus.
652 3683 742 3737 28.
765 3709 835 3720 -
857 3680 1024 3736 Orate
1039 3697 1143 3753 pro
1164 3681 1651 3737 calumniantibus
1694 3697 1806 3738 vos.
1840 3678 2001 3750 Quod

387 3768 672 3839 prophetae
701 3768 957 3825 videntur
984 3769 1294 3841 imprecari,
1348 3786 1459 3825 non
1490 3778 1617 3826 vota
1647 3778 1770 3825 sunt
1799 3777 1999 3841 optan-

384 3856 520 3911 tium
543 3857 642 3912 sed
686 3858 1171 3929 praenuntiationes
1202 3858 1509 3915 futurorum
1544 3876 1556 3915 :
1589 3859 1693 3931 ipsi
1721 3859 1867 3915 enim
1895 3874 1997 3930 pro

383 3944 619 4002 inimicis
675 3946 930 4001 orabant.

452 4060 627 4115 Vens.
651 4062 742 4115 29.
763 4089 833 4099 —
852 4061 923 4114 Et
954 4062 1050 4131 qui
1082 4065 1137 4115 te
1164 4063 1434 4132 percutit.
1459 4060 1596 4117 Cum
1626 4061 1867 4117 charitas
1898 4077 1996 4133 pa-

378 4147 519 4203 tiens
567 4146 672 4216 sit,
725 4146 886 4201 debet
935 4148 1251 4217 patientiam
1304 4150 1651 4205 verberantis
1694 4150 1995 4206 sustinere-

377 4251 504 4292 cum
534 4234 776 4307 benigna
806 4236 892 4304 sit,
927 4252 1038 4291 non
1078 4237 1241 4292 debet
1276 4239 1613 4308 respondere
1662 4238 1988 4296 maledictis.

380 4324 437 4380 Si
458 4342 575 4382 non
594 4326 931 4398 quaeritque:
943 4342 1047 4381 sua
1062 4330 1220 4395 sunt,
1266 4342 1375 4381 non
1404 4326 1568 4381 debet
1607 4328 1865 4385 resistere
1895 4344 1991 4383 ra-

381 4413 625 4487 pienti,si
643 4430 757 4471 non
778 4415 1089 4470 aemulatur
1108 4414 1159 4485 (I
1171 4416 1291 4471 Cor.
1321 4412 1778 4487 xm),’non'debet
1806 4417 1991 4473 odisse

380 4504 680 4560 inimicum.
713 4505 902 4559 Prwbe
930 4505 1070 4570 illis,
1107 4511 1213 4560 etc.
1248 4504 1492 4559 Medicus
1524 4506 1829 4560 animarum
1850 4522 1988 4577 quos

377 4592 446 4647 ad
477 4591 753 4648 curandos
782 4592 1063 4663 proximos
1107 4592 1344 4660 instruit,
1378 4593 1559 4648 omnia
1589 4611 1712 4665 quae
1740 4595 1812 4649 ad
1842 4595 1988 4649 salu-

380 4688 490 4735 tem
520 4679 898 4751 proximorum
943 4682 1128 4737 valere
1174 4690 1403 4754 possunt
1451 4683 1688 4739 tolerare
1718 4683 1983 4755 praecipit.

393 4769 463 4823 Et
491 4768 726 4840 pertinet
773 4770 843 4824 ad
889 4770 1326 4827 misericordiam
1351 4813 1365 4842 ,
1397 4780 1454 4827 ut
1476 4779 1735 4843 tanquam
1780 4788 1815 4827 a
1861 4771 1986 4827 ﬁliis

390 4856 786 4930 aegrotantibus
844 4865 897 4913 et
953 4859 1314 4929 phreneticis,
1349 4860 1397 4914 si
1443 4861 1592 4915 salus
1638 4860 1851 4917 illorum
1880 4862 1987 4918 hoc

388 4945 587 5017 exigat,
626 4945 800 5001 multa
843 4945 1133 5017 patiantur,
1166 4948 1344 5005 donec
1385 4948 1672 5004 inﬁrmitas
1720 4957 1983 5008 transeat.

377 5032 523 5103 Quid
552 5041 662 5089 tam
691 5034 892 5089 mirum
939 5051 1105 5107 quam
1151 5037 1475 5107 percutienti
1519 5038 1799 5094 maxillam
1844 5056 1986 5111 prae-

375 5121 512 5178 bere
530 5121 561 5176 ?
590 5123 706 5179 Imo
736 5123 914 5179 omnis
943 5124 1283 5196 indignantis
1312 5126 1546 5198 impetus
1575 5127 1867 5201 frangitur,
1899 5128 1985 5185 ira

371 5210 638 5279 sedatur;
670 5219 724 5267 et
751 5229 854 5283 per
907 5213 1223 5285 patientiam
1268 5214 1361 5270 ille
1408 5215 1668 5271 invitatur
1704 5217 1776 5272 ad
1802 5218 1985 5289 poeni-

377 5298 626 5355 tentiam.
670 5301 1078 5359 Vestimentum
1104 5301 1265 5371 Quod
1291 5303 1363 5359 de
1391 5304 1712 5363 vestimento
1731 5313 1787 5364 et
1804 5306 1986 5363 tunica

372 5387 574 5446 dicitur
602 5397 658 5445 et
714 5389 771 5445 in
820 5390 941 5447 aliis
992 5398 1077 5446 est
1104 5390 1414 5449 faciendum
1436 5435 1451 5465 ,
1485 5409 1607 5465 qua:
1651 5394 1833 5467 aliquo
1855 5396 1983 5466 jure

373 5477 748 5550 temporaliter
776 5486 964 5535 nostra
993 5495 1118 5536 esse
1147 5480 1399 5539 dicimus.
1433 5482 1490 5538 Si
1519 5482 1665 5539 enim
1693 5485 1762 5541 de
1792 5500 1985 5542 neces-

373 5566 536 5623 sariis
588 5568 694 5625 hoc
739 5566 1041 5640 imperatur
1062 5610 1078 5642 ,
1111 5570 1279 5628 multo
1324 5572 1506 5646 magis
1537 5573 1816 5645 superflua
1844 5590 1984 5632 con-

377 5661 624 5715 temnere
650 5657 985 5731 pmcipitur.

2186 1964 2309 2020 Duo
2338 1972 2463 2019 sunt
2490 1980 2693 2036 genera
2722 1962 2976 2021 beneﬁcii
3009 1981 3024 2019 :
3057 1964 3144 2021 vel
3173 1978 3298 2021 cum
3320 1963 3584 2021 benevole
3607 1963 3718 2019 do-

2115 2068 2308 2108 namus
2329 2052 2477 2125 quod
2496 2054 2708 2123 damus,
2733 2054 2821 2111 vel
2840 2053 3269 2110 cum‘reddituro
3285 2053 3718 2110 commodamus.

2189 2169 2358 2224 Vens.
2392 2172 2481 2225 35.
2505 2199 2576 2211 —
2623 2171 3036 2237 Verumtamen,
3072 2176 3177 2243 etc.
3229 2168 3525 2241 Postquam
3554 2167 3724 2225 dilec-

2112 2257 2316 2313 tionem
2346 2265 2400 2313 et
2426 2265 2670 2313 mutuum
2700 2257 3027 2315 beneﬁcium
3053 2264 3409 2329 peccatorum
3438 2255 3594 2328 quasi
3623 2256 3718 2310 in-

2111 2347 2387 2403 fructuosa
2434 2347 2751 2419 redarguit,
2784 2364 2928 2404 nunc
2977 2347 3207 2419 qualiter
3255 2347 3373 2403 haec
3401 2362 3433 2400 a
3460 2345 3720 2401 ﬁdelibus

2107 2436 2384 2493 fructuose
2406 2434 2525 2490 ﬁeri
2552 2436 2789 2491 debeant
2821 2436 3076 2504 ostendit,
3108 2435 3263 2507 quasi
3292 2434 3436 2490 dicat
3470 2451 3485 2489 :
3518 2432 3695 2503 Quam

2108 2524 2192 2580 vis
2220 2524 2596 2595 peccatoribus
2631 2540 2742 2580 non
2785 2523 2959 2595 prosit
2987 2523 3110 2578 talis
3140 2522 3359 2579 dilectio
3388 2529 3441 2577 et
3468 2530 3719 2577 mutuum

2109 2611 2453 2679 beneﬁcium,
2497 2620 2677 2667 tamen
2724 2628 2824 2668 vos
2870 2610 3080 2682 diligite
3103 2652 3118 2680 ,
3152 2627 3264 2667 non
3310 2616 3520 2664 tantum
3548 2610 3723 2666 ducta.

2106 2709 2313 2755 naturae
2336 2741 2350 2769 ,
2385 2700 2526 2756 sicut
2569 2700 2648 2754 illi
2697 2700 2923 2766 amicos,
2957 2698 3056 2754 sed
3084 2698 3267 2753 altiori
3294 2697 3469 2769 gradu
3497 2696 3720 2753 virtutis

2104 2787 2373 2845 inimicos.
2433 2788 2747 2859 Philosophi
2792 2788 2850 2843 in
2904 2795 3018 2843 tres
3048 2794 3229 2859 partes
3277 2786 3523 2842 dividunt
3545 2785 3717 2855 justi-

2104 2876 2235 2931 tiam
2267 2895 2282 2932 :
2313 2892 2478 2933 unam
2508 2877 2565 2931 in
2595 2878 2790 2944 Deum,
2824 2894 2945 2949 quae
2990 2875 3163 2947 pietas
3212 2875 3443 2942 dicitur;
3475 2873 3707 2931 alteram

2101 2965 2157 3020 in
2186 2974 2458 3037 parentes,
2496 2966 2586 3021 vel
2612 2966 2882 3038 reliquum
2919 2966 3217 3020 humanum
3244 2979 3457 3035 genus;
3491 2962 3710 3018 tertiam

2100 3054 2157 3109 in
2202 3062 2446 3111 mortuos
2470 3097 2484 3123 ,
2519 3062 2578 3110 ut
2612 3054 2699 3109 his
2746 3054 3133 3126 exsequiarum
3193 3053 3342 3122 justa
3410 3050 3707 3107 solvantur.

2104 3144 2214 3199 Sed
2244 3143 2507 3198 Dominus
2534 3143 2675 3216 legis
2711 3143 2991 3200 oraculum
3020 3150 3072 3198 et
3100 3140 3400 3213 prOphetiaa
3429 3138 3711 3211 fastigium

2108 3249 2522 3304 supergressus,
2553 3233 2611 3286 in
2660 3249 2756 3289 eos
2805 3248 3023 3305 quoque
3069 3230 3163 3303 qui
3209 3229 3446 3287 laeserint
3491 3227 3711 3300 pietatis

2105 3322 2350 3393 porrexit
2378 3322 2635 3378 ofﬁcium.

2175 3427 2331 3484 Nihil
2378 3428 2509 3484 inde
2558 3432 2852 3500 sperantes
2884 3446 2902 3482 :
2932 3431 2989 3483 et
3018 3428 3147 3482 erit.
3193 3426 3319 3481 Non
3345 3424 3402 3480 in
3429 3423 3710 3480 hominem

2104 3531 2257 3587 spem
2286 3516 2561 3573 mercedis
2589 3515 2841 3589 ﬁgentes.
2876 3514 2982 3584 Qui
3011 3515 3126 3571 sive
3164 3514 3358 3570 reddat
3386 3512 3531 3585 quod
3560 3527 3709 3568 com-

2101 3604 2381 3675 modestis,
2416 3605 2605 3661 reddet
2635 3612 2814 3660 tamen
2845 3611 2899 3659 et
2928 3604 3075 3659 Deus
3105 3619 3213 3676 quo
3228 3602 3451 3672 jubente
3473 3599 3704 3670 fecistis,

2102 3693 2217 3751 sive
2246 3710 2357 3751 non
2386 3695 2596 3761 reddat,
2630 3693 2920 3751 hereditas
2948 3700 3127 3750 vestra
3154 3692 3211 3747 in
3249 3700 3514 3748 aeternum
3540 3689 3665 3746 erit.

2171 3812 2342 3867 Vsus.
2375 3815 2464 3867 36.
2498 3842 2569 3854 ——
2604 3813 2792 3869 Estote
2820 3826 2945 3882 ergo
2972 3807 3393 3874 misericordes,
3426 3813 3531 3863 etc.
3564 3803 3708 3860 Pluit

2100 3916 2267 3972 super
2294 3900 2467 3956 malos
2490 3942 2503 3969 ,
2537 3908 2832 3972 proventus
2877 3907 3029 3955 terra
3072 3914 3183 3954 non
3228 3904 3411 3972 negat,
3443 3895 3589 3953 idem
3618 3892 3709 3950 sol

2099 3989 2273 4045 bonos
2304 3996 2357 4043 et
2383 3989 2557 4044 malos
2602 3988 2882 4044 illinninat.

2166 4095 2393 4165 Mystice
2426 4112 2439 4149 :
2488 4096 2750 4167 populum
2780 4095 3092 4150 Iudaeorum
3120 4090 3455 4165 propheticis
3502 4085 3706 4161 pulviis

2095 4183 2308 4257 irrigat,
2341 4192 2394 4239 et
2422 4200 2534 4239 non
2561 4184 2897 4239 merentibus
2927 4181 3113 4239 radius
3141 4180 3331 4237 aeterni
3361 4179 3493 4235 solis
3524 4177 3703 4233 reful-

2096 4272 2184 4327 sit.
2214 4272 2272 4328 Si
2302 4289 2433 4344 ergo
2462 4272 2540 4327 illi
2569 4272 2940 4342 crediderint,
2972 4278 3145 4326 estote
3181 4268 3259 4325 eis
3287 4266 3701 4334 misericordes,

2094 4360 2362 4431 docendo,
2398 4369 2451 4416 et
2507 4361 2837 4429 extollendo,
2871 4368 2925 4415 et
2968 4358 3136 4415 nolite
3179 4366 3389 4413 temere
3429 4355 3699 4425 judicare,

2008 4480 2063 4542 D
2092 4466 2161 4506 ne
2190 4450 2312 4522 quis
2341 4451 2425 4506 sui
2456 4450 2710 4508 conscius
2732 4448 2939 4519 delicti,
2973 4448 3031 4503 in
3058 4448 3289 4503 alterum
3310 4452 3536 4519 cogatur
3550 4442 3703 4500 ferre

2093 4540 2435 4595 sententiam.

2158 4656 2330 4711 Vnus.
2365 4658 2454 4711 37.
2487 4686 2556 4696 —
2585 4655 2770 4710 Nolite
2817 4651 3098 4725 judicare.
3134 4650 3271 4706 Sunt
3309 4648 3558 4721 quaedam
3585 4663 3700 4703 me-

2086 4743 2175 4799 dia
2206 4751 2261 4799 et
2306 4744 2514 4799 incerta
2558 4758 2663 4815 quo
2709 4741 2891 4796 animo
2920 4737 3087 4810 ﬁant,
3125 4738 3251 4810 quia
3296 4739 3439 4794 bene
3469 4746 3523 4792 et
3549 4736 3699 4793 male

2085 4840 2316 4903 possunt
2354 4832 2491 4887 ﬁeri.
2550 4830 2841 4887 Nescimus
2889 4828 3055 4885 etiam
3102 4827 3276 4901 qualis
3324 4826 3538 4883 futurus
3585 4832 3694 4896 est,

2087 4921 2180 4993 qui
2209 4936 2356 4978 nunc
2384 4928 2611 4992 apparet
2638 4918 2838 4989 malus,
2872 4918 2942 4974 de
2981 4917 3136 4988 cujus
3186 4916 3529 4973 correctione
3559 4912 3698 4971 des-

2083 5026 2297 5083 perare,
2335 5025 2572 5081 eumque
2600 5007 2758 5081 quasi
2786 5007 3059 5077 abjectum
3088 5004 3497 5078 reprehendere
3527 5010 3700 5060 teme-

2084 5098 2290 5153 rarium
2320 5106 2422 5154 est.

2155 5196 2237 5251 De
2264 5194 2463 5266 apertis
2493 5210 2615 5267 quae
2644 5195 2790 5250 bono
2820 5192 3001 5249 animo
3030 5190 3151 5251 ﬁeri
3168 5205 3281 5249 non
3296 5197 3551 5264 possunt,
3570 5204 3696 5261 per-

2082 5282 2311 5339 mittitur
2338 5283 2496 5340 nobis
2519 5283 2789 5353 judicare.

2154 5400 2325 5457 Vens.
2358 5403 2446 5455 38.
2479 5430 2548 5441 —
2574 5398 2785 5456 Eadem
2812 5399 3012 5471 quippe
3029 5411 3321 5453 mensura.
3346 5392 3696 5451 Generaliter

2084 5490 2153 5546 de
2181 5488 2433 5547 omnibus
2461 5495 2643 5562 potest
2670 5486 2862 5558 accipi,
2897 5502 3019 5559 qua:
3047 5492 3249 5556 mente,
3273 5499 3456 5553 manu,
3481 5482 3693 5556 lingua,

2084 5586 2343 5654 aguntur,
2388 5578 2511 5651 quia
2561 5576 2861 5635 secundum
2908 5588 3081 5647 opera
3122 5572 3464 5647 singulorum
3493 5570 3697 5628 reddet

2084 5667 2252 5725 Deus.
