3932 6178
218 317 305 372 265

1164 311 1433 371 GLOSSA
1470 310 1880 370 ORDINARIA.
1919 339 1988 353 —
2024 311 2289 369 EVANG.
2330 313 2481 371 LUC.

3394 320 3502 377 266

269 438 474 495 Eadem
506 438 731 512 quippe.
769 438 999 511 (Antam)
1043 438 1167 494 Non
1210 438 1394 511 iniqua
1424 453 1677 493 mensura
1706 435 1877 498 re-A
1904 436 2213 508 patientiam
2270 438 2668 512 dignoscuntur
2722 437 2781 493 in
2832 445 3079 511 tempore
3136 438 3501 501 adversitatis.

213 527 398 599 pendet
427 529 578 582 Deus
598 570 613 598 ,
648 527 746 583 sed
776 536 859 583 est
887 543 951 584 ac
981 528 1027 582 si
1057 527 1201 583 dicat
1234 544 1247 581 :
1282 528 1403 598 Ipsa
1422 526 1700 582 temeritas
1716 526 1803 596 ju-

214 616 416 671 dicandi
447 623 502 671 et
529 616 715 688 iniqua
757 632 1015 672 mensura
1057 615 1154 670 tibi
1202 622 1393 686 nocet,
1436 623 1488 670 te
1530 615 1718 686 punit,
1752 620 1806 669 et

217 720 350 775 sape
378 721 489 759 non
519 704 672 759 illum
701 704 769 761 de
801 721 909 777 quo
938 706 1040 761 hoc
1068 720 1204 777 agis.
1224 704 1326 759 Vel
1355 704 1399 758 si
1429 702 1803 772 rectejudicas

215 801 259 848 et
281 791 526 862 metiris,
575 793 671 847 tibi
713 794 996 870 prodest,_
1020 800 1073 849 te
1116 793 1320 861 salvat,
1367 791 1469 847 etsi
1512 790 1804 863 aliquando

214 897 311 937 non
338 880 495 935 illum
524 881 610 938 cui
638 882 757 938 haec
790 882 1080 953 impendis.
1210 946 1215 951 _

274 969 445 1024 Vrsas.
482 972 569 1024 39.
590 1000 657 1009 —
674 971 918 1026 Dicebat.
940 971 1045 1025 Per
1075 984 1237 1041 quam
1266 967 1455 1025 invitat
1484 968 1555 1022 ad
1576 967 1806 1023 eleemo—

217 1074 398 1129 synam
433 1057 668 1113 dandam
699 1065 752 1113 et
793 1059 861 1113 ad
911 1058 1285 1113 dimittendam
1314 1056 1584 1126 injuriam.
1642 1057 1804 1112 Nun-

217 1147 337 1219 quid
363 1150 575 1219 potest.
610 1146 668 1202 Si
696 1154 886 1203 contra
914 1146 1210 1202 violentum
1252 1145 1333 1201 ira
1375 1153 1429 1200 te
1472 1144 1757 1201 caecaverit
1787 1160 1800 1197 :

215 1235 256 1288 si
293 1242 488 1290 contra
528 1243 804 1306 petentem
859 1251 1055 1291 avarus
1111 1234 1223 1290 eris
1243 1275 1257 1304 ,
1317 1233 1565 1304 nunquid
1624 1231 1806 1288 vitiata

215 1329 386 1378 mente
417 1331 508 1377 tua
529 1371 542 1389 ,
596 1323 783 1379 vitium
825 1325 943 1394 ejus
983 1339 1177 1379 curare
1205 1321 1456 1394 poteris?
1484 1321 1601 1377 Nec
1629 1320 1807 1376 solum

212 1410 293 1482 qui
318 1411 423 1465 tibi
453 1411 707 1481 iniuriam
738 1410 885 1481 fecit,
919 1412 1018 1467 sed
1048 1412 1208 1467 etiam
1237 1418 1297 1466 tu
1327 1410 1419 1482 qui
1439 1409 1586 1465 ferre
1603 1408 1804 1478 nescis,

211 1516 325 1555 reus
357 1500 495 1556 eris.
530 1500 640 1556 Sed
669 1501 716 1555 si
742 1500 1061 1571 improbitas
1088 1500 1234 1554 illius
1263 1508 1315 1556 te
1347 1497 1696 1569 tranquillum
1724 1497 1807 1551 in-

210 1589 365 1655 venit,
402 1597 457 1643 et
484 1588 581 1644 ille
609 1588 921 1659 paenitebit,
955 1595 1009 1644 et
1036 1596 1093 1643 tu
1123 1589 1192 1643 de
1212 1586 1470 1659 patientia
1499 1585 1806 1642 coronabe-

211 1677 293 1748 ris,
324 1676 461 1748 quia
489 1693 699 1733 caecum
727 1677 945 1733 vidente
965 1677 1147 1747 oculo,
1179 1675 1236 1731 id
1266 1682 1378 1745 est,
1413 1690 1611 1731 sereno
1639 1673 1808 1730 corde

208 1765 265 1820 ad
291 1765 484 1821 lumen
513 1766 717 1822 ducere
746 1767 966 1822 curasti.

270 1855 443 1910 Vsus.
479 1856 570 1909 40.
594 1885 664 1895 -
692 1856 851 1912 Sicut
879 1857 1168 1926 magister.
1200 1854 1349 1909 Deus
1378 1868 1490 1907 non
1518 1867 1644 1906 suas
1673 1849 1805 1907 ulci-

211 1942 370 1998 scitur
390 1943 651 2013 injurias,
685 1944 784 1999 sed
811 1943 1092 1998 tolerando
1134 1948 1518 2013 persecutores
1558 1938 1805 1994 mitiores

210 2032 435 2087 reddere
480 2032 685 2097 voluit;
732 2031 1017 2103 discipuli,
1064 2030 1159 2102 qui
1199 2027 1447 2086 ho'mines
1477 2035 1634 2099 sunt,
1666 2027 1807 2083 hanc

213 2120 451 2194 regulam
481 2119 837 2191 perfectionis
864 2120 1065 2175 debent
1084 2119 1302 2174 imitari.

267 2210 442 2264 Vnus.
478 2210 569 2263 41.
589 2239 661 2250 -
680 2208 821 2276 Quid
845 2213 1039 2264 autem
1068 2209 1239 2278 vides,
1273 2214 1377 2263 etc.
1410 2206 1555 2261 Vere
1570 2217 1806 2275 peccans

207 2305 522 2368 peccantem
552 2297 821 2370 castigare
848 2314 959 2353 non
984 2297 1149 2367 valet,
1170 2295 1295 2367 quia
1314 2294 1405 2367 qui
1425 2292 1699 2364 superbia,
1718 2292 1808 2348 vel

207 2386 337 2456 odio,
370 2386 465 2442 vel
497 2385 604 2441 alio
632 2385 764 2441 vitio
791 2386 1075 2457 praeventi,
1105 2384 1245 2440 levia
1276 2386 1394 2439 hac
1423 2382 1512 2439 vel
1539 2381 1685 2436 nulla
1710 2381 1805 2449 ju-

205 2473 459 2543 dicantes,
493 2474 738 2546 graviter
764 2473 1046 2545 increpant
1075 2474 1200 2529 illos
1233 2488 1371 2544 quos
1402 2488 1434 2525 a
1463 2477 1605 2525 statu
1652 2483 1805 2522 men-

206 2561 265 2616 tis
289 2562 502 2631 vident,
534 2563 622 2617 vel
651 2562 731 2616 ira
758 2563 849 2618 vel
875 2563 1057 2633 aliquo
1094 2562 1202 2617 levi
1230 2568 1459 2632 peccato
1507 2557 1805 2630 perturba-

205 2657 298 2719 tos,
328 2651 389 2704 hi
417 2650 559 2705 tales
589 2659 768 2705 amant
794 2651 972 2724 magis
1000 2650 1310 2720 vituperare
1328 2656 1382 2704 et
1411 2648 1800 2715 condemnare,

206 2755 349 2810 quam
386 2739 676 2812 corrigere
704 2747 758 2794 et
787 2739 1097 2794 emendare.
1118 2740 1239 2795 Non
1269 2737 1610 2793 consideras.
1631 2735 1810 2805 Aper-

203 2834 283 2882 tus
308 2828 508 2885 oculus
535 2828 679 2883 male
709 2828 892 2898 videt,
937 2827 1146 2885 scilicet
1178 2825 1493 2897 jactantiam
1521 2823 1643 2894 sui,
1675 2822 1807 2876 dum

204 2914 311 2971 aliis
334 2918 458 2973 vult
498 2916 712 2972 mederi
731 2957 746 2986 ,
794 2917 892 2971 sed
934 2931 1116 2972 caecus
1160 2931 1221 2970 se
1269 2930 1381 2971 non
1421 2913 1567 2970 valet
1608 2908 1808 2966 intueri

204 3004 320 3059 dum
347 3005 405 3060 in
434 3006 548 3062 hoc
579 3005 825 3061 deterius
853 3004 1015 3061 cadit.

1899 526 2111 595 Jejunia
2141 526 2287 582 enim
2308 535 2361 583 et
2390 528 2563 585 oratio
2583 570 2598 598 ,
2646 535 2701 584 et
2740 528 3053 598 hujusmodi
3080 536 3204 584 sunt
3234 529 3499 588 simulatis

1904 622 1964 668 ut
1992 623 2045 670 et
2072 615 2231 671 bonis
2265 631 2278 670 :
2311 616 2410 671 sed
2438 632 2549 671 non
2577 616 2779 672 debent
2808 632 2939 674 oves
2967 617 3140 689 pelles
3170 633 3295 673 suas
3326 619 3502 691 depo-

1906 718 2058 772 nere,
2108 704 2268 758 etiam
2303 703 2349 759 si
2377 704 2668 776 aliquando
2696 703 2811 775 lupi
2838 706 2919 760 eis
2950 722 3010 761 se
3041 713 3353 779 contegant.
3393 709 3498 765 Co-

1905 793 2216 863 gnoscitur.
2251 793 2374 847 Non
2394 807 2424 846 a
2453 801 2624 863 veste,
2645 793 2744 848 sed
2769 793 2837 847 ab
2858 794 3117 865 operibus
3136 791 3258 867 quae
3275 795 3411 851 ﬁunt
3436 795 3505 851 ab

1906 878 2006 949 eis,
2040 888 2465 953 cognoscuntur.
2499 880 2637 951 Quia
2667 889 2725 937 ut
2755 881 2909 954 spina
2937 898 3049 938 non
3074 882 3202 940 facit
3228 900 3408 955 uvam,
3428 884 3512 942 sic

1908 967 2050 1024 bona
2079 969 2245 1024 arbor
2272 970 2493 1037 bonum,
2521 970 2663 1025 mala
2690 971 2913 1041 malum,
2933 979 2986 1027 et
3013 987 3125 1028 non
3156 988 3186 1028 e
3214 988 3503 1029 converso.

1907 1057 2090 1129 Neque
2122 1058 2278 1113 enim
2305 1059 2371 1114 de
2391 1059 2589 1131 spinis.
2624 1060 2750 1114 Non
2778 1060 2847 1115 de
2880 1059 3071 1131 spinis,
3104 1059 3161 1115 id
3188 1069 3272 1116 est
3302 1055 3507 1118 sollici-

1904 1145 2183 1200 tudinibus
2213 1146 2420 1216 mundi,
2452 1146 2608 1217 ﬁcus,
2645 1147 2701 1201 id
2749 1155 2833 1202 est
2874 1148 3109 1204 dulcedo
3138 1150 3507 1206 resurrectio-

1906 1233 2011 1304 nis,
2044 1249 2223 1305 neque
2252 1235 2321 1290 de
2350 1234 2506 1305 rubo,
2540 1235 2596 1289 id
2623 1243 2706 1290 est
2741 1236 3035 1306 punctione
3064 1235 3348 1307 vitiorum,
3380 1253 3503 1305 uva,

1906 1321 1963 1375 id
1992 1330 2076 1377 est
2103 1323 2313 1379 fructus
2339 1323 2551 1379 animae.
2586 1322 2720 1392 Quae
2750 1324 2890 1380 sicut
2916 1340 3021 1381 uva
3048 1325 3297 1396 proxima
3323 1333 3506 1382 terre-

1906 1409 2011 1480 nis,
2043 1410 2428 1483 corrumpitur,
2459 1410 2517 1466 in
2546 1411 2922 1483 superioribus
2951 1419 3272 1469 maturatur.
3304 1413 3406 1471 Vel
3435 1414 3507 1471 de

1909 1512 2073 1554 carne
2117 1516 2239 1571 quae
2281 1507 2509 1573 generat
2553 1500 2737 1571 spinas
2780 1508 2833 1556 et
2874 1501 3137 1571 tribulos,
3168 1518 3281 1558 non
3307 1501 3504 1559 vinde-

1908 1586 2138 1642 miamus
2166 1588 2440 1643 Christum
2459 1629 2473 1658 ,
2506 1589 2597 1659 qui
2628 1588 2765 1645 sicut
2793 1605 2897 1645 uva
2923 1589 3185 1661 pependit
3209 1589 3267 1645 in
3292 1588 3464 1664 ligno.

1982 1675 2146 1746 Spina
2175 1684 2229 1731 et
2258 1677 2447 1748 rubus,
2465 1677 2756 1747 haereticis,
2788 1694 2820 1732 a
2849 1678 3046 1750 quibus
3073 1678 3257 1735 nullus
3287 1679 3503 1750 sapien-

1822 1794 1877 1855 B
1909 1764 2042 1818 tium
2071 1765 2409 1821 sanctitatem
2435 1765 2525 1822 vel
2553 1765 2809 1821 virtutem
2844 1766 3046 1837 poterit
3088 1766 3368 1838 invenire,
3402 1767 3503 1824 sed

1906 1853 2267 1909 conscindunt
2295 1859 2350 1909 et
2394 1861 2681 1909 cruentant
2708 1852 3165 1925 approximantes.
3199 1856 3302 1913 Vel
3330 1855 3504 1929 spina

1906 1948 1961 1996 et
1990 1941 2132 2011 rubi,
2165 1957 2313 1998 curae
2341 1941 2529 1998 saeculi
2558 1949 2612 1999 et
2638 1943 2962 2015 punctiones
2990 1943 3268 2002 vitiorum.
3300 1945 3416 2001 Uva
3445 1950 3503 2001 et

1905 2028 2061 2101 ﬁcus,
2094 2029 2330 2087 dulcedo
2358 2047 2515 2088 novae
2543 2032 2973 2089 conversationis
3003 2049 3166 2105 quam
3181 2031 3430 2089 Christus
3442 2032 3502 2089 in

1905 2118 2064 2173 nobis
2093 2118 2292 2191 esurit,
2324 2127 2379 2175 et
2405 2118 2591 2177 fervor
2630 2120 2942 2178 dilectionis
2986 2121 3079 2193 qui
3122 2120 3359 2179 laetiﬁcat
3398 2136 3499 2178 cor

1906 2206 2161 2263 hominis.

1975 2296 2101 2350 Non
2128 2296 2197 2351 de
2237 2296 2408 2368 spinis
2437 2305 2492 2352 et
2518 2298 2670 2354 rubis
2712 2314 2816 2353 uva
2856 2299 2945 2355 vel
2986 2297 3155 2370 ﬁcus,
3189 2298 3314 2371 quia
3342 2313 3501 2357 mens

1906 2382 2083 2440 adhuc
2112 2383 2347 2440 hominis
2376 2384 2577 2441 veteris
2618 2400 2810 2456 pressa
2849 2386 3239 2443 consuetudine
3258 2428 3273 2458 ,
3318 2395 3501 2460 potest

1908 2472 2128 2543 quidem
2160 2472 2433 2543 simulare,
2468 2473 2566 2528 sed
2594 2488 2704 2527 non
2734 2472 2880 2529 ferre
2909 2474 3146 2531 fructum
3174 2475 3301 2531 novi
3328 2476 3501 2532 homi-

1906 2559 2012 2615 nis.
2044 2560 2203 2629 Quod
2233 2560 2279 2614 si
2309 2561 2524 2632 quando
2564 2560 2705 2617 facta
2745 2561 2832 2618 vel
2875 2562 3019 2618 dicta
3060 2562 3328 2618 malorum
3357 2579 3495 2634 pro-

1908 2655 2033 2703 sunt
2059 2648 2238 2719 bonis,
2270 2665 2381 2704 non
2407 2650 2513 2705 hoc
2538 2648 2742 2706 faciunt
2768 2649 2917 2721 mali,
2936 2650 3036 2706 sed
3061 2649 3122 2706 ﬁt
3149 2650 3220 2708 de
3246 2651 3356 2707 illis
3371 2666 3499 2709 con-

1908 2736 2030 2791 silio
2057 2736 2176 2793 Dei.

1978 2826 2148 2880 Vnus.
2181 2828 2269 2881 45.
2314 2854 2385 2865 -
2425 2828 2653 2897 Profert
2690 2828 2915 2883 bonum.
2962 2826 3153 2901 Diligit
3194 2826 3492 2887 inimicum.
3528 2846 3564 2872 ο

1909 2913 2070 2969 Omni
2097 2912 2299 2985 petenti
2327 2913 2532 2983 tribuit,
2565 2921 2619 2969 et
2646 2915 2977 2984 hujusmodi.

1978 3004 2203 3072 Profert
2232 3002 2470 3071 malum,
2502 3010 2607 3058 etc.
2641 3002 2770 3058 Odit
2796 3003 3051 3074 amicum,
3082 3003 3259 3060 aufert
3300 3004 3497 3079 aliena,

267 3094 433 3149 Vitas.
467 3096 559 3151 42.
593 3123 664 3134 -
698 3094 1015 3166 Hypocrita.
1065 3092 1123 3148 Si
1165 3108 1327 3164 quem
1369 3090 1454 3147 vis
1496 3090 1863 3166 reprehen-I~
1906 3105 2017 3145 non
2044 3090 2135 3144 dat
2163 3105 2277 3160 sua,
2310 3098 2366 3145 et
2393 3091 2721 3161 hujusmodi,
2755 3109 2878 3163 qua;
2909 3093 3058 3148 Deus
3079 3093 3287 3163 judicat
3315 3110 3505 3151 secun-

202 3180 339 3245 dere,
367 3183 615 3254 primum
642 3182 768 3237 vide
797 3182 844 3236 si
875 3181 1068 3236 similis
1088 3181 1138 3236 ei
1159 3181 1255 3235 sis.
1288 3179 1448 3249 Quod
1477 3179 1523 3233 si
1550 3194 1629 3243 es,
1652 3176 1798 3247 pari-
1816 3150 1865 3215 G
1896 3178 2026 3232 dum
2053 3177 2407 3233 intentionem
2435 3179 2637 3234 cordis.
2684 3180 2755 3235 Et
2786 3196 2917 3235 vere
2940 3221 2955 3252 ,
2988 3180 3114 3251 quia
3142 3181 3211 3237 de
3239 3182 3385 3237 bono
3413 3181 3502 3239 vel

204 3274 278 3325 ter
302 3270 612 3344 ingemisce
642 3279 695 3326 et
722 3270 834 3326 noli
866 3286 991 3325 eum
1021 3270 1116 3324 tibi
1145 3270 1543 3339 obtemperare,
1576 3268 1674 3321 sed
1702 3282 1796 3337 pa-

203 3358 322 3413 riter
355 3359 551 3415 conari
584 3375 765 3413 mone.
814 3358 973 3428 Quod
1011 3359 1055 3414 si
1097 3374 1209 3413 non
1250 3374 1310 3412 es
1354 3356 1582 3424 similis,
1616 3362 1796 3409 tamen

206 3446 317 3518 quia
344 3447 484 3503 olim
515 3446 684 3517 fuisti,
721 3446 809 3503 vel
839 3464 963 3503 esse
990 3446 1247 3519 potuisti,
1279 3444 1695 3514 condescende,
1742 3450 1797 3498 et

201 3550 302 3590 non
327 3552 394 3592 ex
426 3535 559 3592 odio
590 3536 689 3591 sed
722 3534 1101 3593 misericordia
1127 3551 1314 3606 argue.
1346 3534 1491 3589 Raro
1521 3549 1655 3605 ergo
1684 3547 1797 3588 non

202 3622 306 3678 sine
360 3640 570 3698 magna
624 3624 946 3679 necessitate
1004 3632 1127 3679 sunt
1183 3621 1593 3695 objurgationes
1634 3620 1793 3675 adhi-

199 3709 397 3783 benda,
444 3722 504 3769 et
546 3713 769 3768 nonnisi
810 3721 1066 3784 respectu
1107 3711 1244 3781 Dei,
1289 3718 1497 3766 remota
1538 3710 1605 3765 ab
1635 3710 1794 3767 oculo

200 3800 362 3857 trabe.
572 3850 577 3853 .

260 3890 324 3944 Hi
351 3891 504 3946 enim
533 3889 664 3946 odio
694 3890 783 3946 vel
810 3890 979 3947 livore
1009 3890 1189 3946 omnia
1216 3906 1477 3948 accusare
1495 3887 1796 3959 suscipiunt

199 3985 247 4031 et
270 3979 461 4034 volunt
480 3979 661 4035 videri
690 3980 1053 4049 consultores,
1072 3979 1189 4034 sine
1206 3980 1457 4051 exemplo
1474 3995 1587 4033 suae
1617 3994 1797 4033 emen-

196 4066 440 4123 dationis.
474 4067 588 4124 Sed
617 4068 770 4139 prius
798 4068 998 4123 debent
1039 4067 1256 4125 auferre
1300 4069 1512 4123 trabem
1554 4066 1791 4135 invidiae,

197 4156 276 4210 vel
302 4157 562 4224 malitiae,
596 4156 686 4211 vel
715 4156 1074 4212 simulationis
1116 4158 1185 4213 de
1228 4158 1444 4214 occulto
1476 4156 1560 4211 sui
1588 4154 1791 4223 cordis,

198 4251 248 4298 ut
272 4245 491 4300 valeant
534 4244 736 4314 ejicere
777 4244 1042 4301 festucam
1080 4245 1178 4302 irae
1221 4246 1309 4303 vel
1350 4245 1578 4314 alicujus
1607 4241 1794 4299 livoris

196 4332 365 4403 eulpae
395 4334 466 4388 de
497 4334 660 4389 oculo
692 4332 894 4388 fratris.

258 4421 435 4475 Vens.
467 4423 556 4476 43.
591 4451 661 4460 -
692 4422 811 4477 Non
842 4426 929 4477 est
960 4423 1141 4489 arbor,
1176 4428 1281 4478 etc.
1314 4421 1496 4477 Arbor
1522 4421 1664 4476 bona
1706 4416 1796 4474 vel

1894 3266 2038 3321 malo
2065 3267 2233 3322 corde
2258 3268 2528 3337 procedit,
2549 3268 2724 3322 bonus
2754 3269 2843 3324 vel
2871 3269 3048 3323 malus
3073 3270 3238 3325 debet
3261 3270 3498 3339 judicari

1897 3354 2124 3425 fructus,
2156 3355 2281 3427 quia
2308 3373 2376 3411 ex
2402 3356 2728 3410 abundantia
2757 3356 2942 3412 cordis
2974 3357 3123 3428 quod
3157 3357 3387 3413 interius
3415 3358 3502 3414 la-

1895 3444 2255 3524 tet.loquitur
2294 3460 2391 3514 os,
2435 3445 2493 3499 id
2534 3451 2617 3499 est
2658 3444 2910 3515 procedit
2954 3444 3199 3500 exterius
3248 3444 3497 3519 eﬂ'ectus,

1896 3537 2005 3586 tam
2033 3532 2089 3586 in
2116 3533 2299 3589 verbis
2331 3549 2491 3604 quam
2533 3533 2589 3587 in
2632 3532 2808 3589 factis.
2855 3533 2973 3589 Hoc
3013 3540 3099 3589 est
3143 3541 3403 3604 quantum
3430 3535 3502 3592 ad

1896 3620 2138 3677 divinum
2167 3638 2394 3676 examen
2423 3620 2511 3677 cui
2539 3621 2781 3692 loquitur
2808 3637 2872 3675 os
2901 3621 3106 3691 cordis,
3138 3620 3265 3691 quia
3291 3638 3359 3678 ex
3385 3638 3496 3693 qua

1894 3709 2192 3765 intentione
2219 3709 2387 3765 verba
2414 3710 2742 3780 procedunt,
2775 3725 2886 3764 non
2915 3709 3149 3781 ignorat.
3184 3708 3323 3777 Quia
3338 3710 3502 3767 etiam

1896 3798 2061 3854 verba
2092 3814 2213 3868 quae
2242 3797 2481 3852 exterius
2512 3798 2656 3852 bona
2686 3796 2958 3866 videntur,
2992 3795 3119 3867 quia
3147 3812 3215 3850 ex
3242 3796 3384 3852 mala
3412 3813 3501 3853 ra-

1894 3886 2015 3942 dice
2043 3885 2363 3956 procedunt,
2383 3901 2493 3940 non
2522 3885 2665 3940 bona
2695 3901 2817 3940 esse
2841 3884 3077 3955 judicat;
3097 3884 3242 3939 unde
3274 3884 3490 3941 subdit:

1898 3975 2039 4041 Quid
2068 3978 2261 4030 autem
2288 3974 2499 4030 vocatis
2525 3990 2614 4029 me
2633 3975 2867 4029 Domine
2885 3978 2908 4028 ?
2926 3971 3095 4041 Quasi
3123 3972 3267 4029 dicat
3298 3990 3312 4028 :
3344 3972 3493 4044 Quid

1894 4060 2024 4117 folia
2052 4069 2217 4118 rectae
2246 4061 2611 4118 confessionis
2642 4077 2740 4117 vos
2770 4061 3081 4133 germinare
3106 4061 3321 4131 jactatis
3340 4104 3355 4134 ,
3405 4061 3500 4135 qui

1894 4150 2073 4205 nullos
2102 4150 2232 4205 boni
2261 4150 2447 4221 Operis
2476 4149 2684 4205 fructus
2715 4148 3044 4204 ostenditis?
3076 4151 3165 4205 Ex
3191 4151 3492 4207 abundan—

1897 4241 1997 4294 tia.
2044 4240 2150 4294 Per
2190 4238 2304 4294 oris
2348 4238 2680 4294 locutionem
2700 4279 2715 4308 ,
2762 4236 3018 4294 universa
3063 4255 3185 4309 quae
3227 4246 3350 4295 actu
3405 4239 3496 4295 vel

1895 4327 2134 4400 cogitatu
2159 4328 2227 4383 de
2258 4327 2426 4382 corde
2465 4326 2837 4398 proferuntur,
2886 4325 3153 4382 Dominus
3196 4325 3487 4399 significat.

1894 4416 2033 4469 Nam
2062 4423 2116 4470 et
2143 4416 2372 4472 verbum
2416 4430 2519 4486 pro
2566 4414 2707 4470 facto
2756 4414 2896 4469 solet
2942 4412 3106 4485 poni;
3146 4412 3290 4467 unde
3322 4429 3336 4466 :
3366 4414 3490 4470 Non

192 4507 362 4577 mala,
414 4524 527 4563 non
575 4516 767 4563 natura
788 4551 802 4579 ,
852 4526 974 4581 quae
1018 4526 1049 4563 a
1090 4511 1205 4565 Deo
1249 4510 1305 4565 in
1351 4509 1602 4565 omnibus
1657 4507 1798 4561 bona
1824 4504 2008 4575 Dfuit
2032 4504 2274 4572 verbum,
2306 4504 2447 4577 quod
2483 4519 2599 4559 non
2627 4502 2946 4559 ostenderet
2976 4503 3056 4556 eis
3092 4500 3223 4570 (Isa.
3255 4499 3488 4572 χχχιχ).

191 4604 369 4652 creata
420 4605 540 4667 est,
590 4598 688 4652 sed
728 4597 872 4653 bona
916 4597 1007 4653 vel
1047 4598 1188 4653 mala
1234 4598 1505 4655 voluntas.
1550 4597 1802 4677 Fructus,

188 4699 376 4756 opera,
413 4703 538 4758 qua:
566 4700 670 4741 nec
700 4686 843 4741 bona
876 4687 1031 4741 malae
1061 4687 1354 4743 voluntatis
1383 4691 1614 4759 possunt
1656 4698 1798 4749 esse,

192 4788 294 4830 nec
322 4776 475 4828 mala
514 4774 677 4830 bona:
719 4775 1035 4831 voluntatis.
1086 4778 1269 4848 Neque
1312 4777 1493 4841 arbor.
1529 4774 1585 4829 Si
1615 4787 1802 4829 veram

191 4862 271 4917 vis
299 4863 514 4917 habere
537 4863 803 4933 justitiam
833 4871 886 4919 et
912 4879 1024 4919 non
1052 4863 1251 4933 ﬁctam,
1273 4881 1394 4936 qua:
1412 4861 1595 4920 verbis
1624 4868 1805 4916 osten-

184 4948 284 5021 dis,
317 4950 484 5007 factis
513 4952 700 5023 imple,
736 4960 796 5006 ut
826 4952 902 5007 sis
932 4952 1073 5008 bona
1102 4954 1284 5023 arbor,
1320 4960 1374 5008 et
1409 4951 1569 5007 bonis
1600 4947 1797 5005 fructi-

183 5038 284 5093 bus
314 5039 564 5095 orneris.
599 5039 738 5109 Quia
769 5042 871 5095 etsi
890 5040 1059 5115 ﬁngat
1087 5041 1397 5113 hypocrita,
1430 5056 1541 5096 non
1575 5046 1658 5095 est
1692 5038 1796 5093 bo-

191 5141 294 5182 nus
319 5129 423 5200 qui
453 5128 581 5185 facit
611 5145 782 5200 opera
810 5130 951 5184 mala
970 5171 984 5199 ,
1033 5138 1086 5185 et
1130 5129 1177 5184 si
1223 5129 1574 5201 reprehendit
1602 5128 1794 5183 inson-

180 5224 319 5288 tem,
353 5234 478 5274 non
506 5217 630 5274 ideo
675 5217 850 5273 malus
885 5225 968 5273 est
1014 5218 1106 5289 qui
1151 5217 1278 5274 facit
1320 5234 1487 5289 opera
1527 5217 1688 5273 bona.
1724 5213 1796 5273 Et

182 5315 307 5362 nota
338 5306 499 5378 quod
528 5307 599 5362 de
626 5305 929 5361 manifestis
968 5306 1055 5363 hic
1085 5306 1283 5380 agitur.

246 5395 433 5451 Vens.
470 5396 556 5451 44.
593 5425 664 5435 -—
709 5396 1054 5467 Unaqqu
1099 5398 1253 5451 enim
1297 5395 1478 5451 arbor.
1526 5393 1649 5450 Mali
1694 5408 1793 5449 suo

184 5481 365 5540 fructu
403 5492 732 5554 noscuntur,
764 5483 892 5537 dum
910 5483 1082 5540 bonos
1111 5484 1440 5555 opprimunt,
1460 5490 1514 5539 et
1544 5485 1718 5538 Deum
1748 5481 1794 5536 si

179 5587 290 5629 non
317 5572 537 5643 verbis,
573 5572 953 5643 blasphemant
981 5572 1136 5630 factis
1168 5591 1182 5628 :
1215 5581 1268 5629 et
1294 5573 1528 5629 maxime
1557 5588 1656 5643 per
1684 5570 1791 5624 im-

324 5690 577 5745 PATROL.
610 5687 808 5749 CXIV.

1978 4593 2147 4647 Vens.
2179 4594 2268 4647 46.
2300 4623 2369 4633 -
2400 4592 2543 4659 Quid
2565 4595 2778 4660 autem,
2811 4596 2916 4644 etc.
2950 4589 3080 4643 Haec
3106 4586 3318 4644 vocatio
3346 4588 3495 4645 vide-

1905 4687 1992 4735 tur
2019 4679 2227 4736 fructus
2256 4681 2413 4735 bona:
2440 4678 2679 4747 arboris,
2713 4677 2811 4732 sed
2841 4675 2965 4748 quia
2994 4692 3107 4732 non
3132 4676 3382 4748 procedit
3423 4674 3495 4734 de

1901 4767 2231 4841 pinguedine
2260 4767 2553 4836 cbaritatis,
2574 4768 2720 4822 Deus
2748 4782 2860 4821 non
2886 4765 3091 4821 bonum
3111 4764 3336 4835 judicat.
3357 4764 3494 4835 Qua)

1901 4865 2080 4912 autem
2109 4857 2376 4913 bonorum
2404 4856 2740 4911 malorumve
2770 4854 3045 4911 fructuum
3072 4869 3203 4911 vera
3230 4853 3491 4911 discretio

1899 4944 1987 5015 sit,
2020 4944 2121 4999 sub
2148 4945 2250 4999 alia
2280 4943 2454 5017 figura
2485 4943 2758 5015 supponit.

1970 5034 2136 5088 Vnus.
2169 5034 2256 5087 47.
2290 5063 2359 5075 -
2389 5032 2582 5089 Omnis
2614 5033 2711 5105 qui
2739 5031 2927 5101 venit,
2960 5036 3066 5086 etc.
3097 5029 3391 5103 Postquam
3418 5028 3490 5090 de

1895 5129 2082 5193 aperte
2111 5120 2288 5191 malis,
2321 5122 2390 5177 de
2419 5137 2549 5177 vere
2578 5127 2633 5177 et
2662 5119 2927 5175 simulatis
2954 5117 3113 5174 bonis
3156 5117 3250 5174 diu
3291 5120 3487 5191 dispu-

1895 5210 2051 5281 tavit,
2084 5210 2258 5265 bonos
2299 5210 2576 5266 auditores
2618 5208 2774 5265 verbi
2821 5207 2924 5262 sibi
2967 5206 3101 5278 ipsis
3120 5247 3135 5276 ,
3167 5207 3342 5263 malos
3370 5208 3489 5264 dia-

1894 5299 2021 5354 bolo
2047 5298 2326 5354 assimilat.
2374 5298 2511 5368 Quia
2554 5297 2695 5355 sicut
2736 5296 2983 5352 Christus
3011 5293 3177 5352 variis
3204 5296 3489 5353 hominum

1892 5388 2142 5458 personis
2170 5403 2334 5442 unam
2361 5387 2667 5443 Ecclesiam
2695 5384 2994 5454 construit,
3027 5383 3234 5454 erudit,
3279 5385 3486 5458 guber-

1892 5485 2003 5547 nat,
2034 5477 2090 5531 in
2118 5476 2283 5533 vitam
2311 5484 2571 5532 aeternam
2599 5476 2997 5547 perducturus;
3030 5472 3110 5528 sic
3138 5473 3315 5528 bonus
3342 5470 3490 5541 audi‘

1893 5572 1980 5621 tor
2007 5565 2171 5622 variis
2198 5565 2487 5624 virtutibus
2515 5581 2810 5635 supernam
2836 5562 2940 5619 sibi
2967 5560 3306 5617 mansionem
3347 5557 3485 5614 aedi‘

3283 5682 3316 5734 9
