4006 6178
463 261 569 316 267

953 253 1355 310 WALAFRIDI
1394 250 1639 306 STRABI
1677 248 1875 304 FULD.
1916 245 2088 302 MON.
2131 244 2283 302 OPP.
2325 245 2502 302 PARS
2540 246 2582 300 l.
2625 275 2692 286 --
2730 243 3198 301 THEOLOGICA.

3651 246 3756 300 268

469 381 592 437 ﬁcat
621 381 677 433 in
703 379 884 434 futuro
916 394 1042 434 cum
1072 377 1288 431 Christo
1305 376 1373 430 de
1390 371 1730 429 dedicatione
1761 370 2058 426 laetaturus.
2083 370 2140 432 A
2167 377 2324 440 cepta
2353 369 2671 440 complevit,
2703 369 2932 426 formam
2962 369 3122 425 docet
3163 383 3386 423 suorum
3430 367 3766 438 exsequendi

459 459 532 525 Et
564 469 703 524 sicut
732 466 980 522 diabolus
1014 465 1331 521 obedientes
1377 461 1480 516 sibi
1523 461 1592 515 de
1636 458 1790 516 ccelis
1836 459 1904 512 ad
1948 466 2064 513 ter-

467 574 599 614 rena
629 565 682 612 et
712 555 781 610 ad
811 563 1033 626 peccata
1062 553 1243 621 trahit,
1277 545 1370 606 ubi
1399 566 1510 606 non
1538 548 2063 617 estfundamentum,

468 645 592 716 quia
623 643 826 698 malum
857 650 940 698 est
970 643 1085 696 sine
1129 639 1425 695 substantia
1446 681 1460 708 ,
1495 645 1548 693 et
1579 653 1797 708 semper
1826 637 1882 691 in
1909 635 2066 691 dete-

470 734 616 789 riora
646 731 946 803 przecipitat
967 749 979 784 :
1001 730 1080 784 sic
1109 729 1283 783 malus
1318 727 1551 798 auditor,
1585 726 1700 781 sive
1731 725 1800 780 sit
1829 722 2067 778 initiatus

467 821 741 893 mysteriis
773 818 989 887 Christi,
1023 818 1138 873 sive
1170 833 1238 872 ex
1268 823 1380 872 toto
1419 816 1660 884 alienus,
1694 812 1847 885 quasi
1877 811 1933 865 in
1960 828 2066 882 pu-

468 919 617 965 teum
647 909 765 964 sine
798 907 964 962 fundo
995 906 1382 977 praecipitatus,
1402 920 1512 959 non
1545 901 1746 960 invenit
1775 900 1868 955 ubi
1898 916 1956 954 se
1987 915 2070 955 re-

468 998 669 1067 tineat,
719 996 818 1052 sed
864 1011 990 1052 cum
1040 994 1248 1050 venerit
1292 992 1348 1047 in
1392 991 1722 1064 profundum
1773 987 2062 1058 malorum,

471 1087 785 1143 contemnit.

538 1203 707 1257 Vnus.
742 1202 829 1255 48.
864 1229 933 1239 ——
965 1197 1123 1255 Fodit
1154 1199 1217 1252 in
1246 1198 1449 1252 altum.
1494 1193 1650 1250 Fodit
1679 1193 1736 1247 in
1765 1193 1934 1248 altum
1977 1191 2070 1263 qui

469 1289 758 1362 praeceptis
786 1286 1101 1342 humilitatis
1131 1293 1345 1340 terrena
1374 1283 1554 1338 omnia
1583 1281 1653 1337 de
1685 1296 1908 1336 suorum
1948 1295 2070 1336 cor-

467 1379 627 1434 dibus
657 1375 898 1432 funditus
923 1374 1082 1442 eruit,
1103 1389 1172 1428 ne
1202 1380 1428 1444 propter
1444 1369 1666 1442 aliquod
1699 1369 1937 1424 fluxibile
1953 1369 2071 1423 Deo

472 1465 692 1533 serviat,
741 1471 799 1518 ut
827 1463 1210 1518 inconcussam
1253 1460 1309 1514 in
1353 1460 1431 1515 eis
1474 1459 1668 1514 habeat
1710 1458 2067 1512 mansionem.

474 1555 668 1611 Posuit
686 1552 1150 1625 fundamentum.
1184 1550 1552 1604 Fundamenta
1567 1546 1870 1618 pluraliter,
1888 1546 2073 1601 docto-

472 1659 598 1709 res;
649 1639 999 1714 singulariter
1057 1638 1500 1709 fundamentum,
1547 1637 1740 1692 doctor
1784 1635 2072 1690 doctorum

452 1787 454 1789 ,
470 1731 737 1787 Christus.
1140 1775 1146 1781 .

539 1819 835 1876 Moraliter.
880 1816 1248 1872 Fundamenta
1289 1814 1516 1883 domus,
1549 1812 1874 1868 intentiones
1903 1811 2061 1866 bona

473 1905 902 1966 conversationis
923 1948 936 1975 ,
983 1921 1117 1976 quas
1160 1920 1261 1974 per
1304 1901 1659 1956 humilitatem
1707 1899 2066 1955 Christianam

475 1995 749 2053 exhaustis
811 2008 1268 2065 supervacuarum
1326 1990 1714 2063 cogitationum
1780 1987 2071 2041 ruderibus

477 2085 754 2157 perfectus
792 2083 1005 2138 auditor
1035 2082 1090 2134 in
1119 2098 1178 2136 se
1209 2079 1432 2148 inserit,
1465 2080 1570 2134 hoc
1599 2077 1655 2131 in
1687 2093 1746 2131 se
1776 2075 2073 2147 spirituali-

476 2183 559 2230 ter
586 2189 776 2247 agens,
810 2171 955 2243 quod
986 2169 1232 2225 Christus
1260 2168 1316 2222 in
1344 2168 1598 2223 universa
1626 2164 1873 2221 Ecclesia
1905 2179 2073 2236 gene-

482 2263 667 2318 raliter
697 2261 828 2334 agit.

544 2349 942 2406 Inundatione.
967 2346 1117 2401 Hanc
1135 2343 1541 2399 inundationem
1564 2341 1692 2396 alibi
1708 2349 1892 2412 portas
1912 2339 2074 2396 inferi

478 2437 732 2512 appellat.
764 2439 835 2492 Et
867 2439 1044 2508 porta:
1063 2434 1243 2504 inferi
1261 2449 1376 2488 non
1399 2433 1787 2504 praevalebunt
1808 2429 2072 2486 adversus

479 2544 601 2585 eam
621 2526 840 2597 (Matth.
883 2525 1024 2593 XVI).
1077 2523 1206 2577 Haec
1249 2520 1527 2574 inundatio
1571 2519 1744 2573 tribus
1785 2518 1964 2574 modis
1990 2516 2068 2588 ﬁt,

477 2617 601 2687 quia
630 2622 866 2670 tentatur
895 2613 1126 2683 quisque
1153 2626 1185 2663 a
1213 2608 1435 2679 propria
1465 2607 1906 2677 concupiscentia
1925 2647 1939 2676 ,
1987 2605 2073 2661 vel

479 2703 740 2758 falsorum
784 2701 1013 2754 fratrum
1056 2697 1433 2768 improbitate,
1482 2696 1570 2749 vel
1617 2702 1800 2766 aperta
1831 2693 2072 2750 exterio-

479 2807 601 2846 rum
642 2788 1067 2861 impugnatione.
1129 2787 1369 2841 Illisum.
1438 2785 1621 2838 Potest
1674 2799 1774 2854 per
1812 2783 2072 2854 impetum

479 2878 736 2947 ﬂuminis,
770 2876 996 2932 extremi
1021 2873 1212 2943 judicii
1242 2871 1540 2928 discrimen
1570 2871 1821 2944 intelligi,
1856 2870 2072 2942 quando

475 2967 724 3024 Ecclesia
743 2974 970 3035 utraque
988 2971 1070 3018 est
1089 2969 1478 3018 consummata.
1507 2961 1700 3018 Omnis
1717 2962 1812 3033 qui
1837 2977 1894 3016 se
1917 2961 2074 3016 exal-

478 3060 564 3111 tat
596 3054 1010 3116 humiliabitur,
1065 3055 1121 3107 et
1170 3052 1265 3123 qui
1307 3067 1364 3105 se
1404 3049 1672 3105 humiliat
1719 3049 2072 3104 exaltabit-ur

477 3144 634 3213 (Luc.
665 3141 808 3212 xxv).
841 3141 1040 3196 Domni
1066 3140 1177 3194 itti.
1213 3137 1454 3210 Singulae
1482 3145 1685 3193 nostra
1701 3138 1916 3207 domus,
1938 3152 2072 3208 quo-

475 3231 627 3298 tidie,
659 3229 748 3285 vel
774 3228 1180 3283 immundorum
1210 3226 1517 3296 spirituum,
1564 3225 1652 3281 vel
1696 3225 2070 3295 improborum

446 3318 774 3386 hominum,
809 3315 895 3372 vel
926 3332 1039 3370 sua;
1068 3315 1238 3385 ipsius
1269 3313 1498 3384 mentis,
1525 3313 1614 3370 vel
1641 3313 1820 3369 carnis
1853 3312 2070 3384 inquie—

474 3407 660 3462 tudine
690 3405 992 3476 pulsantur.
1012 3405 1080 3458 Et
1103 3411 1360 3474 quantum
1384 3402 1621 3474 propriis
1645 3403 1852 3457 viribus
1876 3401 2066 3472 ﬁdunt,

477 3494 805 3551 inclinantur
837 3511 850 3547 :
884 3500 1140 3564 quantum
1163 3492 1538 3550 invictissima:
1567 3499 1738 3564 petrae
1767 3491 2066 3558 adhazrent,

477 3582 789 3639 labefactari
818 3589 1111 3654 nequeunt.

546 3709 716 3765 Vens.
750 3710 837 3764 49.
871 3738 939 3748 -
968 3709 1148 3780 Supra
1183 3711 1415 3777 terram,
1450 3714 1554 3761 etc.
1603 3704 1862 3760 Diabolus
1905 3721 2071 3759 mun-

475 3796 604 3854 dum
669 3797 761 3868 qui
825 3797 882 3850 in
945 3796 1184 3869 maligno
1223 3795 1431 3866 positus
1497 3803 1580 3850 est
1645 3811 1811 3864 super
1868 3801 2074 3848 terram

476 3886 738 3955 aediﬁcat,
787 3885 911 3956 quia
951 3885 1019 3940 ad
1064 3893 1409 3939 terrenorum
1453 3899 1696 3937 amorem
1726 3881 1908 3936 trahit.
1943 3882 2072 3937 Sine

476 3974 827 4029 fundamento
855 3972 1113 4041 aediﬁcat,
1149 3972 1272 4043 quia
1301 3979 1584 4041 peccatum
1619 3969 1673 4023 in
1704 3970 1927 4040 propria
1969 3987 2072 4024 na-

476 4069 598 4116 tura
629 4078 737 4118 non
771 4061 1039 4130 subsistit,
1089 4061 1210 4131 quia
1253 4060 1455 4112 malum
1501 4058 1797 4112 substantia
1825 4074 1936 4113 non
1968 4064 2070 4128 est,

482 4150 627 4222 quod
657 4158 836 4205 tamen
865 4150 1173 4218 ubicunque
1203 4146 1260 4200 ﬁt
1301 4147 1358 4200 in
1399 4147 1540 4201 bona
1581 4155 1772 4202 natura
1817 4146 2072 4202 coalescit

478 4239 566 4295 vel
597 4239 713 4294 sine
743 4238 1112 4306 fundamento,
1143 4236 1199 4289 id
1230 4242 1312 4289 est
1342 4234 1458 4288 sine
1502 4234 1688 4291 fundo.
1739 4235 1890 4290 Sicut
1937 4249 2072 4306 ergo

479 4327 571 4400 qui
600 4327 656 4382 in
683 4335 847 4398 puteo
883 4324 1171 4396 mergitur,
1205 4323 1354 4393 putei
1383 4323 1436 4376 in
1465 4322 1631 4378 fundo
1675 4325 1958 4390 retinetur,
1994 4322 2075 4378 sic

479 4417 655 4470 anima
687 4416 836 4485 lapsa
881 4413 1033 4483 quasi
1077 4411 1130 4464 in
1174 4411 1409 4480 quodam
1453 4411 1576 4467 loco
1620 4411 1771 4466 fundi
1803 4409 2049 4466 consistit

482 4504 529 4558 si
557 4505 614 4559 in
642 4503 820 4573 aliqua
837 4500 1043 4572 peccati
1064 4515 1318 4553 mensura
1348 4516 1406 4554 se
1437 4501 1652 4554 retinet.
1675 4499 1782 4554 Sed
1804 4515 1929 4554 cum
1944 4514 2074 4569 pec-

483 4599 603 4648 cato
632 4592 686 4645 in
717 4606 824 4662 quo
854 4588 1051 4642 labitur
1080 4604 1188 4642 non
1235 4595 1411 4657 potest
1458 4605 1579 4643 esse
1627 4594 1877 4644 contenta
1897 4629 1910 4656 ,
1943 4587 2074 4641 dum

480 4681 549 4735 ad
579 4679 850 4734 deteriora
893 4675 1135 4747 quotidie
1182 4675 1416 4744 ducitur,
1466 4676 1619 4747 quasi
1664 4675 1719 4728 in
1766 4682 1932 4745 puteo
1964 4690 2072 4745 quo

478 4767 716 4825 concidit
745 4764 969 4819 fundum
1013 4780 1120 4836 quo
1167 4763 1365 4836 ﬁgatur
1405 4779 1514 4819 non
1562 4762 1783 4818 invenit.
1821 4763 2076 4819 Concidit

479 4861 536 4913 et
565 4858 722 4927 facta
751 4857 835 4909 est
856 4854 1047 4920 ruina,
1079 4859 1181 4908 etc.
1216 4852 1406 4908 Omnis
1437 4851 1787 4921 conscientia,
1824 4869 1944 4923 qua:
1973 4867 2072 4923 spe

477 4943 582 4998 ﬁxa
620 4943 677 4997 in
718 4942 893 4996 Deum
935 4957 1045 4996 non
1087 4947 1400 5011 permanet,
1448 4940 1504 4994 in
1546 4939 1930 4995 tentationibus
1960 4956 2072 4996 non

478 5031 621 5086 valet
650 5029 975 5100 persistere,
1021 5035 1073 5083 et
1117 5036 1262 5084 tanto
1306 5029 1428 5099 plus
1471 5028 1670 5101 agitur,
1718 5036 1918 5100 quanto
1948 5028 2070 5099 plus

474 5118 532 5173 in
561 5116 669 5172 illis
699 5133 820 5189 qua:
848 5117 1036 5171 mundi
1067 5124 1191 5171 sunt
1236 5133 1267 5170 a
1315 5116 1688 5188 superioribus
1717 5117 2065 5190 disjungitur.

473 5206 544 5262 Et
571 5222 701 5262 vere
731 5221 922 5261 omnes
951 5205 1081 5260 mali
1109 5205 1196 5261 vel
1226 5204 1349 5260 ﬁcte
1379 5205 1508 5261 boni
1524 5205 1816 5278 ingruente
1832 5205 2071 5277 qualibet

469 5294 794 5365 tentatione,
824 5294 1044 5367 pejores
1072 5293 1225 5349 ﬁunt.

1077 5468 1301 5526 CAPUT
1339 5469 1452 5524 VII.

544 5615 712 5670 Vnus.
731 5617 778 5669 1.
795 5643 864 5653 -
880 5614 1018 5670 Cum
1029 5613 1221 5666 autem
1237 5610 1543 5680 implesset.
1567 5608 1800 5666 Pulchre
1821 5609 1912 5668 ubi
1927 5625 2065 5683 pra:-

2165 465 2586 529 praeceptorum.
2630 458 2767 512 Nam
2797 459 2973 512 statim
3016 456 3237 530 gentilis
3279 455 3613 512 centurionis
3643 469 3764 510 ser-

2167 563 2268 604 vus
2295 546 2529 602 Domino
2559 547 2826 601 sanandus
2871 546 3117 615 offertur,
3168 545 3224 599 in
3257 560 3365 617 quo
3396 543 3629 617 gentiles
3671 543 3767 615 qui

2166 635 2437 690 mundana
2480 635 2740 692 servitute
2785 635 2919 708 aegri
2963 635 3306 703 tenebantur,
3353 631 3621 688 beneﬁcio
3664 632 3767 688 Dei

2169 723 2410 779 salvandi
2431 723 2824 794 exprimuntur.
2848 724 3090 779 Intravit
3113 723 3530 794 Capharnaum.
3558 722 3766 778 Centu-

2167 813 2364 879 rionis,
2400 819 2505 868 etc.
2537 813 2662 868 Non
2690 819 2813 868 ante
2841 811 3058 867 intravit
3091 827 3252 882 quam
3282 810 3449 865 verba
3477 809 3766 864 terminas-

2169 908 2271 971 set,
2304 900 2406 956 etsi
2437 900 2615 955 statim
2644 908 2769 972 post
2796 901 2913 956 haec
2944 899 3112 956 verba
3142 915 3253 953 non
3295 897 3531 953 intravit.
3579 897 3765 952 Prius-

2170 1006 2331 1060 quam
2361 989 2504 1044 enim
2534 990 2778 1060 intraret,
2814 989 2869 1042 in
2897 989 3018 1060 ipso
3048 986 3334 1045 intervallo
3363 986 3653 1041 mundatus
3683 995 3767 1042 est

2170 1079 2449 1150 leprosus,
2481 1086 2540 1133 ut
2568 1078 2848 1134 Matthaeus
2879 1077 3048 1149 ponit.

2239 1194 2409 1249 Vens.
2444 1197 2496 1249 3.
2528 1224 2598 1234 —
2626 1194 2777 1250 Misit
2815 1194 2889 1248 ad
2916 1210 3047 1249 eum
3088 1193 3371 1258 seniores,
3419 1198 3522 1246 etc.
3573 1188 3767 1246 Divina

2169 1282 2511 1354 providentia
2557 1282 2806 1338 seniores
2859 1281 3173 1336 Judaeorum
3227 1280 3531 1350 mittuntur,
3586 1286 3642 1334 et
3684 1278 3765 1333 eis

2169 1371 2530 1442 praesentibus
2558 1371 2848 1444 languidus
2876 1378 3114 1440 sanatur,
3148 1377 3206 1425 ut
3233 1367 3630 1426 inexcusabiles
3660 1367 3770 1422 sint

2174 1460 2221 1514 si
2251 1461 2480 1517 credere
2509 1459 2802 1516 noluerint.

2243 1549 2500 1603 Centurio
2543 1548 2748 1604 amicos
2792 1548 2986 1618 mittit,
3032 1564 3102 1602 ne
3145 1546 3436 1618 prasentia
3477 1562 3572 1600 sua
3601 1561 3767 1601 vere-

2175 1638 2427 1693 cundiam
2457 1637 2676 1692 Domini
2705 1654 2934 1709 gravare
2964 1636 3262 1707 videretur,
3295 1643 3348 1691 et
3377 1634 3615 1691 ofﬁcium
3644 1632 3768 1691 ofﬁ-

2084 1726 2138 1786 B
2167 1725 2252 1780 cio
2295 1740 2644 1795 provocasse.
2695 1723 2974 1797 Signiﬁcat
3015 1733 3228 1794 autem,
3277 1725 3400 1796 quia
3447 1740 3546 1778 nos
3576 1722 3668 1794 qui
3698 1722 3769 1778 de

2177 1813 2430 1886 gentibus
2461 1815 2736 1870 credimus
2763 1815 2831 1868 ad
2859 1815 3170 1885 Dominum,
3190 1831 3299 1869 non
3315 1813 3419 1885 ipsi
3437 1813 3623 1869 venire
3639 1827 3768 1884 pos-

2177 1919 2364 1958 sumus
2395 1920 2558 1974 quem
2587 1903 2643 1957 in
2672 1920 2834 1959 carne
2865 1903 3050 1959 videre
3080 1919 3189 1960 non
3216 1918 3540 1974 possumus,
3572 1901 3670 1956 sed
3699 1899 3770 1954 ad

2176 1992 2506 2048 residentem
2536 1991 2592 2046 in
2621 1993 2844 2047 dextera
2875 1992 3066 2047 Patris.
3101 1992 3333 2048 Gentilis
3362 1992 3596 2062 populus
3613 1988 3769 2060 quasi

2176 2081 2422 2136 centurio
2491 2081 2718 2151 stipatur
2781 2081 2951 2136 milite
3007 2081 3267 2136 virtutum
3313 2089 3367 2135 et
3408 2079 3769 2151 spiritualium

2173 2170 2537 2241 perfectione,
2573 2187 2693 2240 qua:
2735 2171 2792 2224 in
2835 2178 3052 2226 centum
3095 2169 3451 2244 signiﬁcatur.
3487 2168 3767 2237 Sublimis,

2176 2259 2308 2312 nihil
2337 2267 2615 2314 terrenum
2645 2275 2676 2312 a
2694 2259 2927 2315 Domino
2957 2260 3060 2313 sibi
3090 2260 3312 2330 suisque
3341 2257 3644 2330 requirens,
3670 2255 3771 2311 sed

2175 2347 2290 2402 sola
2320 2355 2541 2404 aeternae
2570 2348 2757 2403 salutis
2787 2349 2983 2421 gaudia
3017 2367 3030 2402 :
3063 2357 3116 2403 et
3144 2349 3200 2402 hi
3228 2365 3329 2418 pro
3361 2348 3555 2418 servis,
3577 2347 3631 2401 id
3662 2352 3768 2415 est,

2174 2451 2275 2506 pro
2304 2437 2388 2490 his
2419 2437 2511 2507 qui
2541 2437 2717 2492 adhuc
2760 2437 2951 2506 spiritu
2995 2437 3269 2492 servitutis
3310 2435 3367 2490 in
3410 2437 3604 2491 timore
3632 2449 3769 2505 pre-

2172 2532 2413 2594 muntur,
2445 2526 2679 2581 Domino
2709 2525 3042 2595 supplicant,
3074 2533 3132 2578 ut
3161 2525 3240 2579 eis
3286 2523 3542 2594 paulatim
3571 2523 3640 2578 ad
3671 2539 3772 2577 su-

2173 2614 2391 2683 periora
2445 2613 2719 2684 provectis
2751 2655 2764 2682 ,
2821 2617 3075 2685 perfecta
3121 2613 3347 2669 dilectio
3376 2616 3530 2683 foras
3565 2612 3772 2668 mittat

2177 2702 2435 2759 timorem
2463 2700 2510 2772 (I
2536 2705 2695 2759 Joan.
2728 2703 2827 2772 ιν).

2243 2799 2522 2853 Matthaeus
2549 2798 2678 2853 dicit
2706 2797 3079 2853 centurionem
3120 2798 3420 2854 accessisse
3439 2839 3455 2867 ,
3489 2797 3637 2869 quod
3665 2813 3773 2868 per

2174 2884 2337 2941 ﬁdem
2380 2885 2791 2958 intelligendum
2846 2894 2947 2941 est.
2996 2887 3100 2941 Per
3143 2886 3306 2942 ﬁdem
3349 2887 3496 2942 enim
3538 2903 3669 2942 vere
3699 2886 3772 2942 ad

2174 2975 2346 3030 Deum
2375 2974 2671 3044 acceditur,
2701 2991 2822 3045 quae
2852 2974 2907 3028 in
2937 2975 3254 3031 centurione
3286 2992 3317 3030 a
3346 2975 3580 3031 Domino
3609 2989 3769 3031 com-

2101 3080 2149 3143 ρ
2173 3063 2492 3118 mendatur:
2516 3063 2636 3120 Non
2651 3064 2850 3119 inveni
2868 3068 3094 3120 tantam
3108 3065 3277 3133 ﬁdem
3296 3067 3360 3120 in
3381 3065 3573 3120 Israel.
3595 3065 3770 3119 Porro

2173 3152 2343 3207 Lucas
2372 3151 2565 3207 ordine
2611 3167 2718 3222 quo
2762 3160 2980 3224 gestum
3024 3160 3107 3208 est
3148 3153 3480 3224 exsequitur,
3514 3159 3572 3206 ut
3599 3152 3770 3207 intel-

2170 3240 2344 3312 ligere
2388 3256 2736 3313 cogeremur,
2787 3241 3062 3312 quomodo
3106 3258 3231 3297 eum
3281 3239 3581 3299 accessisse
3635 3240 3773 3298 dicit

2170 3329 2471 3385 Matthaeus.

2241 3445 2410 3498 Vens.
2427 3444 2791 3500 5.—Gentem
2803 3448 3077 3501 nostram.
3093 3444 3336 3516 Mystice.
3359 3445 3586 3501 Gentilis
3601 3461 3771 3517 popu-

2171 3532 2257 3588 lus
2287 3534 2462 3604 (cujus
2493 3531 2724 3606 ﬁguram
2741 3541 2916 3606 gestat
2945 3534 3213 3604 centurio)
3236 3550 3345 3589 non
3360 3534 3521 3608 longe
3548 3535 3711 3590 habet
3739 3551 3771 3590 a

2172 3622 2334 3678 domo
2363 3623 2549 3677 Jesum
2569 3665 2582 3692 ,
2617 3624 2832 3678 tametsi
2879 3623 2978 3677 sub
3018 3630 3161 3678 tecto
3191 3623 3418 3678 invitare
3447 3639 3555 3678 non
3583 3623 3768 3693 audet,

2175 3711 2318 3784 quia,
2327 3729 2498 3784 prope
2513 3713 2779 3768 timentes
2793 3729 2921 3768 eum
2932 3712 3186 3767 salutare
3204 3713 3397 3784 ipsius.
3417 3712 3521 3781 Qui
3538 3713 3772 3767 naturali

2173 3811 2298 3872 lege
2329 3809 2478 3855 recte
2510 3801 2695 3869 utitur,
2728 3809 2786 3854 ut
2813 3801 2952 3855 bona
2984 3817 3106 3871 quae
3135 3801 3287 3856 novit
3305 3809 3580 3871 operatur,
3605 3817 3673 3856 eo
3689 3800 3772 3856 illi

2175 3883 2267 3954 qui
2295 3900 2426 3938 vere
2457 3884 2630 3938 bonus
2661 3892 2743 3938 est
2770 3884 3072 3954 appropiat.
3122 3886 3191 3938 At
3234 3884 3341 3938 illis
3389 3900 3527 3956 quos
3575 3901 3770 3942 errore

2173 3971 2488 4044 gentilitatis
2532 3972 2758 4026 crimina
2804 3973 3124 4042 vinxerant,
3174 3973 3344 4044 aptari
3373 3981 3588 4044 potest,
3621 3974 3773 4046 quod

2171 4059 2300 4112 alibi
2329 4059 2563 4114 dicitur:
2600 4060 2839 4127 Quidam
2867 4062 3022 4118 enim
3052 4078 3126 4118 ex
3158 4061 3245 4117 his
3292 4061 3360 4118 de
3407 4062 3566 4135 longe
3595 4079 3770 4121 vene-

2173 4151 2312 4202 runt
2345 4148 2538 4216 (Marc.
2569 4148 2712 4221 vm).

2244 4261 2415 4316 Vnus.
2450 4266 2500 4317 6.
2523 4293 2592 4303 —
2612 4266 2771 4319 Iesus
2790 4269 2984 4320 autem
3012 4266 3145 4321 ibat.
3181 4264 3310 4321 Solo
3327 4265 3496 4321 verbo
3516 4271 3772 4337 potenter

2173 4358 2479 4420 curaturus,
2526 4353 2593 4406 ad
2640 4353 2952 4408 humilitatis
2997 4353 3521 4409 commendationem
3549 4354 3774 4411 visitare

2055 4451 2069 4478 ’
2093 4435 2146 4496 D
2176 4437 2432 4510 dignatur
2476 4439 2857 4514 languentem;
2906 4449 2959 4496 et
3003 4442 3094 4513 qui
3140 4443 3207 4497 ad
3251 4443 3548 4497 sanandum
3591 4441 3776 4516 reguli

2174 4524 2345 4581 ﬁlium
2374 4527 2455 4582 ire
2499 4528 2703 4599 noluit,
2754 4546 2823 4584 ne
2870 4529 3083 4586 divitias
3125 4531 3424 4586 honorasse
3467 4531 3770 4600 videretur,

2173 4615 2241 4670 ad
2271 4632 2490 4672 servum
2519 4617 2681 4683 vadit,
2716 4633 2784 4672 ne
2816 4618 3070 4674 servilem
3099 4619 3465 4675 conditionem
3495 4620 3775 4690 sprevisse

2172 4712 2472 4775 putaretur.
2524 4704 2718 4761 Elucet
2746 4705 2886 4761 ﬁdes
2916 4706 2972 4761 in
3001 4707 3258 4778 operibus
3287 4709 3418 4763 dum
3447 4717 3636 4778 sanat,
3673 4705 3775 4763 sed

2171 4791 2296 4863 plus
2343 4801 2599 4863 operatur
2643 4794 2917 4848 humilitas
2963 4795 3020 4849 in
3078 4795 3360 4852 affectibus
3404 4796 3534 4870 dum
3603 4795 3771 4851 vadit.

2172 4881 2292 4937 Non
2321 4899 2449 4937 sum
2477 4883 2698 4954 dignus.
2722 4883 2954 4954 Propter
2973 4883 3097 4940 vitae
3117 4885 3336 4957 gentilis
3357 4883 3774 4954 conscientiam,

2172 4969 2389 5042 gravari
2432 4986 2490 5024 se
2533 4971 2709 5043 magis
2752 4972 3067 5044 dignatione
3113 4973 3321 5044 putavit
3360 4973 3579 5029 Domini
3608 4989 3778 5045 quam

2165 5056 2365 5126 juvari,
2397 5073 2502 5113 nec
2527 5074 2691 5128 posse
2720 5060 2923 5116 habere
2951 5060 3223 5133 hospitem
3254 5062 3528 5117 Christum
3552 5103 3566 5132 ,
3611 5063 3778 5132 cujus

2171 5145 2271 5200 etsi
2301 5143 2409 5200 ﬁde
2438 5147 2699 5217 praeditus
2724 5191 2737 5216 ,
2770 5149 3012 5205 nondum
3064 5158 3244 5206 tamen
3275 5150 3630 5207 sacramentis
3662 5151 3777 5205 im-

2169 5233 2349 5289 butus.
2383 5234 2492 5290 Sed
2522 5235 2646 5307 quia
2692 5238 2836 5308 quod
2884 5237 3169 5294 inﬁrmitas
3216 5240 3451 5295 humana
3480 5255 3592 5296 non
3619 5255 3778 5311 pm-

2169 5323 2366 5393 sumit,
2399 5323 2580 5379 divina
2608 5325 2782 5398 gratia
2810 5326 2942 5382 dare
2987 5327 3141 5383 novit
3179 5328 3237 5383 in
3283 5327 3517 5402 ﬁguram
3545 5328 3780 5402 gentilis

2169 5411 2376 5482 populi,
2409 5420 2463 5468 et
2508 5430 2661 5469 suam
2705 5412 2870 5469 ﬁdem
2913 5415 3155 5471 nondum
3199 5417 3564 5473 catechizatus
3591 5433 3624 5472 a
3651 5419 3778 5475 Do-

2168 5499 2318 5556 mino
2346 5500 2554 5557 laudari
2584 5509 2638 5558 et
2668 5501 2928 5559 famulum
2956 5504 3136 5559 sanari
3153 5504 3474 5576 promeruit.

2241 5616 2408 5672 Vens.
2442 5620 2493 5670 8.
2518 5646 2587 5657 —
2606 5618 2747 5674 Nam
2769 5623 2826 5676 et
2841 5635 2955 5691 ego,
2990 5626 3096 5677 etc.
3130 5620 3188 5677 Si
3219 5637 3325 5694 ego
3345 5621 3510 5680 homo
3540 5621 3644 5679 sub
3665 5622 3783 5680 alio
