4006 6178
289 281 394 337 269

1295 273 1566 330 GLOSSA
1604 272 2012 332 ORDINAIUA.
2055 304 2125 316 —
2161 273 2431 330 EVANG.
2477 274 2630 333 LUC.

3487 279 3593 335 270

283 381 511 472 possum
541 401 819 472 imperare
850 399 1172 468 minoribus,
1210 406 1410 471 quanto
1441 397 1617 472 magis
1669 406 1747 467 tu,
1796 399 1890 471 qui
1919 403 1975 466 Α
2005 407 2058 455 et
2082 399 2318 456 correcti
2348 398 2576 455 credant
2613 398 2671 452 in
2715 397 2903 454 Jesum
2948 405 3004 454 et
3045 397 3312 472 magistro
3359 400 3593 457 interro-

289 507 456 561 super
487 490 669 546 omnia
698 489 905 545 habens
935 489 1256 544 famulantes
1288 487 1534 561 angelos,
1586 494 1743 558 potes
1792 502 1891 559 per

292 593 484 635 eorum
513 579 813 635 ministeria
843 579 961 634 sine
989 577 1241 649 corporis
1269 577 1559 648 pra-sentin
1589 577 1775 632 dicere
1815 575 1891 630 in-

293 665 531 722 ﬁrmitati
563 676 620 722 ut
652 667 890 736 recedat,
925 674 978 723 et
1024 667 1266 736 recedet,
1292 673 1346 722 et
1365 664 1578 721 sanitati
1611 672 1669 720 ut
1688 663 1887 731 veniat,

292 763 344 810 et
375 756 576 812 veniet.

364 861 536 917 Vens.
571 864 624 916 9.
660 891 728 902 —
751 861 859 918 Nec
888 863 951 917 in
975 862 1170 918 Israel.
1190 860 1352 916 Fides
1379 859 1536 915 istius
1568 858 1734 916 etiam
1781 857 1893 914 ele-

297 950 557 1005 ctioribus
586 957 638 1006 et
668 951 847 1005 Deum
877 949 1188 1006 videntibus
1239 948 1558 1005 antefertur.
1613 947 1790 1004 Etiam
1838 946 1895 1001 in

294 1038 395 1094 isto
424 1055 535 1094 uno
566 1038 704 1095 fides
732 1038 982 1112 gentium
1011 1037 1306 1110 praefertur
1326 1038 1534 1094 Israeli.

365 1154 536 1210 Vens.
582 1157 668 1210 10.
707 1184 776 1195 -
799 1156 870 1210 Et
907 1156 1117 1210 reversi
1149 1158 1308 1210 sunt.
1360 1152 1645 1207 Matthazus
1682 1149 1896 1223 planius

296 1241 544 1312 explicat,
579 1243 728 1313 quod
747 1243 963 1299 dicente
991 1243 1228 1298 Domino
1262 1260 1275 1296 :
1306 1243 1465 1298 Sicut
1484 1240 1776 1296 credidisti
1791 1240 1897 1310 ﬁat

296 1330 413 1396 tibi,
444 1336 686 1387 sanatus
717 1334 795 1387 sit
821 1347 965 1404 puer
1023 1331 1244 1402 (Matth.
1294 1329 1436 1401 VIII).
1492 1328 1604 1384 Sed
1652 1345 1772 1384 mos
1816 1333 1900 1382 est

297 1418 451 1473 beato
473 1419 632 1476 Luem
653 1421 722 1475 ab
741 1420 860 1474 aliis
883 1418 1042 1491 plane
1065 1417 1310 1490 exposita
1331 1417 1605 1483 breviare,
1625 1416 1713 1472 vel
1739 1416 1900 1471 etiam

301 1506 366 1561 de
383 1506 654 1563 industria
666 1509 948 1581 praeterire
970 1525 1090 1580 qua:
1111 1507 1338 1564 briviter
1365 1506 1508 1562 dicta
1537 1505 1608 1560 ab
1636 1505 1778 1574 aliis,
1801 1505 1890 1560 vel

296 1595 497 1650 omissa
518 1597 769 1653 solertius
780 1597 1102 1654 dilucidare.
1126 1599 1472 1653 Invenerunt
1494 1611 1737 1652 servum.
1762 1593 1896 1648 Cre-

297 1684 458 1740 dente
479 1686 715 1742 Domino
767 1695 990 1742 sanatur
1025 1701 1239 1752 servus,
1285 1684 1412 1755 quia
1431 1690 1611 1756 potest
1647 1682 1905 1738 meritum

1995 496 2163 561 gente
2196 487 2300 543 sibi
2330 488 2517 544 dicant
2551 506 2566 542 :
2608 489 2685 543 Tu
2710 503 2768 544 es
2789 488 2885 560 qui
2908 491 3182 545 venturus
3230 504 3307 546 es.

2066 577 2248 649 (Ben,
2291 573 2497 646 Gneu.)
2525 576 2648 631 Non
2679 577 2771 644 ait,
2808 576 2900 648 qui
2926 575 3141 646 venisti,
3174 585 3303 646 etc.,
3327 593 3501 650 usque
3521 578 3596 633 ad

1992 665 2124 738 quia
2150 665 2338 736 lapsus
2367 665 2572 721 amoris
2601 665 2766 722 fidem
2816 680 2926 720 non
2972 665 3219 737 impedit,
3273 665 3398 722 talis
3454 665 3596 722 enim

1993 753 2180 824 lapsus
2201 762 2284 810 est
2306 753 2620 827 religiosus.

2067 869 2236 923 Vens.
2278 872 2367 926 22.
2393 899 2462 910 -—
2503 870 2575 924 Et
2610 869 2954 941 respondens
2983 868 3136 925 dixit
3163 870 3286 926 illis
3319 888 3337 926 :
3377 871 3593 927 Euntes

1993 959 2326 1013 renuntiate
2348 959 2556 1015 Joanni
2577 974 2701 1029 quae
2719 958 2964 1025 vidistis,
2985 965 3089 1014 etc.
3117 957 3478 1014 Scienslesus
3490 974 3593 1014 ne-

1995 1045 2200 1100 minem
2222 1045 2338 1100 sine
2359 1045 2661 1118 Evangelio
2680 1045 2841 1117 plene
2861 1063 3028 1119 posse
3047 1047 3296 1116 credere,
3314 1048 3442 1119 quia
3455 1045 3595 1103 sicut

1995 1133 2132 1188 fides
2160 1149 2195 1188 a
2224 1133 2407 1189 Veteri
2435 1133 2624 1204 incipit
2671 1134 3039 1205 Testamento,
3101 1137 3176 1190 ita
3226 1135 3482 1206 impletur
3537 1135 3596 1190 in

1995 1222 2172 1278 Novo.
2197 1223 2574 1294 Interrogatus
2602 1223 2672 1278 de
2704 1239 2783 1291 se,
2816 1240 2928 1279 non
2957 1225 3126 1280 verbo
3156 1225 3358 1296 aliquo,
3384 1224 3481 1278 sed
3503 1223 3591 1280 fa-

1998 1310 2099 1366 ctis
2121 1327 2181 1365 se
2203 1327 2324 1366 esse
2346 1310 2602 1381 signavit,
2627 1327 2737 1367 non
2757 1313 3097 1383 reSpondens
3115 1313 3185 1368 ad
3205 1328 3271 1368 ea
3291 1329 3413 1384 quae
3429 1311 3596 1370 inter-

1996 1399 2356 1472 regabantur,
2393 1399 2492 1455 sed
2520 1400 2590 1454 ad
2624 1401 2945 1457 scandalum
2976 1400 3306 1458 nuntiorum.

2069 1515 2241 1569 Vens.
2273 1518 2362 1572 23.
2396 1545 2466 1554 —
2486 1517 2710 1572 Beat-us.
2746 1515 2917 1585 Quasi
2945 1516 3090 1571 dicat
3123 1534 3136 1570 :
3171 1515 3308 1570 Mira
3366 1515 3586 1586 quidem

1999 1602 2162 1668 facio,
2196 1603 2294 1658 sed
2325 1604 2539 1672 abjecta
2565 1605 2679 1675 pati
2708 1620 2818 1660 non
2847 1604 3136 1677 dedignor,
3173 1611 3228 1660 et
3283 1603 3588 1660 cavendum

2000 1691 2418 1746 esthominibus
2468 1709 2536 1748 ne
2594 1693 2650 1747 in
2707 1709 2793 1749 me
2849 1693 3154 1764 despiciant
3202 1700 3458 1760 mortem,
3499 1692 3592 1764 qui

295 1773 521 1835 Domini
541 1777 706 1832 etiam
723 1775 898 1832 servis
919 1773 1226 1848 suffragari,
1250 1789 1362 1830 non
1372 1770 1890 1828 tantumfideimeri-
1918 1769 1973 1829 B
2001 1779 2156 1853 signa
2176 1789 2527 1836 venerantur.

299 1879 372 1936 to,
395 1867 497 1923 sed
514 1866 677 1922 etiam
693 1864 872 1920 studio
893 1863 1212 1936 disciplinae.

368 1984 544 2039 Vens.
579 1985 666 2036 11.
699 2011 768 2021 -
788 1982 859 2036 Et
889 1982 1110 2050 factum
1133 1983 1238 2044 est,
1264 1985 1371 2035 etc.
1397 1977 1525 2032 Post
1546 1982 1796 2030 sanatum
1820 1973 1901 2026 in-

309 2077 530 2130 firmum
559 2070 783 2126 suscitat
813 2076 1110 2135 mortuum,
1143 2067 1271 2138 quia
1314 2065 1596 2122 infirmitas
1642 2061 1903 2136 praecedit

308 2171 561 2219 mortem.

376 2263 507 2330 Quae
536 2259 772 2314 vocatur
802 2255 985 2312 Naim.
1010 2253 1172 2310 Naim
1202 2261 1284 2308 est
1319 2251 1511 2308 civitas
1563 2249 1804 2306 Galilaea:
1846 2248 1904 2303 in

306 2349 542 2405 secundo
571 2344 828 2400 milliario
859 2360 889 2397 a
919 2343 1140 2398 Thabor
1189 2349 1373 2398 contra
1421 2339 1710 2396 meridiem
1752 2339 1902 2407 juxta

307 2438 512 2503 Endor,
547 2434 639 2505 qui
671 2439 755 2488 est
784 2432 935 2487 vicus
966 2431 1214 2503 grandis.
1239 2430 1400 2484 Naim
1433 2436 1615 2484 autem
1643 2428 1905 2497 interpre—

308 2535 447 2581 tatur
474 2526 690 2594 ﬂuctus
734 2521 823 2576 vel
871 2522 1187 2577 commotio.

377 2625 550 2678 Vens.
596 2624 682 2676 12.
718 2648 786 2659 -—
820 2618 957 2674 Cum
995 2619 1189 2672 autem
1225 2616 1726 2688 appropinquaret,
1794 2619 1900 2668 etc.

310 2710 529 2780 (Βεω.)
551 2709 688 2764 Cum
709 2707 951 2763 Verbum
972 2721 1099 2762 caro
1121 2705 1341 2770 factum,
1367 2703 1627 2776 gentilem
1639 2701 1903 2773 populum

308 2818 401 2872 per
418 2807 608 2872 portas
627 2797 773 2862 fidei,
799 2803 929 2861 etc.,
944 2811 1116 2868 usque
1127 2795 1199 2850 ad
1230 2793 1378 2866 quod
1393 2801 1446 2848 et
1460 2791 1679 2848 interim
1696 2791 1751 2845 in
1771 2806 1904 2860 pau-

308 2891 381 2946 cis
400 2889 722 2945 Judieorum
733 2884 1031 2950 conversis,
1047 2891 1101 2940 et
1120 2883 1340 2940 tandem
1360 2881 1416 2937 in
1436 2879 1774 2953 plenitudine
1802 2879 1902 2934 im-

381 2986 483 3033 rat.

381 2994 483 3033 rat.

314 2994 514 3124 peEcce
527 3066 834 3136 defunctus
847 3062 1234 3134 efferrebatur,
1251 3067 1355 3116 etc.
1371 3057 1690 3125 Defunctus,
1707 3055 1799 3127 qui
1813 3070 1904 3110 co-

2075 1886 2180 1953 Qui
2198 1903 2334 1944 non.
2368 1885 2595 1958 (Gnen.)
2627 1885 2731 1955 Qui
2761 1887 2828 1942 de
2860 1886 3102 1958 potentia
3130 1885 3426 1943 divinitatis
3481 1902 3594 1945 non

2001 1975 2346 2031 dubitaverit.
2371 1976 2486 2030 Hoc
2506 1991 2616 2031 non
2636 1983 2827 2032 contra
2837 1975 3122 2050 Joannem,
3139 1992 3303 2046 quem
3313 1991 3439 2030 mox
3452 1975 3592 2033 adeo

2003 2065 2366 2132 commendat,
2401 2065 2498 2118 sed
2529 2080 2639 2119 non
2667 2064 2954 2120 credentes
2983 2078 3016 2119 a
3061 2063 3292 2136 perfidia
3341 2071 3584 2134 revocat,

2004 2160 2056 2206 et
2083 2152 2278 2207 Joanni
2307 2152 2528 2224 exponit
2560 2153 2706 2224 quod
2736 2154 3032 2224 quaerebat,
3067 2153 3196 2224 quia
3222 2154 3370 2211 Deus
3410 2154 3592 2211 salvos

2003 2241 2274 2312 faciendi,
2319 2245 2374 2297 et
2420 2243 2647 2298 Domini
2673 2244 2900 2299 Domini
2930 2244 3124 2299 exitus
3171 2245 3372 2299 mortis
3414 2242 3591 2314 (Psal.

2003 2328 2199 2399 van).
2233 2328 2376 2383 Visis
2408 2337 2484 2384 tot
2512 2329 2684 2402 signis
2719 2337 2774 2384 et
2802 2329 3106 2398 virtutibus,
3148 2329 3324 2386 fidelis
3351 2346 3460 2386 non
3489 2344 3594 2402 po-

2003 2416 2099 2471 tuit
2129 2417 2196 2470 de
2225 2424 2397 2472 morte
2423 2417 2537 2485 ejus
2567 2415 2829 2486 dubitare,
2852 2418 2950 2472 sed
2978 2417 3246 2484 admirari,
3282 2418 3378 2474 sed
3408 2416 3600 2473 inﬁde-

2003 2504 2133 2559 lium
2163 2521 2316 2560 mens
2348 2503 2659 2560 scandalum
2702 2504 2757 2558 in
2793 2504 2884 2560 illo
2929 2505 3164 2576 pertulit,
3213 2522 3336 2562 cum
3377 2513 3432 2561 et
3474 2513 3600 2580 post

2004 2593 2258 2702 miracula
2288 2593 2609 2649 morientem
2640 2593 2791 2649 vidit.

2076 2709 2245 2764 Vens.
2276 2710 2366 2766 24.
2399 2738 2470 2750 —
2501 2709 2662 2776 Quid.
2694 2709 2798 2764 Ubi
2825 2708 3034 2764 monuit
3059 2708 3352 2781 discipulos
3379 2707 3604 2765 Joannis

2005 2796 2061 2852 in
2091 2813 2311 2853 crucem
2358 2797 2698 2852 Dominicam
2746 2813 2870 2854 esse
2900 2798 3230 2854 credendum
3260 2817 3274 2852 :
3305 2813 3602 2855 conversus

2004 2887 2074 2942 ad
2101 2886 2301 2953 turbas,
2336 2884 2405 2940 ad
2433 2886 2684 2942 virtutem
2713 2902 2980 2958 pauperes
3009 2895 3286 2959 provocat,
3334 2903 3405 2942 ne
3453 2886 3603 2943 exal-

2007 2974 2099 3028 tati
2129 2974 2314 3041 corde,
2361 2981 2541 3029 mente
2585 2973 2882 3042 instabiles,
2933 2975 3161 3032 consilio
3207 2974 3428 3043 inﬁrmi,
3484 2991 3612 3046 spe-

2009 3063 2161 3118 ciosa
2186 3062 2407 3118 utilibus
2437 3062 2652 3119 aeternis
2679 3064 2882 3120 caduca
2901 3063 3239 3136 praeferrent,
3263 3064 3361 3119 sed
3389 3079 3608 3120 crucem

310 3171 424 3211 ram
453 3125 644 3210 multis
674 3160 828 3207 extra
855 3125 1070 3222 portam
1119 3147 1356 3215 effertur,
1405 3145 1680 3217 significat
1724 3125 1904 3200 crimi-
1928 3125 1976 3187 Ο
2007 3151 2186 3224 potius
2216 3167 2379 3222 quam
2407 3151 2595 3206 mundi
2622 3152 2877 3223 phaleras
2902 3125 3112 3208 tollant.
3260 3151 3384 3208 ideo
3432 3151 3612 3207 laudat

307 3245 500 3299 naliter
531 3248 875 3313 peccantem,
909 3247 962 3294 et
992 3245 1279 3309 peccatum
1337 3251 1447 3291 non
1498 3234 1682 3290 cordis
1742 3232 1906 3289 cubili

309 3339 606 3405 tegentem,
669 3329 766 3384 sed
792 3327 994 3383 indicio
1025 3325 1212 3396 operis
1241 3325 1328 3380 vel
1373 3323 1682 3391 locutionis,
1749 3321 1909 3392 quasi

306 3438 402 3492 per
433 3420 576 3476 ostia
605 3434 720 3473 suae
751 3416 981 3473 civitatis
1007 3415 1129 3470 aliis
1161 3413 1556 3485 propalantem.
1589 3411 1766 3478 Quem
1796 3410 1908 3466 sic-

309 3519 362 3564 ut
388 3509 615 3564 unicum
645 3504 810 3561 deﬂet
837 3513 1008 3559 mater
1031 3503 1302 3570 Ecclesia,
1336 3517 1460 3572 quae
1486 3501 1616 3556 licet
1661 3515 1728 3554 ex
1771 3497 1910 3552 mul-

304 3599 371 3653 tis
418 3596 656 3654 collecta
695 3593 971 3665 personis,
1020 3607 1130 3647 una
1175 3598 1259 3646 est
1307 3598 1492 3646 tamen
1537 3588 1694 3659 virgo
1738 3594 1912 3641 mater

306 3686 578 3750 Ecclesia,
601 3682 804 3755 singuli
832 3690 1015 3736 autem
1045 3679 1160 3734 filii.
1193 3680 1354 3733 Porta
1383 3693 1491 3749 qua
1519 3675 1764 3741 effertur,
1807 3674 1912 3729 ali-

307 3775 430 3846 quis
488 3780 575 3828 est
623 3772 692 3827 de
737 3770 990 3826 sensibus
1020 3783 1128 3839 quo
1161 3765 1359 3837 aliquis
1389 3765 1445 3820 in
1474 3771 1759 3836 peccatum
1791 3777 1916 3818 cor-

310 3862 437 3916 ruit.
468 3862 538 3917 Ut
571 3858 665 3931 qui
691 3859 840 3914 videt
896 3857 968 3912 ad
1006 3855 1524 3926 concupiscendum,
1576 3852 1669 3922 qui
1733 3858 1918 3907 autem

312 3949 501 4005 otiosis
533 3949 624 4003 vel
653 3947 903 4018 turpibus
933 3943 1238 4010 audiendis,
1272 3943 1364 4014 qui
1401 3941 1649 4014 linguam
1668 3955 1918 3998 commo-

318 4038 411 4093 dat
455 4037 668 4109 litigiis.

383 4145 566 4200 Filius
595 4143 800 4198 unicus
830 4140 1009 4196 matri
1040 4155 1182 4194 suae.
1218 4137 1450 4207 (Anne)
1480 4135 1654 4190 Adam
1683 4135 1752 4189 de
1773 4142 1921 4189 terra

319 4240 562 4301 portatur
619 4238 852 4300 quatuor
905 4226 1213 4292 elementis,
1270 4224 1415 4280 unde
1469 4225 1635 4279 homo
1689 4229 1918 4278 constat.

319 4321 578 4392 Tangitur
607 4319 840 4382 loculus,
875 4324 1004 4382 etc.,
1038 4331 1212 4387 usque
1244 4313 1317 4369 ad
1363 4313 1582 4386 quando
1642 4311 1925 4368 avaritiam

319 4409 542 4482 cogitat,
574 4407 664 4464 vel
693 4407 912 4478 quando
939 4420 1042 4476 pro
1071 4403 1241 4460 nimia
1271 4403 1429 4459 febre
1458 4401 1610 4474 tangi
1666 4416 1776 4456 non
1818 4415 1923 4470 po-

324 4505 441 4552 test.

390 4611 562 4666 Vens.
599 4613 685 4665 l3.
712 4609 867 4665 —-Et
896 4608 1078 4666 turba.
1114 4605 1267 4663 Multi
1295 4621 1420 4662 cum
1450 4603 1703 4671 Domino,
1761 4601 1916 4658 multi

324 4716 441 4755 cum
470 4699 658 4767 vidua,
692 4705 751 4752 ut
777 4696 896 4752 viso
942 4695 1207 4752 miraculo
1251 4693 1406 4750 multi
1453 4693 1555 4750 Dei
1603 4691 1916 4748 laudatores

325 4797 375 4843 et
395 4797 561 4845 testes
592 4786 742 4841 ﬁant.

389 4903 563 4958 Vens.
602 4905 690 4956 15.
713 4928 784 4942 -
828 4901 898 4954 Et
927 4897 1158 4955 resedit.
1192 4897 1329 4952 Tres
1356 4902 1605 4951 mortuos
1637 4893 1916 4950 suscitavit

321 4991 587 5046 Dominus
613 5008 627 5043 :
659 4987 824 5044 filiam
853 4985 1278 5058 archisynagogi
1307 4984 1363 5039 in
1391 4984 1576 5054 domo,
1609 4983 1666 5037 id
1695 4990 1795 5052 est,
1829 4997 1917 5038 co-

320 5079 583 5153 gitatione
607 5097 623 5147 ;
654 5075 824 5132 ﬁlium
854 5075 1075 5131 unicum
1102 5073 1294 5129 matris
1323 5073 1380 5128 in
1406 5081 1584 5145 porta,
1636 5071 1690 5126 id
1733 5078 1816 5127 est
1859 5070 1917 5126 in

319 5169 525 5237 verbo;
559 5167 830 5222 Lazarum
857 5164 914 5219 in
932 5170 1304 5232 monumento,
1339 5161 1393 5216 id
1424 5168 1507 5217 est
1531 5161 1587 5216 in
1616 5175 1804 5232 opere.

387 5285 562 5340 Vens.
593 5284 680 5337 16.
705 5310 774 5322 -—
798 5279 1075 5337 Visitavit.
1109 5278 1252 5333 Dum
1279 5283 1334 5333 et
1363 5274 1605 5331 Verbum
1634 5273 1804 5332 semel
1832 5273 1914 5330 in-

315 5371 600 5445 corporari
627 5369 921 5438 constituit,
973 5375 1028 5424 et
1076 5365 1316 5439 quotidie
1367 5364 1627 5437 Spiritum
1671 5370 1915 5419 sanctum

317 5462 365 5515 in
394 5460 571 5518 corda
602 5458 904 5527 hominum,
938 5464 997 5512 ut
1027 5455 1357 5512 suscitentur
1414 5453 1593 5508 mittit.

379 5577 556 5632 Vens.
586 5579 674 5630 18.
697 5603 767 5614 -
789 5575 860 5629 Et
877 5573 1313 5628 nuntiaverunt.
1344 5569 1574 5638 (Anam)
1611 5566 1735 5622 Non
1780 5562 1915 5620 sim-

318 5665 445 5736 plici
471 5662 666 5732 corde,
702 5661 803 5719 sed
830 5660 1037 5719 invidia
1065 5657 1399 5726 stimulante,
1445 5663 1572 5724 etc.,
1624 5669 1798 5726 usque
1841 5653 1916 5711 ad

1939 4479 1992 4540 D

2009 3255 2296 3310 personam
2323 3241 2565 3306 Joannis,
2599 3241 2689 3313 qui
2719 3241 3022 3312 posthabito
3067 3257 3252 3297 amore
3298 3241 3421 3296 vita»:
3451 3240 3612 3294 etiam

2006 3328 2230 3396 justitiae
2261 3328 2491 3384 formam
2517 3346 2618 3385 nec
2648 3330 2838 3384 mortis
2867 3330 3058 3385 timore
3088 3329 3330 3385 mutavit.
3381 3329 3612 3384 Deserto

2014 3417 2254 3472 mundus
2283 3426 2639 3488 comparatur,
2673 3418 2797 3489 quia
2827 3419 3006 3474 adhuc
3036 3418 3270 3475 incultus
3317 3425 3370 3473 et
3413 3417 3613 3474 sterilis

2012 3505 2067 3560 in
2097 3521 2259 3576 quem
2288 3521 2398 3560 non
2431 3514 2511 3560 est
2551 3507 2624 3561 ita
2651 3507 3052 3578 prodeundum,
3075 3515 3131 3563 ut
3160 3507 3411 3563 homines
3437 3502 3620 3563 mente

2015 3593 2196 3648 carnis
2227 3593 2444 3648 inflatos
2468 3601 2521 3648 et
2552 3593 2761 3649 virtutis
2793 3611 3008 3660 vacuos,
3033 3603 3088 3651 et
3118 3595 3185 3650 de
3207 3595 3416 3667 fragilis
3433 3592 3625 3652 mundi

2016 3681 2191 3752 gloria
2215 3682 2500 3749 jactantes,
2531 3690 2783 3752 putemus
2815 3699 2938 3738 esse
2969 3683 3274 3738 imitandos.

2087 3769 2443 3824 Arundinem
2473 3774 2656 3826 vento.
2682 3770 2866 3842 (Ben)
2898 3771 3002 3824 Per
3032 3771 3358 3826 arundinem
3387 3770 3618 3826 carnalis

2019 3856 2248 3924 animus,
2285 3856 2376 3928 qui
2407 3873 2530 3912 cum
2561 3857 2746 3913 favore
2774 3858 2859 3913 vel
2889 3858 3221 3913 detractione
3251 3859 3511 3932 tangitur,
3561 3859 3621 3915 in

2018 3943 2319 4018 quamlibet
2345 3953 2554 4015 partem
2587 3944 2890 4000 inclinatur.
2945 3946 3053 4001 Sed
3092 3947 3333 4003 Joannes
3379 3964 3488 4002 non
3535 3953 3619 4002 est

2020 4033 2231 4089 arundo
2263 4041 2422 4089 vento
2455 4033 2677 4106 agitata,
2729 4034 2855 4106 quia
2901 4033 3052 4090 illum
3099 4051 3201 4092 nec
3245 4035 3424 4110 gratia
3459 4034 3621 4090 blan-

2021 4123 2148 4176 dum
2178 4137 2281 4178 nec
2311 4122 2597 4191 cujuslibet
2625 4122 2702 4177 ira
2733 4121 2971 4179 faciebat
2998 4139 3276 4196 asperum,
3327 4140 3432 4181 nec
3458 4139 3624 4196 pros-

2022 4225 2160 4282 pera
2192 4209 2494 4283 erigebant,
2529 4227 2630 4267 nec
2659 4211 2893 4268 adversa
2922 4212 3275 4270 inclinabant.

2096 4337 2267 4393 Vens.
2299 4341 2388 4395 25.
2411 4367 2482 4379 -
2509 4339 2762 4396 Mollibus
2790 4341 3146 4398 vestimentis
3193 4339 3480 4397 indutum.
3514 4340 3621 4396 Per

2031 4433 2240 4481 vestem
2265 4467 2278 4493 ,
2330 4441 2531 4497 corpus
2578 4428 2873 4483 humanum
2903 4427 3243 4499 intelligitur.
3296 4425 3620 4499 Prophetico

2023 4530 2161 4587 ergo
2193 4515 2443 4586 exemplo
2472 4515 2540 4569 ad
2568 4515 2821 4571 virtutem
2850 4515 3146 4571 subeundae
3174 4515 3388 4571 virtutis
3428 4517 3618 4572 horta-

2018 4611 2120 4658 tur.
2152 4603 2296 4659 Ecce
2326 4620 2448 4676 quae
2491 4603 2549 4658 in
2591 4611 2743 4660 veste
2787 4603 3047 4675 pretiosa.
3097 4602 3307 4672 Quibus
3335 4604 3504 4660 ﬂuida
3533 4604 3617 4661 di-

2016 4690 2160 4748 vitiis
2189 4691 2432 4746 membra
2461 4691 2762 4758 solvuntur,
2795 4698 3012 4746 exteros
3043 4691 3282 4748 cmlestis
3310 4691 3488 4766 regni,
3514 4693 3616 4748 sub

2010 4778 2133 4848 jure
2179 4778 2488 4835 daemonum
2536 4778 2652 4850 (qui
2698 4786 2823 4834 sunt
2864 4795 3024 4850 reges
3052 4780 3421 4853 tenebrarum)
3467 4780 3615 4838 intra

2013 4864 2322 4923 habitacula
2349 4867 2508 4936 hujus
2537 4866 2727 4922 mundi
2756 4877 3174 4926 consenescunt.

2088 5011 2258 5067 Vens.
2290 5013 2381 5067 26.
2403 5039 2473 5052 --
2514 5011 2823 5084 Plusquam
2863 5012 3216 5084 prophetam.
3257 5009 3395 5080 Quia
3431 5026 3610 5086 ange-

2014 5099 2138 5154 lus:
2169 5114 2278 5154 non
2329 5106 2537 5166 natura,
2589 5099 2688 5154 sed
2715 5099 2911 5167 officio,
2960 5099 3054 5172 qui
3099 5115 3424 5174 surpernum
3467 5101 3613 5170 judi-

2014 5203 2136 5245 cem
2163 5187 2408 5243 nuntiare
2435 5186 2683 5244 mittitur.

2085 5303 2257 5359 Vens.
2289 5307 2377 5362 28.
2411 5333 2480 5346 -
2514 5305 2649 5361 Dico
2678 5307 2890 5361 autem.
2938 5303 3000 5358 In
3029 5304 3136 5360 hoc
3163 5319 3274 5360 non
3321 5305 3608 5378 praefertur

2013 5390 2338 5462 patriarchis
2368 5399 2424 5448 et
2449 5391 2661 5449 cunctis
2689 5391 3018 5461 hominibus,
3051 5392 3150 5449 sed
3175 5394 3403 5466 aequalis
3449 5401 3608 5449 ciete-

2016 5479 2093 5534 ris
2121 5479 2323 5536 sanctis
2365 5480 2688 5536 ostenditur.
2741 5480 2846 5547 Qui
2891 5484 3105 5538 autem.
3153 5481 3345 5537 Omnis
3390 5487 3610 5536 sanctus

2017 5566 2108 5638 qui
2129 5567 2241 5634 jam
2273 5574 2355 5623 est
2383 5583 2505 5623 cum
2553 5569 2689 5634 Deo,
2722 5569 2896 5638 major
2941 5576 3022 5624 est
3068 5585 3136 5625 eo
3183 5569 3276 5640 qui
3320 5566 3499 5622 adhuc
3527 5574 3613 5622 est

2014 5655 2236 5714 mundo.
2269 5655 2388 5727 Vel,
2422 5671 2526 5729 ego
2553 5671 2718 5729 quem
2746 5655 3156 5717 minoremfacit
3180 5653 3472 5712 multorum
3493 5653 3612 5726 Opi-
