3932 6178
379 221 478 276 2⁵71

893 213 1295 269 VVALAFRIDI
1331 210 1575 267 STRABI
1611 209 1810 264 FULD.
1851 205 2024 263 MON.
2065 204 2218 261 OPP.
2260 203 2433 260 PARS
2470 203 2512 258 Ι.
2554 231 2624 243 -
2659 200 3128 258 THEOLOGICA.

3573 202 3680 255 272

382 341 492 409 nio,
526 341 584 394 in
611 339 861 395 Ecclesia
890 345 1200 392 sanctorum
1220 334 1564 405 illipraelatus
1593 349 1730 386 sum.
1753 331 1852 386 Vel
1871 346 1975 386 no-
1995 335 2052 394 Α
2081 329 2235 397 citur,
2270 327 2397 399 quia
2426 326 2566 384 sicut
2592 325 2937 398 phreneticus
2967 325 3151 381 funem
3179 328 3370 395 portat
3385 339 3452 378 ex
3474 337 3584 394 quo
3615 321 3680 376 li-

383 429 638 484 vissimus
670 427 901 498 angelus
933 425 1058 482 cmli
1085 424 1281 480 melior
1307 431 1389 478 est
1418 421 1609 493 quovis
1630 419 1868 475 homine.

457 545 629 598 Vens.
661 547 749 601 29.
775 573 844 582 -
864 543 936 596 Et
963 541 1144 597 omnis
1174 539 1432 611 populus.
1465 536 1520 591 Si
1548 537 1653 591 hoc
1681 550 1714 589 a
1744 533 1977 589 Domino

384 632 590 688 dictum
621 647 743 687 esse
773 629 1090 700 intelligitur
1122 646 1135 682 :
1169 627 1394 681 audiens
1423 625 1706 690 Jeannem,
1741 622 1977 694 populus

380 721 701 793 intelligitur
729 735 850 775 esse
881 717 1216 790 designatus.
1239 715 1295 769 Si
1325 714 1392 768 ab
1423 712 1759 785 evangelista
1787 710 1979 766 dicitur

378 808 755 880 interpositum
789 826 801 861 :
836 806 1062 860 audiens
1091 805 1270 875 ipsum
1302 802 1612 866 Dominum,
1655 800 1724 855 de
1752 799 1976 854 Joannis

377 897 750 968 magnitudine
779 895 1166 964 disputantem,
1191 899 1359 947 restat
1386 889 1634 960 intelligi.

452 985 622 1039 Vens.
657 987 743 1038 31.
767 1013 837 1023 -
861 984 965 1039 Cui
994 999 1143 1054 ergo,
1167 989 1272 1036 etc.
1296 979 1538 1035 Laudato
1567 978 1796 1044 Joanne,
1825 985 1976 1030 tran-

382 1072 450 1127 sit
475 1073 546 1127 ad
577 1071 965 1142 increpandum
992 1070 1116 1125 illos
1145 1069 1238 1141 qui
1266 1083 1369 1124 nec
1397 1066 1784 1138 praedicatione
1812 1066 1976 1119 Joan-

380 1162 464 1215 nis
496 1160 629 1215 moti
659 1168 804 1228 sunt,
836 1159 924 1215 vel
953 1158 1124 1230 ipsius
1152 1157 1352 1212 Christi
1380 1154 1823 1227 praedicationem
1870 1153 1972 1208 de-

377 1249 631 1320 spiciunt.

453 1339 626 1394 Vens.
645 1341 816 1395 32.—
840 1337 1066 1394 Similes
1097 1338 1234 1390 sunt
1259 1335 1474 1406 pueris.
1507 1330 1686 1398 Pueri,
1719 1331 1973 1386 doctores

381 1434 505 1481 sunt
536 1425 730 1496 spiritu
758 1425 1008 1480 humiles.
1043 1424 1261 1490 Forum,
1296 1437 1596 1493 synagoga,
1629 1419 1716 1474 vel
1745 1419 1864 1490 ipsa
1890 1419 1976 1473 Je-

377 1514 641 1583 rusalem,
674 1514 728 1567 in
759 1530 866 1585 qua
887 1513 1010 1582 jura
1037 1517 1435 1582 prmceptorum
1457 1509 1555 1563 Dei
1577 1506 1969 1573 condebantur,

383 1601 506 1675 quia
565 1602 960 1657 contribulibus
1009 1600 1255 1654 solebant
1302 1597 1632 1668 exprobrare
1676 1596 1823 1668 quod
1868 1610 1972 1651 nec

375 1690 604 1762 psalmis
633 1689 811 1745 allecti
839 1688 911 1744 ad
939 1687 1131 1742 laudes
1151 1686 1251 1742 Dei
1279 1692 1664 1742 assurexerunt
1683 1684 1846 1740 corde
1875 1683 1970 1738 de-
1989 1687 2042 1748 B

376 1788 522 1846 voto,
557 1779 930 1833 membrorum
962 1777 1202 1850 agilitate
1247 1775 1417 1848 (quod
1448 1783 1598 1830 notat
1629 1773 1822 1844 saltus)
1869 1789 1969 1828 nec

373 1867 582 1923 threnis
611 1867 688 1938 (id
719 1875 802 1921 est
829 1866 1304 1920 lamentationibus
1333 1865 1717 1935 prophetarum
1740 1877 1841 1932 pro
1871 1879 1970 1917 ex-

377 1956 533 2012 cidiis
556 1957 672 2024 jam
700 1954 858 2010 factis
887 1954 973 2012 vel
1002 1953 1290 2024 faciendis)
1320 1954 1390 2008 ad
1419 1951 1793 2024 paenitentiam
1848 1959 1971 2005 sunt

374 2044 643 2100 conversi.

447 2133 616 2189 Vens.
653 2133 740 2187 34.
765 2161 834 2173 -
862 2132 1018 2188 Venit
1048 2133 1228 2188 Filius
1258 2131 1503 2188 hominis
1532 2129 1886 2185 manducans
1916 2131 1975 2183 et

379 2221 586 2278 bibens.
638 2219 798 2276 Venit
845 2219 985 2276 sicut
1033 2227 1198 2287 tunc,
1248 2219 1321 2274 ita
1368 2227 1422 2274 et
1469 2233 1633 2284 nunc,
1684 2225 1968 2287 utramque

378 2309 523 2365 viam
554 2309 744 2364 salutis
772 2307 1048 2378 respuitis.
1080 2307 1520 2364 Lamentavimus
1569 2307 1638 2361 ad
1683 2307 1964 2371 Joannem,

377 2397 716 2454 cantavimus
746 2397 816 2453 ad
847 2397 1142 2452 Christum.

447 2505 617 2561 Vens.
643 2506 730 2560 35.
755 2534 824 2544 —
844 2503 1165 2573 Justiﬁcata
1195 2508 1280 2559 est
1311 2503 1617 2575 sapientia.
1643 2501 1894 2557 Ostendit
1912 2497 1968 2554 fi-

371 2590 474 2648 lios
505 2593 783 2663 sapientiae
813 2592 1136 2664 intelligere,
1185 2607 1288 2646 nec
1316 2591 1369 2644 in
1402 2590 1750 2656 abstinendm
1781 2605 1882 2644 nec
1914 2589 1971 2643 in

373 2680 756 2736 manducando
788 2696 910 2734 esse
930 2679 1216 2749 justitiam,
1251 2679 1349 2733 sed
1376 2679 1431 2731 in
1463 2677 1856 2749 aequanimitate
1888 2686 1970 2731 to-

371 2769 582 2823 lerandi
609 2768 846 2838 inopiam
879 2775 931 2822 et
975 2767 1401 2837 temperantiam,
1453 2781 1563 2820 non
1610 2783 1669 2820 se
1717 2781 1968 2821 corrum-

371 2856 535 2926 pendi
565 2872 667 2926 per
685 2855 1090 2909 abundantiam.
1111 2855 1231 2909 Non
1263 2859 1347 2909 est
1375 2870 1615 2924 regnum
1644 2855 1746 2909 Dei
1767 2870 1892 2909 esca
1913 2857 1971 2909 et

373 2948 537 3016 pot-us
567 2945 743 3014 (Rom.
778 2945 921 3012 xiv).
956 2942 1204 3011 Quorum
1228 2957 1336 2996 non
1369 2958 1517 3008 usus,
1550 2943 1648 2996 sed
1675 2941 1967 3012 concupis-

374 3032 548 3086 centia
576 3032 1007 3102 reprehenditur.
1043 3031 1383 3099 Justiﬁcata,
1415 3039 1518 3085 etc.
1572 3029 1849 3101 Quidquid
1877 3045 1965 3085 me
1996 3045 2044 3107 α

373 3120 591 3190 putetis,
628 3135 732 3192 ego
763 3128 942 3174 tamen
991 3119 1092 3174 Dei
1121 3119 1292 3174 virtus
1322 3127 1374 3172 et
1401 3118 1502 3173 Dei
1533 3119 1797 3189 sapientia
1820 3119 1965 3187 juste

371 3208 552 3264 facere
583 3208 858 3279 intelligor
884 3209 952 3262 ab
984 3207 1263 3278 apostolis,
1296 3207 1489 3278 quibus
1520 3207 1682 3262 Pater
1710 3207 1965 3263 revelavit

372 3313 492 3368 quae
519 3297 879 3366 prudentibus
907 3296 1210 3351 abscondit.

440 3395 611 3449 Vens.
645 3395 732 3448 36.
765 3423 835 3433 —
865 3394 1122 3465 Rogabat.
1175 3392 1320 3448 Sicut
1348 3400 1711 3463 proposuerat
1756 3393 1958 3459 verbis,

368 3481 443 3536 ita
472 3481 628 3537 factis
660 3482 818 3537 etiam
839 3481 1032 3536 astruit
1044 3479 1389 3549 justificatam
1406 3481 1729 3552 sapientiam
1749 3481 1817 3536 ab
1845 3497 1962 3537 om-

368 3570 530 3624 nibus
573 3569 698 3624 ﬁliis
723 3613 736 3636 ,
800 3570 927 3642 quia
975 3569 1140 3625 etiam
1187 3585 1220 3624 a
1267 3569 1440 3625 Maria
1490 3569 1786 3642 poenitente
1837 3578 1962 3642 post

365 3658 603 3729 culpam.

435 3763 608 3820 Vens.
643 3764 730 3819 37.
762 3794 831 3805 -
862 3765 927 3820 In
956 3765 1133 3821 domo.
1180 3765 1241 3819 In
1271 3765 1640 3836 cujuscunque
1684 3764 1848 3821 domo
1877 3765 1960 3820 in-

364 3852 565 3908 teriore
598 3853 923 3924 cognoveris
951 3852 1274 3922 sapientiam
1295 3862 1347 3906 et
1360 3853 1620 3922 justitiam
1643 3854 1962 3909 recumben-

362 3947 492 4006 tem,
516 3957 731 3996 recurre
760 3941 830 3995 ad
858 3939 1049 4010 pedes,
1073 3939 1127 3994 id
1148 3949 1248 4009 est,
1273 3942 1342 3994 ad
1364 3949 1659 3995 extremam
1680 3941 1960 4012 sapientia

364 4036 599 4099 partem,
657 4027 869 4098 inquire
916 4026 1208 4097 lacrymis,
1259 4027 1518 4083 confitere
1563 4038 1807 4099 peccata,
1858 4047 1958 4085 ex-

367 4117 550 4186 pande
581 4115 827 4184 capillos,
862 4115 919 4169 id
947 4123 1048 4182 est,
1084 4125 1265 4170 sterne
1295 4124 1420 4170 ante
1441 4133 1564 4170 eum
1593 4125 1816 4173 cunctas
1847 4133 1961 4174 cor-

365 4205 518 4274 poris
546 4203 623 4258 tui
653 4201 966 4275 dignitates,
1001 4202 1270 4268 osculare,
1321 4203 1376 4258 id
1407 4213 1508 4270 est,
1557 4205 1690 4259 nihil
1720 4205 1824 4260 nisi
1863 4222 1957 4261 sa-

369 4291 631 4363 pientiam
652 4291 914 4362 loqueris.
948 4291 1180 4347 Attulit.
1215 4291 1358 4359 Quot
1388 4292 1576 4348 habuit
1605 4292 1660 4347 in
1690 4310 1748 4349 se
1778 4294 1960 4350 oblec-

365 4389 622 4448 tamenta,
656 4388 732 4434 tot
761 4380 830 4434 de
860 4396 920 4434 se
952 4379 1156 4434 invenit
1193 4379 1526 4436 holocausta.

437 4469 648 4539 (Hten.)
677 4469 1020 4523 Alabastrum
1048 4468 1329 4540 unguenti,
1363 4468 1419 4522 id
1449 4476 1550 4534 est,
1601 4485 1801 4540 corpus
1831 4487 1955 4526 cum

365 4555 491 4622 ﬁde,
527 4565 654 4624 etc.,
687 4573 859 4628 usque
889 4558 961 4613 ad
989 4556 1043 4610 id
1075 4564 1176 4623 est,
1208 4565 1433 4627 peccata
1459 4557 1790 4613 Iudaeorum.

436 4669 609 4724 Vens.
640 4673 726 4723 38.
762 4698 832 4708 —
865 4671 1039 4741 Coepit
1065 4671 1272 4742 rigare.
1296 4669 1465 4724 Maria
1486 4684 1643 4725 soror
1663 4670 1851 4725 Lazari
1871 4670 1956 4727 bis

369 4756 562 4812 eodem
592 4755 775 4811 functa
804 4765 888 4811 est
915 4757 1093 4812 ofﬁcio
1127 4774 1140 4811 :
1171 4757 1340 4813 semel
1367 4758 1422 4811 in
1454 4757 1678 4813 Galilaza
1698 4775 1822 4813 cum
1851 4759 1958 4829 pri-

368 4859 458 4899 mo
487 4843 698 4900 accedit
727 4859 850 4899 cum
879 4845 1175 4899 humilitate
1213 4855 1266 4900 et
1295 4847 1566 4916 lacrymis,
1615 4846 1708 4900 ubi
1757 4847 1954 4902 remis-

368 4932 579 4987 sionem
605 4939 951 5003 peccatorum
981 4933 1204 5004 accepit.
1257 4934 1526 5004 Secundo,
1568 4934 1626 4989 in
1671 4935 1951 5004 Bethania,

367 5036 479 5076 non
501 5020 616 5088 jam
643 5020 916 5090 peccatrix
939 5020 1237 5088 nominata,
1271 5022 1367 5077 sed
1397 5030 1566 5090 casta,
1616 5030 1669 5078 et
1696 5023 1820 5080 ideo
1851 5024 1954 5080 de-

2078 425 2255 490 getur.

2150 505 2322 559 Vens.
2355 505 2444 558 44.
2467 533 2536 544 --
2555 504 2771 560 Intraui
2798 505 2864 559 in
2890 504 3139 560 domum.
3162 499 3368 558 Intravi
3387 515 3560 558 carne
3588 514 3678 555 as-

2080 599 2292 662 sumpta
2323 591 2380 644 in
2407 592 2666 662 populum
2693 593 3026 647 Judzeorum.

2147 681 2320 735 Vens.
2353 681 2440 734 46.
2462 710 2530 720 -—
2564 681 2691 737 Oleo
2719 686 2894 753 caput
2921 697 3112 737 meum
3159 696 3274 736 non
3304 681 3560 736 unxisti.
3612 679 3676 733 Et

2078 768 2124 823 si
2151 767 2384 840 populus
2413 767 2503 823 ille
2531 768 2588 824 in
2616 771 2789 826 Deum
2820 787 2881 825 se
2909 769 3130 826 credere
3179 776 3233 823 et
3260 784 3370 824 non
3397 769 3455 822 in
3503 766 3680 823 homi-

2077 874 2202 913 nem
2232 855 2518 926 fatebatur,
2571 866 2754 914 tamen
2799 859 2985 930 ipsam;
3023 857 3318 930 potentiam
3371 855 3676 912 divinitatis

2078 967 2200 1022 qua:
2225 967 2323 1022 per
2370 948 2635 1005 miracula
2679 947 3000 1019 apparebat,
3051 946 3216 1020 digna
3259 945 3422 1000 laude
3468 944 3679 1016 praedi-

2077 1056 2202 1096 care
2230 1040 2488 1114 neglexit.
2523 1038 2632 1094 Sed
2661 1037 2937 1109 gentilitas
2964 1036 3096 1090 dum
3124 1034 3445 1106 mysterium
3492 1033 3677 1089 incar-

2075 1129 2308 1184 nationis
2355 1127 2566 1194 credit,
2615 1141 2829 1182 summa
2875 1125 3037 1180 laude
3084 1125 3245 1180 etiam
3292 1122 3516 1178 inﬁrma
3561 1122 3677 1192 ejus

2074 1218 2351 1289 praedicat.

2146 1306 2316 1361 Vens.
2353 1306 2439 1361 47.
2471 1333 2541 1344 -
2569 1304 2962 1360 Remittuntur
2999 1304 3053 1358 ei
3097 1305 3346 1374 peccata.
3401 1300 3463 1354 In
3511 1299 3676 1353 domo

2075 1394 2358 1460 Pharisaei,
2393 1393 2448 1448 id
2479 1400 2580 1459 est,
2632 1392 2685 1445 in
2716 1391 2962 1447 custodia
3002 1389 3144 1462 legis
3174 1397 3228 1444 et
3255 1388 3670 1459 prophetarum,

2073 1499 2183 1538 non
2211 1481 2513 1537 Pharisaaus
2552 1479 2884 1546 incredulus,
2936 1479 3033 1534 sed
3079 1478 3353 1550 peccatrix
3400 1475 3676 1548 pcenitens

2072 1571 2425 1644 glorificatur,
2461 1569 2589 1641 quia
2617 1569 2779 1624 ardor
2824 1567 3102 1624 charitatis
3149 1567 3204 1621 in
3253 1582 3319 1623 ea
3359 1565 3676 1638 rubiginem

2076 1661 2399 1716 delictorum
2431 1658 2749 1715 combussit.

2147 1750 2317 1805 Vens.
2351 1751 2439 1804 49.
2463 1777 2533 1788 -
2548 1749 2618 1802 Et
2638 1750 2926 1818 cwperunt
2945 1747 3040 1817 qui
3060 1747 3251 1802 simul.
3277 1744 3478 1800 Sanata
3499 1757 3673 1816 aegra,

2073 1837 2142 1892 de
2172 1837 2343 1892 salute
2375 1837 2494 1906 ejus
2521 1835 2610 1889 alii
2639 1841 2925 1906 aegrotant.

2141 1927 2312 1981 Vens.
2346 1927 2434 1980 50.
2457 1954 2528 1964 —
2555 1923 2714 1978 Fides
2745 1927 2844 1978 tua
2873 1927 2927 1978 te
2955 1923 3170 1978 salvam
3197 1924 3357 1994 fecit.
3380 1920 3544 1976 Fides
3565 1919 3674 1975 sal-

2071 2030 2198 2069 vam
2225 2013 2368 2080 fecit,
2402 2012 2526 2084 quia
2555 2011 2701 2083 quod
2730 2011 2899 2082 petiit,
2932 2027 3096 2082 posse
3127 2011 3380 2082 accipere
3412 2025 3524 2066 non
3562 2010 3672 2064 du-

2071 2102 2279 2169 bitavit,
2330 2102 2459 2174 quia
2482 2101 2597 2170 jam
2626 2115 2781 2171 spem
2808 2101 2876 2154 ab
2906 2099 3000 2156 illo
3028 2109 3336 2171 acceperat,
3370 2116 3402 2154 a
3431 2114 3540 2172 quo
3571 2113 3671 2154 sa-

2070 2190 2236 2247 lutem
2267 2191 2566 2263 quaerebat.

2665 2331 2888 2389 CAPUT
2927 2331 3066 2388 VIII.

2141 2475 2309 2530 Vens.
2347 2477 2489 2528 1.-
2518 2475 2588 2529 Et
2616 2476 2836 2544 factum
2865 2477 2969 2530 est.
3020 2472 3170 2528 More
3216 2471 3414 2543 aquilae
3458 2487 3669 2544 provo-

2069 2563 2240 2618 cantis
2270 2562 2341 2617 ad
2370 2561 2661 2618 volandum
2690 2561 2868 2632 pullos
2900 2577 3046 2626 suos,
3098 2560 3356 2632 paulatim
3400 2561 3671 2616 Dominus

2069 2651 2366 2722 discipulos
2399 2665 2528 2705 suos
2557 2650 2614 2704 in
2641 2650 2769 2705 nido
2798 2649 2924 2704 fidei
2954 2649 3152 2721 plumis
3180 2649 3441 2704 virtutum
3469 2649 3669 2721 induit,

2069 2741 2267 2812 quibus
2295 2747 2488 2810 postea
2519 2738 2803 2794 sublimius
2823 2738 3025 2806 volare,
3047 2746 3100 2794 et
3127 2738 3263 2794 alios
3291 2737 3560 2793 instruere
3575 2753 3673 2793 va-

2067 2828 2235 2884 leant.
2268 2828 2426 2883 Prius
2457 2828 2616 2884 docet
2644 2827 2700 2882 in
2730 2827 3050 2900 synagogis,
3091 2827 3359 2882 miracula
3387 2827 3534 2895 facit,
3589 2826 3672 2882 fa-

2068 2933 2214 2972 mam
2242 2916 2442 2989 ubique
2479 2915 2762 2987 dispergit,
2813 2916 3003 2971 turbas
3052 2916 3296 2987 suscipit,
3347 2925 3522 2982 curat,
3576 2916 3670 2970 in-

2070 3005 2246 3073 struit,
2280 3005 2368 3061 hic
2397 3004 2692 3076 discipulos
2721 3003 2868 3073 facit,
2903 2999 2968 3060 ex
3000 3005 3195 3076 quibus
3225 3004 3513 3060 duodecim
3544 3004 3670 3060 ele-

2068 3095 2166 3165 git,
2201 3109 2338 3165 quos
2366 3094 2543 3164 primo
2598 3101 2867 3164 praesente
2915 3093 3074 3148 turba
3121 3095 3299 3160 docet,
3351 3102 3405 3148 et
3447 3092 3673 3148 miseris

2068 3183 2227 3238 solita
2253 3191 2477 3253 praestat
2505 3181 2789 3252 beneficia,
2815 3184 2928 3252 jam
2956 3199 3088 3238 vero
3119 3183 3267 3238 solos
3294 3182 3445 3252 ipsos
3476 3198 3671 3238 secum

2065 3272 2281 3338 retinet,
2314 3280 2372 3326 ut
2402 3287 2526 3326 eum
2556 3271 2874 3326 familiarius
2903 3271 3124 3326 audiant
3173 3271 3304 3326 solis
3333 3271 3442 3325 illis
3473 3271 3672 3328 occul-

2064 3359 2206 3415 tiora
2234 3361 2457 3430 exponit
2484 3361 2765 3431 mysteria,
2799 3368 2853 3415 et
2884 3360 2965 3416 sic
2993 3361 3211 3415 demum
3239 3360 3499 3415 virtutum
3532 3376 3669 3415 sua-

2064 3465 2182 3503 rum
2213 3449 2517 3504 ostentione
2561 3448 2718 3520 quasi
2766 3448 2975 3503 alarum
3021 3448 3362 3520 protectione
3407 3449 3667 3517 ﬁrmatis,

2063 3537 2157 3591 dat.
2185 3536 2319 3608 ipsis
2345 3543 2670 3608 potestatem
2697 3537 2939 3604 curandi,
2973 3545 3026 3592 et
3053 3537 3214 3592 mittit
3242 3536 3550 3608 praedicare
3586 3553 3672 3594 re-

2062 3641 2231 3698 gnum
2259 3625 2379 3681 Dei.

2133 3715 2302 3770 Vens.
2335 3717 2389 3771 2.
2410 3743 2480 3755 -
2500 3715 2677 3770 Maria
2707 3730 2829 3787 qua:
2854 3718 3086 3771 vocatur
3133 3715 3476 3787 Magdalene.
3527 3717 3670 3771 Cum

2060 3803 2231 3858 Maria
2273 3803 2378 3857 iter
2425 3801 2629 3858 faceret
2680 3817 2805 3858 cum
2846 3803 3100 3871 Domino,
3144 3812 3199 3859 et
3247 3804 3298 3859 ei
3346 3804 3669 3861 ministrare

2061 3898 2538 3959 commemoratur,
2568 3890 2774 3946 celebri
2813 3906 2935 3945 eam
2974 3891 3236 3947 vocabulo
3277 3892 3670 3963 Magdalenam

2059 3987 2219 4034 vocat
2250 3997 2262 4032 :
2295 3979 2386 4033 ubi
2417 3979 2667 4034 eamdem
2696 3980 3060 4049 peccatricem
3091 3980 3368 4051 describit,
3401 3998 3671 4038 reveren-

2061 4074 2142 4122 ter
2172 4083 2293 4123 eam
2322 4067 2566 4140 generali
2603 4068 2822 4123 nomine
2849 4068 3132 4124 mulierem
3160 4069 3308 4138 dicit,
3361 4085 3431 4124 ne
3461 4086 3672 4126 nomen

2060 4163 2222 4210 tantae
2253 4155 2412 4210 famae
2441 4156 2587 4228 quod
2633 4156 2795 4211 hodie
2841 4172 3186 4224 veneramur,
3235 4157 3404 4227 prisci
3455 4159 3676 4214 erroris

2059 4251 2189 4299 nota
2213 4243 2470 4299 fuscaret.
2501 4246 2699 4312 Maria,
2728 4261 2971 4300 amarum
2999 4262 3166 4311 mare,
3189 4254 3414 4317 propter
3435 4247 3673 4302 insitum

2061 4333 2393 4403 poenitentia:
2421 4333 2676 4405 rugitum,
2711 4349 2820 4405 quo
2849 4334 2970 4404 ipsa
2997 4334 3085 4389 vel
3113 4350 3213 4389 nos
3263 4333 3483 4407 singula
3520 4335 3675 4390 mala

1975 4404 2028 4462 D
2061 4420 2344 4476 deflemus.
2394 4404 2684 4477 Daznionia
2729 4404 2968 4494 septem.
3023 4422 3288 4477 Eamdem
3347 4404 3677 4478 Ecclesium

2059 4510 2128 4564 de
2159 4509 2415 4579 gentibus
2455 4525 2488 4564 a
2518 4509 2771 4564 sordibus
2800 4510 3054 4566 vitiorum
3098 4511 3436 4579 mundatam,
3492 4527 3676 4583 quam

2055 4597 2223 4651 Maria
2252 4596 2541 4670 significat,
2577 4596 2845 4668 signiﬁcat
2874 4606 2927 4653 et
2969 4598 3178 4654 Joanna
3224 4598 3375 4670 prius
3423 4600 3680 4656 cultibus

2057 4685 2324 4741 idolorum
2355 4685 2615 4752 deditam,
2649 4686 2747 4740 sed
2770 4687 2882 4755 jam
2921 4687 3124 4742 Christi
3151 4688 3353 4758 pietate
3398 4688 3682 4760 redemp-

2055 4780 2183 4840 tam,
2217 4781 2276 4829 et
2301 4773 2476 4846 gratia
2501 4773 2799 4846 impletam,
2835 4790 2954 4846 quae
2983 4775 3136 4847 quasi
3164 4791 3298 4831 uxor
3336 4783 3458 4832 erat
3505 4777 3683 4849 prius

2053 4860 2276 4917 diaboli.

2126 4967 2298 5023 Vens.
2332 4971 2383 5021 3.
2403 4997 2473 5008 —
2492 4969 2565 5023 Et
2589 4969 2828 5036 Joanna,
2853 4976 2959 5025 etc.
2981 4968 3208 5038 Joanna,
3241 4969 3513 5026 Dominus
3534 4988 3686 5044 gra-

2057 5054 2129 5110 tia
2159 5055 2295 5124 ejus,
2347 5056 2435 5110 vel
2471 5056 2735 5111 Dominus
2777 5057 3105 5125 misericors,
3157 5059 3312 5128 cujus
3360 5066 3448 5114 est
3493 5075 3689 5119 omne

369 5117 496 5166 vom
526 5126 539 5162 ³
572 5108 646 5162 lbi
677 5108 866 5179 pedes’
900 5109 986 5163 ωδ
1016 5118 1177 5179 capm
1205 5111 1434 5180 mungit'
2055 5107 2203 5214 quod
2229 5107 2479 5200 vivimus.
2531 5147 2922 5201 Procuratoris
2949 5107 3199 5202 Herodis.
3222 5107 3385 5202 JCum
3427 5107 3696 5220 φιλυδεῖ

2053 5230 2328 5304 malignus
2353 5233 2574 5303 spiritus
2603 5249 2700 5304 pro
2728 5249 2900 5307 regno
2931 5234 3130 5290 diaboli
3159 5235 3230 5290 ad
3267 5235 3696 5306 decipiendum

2053 5318 2284 5387 laborat,
2319 5321 2476 5392 quasi
2505 5322 2740 5376 Herodis
2767 5322 3071 5394 impiissimi
3101 5331 3423 5394 procurator
3453 5326 3697 5387 existit.

2053 5409 2131 5464 De
2160 5410 2552 5479 facultatibus,
2587 5419 2692 5466 etc.
2726 5411 2995 5484 Antiquus
3023 5427 3143 5468 mos
3171 5420 3287 5468 erat
3315 5412 3697 5488 Judaeorum,

2054 5511 2156 5553 nec
2187 5497 2490 5554 ducebatur
2517 5498 2573 5552 in
2602 5499 2832 5570 culpam,
2857 5507 2916 5554 ut
2939 5500 3196 5556 mulieres
3223 5517 3326 5558 sua
3351 5501 3710 5565 substantia

2053 5594 2339 5664 pascerent
2387 5593 2441 5642 et
2489 5587 2753 5645 vestirent
2799 5588 3074 5648 doctores.
3133 5588 3235 5647 Ilio
3281 5588 3406 5663 quia
3453 5591 3568 5650 hoc
3635 5596 3715 5655 in

438 5222 610 5277 Vens.
645 5224 733 5278 43.
756 5223 891 5278 —Is
918 5225 1014 5279 cui
1037 5224 1188 5296 plus.
1213 5223 1523 5279 Secundum
1551 5225 1800 5282 homines
1828 5226 1954 5298 plus

367 5310 602 5366 fortasse
631 5308 873 5380 offendit,
906 5311 993 5366 cui
1018 5310 1146 5382 plus
1173 5310 1438 5366 debuerit.
1470 5311 1578 5367 Sed
1606 5330 1708 5384 per
1743 5314 1955 5370 miseri-

364 5398 608 5456 cordiam
637 5398 854 5453 Domini
881 5413 1045 5454 causa
1087 5406 1344 5465 mutatur,
1396 5407 1454 5454 ut
1483 5401 1715 5472 amplius
1761 5402 1955 5476 diligat

365 5488 459 5560 qui
502 5487 734 5558 amplius
778 5486 997 5551 debuit,
1051 5493 1232 5542 tamen
1285 5487 1514 5560 gratiam
1562 5499 1950 5563 consequatur.

363 5579 528 5633 Recte
559 5575 856 5650 judicasti.
884 5575 1018 5633 .Sua
1064 5576 1329 5633 sententia
1373 5575 1678 5634 Pharisaus
1722 5580 1952 5636 convin-
