4006 6178
298 296 398 351 273

1246 290 1516 348 GLOSSA
1555 291 1964 350 ORDINARIA.
2006 324 2074 334 —
2111 293 2375 352 EVANG.
2417 295 2570 353 LUC.

3482 302 3590 358 27L

294 417 550 491 gentibus
579 417 892 473 scandalum
922 423 1135 489 poterat
1165 416 1364 484 facere,
1398 418 1592 472 Paulus
1647 435 1706 474 se
1765 435 1886 474 me-
1915 418 2091 480 Abus
2139 419 2443 493 quicunque
2481 421 2709 477 verbum
2755 421 2994 479 auditum
3039 440 3147 481 non
3189 424 3393 482 faciunt
3438 425 3584 482 desi-

293 515 471 562 morat
500 507 848 562 abstinuisse.
880 507 1248 561 Ministrabant
1286 523 1418 578 ergo
1472 507 1702 563 Domino
1767 524 1890 564 car-

295 595 462 660 nalia,
499 595 652 663 cujus
680 595 955 649 metebant
986 595 1306 665 spiritualia,
1355 604 1413 649 ut
1451 594 1682 650 formam
1736 597 1892 653 daret

293 683 739 756 pradicatoribus
773 683 917 754 quod
948 683 1088 738 victu
1139 690 1193 738 et
1221 682 1415 739 vestitu
1444 684 1708 740 deberent
1767 703 1890 742 esse

296 772 533 827 contenti
562 771 881 842 accipiendo
913 788 943 825 a
974 770 1246 841 plebibus.

362 869 538 923 Vsus.
579 870 632 923 4.
669 899 738 908 -
772 869 908 924 Cum
937 872 1129 923 autem
1161 868 1344 934 turba,
1380 875 1482 924 etc.
1541 869 1804 938 Quotiens
1834 871 1889 927 in

289 956 595 1028 Evangelio
623 957 797 1011 turba:
824 957 1150 1012 vocabulum
1186 955 1543 1027 interseritur,
1603 959 1742 1016 sicut
1799 961 1888 1016 di-

286 1044 516 1100 versitas
564 1045 864 1113 hominum,
923 1045 999 1100 ita
1083 1045 1246 1100 etiam
1301 1047 1586 1102 diversitas
1617 1047 1890 1104 intimatur

291 1134 648 1190 voluntatum.
679 1135 802 1188 Non
830 1133 973 1189 enim
999 1150 1189 1190 omnes
1233 1137 1423 1191 eadem
1456 1136 1752 1202 voluntate,
1790 1139 1889 1193 sed

289 1222 520 1278 diversis
551 1239 619 1276 ex
648 1222 823 1277 causis
854 1222 1125 1277 Christum
1178 1226 1542 1296 sequebantur
1600 1243 1613 1278 :
1671 1225 1888 1296 quidam

287 1327 384 1382 pro
412 1311 582 1374 bono,
617 1311 832 1382 quidam
864 1327 966 1382 pro
1023 1312 1188 1380 malo,
1245 1311 1498 1373 omnibus
1551 1320 1729 1368 tamen
1787 1315 1890 1370 Do-

286 1399 465 1453 minus
499 1398 764 1454 beneﬁcia
799 1407 1041 1470 prestat,
1073 1402 1342 1468 docendo,
1373 1402 1590 1469 alendo,
1622 1403 1888 1458 sanando.

288 1489 448 1542 Exiit
477 1489 573 1560 qui
598 1489 867 1553 seminat,
894 1496 999 1544 etc.
1030 1489 1174 1543 Exiit
1228 1490 1392 1543 Filius
1422 1491 1522 1545 Dei
1549 1491 1617 1544 de
1640 1491 1761 1545 sinu
1790 1493 1888 1545 Pa-

286 1577 399 1640 tris,
435 1592 547 1648 quo
575 1584 836 1632 creatura
866 1593 975 1631 non
1008 1586 1123 1632 erat
1165 1593 1442 1644 accessus,
1495 1586 1553 1633 ut
1599 1579 1888 1636 seminaret

285 1681 473 1720 semen
532 1681 708 1732 suum,
766 1664 913 1720 venit
966 1665 1020 1718 in
1075 1666 1355 1731 mundum,
1413 1673 1471 1720 ut
1521 1667 1888 1723 testimonium

1989 515 2240 578 gnantur.

2060 597 2230 651 Vnus.
2265 601 2352 652 13.
2379 629 2449 639 —
2479 600 2561 654 Ad
2584 604 2802 673 tempus
2831 603 3094 659 credunt.
3125 605 3275 661 Multi
3295 609 3583 668 audientes

1987 685 2407 755 disputationem
2436 696 2620 742 contra
2642 690 2923 745 avaritiam
2951 693 3039 746 vel
3069 693 3352 763 luxuriam,
3398 699 3586 757 dicunt

1989 781 2390 846 contemptores
2420 777 2604 830 saeculi
2630 784 2683 832 et
2715 787 2892 834 castos
2922 780 3172 836 homines
3201 799 3322 840 esse
3353 786 3540 843 beatos
3565 807 3580 843 :

1988 863 2086 917 sed
2114 862 2207 916 ubi
2235 863 2446 934 species
2458 865 2908 935 concupiscibiles
2938 884 3125 923 eorum
3145 871 3417 928 obtutibus
3446 892 3579 946 prae-

1989 957 2289 1016 sentantur,
2324 967 2450 1007 mox
2478 953 2737 1009 recedunt
2767 955 2835 1008 ab
2863 955 2942 1010 eis
2970 957 3232 1030 quidquid
3289 970 3435 1018 recte
3489 979 3582 1020 co-

1989 1039 2308 1110 gitaverant.

2064 1123 2230 1177 Vens.
2255 1126 2346 1178 14.
2376 1153 2446 1164 -
2476 1125 2856 1196 Su/Tocantur.
2883 1126 3020 1196 Quia
3036 1131 3339 1203 voluptates
3370 1145 3424 1191 et
3449 1137 3579 1193 divi-

1987 1210 2075 1265 tiae
2095 1211 2207 1265 suis
2237 1211 2559 1282 importunis
2595 1215 3009 1284 cogitationibus
3037 1227 3218 1288 guttur
3261 1225 3476 1292 mentis,
3510 1242 3581 1282 ne

1987 1299 2190 1354 bonum
2220 1300 2549 1365 desiderium
2581 1303 2650 1356 ad
2708 1319 2800 1357 cor
2823 1305 2995 1374 possit
3048 1306 3247 1366 intrare
3276 1313 3433 1383 quasi
3487 1315 3582 1371 ad-

1987 1387 2122 1442 itum
2151 1388 2331 1443 vitalis
2360 1391 2693 1462 strangulant
2726 1391 2898 1447 flatus.

2061 1503 2230 1558 Vens.
2264 1505 2350 1558 15.
2383 1535 2452 1545 --
2472 1507 2538 1560 1η
2571 1511 2784 1562 terram
2813 1509 3032 1574 bonam,
3055 1518 3158 1566 etc.
3191 1513 3250 1568 In
3281 1514 3454 1572 bonos
3486 1534 3582 1575 au-

1987 1589 2187 1646 ditores
2216 1592 2306 1662 qui
2337 1594 2560 1648 verbum
2604 1595 2794 1650 audire
2851 1606 3122 1668 satagunt,
3158 1609 3210 1656 et
3256 1602 3311 1657 in
3333 1614 3576 1664 ventrem

1987 1680 2266 1735 memoria;
2297 1683 2616 1749 recondunt,
2651 1692 2702 1738 et
2731 1684 2809 1740 sic
2837 1695 3138 1756 opportuno
3170 1697 3414 1762 tempore
3469 1696 3581 1752 fru-

287 1753 604 1824 perhiberet
659 1753 893 1808 veritati.
948 1753 1103 1808 Unde
1154 1754 1453 1809 secundum
1520 1755 1656 1810 alios
1717 1773 1875 1811 evan-

1985 1776 2131 1822 ctum
2159 1769 2489 1838 Operationis
2509 1771 2804 1841 proferunt,
2839 1753 2978 1829 int—er
2989 1791 3250 1848 prospera
3271 1753 3323 1835 et
3352 1783 3580 1840 adversa

288 1841 518 1914 gelistas
551 1842 692 1898 hanc
721 1841 1039 1912 parabolam
1067 1842 1311 1897 dicturus
1339 1843 1408 1897 de
1447 1843 1609 1898 domo
1664 1845 1882 1912 exiisse,

290 1946 436 1986 mare
467 1931 692 1999 adiisse,
732 1946 926 1985 navem
982 1931 1368 1987 conscendisse
1424 1940 1778 2000 memoratur,
1830 1934 1886 1989 id

286 2020 462 2090 ipsum
510 2019 617 2074 situ
674 2019 918 2090 corporis
977 2020 1122 2090 quod
1151 2035 1411 2090 processu
1447 2021 1718 2076 sermonis
1746 2021 1884 2076 insi-

286 2123 454 2162 nuans
462 2148 476 2161 .

353 2197 527 2250 Vens.
561 2199 615 2250 5.
647 2225 716 2236 -—
735 2197 903 2252 Secus
923 2197 1093 2251 viam.
1125 2195 1243 2262 Via,
1270 2203 1353 2252 est
1373 2211 1470 2253 cor
1485 2196 1678 2252 sedulo
1702 2197 1882 2254 mala-

287 2301 397 2339 rum
428 2285 821 2355 cogitationum
872 2285 1104 2340 transitu
1162 2285 1399 2340 attritum
1455 2293 1507 2340 et
1566 2285 1880 2356 arefactum,

284 2389 349 2428 ne
377 2389 569 2428 semen
598 2374 750 2428 verbi
778 2373 951 2444 possit
979 2373 1225 2445 accipere
1255 2374 1343 2429 vel
1397 2373 1722 2445 germinare,
1785 2375 1884 2430 sed

288 2477 317 2516 a
342 2461 599 2532 pessimis
628 2461 1046 2533 cogitationibus
1074 2462 1426 2529 concultatur,
1478 2471 1532 2518 et
1588 2479 1617 2516 a
1672 2464 1882 2518 daemo-

285 2551 440 2604 nibus
471 2550 701 2621 rapitur.
741 2550 844 2618 Qui
867 2551 992 2605 ideo
1014 2550 1267 2605 volucres
1296 2551 1421 2606 caeli
1448 2551 1721 2618 dicuntur,
1755 2551 1883 2624 quia

285 2639 523 2694 caelestis
559 2648 612 2693 et
653 2638 949 2709 spiritualis
1003 2646 1126 2693 sunt
1178 2647 1406 2706 naturas,
1465 2641 1551 2695 vel
1611 2640 1734 2712 quia
1786 2657 1883 2712 per

285 2743 457 2783 aerem
489 2728 819 2783 discurrunt.

348 2842 520 2897 Vsus.
556 2844 609 2896 6.
640 2872 709 2882 —
739 2843 921 2914 Supra
944 2845 1190 2914 petram.
1241 2843 1403 2898 Petra
1433 2842 1753 2898 indomitum
1784 2858 1882 2900 cor

290 2931 433 2986 nullo
464 2946 612 2986 verae
638 2929 765 2985 fidei
793 2945 1014 2985 vomere
1041 2937 1382 3001 penetratum
1399 2973 1414 2999 ,
1444 2932 1500 2988 in
1528 2947 1634 3004 quo
1661 2947 1772 2988 non
1799 2941 1882 2990 est

288 3035 443 3075 verus
473 3034 630 3074 amor
656 3027 709 3074 et
736 3018 1156 3090 perseverantiae
1177 3019 1366 3076 virtus.

1987 1857 2170 1911 saeculi
2199 1858 2483 1928 patientes.
2514 1860 2580 1913 Et
2612 1860 2755 1916 bona
2784 1869 2925 1916 terra
2975 1879 3097 1918 cum
3141 1867 3399 1935 patientia
3448 1871 3582 1928 fruc-

1984 1952 2098 1998 tum
2152 1945 2346 2011 reddit,
2405 1947 2531 2017 quia
2586 1949 2726 2002 bona
2784 1950 2915 2019 agit,
2968 1960 3020 2005 et
3098 1955 3244 2009 mala
3297 1959 3577 2027 proximo-

1983 2049 2107 2087 rum
2137 2033 2508 2105 aequanimiter
2538 2036 2746 2106 tolerat,
2779 2046 2830 2092 ct
2859 2039 2989 2094 dum
3033 2042 3310 2098 humiliter
3361 2045 3580 2119 ﬂagella

1985 2121 2299 2193 suspiciunt,
2352 2131 2475 2194 post
2505 2123 2714 2195 ﬂagella
2743 2125 2796 2179 in
2828 2128 3068 2199 requiem
3097 2132 3476 2203 suscipiuntur.

2055 2211 2224 2265 Vens.
2289 2213 2374 2265 l6.
2408 2242 2491 2281 ι-
2527 2214 2695 2268 Nemo
2733 2220 2944 2270 autem.
2985 2217 3112 2273 Haec
3157 2221 3318 2275 verba
3367 2239 3584 2293 ponun-

1982 2305 2067 2352 tur
2123 2298 2424 2353 secundum
2499 2299 2903 2358 similitudinem
2977 2306 3224 2364 humanae
3284 2321 3582 2370 consuetu-

1982 2385 2143 2440 dinis.

2051 2475 2223 2530 Vnus.
2257 2477 2344 2530 17.
2389 2507 2458 2516 -
2487 2477 2606 2532 Νοη
2637 2480 2811 2545 enim,
2837 2487 2936 2535 etc.
2971 2481 3136 2550 Quasi
3181 2483 3323 2540 dicat
3352 2505 3364 2540 :
3398 2486 3580 2543 Timor

1981 2563 2273 2619 carnalium
2303 2579 2410 2620 non
2440 2581 2540 2621 vos
2575 2568 2828 2634 retardet,
2884 2570 2980 2623 sed
3037 2587 3139 2627 nec
3191 2573 3330 2627 mala
3376 2575 3578 2647 opinio,

1981 2669 2100 2724 quae
2131 2653 2199 2707 de
2240 2653 2395 2708 vobis
2441 2654 2605 2710 modo
2649 2656 2874 2710 habetur
2919 2659 3061 2728 apud
3099 2659 3404 2717 incredulos
3454 2663 3580 2734 quia

1981 2741 2081 2796 etsi
2111 2741 2246 2797 viles
2274 2743 2560 2813 apparetis,
2595 2745 2915 2816 quandoque
2954 2747 3168 2803 claritas
3206 2757 3380 2804 vestra
3409 2767 3580 2822 appa-

1981 2830 2139 2899 rebit,
2173 2845 2296 2885 cum
2324 2833 2596 2888 Dominus
2651 2834 3007 2889 illuminabit
3060 2837 3384 2894 abscondita
3419 2844 3578 2896 tene-

1979 2920 2226 2984 brarum,
2262 2927 2385 2975 tunc
2413 2928 2466 2975 et
2494 2936 2592 2976 vos
2624 2922 3028 2994 coronabimini,
3065 2933 3116 2981 et
3133 2926 3422 2996 punientur
3449 2945 3578 2986 ves-

1979 3006 2047 3060 tri
2076 3007 2386 3062 adversarii.
3075 3031 3080 3036 ·
3282 3031 3291 3040 ·

345 3127 519 3181 Vens.
553 3130 606 3180 8.
639 3155 710 3166 —
733 3127 1096 3199 Centuplum,
1131 3134 1235 3182 etc.
1269 3127 1403 3181 Cum
1452 3125 1707 3182 denarius
1744 3141 1874 3198 pro.-
1897 3131 1947 3195 C
2049 3121 2218 3176 VEBS.
2254 3125 2338 3177 18.
2371 3150 2440 3163 -
2471 3122 2578 3190 Qui
2604 3127 2757 3180 enim
2788 3125 2970 3192 habet,
3001 3134 3102 3181 etc.
3134 3128 3264 3184 Haec
3321 3129 3575 3200 speciali-

280 3214 607 3286 perfectione
639 3215 812 3270 soleat
859 3215 1032 3287 accipi
1089 3215 1238 3287 (quia
1269 3215 1324 3269 in
1356 3215 1544 3270 decem
1575 3216 1715 3286 legis
1743 3232 1882 3286 prae-

278 3303 444 3374 ceptis
472 3303 723 3358 custodia
751 3303 1102 3375 continetur),
1133 3303 1472 3359 centenarius
1503 3303 1594 3375 qui
1637 3303 1877 3374 permul-

287 3392 584 3462 tiplicatum
613 3391 893 3447 denarium
924 3392 1120 3465 surgit,
1152 3407 1249 3464 pro
1302 3407 1505 3464 magna
1541 3391 1877 3462 perfectione

274 3480 488 3551 ponitur
523 3498 536 3534 :
567 3496 662 3536 cor
689 3480 852 3551 igitur
898 3481 1207 3552 centuplum
1264 3480 1388 3536 facit
1444 3480 1674 3536 fructum
1731 3481 1876 3553 quod

271 3585 364 3640 per
393 3585 641 3624 amorem
671 3569 903 3640 proximi
932 3569 1182 3636 activam,
1227 3577 1280 3624 et
1332 3585 1427 3641 per
1482 3585 1719 3624 amorem
1773 3570 1875 3626 Dei

273 3658 748 3730 contemplativam
778 3657 1104 3729 adipiscitur
1131 3658 1376 3729 vitam,et
1403 3657 1755 3729 spiritualium
1783 3673 1872 3715 or-

272 3756 423 3802 natur
453 3747 791 3818 perfectione
813 3747 1086 3802 virtutum.

339 3861 513 3915 Vnus.
549 3865 603 3914 9.
637 3889 706 3900 —
736 3861 860 3915 Haec
908 3861 1194 3933 parabole.
1252 3859 1393 3915 Nota
1430 3860 1572 3917 hanc
1601 3875 1722 3916 esse
1753 3859 1868 3932 pri-

271 3965 409 4002 mam
441 3948 766 4020 parabolam
797 3965 916 4020 qua:
952 3965 1074 4004 cum
1130 3948 1574 4020 interpretatione
1621 3964 1719 4004 sua
1770 3965 1867 4022 po-

271 4037 367 4091 sita
397 4037 486 4092 sit.
518 4037 590 4091 Et
621 4037 920 4092 cavendum
952 4045 1036 4092 est
1065 4037 1371 4109 ubicunque
1407 4037 1669 4093 Dominus
1699 4054 1865 4110 roga-

271 4134 350 4179 tus
376 4141 408 4180 a
439 4125 726 4195 discipulis
756 4125 1079 4182 intrinsecus
1121 4141 1399 4182 sermones
1454 4142 1584 4181 suos
1628 4127 1862 4194 disserit,

274 4229 339 4268 ne
366 4213 454 4268 vel
484 4213 636 4267 aliud
665 4213 753 4268 vel
783 4213 904 4284 plus
932 4215 1020 4269 vel
1048 4214 1224 4269 minus
1279 4214 1584 4286 intelligere
1609 4215 1860 4283 velimus,

273 4318 425 4374 quam
455 4302 527 4356 ab
558 4316 625 4356 eo
650 4301 952 4372 expositum
993 4310 1093 4356 est.
1127 4302 1255 4358 Ideo
1303 4311 1480 4358 autem
1529 4305 1664 4359 hanc
1702 4320 1860 4374 para-

273 4390 451 4446 bolam
481 4406 583 4461 per
611 4390 850 4460 seipsum
881 4390 1134 4462 dignatur
1165 4391 1474 4458 ostendere,
1505 4399 1563 4446 ut
1608 4408 1667 4447 se
1716 4391 1860 4465 figu-

272 4487 377 4534 rate
433 4479 586 4550 loqui
640 4477 1025 4546 innotesceret,
1086 4486 1138 4534 et
1203 4495 1380 4534 rerum
1436 4479 1860 4550 signiﬁcationes

272 4568 427 4621 etiam
455 4567 514 4622 in
541 4565 627 4620 his
657 4583 777 4638 quae
811 4581 1080 4638 exponere
1121 4567 1310 4634 noluit,
1363 4569 1686 4639 quaerendas
1736 4586 1858 4628 esse

273 4656 506 4711 doceret.

339 4771 507 4827 Vens.
544 4773 638 4825 1ο.
669 4799 738 4810 -—
789 4770 1062 4828 Videntes.
1103 4771 1366 4827 Doctores
1415 4771 1727 4828 Judmorum
1769 4772 1861 4846 qui

269 4875 385 4915 cum
414 4859 616 4916 merito
647 4860 1018 4931 perversitatis
1051 4877 1161 4917 suae
1186 4861 1440 4918 excascati
1482 4869 1606 4917 sunt
1636 4862 1860 4919 menda-

265 4949 392 5005 citer
422 4966 482 5004 se
513 4947 764 5004 videntes
789 4956 1004 5020 putant.

334 5048 510 5103 Vans.
541 5050 627 5102 t2.
651 5076 719 5086 —
739 5046 888 5114 Quod
912 5051 1104 5103 autem
1131 5062 1290 5104 secus
1319 5049 1488 5104 viam.
1523 5047 1692 5105 Secus
1715 5048 1861 5105 viam

266 5136 625 5201 seminantur,
669 5134 762 5206 qui
819 5135 970 5190 nulla
1022 5135 1150 5202 ﬁde,
1209 5135 1355 5191 nullo
1384 5136 1679 5204 intellectu,
1713 5137 1863 5194 nulla

261 5225 455 5281 saltem
486 5231 733 5279 tentante
786 5223 1032 5279 utilitatis
1090 5225 1399 5292 occasione,
1443 5226 1727 5297 percipere
1779 5226 1860 5282 di-

259 5323 518 5387 gnantur.
555 5313 726 5368 Porro
754 5329 919 5383 super
945 5322 1150 5384 petram
1177 5322 1229 5368 et
1275 5314 1329 5368 in
1385 5313 1553 5385 spinis
1583 5315 1862 5372 seminan-

257 5411 351 5469 tur,
387 5403 486 5476 qui
524 5401 751 5457 audiunt
807 5401 1025 5473 quidem
1082 5410 1136 5456 et
1188 5402 1470 5458 utilitatem
1527 5404 1677 5460 verbi
1729 5421 1861 5476 pro-

263 5493 383 5547 bant
417 5501 471 5547 et
509 5490 849 5546 desiderium
895 5497 1131 5561 gustant,
1179 5491 1275 5546 sed
1316 5508 1384 5546 ne
1432 5493 1752 5564 perveniant
1793 5495 1864 5551 ad

263 5580 312 5636 id
342 5581 496 5654 quod
553 5579 830 5652 gestiunt:
889 5579 976 5635 vel
1021 5595 1120 5650 per
1176 5580 1406 5636 adversa
1447 5583 1718 5650 terrendo,
1777 5584 1865 5640 vel

264 5685 533 5744 prospera
564 5668 898 5726 blandiendo
925 5668 1220 5726 retardant.
1269 5669 1365 5725 His
1425 5670 1594 5728 tribus
1649 5672 1866 5745 generi-

1982 3215 2064 3264 ter
2091 3210 2368 3280 apostolis,
2420 3210 2616 3282 quibus
2673 3229 2738 3267 ex
2795 3214 3050 3270 charitate
3105 3231 3269 3272 nosse
3323 3219 3579 3290 mysteria

1980 3297 2150 3366 datur,
2209 3306 2260 3353 et
2317 3298 2540 3368 perfidis
2593 3300 2794 3356 Judaeis
2848 3302 2964 3374 (qui
2994 3319 3092 3374 per
3117 3299 3402 3375 parabolas
3430 3307 3577 3379 quod

1973 3401 2086 3441 non
2134 3387 2442 3458 intelligunt
2483 3388 2727 3460 audiunt)
2775 3390 2920 3445 dicta
2978 3391 3244 3448 videntur.
3286 3395 3469 3451 Potest
3516 3403 3572 3452 et

1975 3475 2301 3545 generaliter
2357 3476 2550 3547 accipi,
2611 3479 2733 3548 quia
2763 3487 2814 3533 et
2844 3478 3181 3552 ingeniosus,
3216 3483 3568 3556 negligendo,

1976 3563 2240 3634 sapientia
2270 3579 2401 3620 vera
2431 3581 2489 3620 se
2537 3565 2712 3634 privat
2770 3574 2821 3621 et
2858 3567 3088 3639 simplex
3119 3571 3392 3626 studiosus
3422 3573 3575 3629 labo-

1972 3652 2144 3707 rando
2173 3652 2442 3723 degustat.
2476 3651 2614 3720 Quia
2642 3654 2734 3724 qui
2761 3669 3005 3710 amorem
3026 3657 3176 3712 verbi
3206 3659 3384 3726 habet,
3417 3661 3573 3716 dabi-

1970 3746 2060 3794 tur
2089 3747 2140 3795 et
2168 3755 2360 3794 sensus
2389 3739 2724 3811 intelligendi
2753 3743 2896 3813 quod
2927 3752 3087 3800 amat.
3150 3747 3258 3802 Sed
3313 3749 3405 3820 qui
3461 3764 3571 3806 non

1969 3828 2132 3882 habet
2177 3843 2418 3882 amorem
2475 3828 2746 3896 audiendi,
2807 3830 3019 3886 etiamsi
3077 3834 3303 3890 naturali
3347 3835 3568 3908 ingenio

1969 3916 2057 3971 vel
2083 3915 2268 3971 labore
2299 3916 2539 3972 studioso
2570 3933 2630 3972 se
2659 3917 2963 3991 intelligere
3033 3929 3200 3992 putat,
3235 3923 3434 3978 nullam
3482 3932 3568 3980 ta-

1968 4019 2092 4060 men
2122 4020 2267 4060 verze
2297 4005 2538 4060 scientia:
2568 4005 2909 4062 dulcedinem
2940 4009 3192 4081 gustabit.
3224 4013 3295 4066 Et
3323 4014 3568 4084 quicun-

1966 4109 2070 4164 que
2098 4109 2232 4149 non.
2263 4093 2391 4148 Ideo
2420 4094 2727 4150 desidiosus
2764 4095 3048 4168 ingenium
3091 4099 3286 4170 accipit
3315 4117 3478 4172 saepe,
3508 4109 3566 4157 ut

1964 4181 2033 4236 de
2061 4181 2397 4254 negligentia
2418 4183 2616 4250 justius
2644 4183 2918 4254 puniatur,
2955 4186 3044 4257 qui
3073 4187 3211 4243 scire
3241 4189 3566 4261 contempsit

1963 4271 2106 4341 quod
2141 4269 2257 4326 sine
2287 4270 2477 4326 labore
2506 4273 2725 4344 assequi
2753 4273 2945 4344 potuit,
2992 4282 3044 4330 et
3097 4275 3388 4348 aliquando
3445 4285 3563 4332 stu-

1961 4358 2146 4413 diosus
2202 4359 2452 4414 tarditate
2487 4360 2854 4432 intelligentiae
2891 4363 3165 4434 premitur,
3227 4372 3284 4418 ut
3329 4380 3393 4420 eo
3440 4380 3560 4421 ma-

1879 4487 1932 4548 D
1955 4446 2078 4516 jora
2106 4447 2331 4518 praemia
2358 4448 2614 4514 inveniat,
2650 4450 2793 4520 quod
2823 4451 3116 4506 studiosius
3146 4451 3403 4508 elaborat.

2033 4562 2202 4617 Vens.
2235 4565 2323 4618 24.
2355 4593 2423 4603 -
2453 4565 2524 4618 Et
2549 4565 2805 4630 cessavit,
2849 4569 2906 4620 et
2930 4567 3087 4634 facta
3111 4570 3198 4622 est
3229 4569 3550 4641 tranquilli-

1963 4654 2068 4704 tas.
2092 4650 2229 4705 Nota
2259 4651 2405 4722 quod
2433 4651 2609 4706 omnis
2638 4659 2888 4707 creatura
2905 4653 3065 4709 sentit
3095 4655 3427 4712 Creatorem.
3461 4657 3560 4712 Im-

1959 4745 2128 4808 perat,
2149 4737 2668 4809 increpat,fsentiunt
2689 4739 3182 4812 imperantem,non
3203 4745 3349 4817 quod
3362 4761 3557 4802 secun-

1961 4825 2089 4880 dum
2120 4827 2371 4883 hmresim
2400 4828 2757 4898 quorumdam
2803 4827 2907 4884 sint
2938 4831 3249 4901 animantia,
3283 4834 3380 4890 sed
3435 4850 3557 4890 ma-
3635 4841 3644 4845 ’

1955 4914 2139 4984 jestati
2170 4915 2462 4971 conditoris
2493 4923 2618 4970 sunt
2645 4916 2945 4985 sensibilia,
2979 4935 3100 4991 quae
3130 4922 3275 4992 apud
3303 4937 3403 4978 nos
3434 4930 3562 4979 sunt

1960 5003 2316 5059 insensibilia.

2033 5119 2202 5174 Vens.
2235 5121 2323 5174 25.
2357 5148 2425 5160 -
2454 5120 2648 5176 Mirati
2677 5127 2812 5178 sunt
2842 5122 2914 5178 ad
2942 5123 3203 5180 invicem.
3263 5125 3388 5182 Non
3426 5126 3562 5186 dici-

1962 5206 2093 5277 puli,
2127 5206 2223 5261 sed
2251 5214 2426 5263 nautae
2456 5216 2508 5263 et
2545 5209 2636 5264 alii
2666 5211 2758 5282 qui
2787 5211 2842 5264 in
2885 5212 3011 5267 navi
3069 5221 3220 5269 erant
3274 5215 3558 5273 mirantur.

1963 5294 2119 5351 Unde
2150 5295 2432 5351 Matthzeus
2464 5314 2477 5350 :
2512 5299 2683 5355 Porro
2715 5300 2967 5356 homines
3015 5303 3109 5357 illi
3153 5305 3352 5360 mirati
3404 5311 3558 5372 sunt,

1964 5384 2211 5440 dicentes
2245 5404 2262 5440 :
2300 5385 2490 5453 Qualis
2507 5391 2591 5442 est
2619 5387 2710 5443 hic
2735 5392 2758 5444 ?
2788 5389 3004 5461 (Matth.
3029 5391 3180 5463 vm.)
3198 5391 3356 5462 Quod
3375 5394 3421 5448 si
3451 5393 3562 5448 dis-

1966 5472 2173 5544 cipulos
2203 5472 2432 5529 dicimus
2462 5475 2688 5532 miratos
2721 5476 2907 5546 fuisse,
2939 5480 3134 5537 merito
3165 5489 3218 5538 et
3247 5481 3350 5553 ipsi
3389 5479 3568 5536 homi-

1964 5578 2063 5617 nes
2094 5571 2217 5617 sunt
2246 5563 2520 5635 appellati.

2033 5677 2116 5734 Ad
2144 5681 2429 5752 regionem
2461 5681 2884 5741 Gerasenorum.
2905 5682 3118 5740 Gerasa
3137 5683 3326 5740 civitas
3346 5682 3566 5743 Arabia
