3932 6178
303 321 411 380 875

744 319 1148 376 WALAFRIDI
1189 319 1436 377 STRABI
1475 320 1675 377 FULD.
1716 318 1888 375 MON.
1934 317 2086 374 OPP.
2129 318 2304 376 PARS
2342 319 2384 373 I.
2427 349 2494 360 —
2532 316 3012 375 TIIEOLOGICA.

3521 319 3631 377 276

309 450 465 527 juxta
489 449 734 499 montem
765 442 970 498 Galaad
996 444 1054 498 in
1083 445 1226 500 tribu
1257 445 1526 512 Manasse,
1558 460 1668 501 non
1696 444 1861 516 longe
1892 458 1926 499 a
1945 444 2002 506 A
2030 443 2340 516 regreditur
2369 443 2493 515 quia
2521 459 2631 499 non
2659 442 2910 514 dignatur
2939 457 3124 500 curare
3153 442 3372 512 invitos,
3406 444 3508 500 sed
3536 444 3647 500 cito

317 540 514 603 stagno
558 532 859 589 Tiberiadis
881 576 894 599 ,
946 533 1216 605 signiﬁcat
1255 541 1446 604 gentes
1477 549 1614 605 quas
1644 542 1766 604 post
1797 548 1930 604 pas-

320 621 533 676 sionem
562 628 616 676 et
648 621 1099 677 resurrectionem
1129 621 1393 676 Dominus
1412 637 1514 694 per
1542 622 1930 693 praedicatores

319 709 577 776 visitavit,
609 710 753 764 unde
785 709 992 765 Gerasa
1013 709 1128 766 sive
1160 710 1394 783 Gergesi
1411 711 1661 768 colonum
1683 711 1926 781 ejiciens,

319 797 377 852 id
408 805 489 852 est
517 797 793 853 diabolum
822 813 855 853 a
882 813 988 870 quo
1015 799 1167 870 prius
1195 799 1535 855 incolebatur
1579 801 1667 857 vel
1716 801 1930 857 advena

321 885 715 958 pr0pinquans,
751 887 842 958 qui
871 887 1033 959 longe
1053 888 1241 942 eratin
1270 895 1533 959 tempore.

393 975 567 1030 Vnus.
599 977 688 1032 27.
721 976 884 1030 —-In
929 978 1337 1032 monumentis.
1395 976 1536 1046 Quid
1596 976 1743 1031 aliud
1805 973 1931 1032 sunt

319 1061 660 1136 perﬁdorum
688 1078 940 1135 corpora,
975 1065 1079 1118 nisi
1110 1065 1356 1136 quaedam
1403 1065 1780 1121 defunctorum
1835 1081 1927 1121 se-

318 1152 524 1223 pulcra,
555 1152 610 1205 in
641 1151 840 1223 quibus
870 1168 980 1207 non
1009 1153 1252 1208 habitant
1283 1153 1386 1208 Dei
1416 1154 1580 1208 verba
1599 1154 1628 1207 ?

380 1257 553 1313 Vens.
584 1261 672 1315 28.
705 1286 776 1298 --
802 1261 935 1314 Jesu
964 1261 1076 1314 Fili
1123 1261 1242 1313 Dei.
1296 1258 1453 1314 Arius
1493 1259 1768 1314 contendit
1797 1276 1920 1316 esse

321 1354 645 1412 creaturam,
679 1363 836 1418 quem
868 1347 1081 1401 daemon
1112 1346 1393 1402 conﬁtetur
1421 1362 1544 1402 esse
1583 1347 1775 1402 Filium
1804 1347 1924 1403 Dei.

321 1433 494 1489 Judai
523 1435 706 1490 dicunt
739 1452 752 1488 :
786 1436 850 1489 In
877 1437 1138 1506 principe
1169 1436 1577 1491 damoniorum
1623 1438 1781 1510 ejicit
1817 1437 1927 1491 da:-

322 1525 535 1590 monia,
570 1539 733 1594 quem
801 1523 1070 1577 damonia
1099 1532 1298 1596 negant
1326 1523 1527 1594 aliquid
1557 1540 1743 1578 secum
1771 1540 1927 1579 com-

322 1627 487 1666 mune
534 1611 757 1666 habere.
819 1612 1172 1666 Tormentum
1219 1618 1301 1665 est
1337 1611 1540 1666 diaboli
1586 1613 1653 1665 ab
1691 1612 1926 1667 hominis

320 1699 545 1755 lasione
575 1714 810 1766 cessare,
844 1708 895 1754 et
923 1707 1184 1771 quantum
1215 1699 1412 1754 diutius
1441 1701 1778 1770 possederat,
1803 1709 1924 1755 tan-

321 1795 434 1843 tum
463 1786 730 1843 difﬁcilius
757 1788 992 1844 dimittit.
1043 1790 1238 1843 Caveat
1270 1804 1401 1859 ergo
1458 1789 1648 1861 aliquis
1686 1791 1846 1846 Iasus
1901 1807 1931 1845 a
1952 1798 2008 1858 B

327 1875 567 1945 diabolo,
598 1884 657 1931 ut
685 1876 791 1932 cito
821 1877 936 1945 ejus
959 1877 1151 1948 jugum
1207 1876 1495 1948 dirumpat,
1529 1878 1650 1949 quia
1682 1887 1828 1936 tanto
1860 1879 1939 1934 fa-

329 1964 488 2020 cilius
519 1973 716 2036 quanto
745 1964 900 2020 citius
932 1966 1048 2034 ejus
1077 1965 1374 2020 dominium
1405 1967 1648 2021 evitatur.

398 2062 570 2117 Vrsas.
603 2066 692 2119 29.
727 2092 795 2102 -
831 2063 1186 2119 Vinciebatur
1206 2065 1443 2119 catenis.
1477 2063 1692 2120 Catena
1712 2073 1763 2120 et
1795 2080 1939 2121 com-

340 2151 532 2224 pedes,
563 2151 712 2206 dura
735 2159 784 2205 et
805 2166 1007 2223 graves
1030 2160 1154 2206 sunt
1174 2151 1416 2222 gentium
1436 2152 1608 2223 leges,
1653 2153 1868 2224 quibus,
1886 2162 1939 2208 et

331 2241 389 2295 in
419 2255 603 2295 eorum
635 2239 913 2311 republica
943 2239 1336 2295 cohibebantur
1365 2249 1603 2310 peccata.
1635 2242 1730 2296 His
1760 2250 1939 2296 tamen

333 2327 550 2399 legibus
580 2327 771 2398 ruptis,
805 2328 871 2382 ad
901 2344 964 2383 ea
996 2328 1200 2382 scelera
1242 2328 1533 2399 cupiditate
1581 2330 1938 2401 ducebantur,

334 2433 456 2489 qua
483 2417 768 2488 vulgarem
798 2416 1247 2472 consuetudinem
1275 2418 1626 2472 excedebant.

311 2560 322 2569 ί
403 2506 574 2561 Vnus.
609 2509 697 2560 30.
729 2535 798 2545 —
835 2507 976 2576 Quia
1003 2507 1370 2564 intraverunt
1398 2506 1675 2562 dte-monia
1729 2508 1937 2574 multa,

331 2603 436 2652 etc.
471 2594 633 2649 Multa
662 2594 932 2650 daemonia
962 2611 1082 2666 qua
1094 2611 1261 2649 unum
1278 2603 1546 2665 premunt,
1565 2595 1779 2666 signant
1797 2596 1942 2651 mul-

331 2692 416 2740 tos
439 2684 616 2740 cultus
643 2682 960 2738 idololatria
988 2683 1044 2736 in
1075 2700 1183 2738 uno
1217 2683 1460 2755 gentium
1490 2684 1710 2754 populo.
1744 2685 1792 2740 E
1819 2701 1945 2740 con-

333 2780 419 2828 tra
466 2772 679 2827 dicitur:
706 2772 1089 2828 Multitudinis
1110 2772 1464 2828 credentium
1489 2777 1613 2828 erat
1640 2789 1734 2828 cor
1762 2790 1943 2829 unum

335 2865 393 2916 et
429 2863 626 2916 anima
655 2877 772 2916 una
801 2861 946 2931 (Act.
982 2860 1082 2931 IV).
1105 2860 1260 2915 Unde
1291 2861 1430 2915 bene
1451 2860 1505 2914 in
1524 2860 1795 2932 Babylone
1823 2862 1943 2916 uni-

335 2955 417 3004 tas
446 2949 757 3022 linguarum
781 2949 970 3015 scissa,
1002 2948 1057 3001 in
1089 2949 1386 3003 Jerusalem
1417 2956 1498 3003 est
1526 2948 1780 3003 adunata.

404 3051 577 3106 Vnus.
613 3031 700 3105 3i.
732 3079 802 3091 —
831 3052 903 3106 Et
927 3051 1218 3120 rogabant.
1256 3049 1511 3104 Sciebant
1542 3049 1818 3105 damones
1847 3067 1945 3122 per

337 3139 633 3195 adventum
661 3138 880 3194 Domini
911 3154 970 3193 se
1000 3137 1294 3208 aliquando
1325 3137 1379 3192 in
1409 3138 1668 3209 abyssum
1697 3155 1945 3210 mergen-
1965 3154 2014 3216 α

336 3228 476 3284 dos:
507 3243 616 3283 non
645 3241 755 3282 non
783 3226 887 3298 ipsi
914 3225 1093 3281 futura
1122 3225 1562 3296 pradivinantes,
1588 3228 1684 3284 sed
1705 3229 1940 3301 pr0phe-

337 3323 511 3371 tarum
541 3315 610 3371 de
641 3330 702 3370 se
732 3314 873 3372 dicta
902 3314 1230 3370 recolentes.

409 3423 582 3478 Vnus.
617 3426 706 3480 32.
739 3452 808 3463 —
839 3421 988 3478 Grex
1017 3439 1334 3494 porcorum.
1367 3421 1523 3478 Porci
1541 3430 1665 3478 sunt
1693 3423 1942 3479 homines

338 3510 488 3568 vocis
509 3518 560 3567 et
579 3510 803 3567 rationis
833 3517 1104 3582 expertes,
1157 3510 1429 3567 lutulentis
1486 3511 1693 3568 actibus
1749 3512 1937 3580 dediti,

339 3602 395 3658 in
425 3606 608 3657 monte
647 3599 918 3671 superbia
971 3607 1275 3671 pascentes.
1336 3600 1405 3654 Et
1458 3599 1566 3656 nisi
1621 3601 1742 3674 quis
1797 3617 1948 3658 more

341 3688 498 3762 porci
525 3689 736 3756 vixerit,
768 3687 1016 3744 diabolus
1049 3689 1105 3743 in
1133 3704 1198 3744 eo
1229 3695 1555 3760 potestatem
1583 3705 1692 3747 non
1725 3691 1945 3762 accipit,

343 3778 437 3834 vel
465 3777 534 3834 ad
554 3777 894 3851 probandum
926 3786 1154 3849 tantum,
1175 3793 1284 3834 non
1314 3785 1490 3835 autem
1511 3779 1578 3834 ad
1608 3779 1949 3852 perdendum

350 3866 568 3939 accipit.

412 3967 585 4023 Vnus.
610 3968 699 4022 34.
723 3994 792 4007 -
811 3966 1101 4038 Fugerunt
1122 3969 1178 4021 et
1193 3967 1608 4023 nuntiaverunt
1644 3966 1709 4020 in
1745 3967 1949 4023 civita-

348 4062 481 4122 tem,
515 4055 656 4111 etin
683 4055 868 4109 villas.
901 4053 1158 4108 Pastores
1189 4052 1460 4124 fugerunt,
1492 4052 1621 4126 quia
1646 4069 1749 4109 nec
1777 4054 1944 4125 philo-

350 4142 508 4214 sophi
535 4141 798 4214 gentium,
829 4157 931 4197 nec
959 4140 1236 4213 principes
1265 4141 1572 4214 Synagoga
1599 4143 1953 4214 pereuntibus

347 4237 579 4305 possunt
606 4229 851 4286 conferre
881 4229 1226 4297 medicinam,
1259 4237 1311 4286 et
1337 4229 1462 4286 licet
1483 4229 1842 4287 Christianam
1869 4231 1953 4287 fu-

345 4321 496 4394 giant
523 4319 723 4394 legem,
756 4319 1049 4391 potentiam
1081 4325 1258 4376 tamen
1287 4318 1403 4389 ejus
1435 4321 1705 4392 st'upendo
1734 4328 1789 4376 et
1843 4322 1951 4377 mi-

345 4410 516 4468 rando
535 4409 848 4483 pradicant.

348 4620 454 4682 est,
488 4619 548 4671 et
572 4619 851 4672 venerunt
869 4615 943 4672 ad
961 4615 1172 4682 Jesum,
1196 4617 1252 4670 et
1273 4615 1620 4671 invenerunt
1645 4616 1948 4687 hominem,

346 4711 453 4760 etc.
487 4701 767 4776 Signiﬁcat
794 4703 1191 4760 multitudinem
1224 4719 1321 4759 sua
1341 4710 1571 4760 venusta
1591 4703 1700 4759 vita
1719 4703 1954 4760 delecta-

341 4799 474 4859 tam,
505 4791 776 4846 honorare
807 4791 1044 4864 quidem,
1106 4789 1210 4848 sed
1263 4791 1407 4849 nolle
1465 4792 1577 4864 pati
1634 4791 1953 4864 religionem

349 4879 732 4949 Christianam,
765 4878 891 4934 dum
922 4879 1107 4935 dicunt
1136 4881 1280 4952 quod
1307 4897 1428 4936 eam
1457 4880 1686 4954 implere
1707 4897 1813 4937 non
1832 4897 1954 4952 pos-

350 4977 494 5034 sunt,
525 4967 783 5022 mirantur
811 4976 864 5022 et
884 4967 1099 5024 fidelem
1129 4970 1384 5040 p0pulum
1406 4987 1436 5024 a
1465 4969 1691 5041 pristina
1721 4985 1951 5026 convcr-

348 5056 556 5111 satione
587 5064 858 5125 sanatum,
891 5064 945 5112 et
974 5057 1164 5112 sedere
1196 5058 1264 5112 ad
1291 5059 1461 5130 pedes
1492 5058 1729 5127 Domini,
1761 5058 1817 5113 id
1847 5067 1948 5127 est,

346 5159 479 5200 sano
506 5145 702 5199 mentis
733 5145 976 5201 examine
1006 5145 1238 5217 vestigia
1269 5147 1564 5202 Salvatoris
1601 5164 1722 5220 qua
1751 5163 1951 5220 sequa-

343 5241 430 5289 tur
456 5233 696 5299 intuerit,
731 5241 784 5290 et
814 5234 1068 5291 vestitum
1100 5234 1292 5288 studiis
1324 5235 1603 5302 virtutum,
1641 5252 1762 5308 qua
1792 5237 1952 5292 dece-

345 5330 473 5396 ptus
500 5320 772 5378 amiserat.

417 5437 589 5494 Vnus.
623 5439 710 5493 37.
742 5465 813 5479 —
840 5439 910 5494 Et
955 5441 1314 5510 rogaverunt.
1349 5435 1564 5493 Conscii
1623 5437 1945 5511 fragilitatis,

344 5525 631 5600 prasentia
659 5525 876 5582 Domini
905 5543 966 5584 se
993 5526 1250 5599 indignos
1271 5525 1531 5598 judicant,
1567 5543 1674 5585 non
1725 5527 1948 5600 capien-

347 5624 430 5672 tes
459 5617 684 5673 verbum
713 5616 847 5686 Dei,
881 5623 934 5672 et
960 5614 1015 5670 in
1039 5614 1194 5670 ﬁrma
1220 5622 1402 5670 mente
1431 5615 1642 5687 pondus
1674 5617 1950 5688 sapientia

349 5719 459 5763 non
479 5706 826 5776 sustinentes,
844 5713 897 5764 et
911 5705 1034 5764 ideo
1054 5703 1252 5763 diutius
1272 5703 1535 5763 molestus
1564 5719 1672 5762 non
1700 5703 1817 5775 fuit,
1855 5705 1951 5763 sed

2033 531 2237 586 deserit
2264 531 2527 599 inﬁrmos,
2561 531 2759 604 quibus
2787 531 2939 588 oneri
2967 531 3112 589 videt
3151 547 3276 588 esse
3324 548 3477 589 suam
3506 548 3648 605 pra-

2033 620 2282 676 sentiam.

2101 734 2272 790 Vnns.
2301 739 2388 790 39.
2419 765 2488 776 —-
2506 734 2645 791 Redi
2669 736 2733 790 in
2753 734 3001 802 domum,
3026 742 3131 791 etc.
3159 733 3490 807 Allegorice.
3519 736 3649 792 Post

2029 823 2403 879 remissionem
2445 831 2790 894 peccatorum
2826 823 3161 878 redeundum
3209 831 3293 878 est
3337 824 3395 878 in
3445 824 3648 880 bonam

2029 911 2439 977 conscientiam,
2464 920 2516 966 et
2533 911 2877 967 serviendum
2904 911 3228 985 Evangelio,
3257 919 3487 984 propter
3513 913 3647 969 alio-

2029 1016 2147 1054 rum
2175 1001 2335 1055 etiam
2364 999 2609 1068 salutem,
2627 1007 2687 1054 ut
2715 999 2913 1054 deinde
2936 1015 3058 1055 cum
3072 999 3284 1055 Christo
3305 1001 3642 1073 requiescat,

2028 1104 2098 1144 ne
2136 1104 2262 1144 cum
2313 1082 2448 1157 jam
2487 1104 2660 1158 prope
2716 1087 2830 1142 vult
2887 1103 3009 1142 esse
3039 1104 3164 1144 cum
3191 1088 3426 1154 Christo,
3459 1089 3648 1163 negli-

2027 1184 2119 1249 gat
2134 1177 2452 1248 mysterium
2473 1175 2877 1247 pradicationis
2894 1176 3365 1231 accommodatum
3383 1177 3649 1234 fraterna

2027 1264 2349 1330 liberationi,
2381 1265 2526 1318 unde
2556 1263 2846 1333 Apostolus
2881 1281 2895 1318 :
2932 1265 3104 1336 Cupio
3136 1264 3381 1330 dissolvi,
3425 1275 3486 1320 et
3528 1281 3650 1322 esse

2029 1369 2156 1408 cum
2185 1353 2404 1409 Christo
2429 1351 2660 1424 (Philip.
2687 1354 2748 1422 ι),
2769 1351 2938 1430 multo
2953 1351 3170 1421 melius,
3191 1369 3426 1409 manere
3453 1358 3652 1410 autem

2027 1443 2090 1497 in
2120 1457 2292 1498 carne
2321 1442 2706 1496 necessarium
2725 1444 2952 1512 propter
2977 1457 3095 1497 vos.

2097 1557 2268 1612 Vnus.
2299 1558 2386 1611 43.
2418 1585 2488 1596 -—-
2531 1557 2596 1610 In
2642 1555 2904 1612 medicos.
2937 1555 3151 1625 Medici,
3208 1555 3508 1624 damones,
3541 1557 3642 1631 qui

2027 1645 2183 1716 quasi
2234 1644 2581 1700 consulentes
2635 1643 2966 1709 hominibus,
3014 1660 3113 1715 pro
3144 1645 3258 1700 Deo
3290 1659 3349 1700 se
3379 1645 3486 1700 coli
3517 1645 3640 1700 exi-

2035 1741 2188 1804 gunt,
2220 1733 2416 1805 quibus
2449 1731 2708 1788 servierat
2736 1732 3028 1804 gentilitas.

2109 1850 2280 1905 Vnus.
2314 1851 2402 1903 44.
2435 1877 2506 1890 -
2540 1849 2742 1920 Tetigit
2765 1848 3069 1917 ﬁmbriam.
3124 1847 3418 1904 Fimbriam
3447 1849 3650 1922 tangit,

2037 1937 2127 2010 qui
2158 1936 2550 1992 Incarnationis
2580 1936 2833 2008 mysteria
2862 1936 3103 2007 perfecte
3144 1945 3288 1992 amat
3345 1945 3400 1992 et
3452 1937 3649 2003 credit,

2040 2027 2215 2082 donec
2244 2026 2312 2081 ad
2339 2026 2540 2094 majora
2567 2025 2832 2096 capienda
2861 2025 3158 2096 parveniat.
3213 2025 3271 2080 Si
3326 2026 3650 2082 considere-

2039 2131 2161 2169 mus
2193 2121 2388 2185 quanta
2417 2114 2486 2168 sit
2523 2112 2658 2168 ﬁdes
2686 2122 2888 2182 nostra,
2921 2121 2975 2168 et
3007 2113 3371 2185 intelligamus
3414 2123 3652 2186 quantus

2042 2203 2110 2257 sit
2139 2203 2304 2257 Fillus
2342 2202 2462 2269 Dei,
2517 2202 2764 2257 videmus
2793 2201 2934 2274 quia,
2959 2202 3362 2273 comparatione
3378 2203 3496 2271 ejus
3526 2201 3650 2257 ﬁm-

2042 2291 2215 2345 briam
2252 2290 2623 2345 tantummodo
2652 2290 2926 2362 tangimus
2956 2290 3291 2361 superiorem
3337 2291 3656 2347 vestimenti

2042 2380 2163 2449 ejus
2191 2386 2396 2450 partem
2423 2378 2708 2450 nequimus
2738 2378 3024 2451 attingere.

2114 2470 2187 2524 Et
2214 2469 2534 2538 confestim,
2568 2474 2672 2522 etc.
2704 2466 3069 2522 Suscitaturus
3084 2474 3358 2522 mortuam
3385 2467 3546 2522 rediit
3578 2469 3652 2524 ad

2046 2555 2210 2611 ﬁdem
2240 2555 2564 2624 faciendam,
2595 2555 2743 2626 prius
2772 2562 2924 2611 curat
2950 2555 3369 2612 hemorroidam.
3404 2555 3497 2612 Sic
3524 2556 3649 2611 Eli-

2045 2645 2232 2700 sabeth
2262 2643 2459 2700 sterilis
2487 2644 2723 2714 paritura
2751 2643 3018 2700 indicatur
3044 2653 3103 2700 ut
3132 2653 3460 2716 conceptura
3488 2645 3653 2717 virgo

2043 2733 2311 2788 credatur.

2119 2848 2284 2902 Vens.
2317 2847 2404 2901 45.
2438 2875 2505 2887 -
2535 2846 2669 2914 Quis
2697 2849 2800 2902 est.
2824 2847 2944 2901 Non
2963 2846 3152 2918 quaerit
3172 2854 3230 2902 ut
3245 2846 3507 2904 doceatur
3525 2863 3656 2918 qua

2044 2936 2271 3004 nesciat,
2305 2935 2404 2991 sed
2431 2943 2490 2990 ut
2519 2933 2653 2990 ﬁdes
2673 2934 2917 2990 mulieris
2942 2943 3219 3006 appareat.

2115 3026 2283 3080 Vens.
2318 3027 2406 3079 46.
2432 3054 2501 3064 -
2529 3024 2672 3080 Nam
2693 3028 2749 3080 et
2767 3040 2863 3096 ego
2893 3027 3042 3080 novi.
3102 3025 3225 3080 Non
3253 3024 3383 3080 latet
3413 3023 3656 3097 quicun-

2043 3130 2148 3186 que
2178 3113 2348 3186 tangit
2380 3131 2393 3166 :
2428 3114 2576 3168 Deus
2606 3129 2716 3167 non
2745 3112 2954 3185 indiget
2980 3113 3152 3168 oculis
3181 3122 3238 3168 ut
3286 3113 3490 3179 videat,
3550 3130 3661 3169 nec

2040 3202 2400 3274 corporaliter
2429 3201 2742 3271 sentit,-sed
2766 3200 2823 3254 in
2850 3217 2910 3255 se
2943 3202 3104 3257 habet
3131 3201 3502 3275 cognitionem
3534 3217 3661 3256 om-

2041 3293 2208 3347 nium.
2251 3289 2428 3346 Etiam
2458 3289 2626 3346 virtus
2655 3305 2776 3362 qua
2804 3289 3122 3361 pr0pitiatur
3175 3289 3429 3346 omnibus
3459 3290 3658 3363 iniqui-

2042 3381 2241 3435 tatibus
2261 3379 2478 3446 nostris,
2514 3387 2565 3434 et
2598 3387 2754 3434 sanat
2785 3393 2975 3434 omnes
3017 3377 3356 3435 inﬁrmitates
3413 3388 3686 3450 nostras,~

2044 3484 2152 3527 non
2181 3485 2250 3525 ex
2281 3467 2458 3535 nobis,
2491 3468 2589 3524 sed
2619 3485 2686 3524 ex
2722 3469 2839 3524 Deo
2868 3467 2993 3524 exit.

2116 3583 2288 3638 Vens.
2320 3583 2410 3638 47.
2442 3611 2510 3623 -
2565 3581 2758 3639 Videns
2789 3586 2984 3639 autem
3029 3582 3260 3639 mulier.
3291 3581 3420 3640 Hac
3456 3583 3661 3640 mulier

2049 3670 2357 3730 verecunda
2385 3668 2655 3725 ﬁmbriam
2685 3671 2876 3743 tangit,
2910 3669 3089 3726 ﬁdelis
3117 3669 3367 3738 accessit,
3399 3671 3665 3745 religiosa

2048 3760 2324 3818 credidit:
2361 3760 2580 3830 sapiens
2621 3775 2682 3815 se
2737 3775 2860 3814 esse
2920 3768 3165 3816 sanatam
3209 3761 3495 3832 cognoscit
3529 3780 3545 3816 :
3579 3763 3664 3819 sic

2049 3850 2206 3922 plebs
2235 3848 2477 3919 gentium
2507 3864 2629 3920 qua
2656 3847 2771 3904 Deo
2807 3847 3055 3918 credidit,
3099 3857 3387 3921 peccatum
3441 3850 3664 3906 erubuit

2049 3945 2109 3994 ut
2138 3939 2430 4008 desereret,
2464 3934 2628 3992 ﬁdem
2665 3935 2854 3991 detulit
2880 3945 2936 3992 ut
2983 3937 3254 4006 crederet,
3309 3937 3666 3995 devotionem

2053 4026 2294 4082 exhibuit
2321 4033 2378 4080 ut
2405 4032 2640 4096 rogaret,
2675 4025 2994 4096 sapientiam
3024 4025 3197 4081 induit
3250 4034 3309 4082 ut
3363 4028 3662 4085 sanitatem

2054 4132 2206 4172 suam
2235 4123 2288 4171 et
2313 4115 2431 4186 ipsa
2459 4113 2700 4180 sentiret,
2733 4112 2982 4170 ﬁduciam
3029 4115 3258 4186 sumpsit
3295 4124 3355 4170 ut
3403 4115 3665 4173 fateretur

2053 4205 2198 4278 quod
2227 4203 2565 4276 praripiebat
2591 4202 2846 4258 alienum.

2125 4320 2295 4375 Vnus.
2329 4323 2418 4374 51.
2442 4347 2510 4360 -
2537 4320 2766 4376 Patrem
2793 4319 3020 4392 puellae.
3051 4317 3210 4375 Pater
3235 4317 3456 4406 puella,
3483 4328 3666 4376 catus

2053 4409 2337 4466 doctorum
2364 4407 2523 4480 legis,
2577 4407 2782 4464 scilicet
2807 4407 3008 4465 Scriba
3039 4416 3094 4462 et
3139 4406 3418 4473 Pharisaei,
3472 4408 3569 4479 qui
3620 4411 3674 4464 si

2122 4703 2290 4759 Vnus.
2323 4703 2410 4758 52.
2446 4729 2514 4741 —-
2552 4699 2786 4756 Flebant
2812 4705 3024 4756 autem.
3075 4697 3228 4754 Flent
3285 4696 3377 4770 qui
3402 4698 3669 4771 Synago-

2052 4807 2180 4865 gam
2227 4807 2257 4844 a
2283 4791 2419 4861 Deo,
2453 4789 2544 4861 qui
2571 4788 2677 4844 vita
2707 4795 2808 4854 est,
2840 4788 3024 4843 vident
3081 4786 3313 4842 alienam
3342 4793 3396 4843 et
3452 4787 3673 4856 dolent,

2050 4897 2151 4938 nec
2179 4879 2410 4950 amplius
2424 4893 2589 4950 posse
2616 4876 2878 4933 viviﬁcari
2908 4883 3114 4947 putant,
3139 4883 3194 4932 et
3219 4875 3309 4930 illa
3339 4891 3462 4948 qua
3490 4892 3678 4948 span-

2049 4970 2096 5024 si
2124 4967 2467 5041 prasentiam
2516 4981 2619 5038 qua
2651 4965 2833 5021 vivere
2863 4965 3044 5031 debet,
3079 4963 3280 5032 amisit,
3311 4965 3471 5038 quasi
3518 4965 3677 5022 inter

2050 5058 2373 5132 plangentcs
2402 5062 2611 5110 mortua
2636 5055 2846 5123 jacens,
2904 5069 3009 5110 nec
3061 5054 3165 5110 hoc
3202 5053 3381 5126 ipsum
3437 5054 3679 5126 quidem

2051 5162 2214 5219 quare
2242 5145 2544 5217 plangatur,
2577 5142 2846 5215 intelligit.
2879 5143 3063 5200 Nolite
3092 5145 3247 5212 ﬂere.
3281 5141 3470 5198 Fleant
3495 5158 3667 5200 mor-

2049 5243 2172 5290 tuos
2201 5249 2349 5302 suos,
2385 5233 2476 5305 qui
2506 5240 2690 5304 putant
2712 5238 2972 5298 mortuos,
3005 5231 3098 5286 ubi
3119 5238 3200 5287 est
3218 5230 3353 5286 ﬁdes
3380 5246 3682 5290 resurrec-

2050 5323 2212 5379 tionis
2239 5337 2349 5378 non
2378 5329 2461 5378 est
2486 5336 2655 5390 mors,
2679 5321 2776 5377 sed
2796 5336 2924 5392 spes
2945 5319 3289 5392 quietis.Non
3309 5325 3392 5377 est
3409 5327 3678 5390 mortua,

2049 5419 2153 5469 etc.
2186 5413 2397 5467 Mortua
2425 5417 2508 5466 est
2535 5410 2713 5481 puella
2743 5409 3036 5488 homnibus
3067 5409 3160 5482 qui
3219 5409 3487 5466 suscitare
3542 5426 3676 5466 non

2048 5507 2274 5574 possunt
2306 5517 2320 5554 :
2361 5515 2470 5556 non
2500 5500 2634 5568 Deo,
2675 5499 2766 5570 qui
2796 5498 2974 5554 anima
3006 5498 3162 5566 vivit,
3213 5505 3270 5554 et
3321 5512 3451 5555 caro
3488 5501 3690 5556 susci-

2047 5591 2218 5646 tando
2239 5588 2482 5662 quiescit.

2119 5707 2269 5763 Vnus
2305 5707 2391 5762 53.
2449 5733 2517 5748 —
2554 5705 2856 5776 Deribant,
2891 5711 2994 5761 etc.
3029 5703 3216 5761 Merito
3255 5702 3460 5761 exclusi
3510 5717 3678 5777 sunt,
