3932 6178
237 199 344 256 277

1155 190 1426 248 GLOSSA
1464 190 1872 247 ORDINARJA.
1913 217 1983 231 —
2012 187 2276 246 EVANG.
2305 188 2459 245 LUC.

3432 190 3536 247 2'78

243 320 336 394 qui
364 318 628 375 deridere
660 333 825 391 quam
854 317 1081 374 credere
1100 317 1397 383 malebant,
1419 314 1632 389 indigni
1649 314 1838 372 videre
1865 315 1923 376 A
1943 313 2104 370 etiam
2133 313 2180 368 si
2209 312 2458 386 indigent
2485 320 2764 369 curantur.
2796 313 2866 367 Et
2895 319 3042 381 nota,
3077 311 3206 384 quia
3249 319 3538 384 postquam

239 408 668 467 resurrectionis
695 407 1039 463 miraculum.

1943 403 2189 475 perfecta
2217 409 2299 457 est
2328 402 2531 458 mentio
2558 401 2827 474 passionis
2855 400 3098 467 Joannis,
3131 400 3375 456 Christus
3404 399 3538 456 reﬁ-

314 499 488 555 Vans.
523 499 612 552 54.
636 528 706 537 -
730 499 942 552 Tenens
972 512 1230 551 manum.
1263 495 1432 550 Tenet
1449 509 1692 560 manum,
1716 493 1844 566 quia
1945 492 2034 558 cit,
2071 491 2194 563 quia
2223 499 2347 562 post
2366 490 2636 547 defectum
2665 491 2824 561 legis,
2867 490 3216 561 evangelicus
3262 490 3416 546 cibus
3444 489 3534 544 in-

238 587 347 645 nisi
374 603 576 642 manus
603 586 918 641 Judaeorum
948 585 1094 656 (qua:
1142 583 1408 654 sanguine
1450 583 1649 654 plenae)
1691 583 1844 654 prius
1945 581 2094 652 cipit.
2126 580 2374 651 Denique
2402 588 2689 651 postquam
2719 588 2910 636 curata
2939 588 3019 634 est
3047 579 3244 634 mulier
3283 594 3404 650 quae
3432 594 3537 652 ge-

237 677 442 734 fuerint
493 675 792 741 mundata,
857 675 1157 746 Synagoga
1206 688 1318 727 non
1363 680 1567 744 surget.
1618 674 1841 739 Puella,

1946 677 2048 724 stat
2076 668 2308 741 ﬁguram
2336 669 2617 736 Ecclesiae,
2651 677 2703 725 et
2731 676 3018 740 postquam
3047 667 3281 740 apostoli
3309 668 3379 723 ad
3398 683 3541 738 prae-

238 781 427 837 surge.
455 763 720 835 Quisquis
735 779 769 817 a
787 771 964 817 morte
983 761 1198 828 animae,
1221 776 1253 816 a
1273 759 1484 816 Christo
1504 775 1726 815 manum
1741 760 1848 814 sibi
1945 757 2235 813 dicandum
2264 765 2387 812 sunt
2414 757 2587 824 missi,
2619 756 2678 812 ﬁt
2705 758 2908 812 mentio
2938 756 3270 827 refectionis,
3294 756 3421 828 quia
3440 771 3544 827 per

238 853 588 911 confortante
610 851 902 922 resipiscit,
917 865 950 904 a
962 849 1214 905 sordibus
1227 849 1478 904 vitiorum
1490 849 1651 904 debet
1661 865 1848 904 exsur-

237 958 391 1016 gere,
427 949 484 996 et
517 940 683 1011 (sicut
715 940 933 994 Marcus
962 938 1061 1009 ait)
1090 938 1145 992 in
1175 937 1331 993 bonis
1361 937 1620 1008 operibus
1649 937 1844 993 ambu-

239 1031 376 1097 lare,
411 1039 468 1084 et
499 1028 705 1085 caelesti
732 1044 874 1100 pane
907 1043 1134 1083 necesse
1161 1034 1245 1082 est
1271 1034 1329 1082 ut
1357 1042 1484 1082 mox
1513 1026 1756 1093 satietur,
1790 1025 1846 1082 id

246 1128 348 1184 est,
381 1118 544 1174 verbi
574 1117 673 1172 Dei
694 1125 748 1172 et
777 1116 983 1171 altaris.

312 1208 488 1262 Vnus.
517 1209 605 1262 56.
629 1237 699 1246 —
727 1206 929 1274 Quibus
956 1205 1247 1277 praecepit.
1281 1203 1430 1260 Sicut
1457 1203 1676 1275 publica
1704 1218 1850 1258 noxa

238 1296 464 1368 publico
496 1303 622 1366 eget
656 1294 919 1360 remedio,
949 1293 1026 1349 ita
1054 1293 1197 1348 levia
1223 1301 1452 1364 peccata
1480 1292 1674 1348 leviori
1694 1300 1747 1347 et
1767 1310 1850 1348 se-

241 1392 394 1441 creta
424 1392 634 1456 queunt
654 1383 828 1438 deleri
847 1382 1184 1454 pmm’tentia.
1219 1384 1374 1438 Unde
1403 1383 1586 1454 puella
1615 1382 1672 1437 in
1686 1382 1850 1437 domo

235 1475 454 1542 jacens,
489 1473 682 1543 paucis
711 1472 933 1526 arbitris
963 1471 1226 1542 exsurgit,
1261 1472 1576 1543 eisdemque
1605 1487 1674 1526 ne
1694 1470 1854 1526 mira-

239 1562 426 1620 culum
455 1561 748 1633 vulgarent
777 1559 1137 1616 interdicitur.

869 1726 1094 1782 CAPUT
1131 1725 1228 1782 IX.

300 1895 487 1950 Vsns.
515 1897 566 1949 1.
589 1924 658 1934 —
683 1893 1004 1950 Convocatis
1024 1896 1216 1948 autem
1237 1895 1415 1949 Iesus.
1440 1891 1715 1948 Concessa
1733 1891 1852 1963 pri-

243 2000 400 2038 mum
420 1990 694 2054 potestate
716 1983 998 2054 signorum
1017 1981 1299 2036 mittuntur
1317 1980 1612 2052 praedicare
1624 1997 1854 2052 regnum

243 2073 364 2140 Dei,
412 2079 473 2127 ut
517 2070 874 2142 magnitudini
921 2071 1315 2142 promissorum
1362 2077 1645 2125 attestetur
1691 2070 1854 2125 etiam

240 2160 574 2232 magnitudo
625 2159 910 2226 factorum,
955 2166 1009 2214 et
1054 2157 1217 2213 ﬁdem
1267 2158 1450 2214 verbis
1483 2159 1638 2213 daret
1684 2158 1854 2214 virtus

241 2259 495 2316 ostensa,
530 2257 586 2304 et
615 2264 755 2303 nova
787 2247 1028 2303 facerent
1058 2246 1150 2319 qui
1177 2263 1319 2303 nova
1346 2247 1726 2320 prmdicarent.

307 2363 494 2417 Vnus.
527 2365 579 2416 3.
604 2391 674 2401 —
695 2360 850 2416 Nihil
871 2360 1143 2415 tuleritis.
1168 2360 1228 2412 In
1247 2360 1431 2414 Marco
1451 2359 1668 2431 legitur,
1689 2364 1752 2415 ut
1773 2361 1858 2415 ni-

245 2451 321 2508 hil
335 2452 625 2507 tollerent
638 2451 700 2504 in
718 2450 810 2504 via
823 2449 938 2503 nisi
950 2450 1165 2519 virgam
1179 2452 1407 2503 tantum
1425 2449 1617 2516 (Marc.
1633 2449 1731 2517 v1).
1749 2448 1856 2504 Sed

243 2539 533 2597 sciendum
567 2547 670 2604 est,
735 2538 861 2608 quia
888 2545 1179 2607 utrumque
1208 2543 1542 2607 praeceptum
1571 2545 1652 2590 est
1683 2553 1715 2591 a
1745 2539 1853 2592 Do-

243 2630 416 2696 mino,
454 2636 513 2682 ut
541 2627 676 2681 nihil
706 2625 811 2680 nisi
841 2625 1056 2698 virgam
1096 2624 1318 2691 ferrent,
1354 2632 1406 2680 et
1425 2633 1483 2679 ut
1511 2641 1613 2680 nec
1640 2626 1854 2699 virgam

247 2725 481 2782 ferrent.
515 2725 640 2779 Non
671 2723 817 2778 ferre
847 2722 1080 2793 virgam,
1106 2730 1186 2776 est
1205 2737 1313 2776 non
1333 2737 1455 2776 esse
1477 2722 1765 2778 sollicitum
1786 2723 1854 2778 de

246 2816 324 2871 his
367 2830 490 2887 quae
523 2811 842 2868 necessaria
871 2818 994 2866 sunt
1022 2811 1271 2865 humanm
1301 2811 1692 2877 sustentationi,
1728 2812 1855 2884 quia

243 2906 356 2960 haec
385 2903 664 2958 debentur
707 2899 1157 2972 praedicatoribus
1188 2899 1257 2954 ab
1288 2899 1373 2953 his
1405 2900 1600 2970 quibus
1646 2901 1852 2972 prmdi-

246 3001 386 3059 cant,
452 2990 678 3064 quando
721 2989 839 3043 sine
886 2988 1147 3044 seandalo
1194 2995 1423 3058 possunt
1468 2988 1658 3059 accipi.
1705 2989 1851 3044 Nihil

250 3081 390 3137 ferre
422 3080 535 3135 nisi
566 3079 801 3152 virgam,
850 3084 930 3132 est
975 3076 1052 3131 uti
1094 3076 1188 3130 illa
1233 3083 1501 3148 potestate
1550 3076 1852 3147 accipiendi

249 3169 569 3226 necessaria
607 3183 726 3239 quae
763 3167 887 3221 data
926 3174 1008 3222 est
1041 3165 1510 3237 praedicatoribus.
1569 3168 1718 3222 Duas
1755 3171 1851 3222 tu-

249 3261 426 3315 nicas.
456 3257 704 3328 Simplex
722 3255 1101 3311 vestimentum
1123 3262 1204 3309 est
1221 3254 1484 3326 quidquid
1502 3262 1584 3310 est
1603 3269 1856 3311 necessa-

249 3349 385 3403 rium
417 3346 588 3402 alicui
618 3345 916 3400 secundum
963 3343 1277 3415 qualitatem
1313 3343 1421 3398 loci
1448 3344 1537 3399 vel
1566 3344 1848 3414 temporis.

252 3437 464 3508 Duplex
497 3443 603 3504 est,
638 3435 786 3506 quod
814 3432 958 3487 ultra
988 3432 1370 3487 necessitatem
1392 3440 1493 3487 est.
1517 3432 1848 3507 Allegorice,

249 3526 298 3581 in
327 3525 546 3580 duabus
579 3522 797 3589 tunicis,
832 3521 1201 3591 duplicitatem
1231 3521 1501 3592 prohibet.

315 3615 491 3669 Vens.
529 3615 584 3668 4.
607 3642 678 3651 -
702 3612 779 3668 Ibi
808 3615 1054 3666 manete.
1088 3611 1170 3664 Ne
1202 3610 1503 3666 excursetis
1529 3626 1631 3682 per
1660 3610 1853 3667 domos

251 3712 300 3759 et
326 3700 668 3758 inviolabilis
698 3697 917 3770 hospitii
941 3699 1068 3768 jura
1097 3698 1333 3753 mutetis.
1367 3699 1525 3754 Unde
1554 3699 1854 3755 secundum

253 3793 588 3855 Matthaeum,
636 3788 832 3843 domus
877 3788 934 3842 in
989 3804 1092 3858 qua
1149 3789 1373 3843 manere
1422 3788 1658 3844 debeant
1703 3788 1854 3860 prius

250 3879 504 3951 eligenda
555 3885 658 3947 est,
709 3885 766 3932 ut
805 3876 1046 3932 mutandi
1088 3876 1307 3948 hospitii
1351 3877 1650 3933 necessitas
1696 3877 1853 3933 aufe-

253 3978 420 4025 ratur.

317 4059 493 4113 Vens.
511 4060 566 4112 5.
581 4085 652 4096 —
664 4056 1182 4140 Pulverem'pedum
1201 4060 1535 4112 vestrorum.
1560 4054 1741 4111 Pulvis
1763 4070 1856 4111 ex-

253 4147 524 4204 cutiturin
546 4144 915 4201 testimonium
943 4143 1151 4200 laboris
1181 4144 1264 4199 sui
1294 4145 1439 4216 quod
1466 4144 1703 4217 ingressi
1731 4152 1856 4201 sunt

252 4238 303 4291 in
329 4237 632 4302 civitatem,
667 4241 720 4291 et
749 4250 923 4305 usque
964 4234 1035 4289 ad
1072 4234 1197 4288 illos
1233 4233 1548 4304 praedicatio
1583 4233 1850 4304 pervenit.

1948 845 2225 917 apostolos
2255 845 2312 899 in
2339 845 2590 901 Ecclesia
2618 861 2751 901 vera
2781 845 3006 900 refectio
3035 844 3111 899 ﬁt.

2019 934 2189 989 Vens.
2217 937 2304 988 11.
2318 964 2388 973 ——
2399 935 2615 990 Secuta:
2634 939 2772 989 sunt
2788 936 2976 990 illum.
2995 934 3118 989 Non
3131 932 3409 1002 jumentis,
3434 946 3544 988 non

1948 1021 2230 1090 vehiculis,
2285 1022 2382 1076 sed
2419 1022 2643 1093 proprio
2682 1023 2871 1077 labore
2917 1022 3137 1092 pedum,
3188 1029 3248 1076 ut
3287 1021 3543 1076 ardorem

1947 1111 2144 1166 mentis
2175 1111 2546 1167 ostenderent.
2577 1113 2841 1167 Sanabat.
2892 1113 3065 1166 Nemo
3112 1110 3293 1166 cibum
3340 1108 3543 1164 Christi

1947 1200 2140 1270 accipit
2168 1200 2273 1254 nisi
2303 1208 2460 1254 antea
2489 1207 2712 1254 sanatus
2743 1199 2923 1266 fuerit,
2958 1200 3083 1270 quia
3111 1207 3234 1270 post
3264 1197 3544 1253 remissio-

1946 1305 2072 1344 nem
2102 1298 2454 1360 peccatorum
2483 1289 2738 1344 tribuitur
2767 1288 3022 1344 alimonia
3053 1289 3304 1344 caelestis.

2018 1396 2189 1450 Vens.
2226 1399 2312 1453 12.
2346 1426 2414 1436 -
2442 1397 2569 1451 Dies
2599 1400 2792 1450 autem
2839 1399 3099 1467 creperat.
3145 1393 3426 1449 Declinata
3451 1391 3540 1448 die

1948 1482 2137 1550 reficit,
2173 1484 2302 1554 quia
2346 1484 2434 1539 vel
2477 1482 2581 1539 fine
2630 1483 2957 1539 saeculorum
3003 1482 3422 1554 prOpinquante,
3455 1480 3542 1537 vel

1949 1586 2074 1627 cum
2129 1571 2212 1625 sol
2264 1572 2482 1639 justitias
2536 1571 2808 1640 occubuit,
2857 1588 2887 1625 a
2927 1571 3190 1641 spirituali
3246 1569 3386 1624 fame
3446 1585 3541 1623 su-

1877 1677 2071 1745 Bmus
2102 1660 2314 1715 salvati.
2349 1661 2418 1715 Et
2465 1668 2594 1715 nota
2641 1661 2890 1716 ordinem
2937 1659 3183 1731 mysterii
3215 1676 3228 1712 :
3261 1657 3413 1729 prius
3442 1673 3544 1728 per

1952 1749 2334 1804 remissionem
2381 1757 2729 1820 peccatorum
2778 1749 3094 1805 vulneribus
3140 1747 3413 1803 medicina
3441 1746 3546 1800 tri-

1952 1837 2150 1906 buitur,
2207 1844 2401 1908 postea
2454 1837 2712 1893 alimonia
2772 1854 2976 1893 mensae
3033 1836 3272 1893 caelestis
3335 1851 3543 1907 expen-

1952 1926 2117 1981 ditur.

2025 2041 2194 2094 Vens.
2249 2042 2334 2094 13.
2369 2069 2437 2079 —
2468 2040 2587 2096 Nisi
2631 2043 2798 2112 forte.
2858 2040 3114 2095 Nondum
3169 2039 3548 2096 intellexerant

1954 2128 2186 2200 apostoli
2215 2127 2376 2183 fidem
2409 2128 2595 2200 populi
2625 2129 2898 2185 credentis
2945 2145 3055 2185 non
3105 2145 3228 2185 esse
3273 2130 3543 2196 venalem,

1956 2217 2053 2272 sed
2081 2225 2350 2272 noverant
2379 2234 2479 2273 nos
2522 2217 2701 2289 potius
2750 2234 2872 2273 esse
2913 2218 3264 2274 redimendos
3293 2235 3390 2290 per
3420 2233 3548 2273 suas

1955 2321 2112 2361 escas
2143 2305 2432 2378 gratuitas.

2025 2422 2194 2476 Vens.
2232 2422 2317 2475 14.
2351 2451 2421 2461 -
2457 2421 2705 2494 Quinque
2736 2423 2945 2477 millia.
2976 2422 3081 2477 Per
3110 2422 3350 2492 quinque
3379 2421 3552 2477 millia

1957 2507 2348 2581 significantur,
2383 2509 2475 2580 qui
2506 2509 2557 2562 in
2589 2509 2837 2565 saeculari
2867 2511 3046 2565 adhuc
3074 2509 3258 2564 habitu
3278 2526 3378 2580 per
3400 2509 3554 2580 quin-

1955 2615 2058 2669 que
2082 2614 2274 2653 sensus
2291 2598 2539 2668 corporis
2562 2599 2923 2653 exterioribus
2945 2615 3065 2670 quae
3085 2599 3385 2669 possident,
3411 2599 3553 2654 bene

1954 2687 2031 2740 uti
2060 2694 2347 2742 noverunt.
2382 2685 2487 2754 Qui
2518 2687 2754 2758 quinque
2783 2687 3018 2758 panibus
3047 2687 3282 2756 aluntur,
3319 2687 3442 2758 quia
3470 2695 3552 2741 ta-

1953 2775 2034 2829 les
2064 2791 2290 2830 necesse
2322 2782 2403 2829 est
2431 2775 2700 2847 legalibus
2729 2776 2906 2831 adhuc
2938 2776 3226 2847 praeceptis
3247 2775 3473 2844 institui,
3499 2783 3555 2830 et

1952 2862 2114 2936 legali
2142 2864 2337 2918 timore
2369 2864 2676 2934 comprimi.
2709 2865 2850 2920 Nam
2881 2865 2974 2936 qui
3004 2865 3206 2919 mundo
3236 2864 3450 2937 integre
3469 2880 3553 2920 re-

1951 2952 2199 3006 nuntiant
2226 2960 2279 3007 et
2307 2961 2540 3025 quatuor
2571 2961 2696 3008 sunt
2724 2953 2894 3008 millia
2922 2962 3147 3024 propter
3177 2954 3555 3026 evangelicam

1875 3045 1924 3108 Ο
1955 3041 2280 3106 doctrinam,
2333 3050 2386 3096 et
2433 3050 2641 3112 septem
2688 3043 2939 3112 panibus,
2971 3042 3029 3096 id
3066 3049 3168 3112 est,
3221 3041 3554 3114 septiformis

1954 3129 2178 3200 spiritus
2205 3128 2522 3186 reficiuntur
2552 3131 2746 3201 gratia.

2020 3235 2190 3291 Vens.
2208 3239 2292 3291 15.
2308 3267 2377 3277 -
2389 3240 2458 3293 Et
2469 3238 2816 3294 discumbere
2830 3254 3044 3295 omnes.
3061 3237 3369 3294 Secundum
3381 3238 3550 3293 alium

1949 3325 2344 3397 evangelistam
2375 3326 2613 3398 quinque
2644 3327 2812 3382 millia
2861 3344 3027 3398 super
3073 3327 3258 3383 fenum
3301 3327 3546 3383 discum-

1950 3413 2101 3481 bunt,
2138 3414 2266 3485 quia
2295 3415 2374 3469 illi
2405 3415 2600 3486 quibus
2629 3416 2806 3472 adhuc
2839 3425 2964 3471 sunt
2995 3416 3312 3488 corporales
3333 3433 3551 3486 sensus,

1954 3502 2274 3557 melioribus
2286 3503 2642 3560 delectantur.
2662 3505 2855 3560 Omnis
2869 3508 3024 3561 enim
3035 3523 3165 3562 caro
3177 3510 3398 3577 fenum.
3415 3504 3556 3572 Qua-

1953 3597 2078 3646 tuor
2107 3590 2276 3645 millia
2306 3607 2472 3662 super
2499 3600 2705 3647 terram
2745 3595 3088 3663 recumbunt,
3121 3594 3247 3666 plus
3294 3602 3377 3650 est
3406 3593 3551 3650 enim

1955 3688 2103 3735 terra
2129 3695 2383 3750 premere
2413 3697 2576 3752 quam
2608 3698 2775 3752 super
2802 3681 2928 3738 feno
2951 3683 3154 3752 jacere.

2025 3777 2194 3832 Vens.
2232 3780 2317 3832 16.
2351 3807 2421 3818 —
2449 3779 2749 3835 Distribuit
2787 3781 3080 3852 discipulis
3109 3781 3249 3836 suis.
3285 3779 3551 3836 Provocat

1956 3865 2233 3936 apostolos
2263 3866 2332 3922 ad
2370 3866 2687 3923 fractionem
2731 3869 2910 3940 panis,
2943 3877 3001 3923 ut
3030 3868 3137 3923 illis
3185 3885 3296 3924 non
3342 3868 3551 3924 habere

1955 3955 2278 4010 testantibus
2333 3957 2653 4030 magnitudo
2708 3957 2852 4030 signi
2907 3957 3086 4014 notior
3133 3956 3246 4013 fiat.
3308 3956 3554 4012 Insinuat

1956 4044 2108 4115 quod
2130 4061 2228 4114 per
2263 4061 2454 4100 eorum
2498 4045 2820 4115 doctrinam,
2865 4047 3048 4118 jejuna
3095 4046 3262 4103 corda
3311 4044 3552 4119 quotidie

1957 4140 2082 4188 sunt
2110 4134 2405 4204 pascenda.
2493 4172 2495 4174 -

2027 4248 2196 4303 Vens.
2230 4251 2317 4305 17.
2351 4279 2419 4291 —
2447 4252 2518 4306 Et
2549 4252 2800 4307 saturati
2827 4255 2984 4307 sunt.
3019 4249 3179 4320 Quod
3219 4249 3552 4307 manducans

255 4326 367 4394 Vel,
419 4324 711 4392 excutitur,
763 4331 822 4378 ut
851 4322 984 4377 nihil
1013 4323 1084 4378 ab
1113 4322 1194 4377 eis
1223 4321 1491 4394 accipiant
1536 4322 1628 4394 qui
1666 4323 1850 4378 Evan-

1966 4337 2188 4408 pOpulus
2219 4337 2463 4408 satiatur,
2498 4338 2768 4412 signiﬁcat
2798 4339 2996 4395 famem
3026 4339 3081 4393 in
3127 4347 3452 4410 perpetuum
3480 4339 3549 4392 ab

252 4415 452 4486 gelium
483 4420 834 4485 spreverunt,
868 4427 971 4468 nec
1001 4411 1165 4467 etiam
1193 4410 1506 4467 necessaria
1534 4411 1676 4467 vitae.

319 4505 492 4559 Vens.
519 4506 574 4557 8.
595 4503 911 4558 —Joau-nes
941 4503 1218 4557 surrexit.
1256 4499 1361 4568 Qui
1390 4501 1675 4565 Joannem,
1700 4500 1858 4570 cujus

253 4592 460 4648 nullum
494 4592 715 4664 signum
745 4590 1013 4658 viderant,
1048 4589 1419 4645 resurrexisse
1450 4587 1724 4656 dicebant,
1756 4605 1858 4660 per

255 4696 522 4737 summam
572 4679 836 4734 malitiam
889 4679 1076 4734 Jesum
1133 4676 1505 4734 resurrexisse
1559 4677 1852 4748 negabant,

253 4772 420 4826 multa
462 4767 743 4825 mirabilia
789 4784 959 4840 opera
1005 4767 1274 4836 viderant,
1310 4766 1366 4822 in
1397 4766 1552 4836 cujus
1599 4765 1856 4838 passione

252 4859 416 4915 multa
444 4857 706 4917 miranda
736 4857 1098 4930 contigerant.

321 4967 494 5023 Vens.
532 4969 618 5020 10.
654 4994 723 5005 —
753 4965 1160 5021 Narra-verunt.
1195 4963 1438 5019 Narrant
1476 4961 1708 5034 apostoli
1738 4963 1854 5018 Do-

252 5056 396 5111 mino
427 5069 555 5126 quae
586 5052 834 5120 fecerint,
869 5061 922 5107 et
952 5052 1226 5124 quomodo
1246 5051 1555 5119 docuerint,
1579 5051 1855 5124 quomodo

252 5145 490 5200 Joannes
521 5141 653 5197 dum
681 5141 786 5213 ipsi
817 5142 1079 5197 docerent
1126 5157 1318 5212 passus
1358 5141 1444 5195 sit.
1480 5142 1636 5197 Unde
1665 5141 1856 5212 sequi-

255 5241 337 5288 tur
360 5250 374 5288 :
399 5236 469 5289 Et
498 5231 830 5304 assumptis.
862 5231 985 5285 Non
1013 5230 1220 5299 otiosis,
1243 5247 1352 5287 non
1372 5230 1428 5285 in
1449 5230 1660 5286 civitate
1691 5231 1856 5302 Syna-

255 5337 410 5396 gogm
436 5363 450 5390 ,
486 5319 544 5375 id
575 5327 657 5375 est
681 5361 696 5388 ,
731 5319 1011 5376 saecularis
1040 5319 1318 5392 dignitatis
1349 5319 1731 5389 residentibus,
1759 5321 1857 5375 sed

256 5411 394 5466 inter
421 5411 643 5466 deserta
675 5407 948 5464 Christum
980 5408 1346 5480 quaerentibus
1388 5409 1619 5464 caelestis
1667 5410 1855 5481 gratim

258 5499 515 5555 alimonia
558 5497 886 5569 impertitur.
947 5497 1051 5567 Qui
1107 5497 1252 5552 enim
1308 5512 1417 5553 non
1474 5496 1772 5563 fastidiunt,
1823 5512 1857 5552 a

263 5587 474 5645 Christo
504 5585 894 5659 suscipiuntur,
927 5594 981 5642 et
1011 5584 1363 5658 spiritualiter
1391 5593 1444 5641 et
1473 5585 1852 5658 corporaliter,

1877 4405 1931 4467 D
1955 4405 2152 4481 electis
2198 4405 2592 4498 repellendam,
2625 4427 2748 4502 quia
2783 4444 2893 4483 non
2925 4405 3250 4498 esuriet—qui
3277 4426 3554 4496 acceperit

1961 4513 2163 4569 Christi
2211 4515 2411 4571 cibum.
2460 4515 2619 4584 Quod
2665 4516 2896 4586 apostoli
2943 4515 3266 4585 ministrant,
3318 4513 3553 4569 futuram

1959 4602 2283 4658 divisionem
2313 4604 2580 4660 Dominici
2619 4603 2864 4674 corporis
2894 4611 2946 4658 et
2975 4603 3255 4674 sanguinis
3299 4619 3549 4674 pronun-

1958 4690 2072 4746 tiat.
2110 4692 2344 4764 Caphini
2373 4693 2681 4748 duodecim.
2714 4692 2820 4747 Cur
2847 4692 3088 4765 quinque
3117 4692 3353 4747 millibus
3383 4691 3552 4748 homi-

1958 4796 2089 4835 num
2117 4779 2241 4850 plus
2270 4781 2555 4847 redundat,
2589 4779 2819 4852 quatuor
2864 4782 3105 4836 millibus
3143 4781 3322 4836 minus
3351 4783 3380 4837 ?
3411 4780 3550 4849 Quia

1959 4875 2191 4941 quatuor
2217 4869 2388 4924 millia
2416 4869 2594 4924 triduo
2642 4885 2765 4926 cum
2813 4871 3028 4926 Christo
3075 4869 3312 4940 fuerunt,
3344 4879 3397 4926 et
3425 4869 3550 4925 ideo

1957 4957 2191 5029 amplius
2219 4957 2457 5014 caelestis
2488 4959 2670 5030 pabuli
2701 4967 3048 5030 receperunt.

2027 5055 2196 5111 Vens.
2231 5059 2318 5110 18.
2353 5085 2421 5096 —
2449 5057 2516 5111 Et
2547 5059 2769 5128 factum
2799 5061 2903 5112 est.
2937 5057 3063 5112 Post
3084 5055 3403 5113 miraculum
3425 5072 3551 5114 cum

1956 5145 2130 5199 turbae
2160 5143 2361 5201 vellent
2391 5159 2516 5200 eum
2546 5144 2732 5201 facere
2761 5161 2969 5219 regem,
3004 5145 3237 5202 dimissa
3267 5147 3453 5213 turba,
3494 5147 3549 5202 fu

1955 5233 2034 5307 git
2062 5241 2116 5289 et
2145 5233 2392 5290 ascendit
2421 5234 2477 5288 in
2505 5242 2747 5291 montem
2777 5236 2924 5292 solus
2953 5250 3136 5302 orare,
3171 5242 3225 5291 ct
3253 5243 3545 5308 antequam

1954 5322 2206 5394 discipuli
2263 5323 2623 5380 escenderent
2668 5324 2724 5379 in
2765 5325 3094 5395 naviculam,
3145 5325 3375 5380 aderant
3419 5337 3541 5378 cum

1953 5411 2092 5482 ipso.
2129 5412 2250 5482 Ipse
2280 5419 2459 5466 autem
2490 5413 2638 5468 solus
2669 5421 2791 5469 orat
2835 5415 3066 5469 Patrem.
3119 5414 3348 5468 Possunt
3394 5408 3537 5463 enim

1954 5498 2122 5554 sancti
2152 5497 2256 5554 fide
2287 5506 2339 5554 et
2377 5516 2562 5556 amore
2608 5502 2842 5557 Domino
2887 5501 3162 5573 conjungi,
3195 5507 3247 5553 et
3276 5511 3398 5551 eum
3427 5496 3533 5548 ho-

1953 5587 2189 5645 minibus
2219 5588 2660 5647 excellentiorem
2702 5589 2918 5657 intueri,
2969 5597 3022 5644 et
3067 5581 3534 5643 conversationem
