3932 6178
356 240 464 298 2'79
744 184 751 201 ἱ
875 237 1282 298 WALAFRIDI
1319 235 1564 293 STRABI
1600 233 1798 291 FULD.
1839 230 2012 289 MON.
2055 227 2209 285 OPP.
2248 226 2426 285 PARS
2462 226 2505 282 Ι.
2546 256 2617 268 -
2651 222 3123 282 THEOLOGICA.
3550 225 3659 279 280

369 369 486 439 ejus
514 364 572 421 in
599 380 766 423 carne
794 364 1047 437 passibus
1075 362 1392 418 humilitatis
1423 359 1702 432 subsequi,
1747 358 1844 413 sed
1873 357 1962 411 in-
1982 357 2038 418 A
2066 351 2330 425 promittit
2369 352 2580 423 aliquos
2625 351 2694 406 de
2736 348 3019 421 discipulis
3075 347 3291 439 visuros
3345 344 3668 439 dilationem

372 434 890 528 comprehensibilia
943 462 1184 525 paterna:
1240 449 1523 522 positionis
1567 451 1768 503 arcana
1815 445 1964 501 solus
2065 440 2330 499 Ecclesiae
2358 449 2645 512 antequam
2673 456 2775 510 per
2802 446 3034 528 mortem
3066 436 3325 528 recedant
3344 436 3415 528 de
3432 434 3664 528 mundo,

372 523 638 617 penetrat,
675 553 729 599 et
758 542 907 599 solus
937 523 1082 613 quod
1124 541 1392 597 orandum
1438 537 1604 606 novit,
1654 544 1794 592 orat.
1829 535 1966 590 Cum
2065 539 2123 587 ut
2151 531 2208 585 in
2235 529 2492 602 praesenti
2519 536 2708 585 contra
2733 526 2924 617 mundi
2949 526 3180 599 gloriam
3210 525 3409 596 erecti,
3460 523 3667 581 certius

373 615 658 704 discipulis
700 640 883 688 autem
928 647 1038 686 non
1094 628 1365 699 reperitur
1410 641 1619 695 orasse,
1672 625 1770 680 sed
1816 624 1967 680 solus
2067 619 2363 677 credantur
2391 618 2449 673 in
2475 617 2615 674 ccnlo
2644 615 2944 690 regnaturi.

375 722 649 791 obsecrat,
682 719 811 792 quia
837 717 938 775 Dei
965 717 1248 774 consilium
1278 717 1517 771 humana
1545 714 1716 771 corda
1743 729 1854 768 non
1874 728 1967 768 ca-

370 810 544 881 piunt,
604 823 707 865 nec
763 808 1048 879 quisquam
1102 813 1282 876 potest
1328 804 1646 859 interiorum
1692 802 1966 873 particeps

374 913 499 954 esse
529 913 651 953 cum
680 895 913 951 Christo.
952 897 1123 964 Quem
1141 910 1231 949 me
1251 895 1449 949 dicunt
1469 908 1586 948 esse
1621 892 1796 947 turba:
1817 895 1839 946 ?
1857 889 1968 944 Ex-

371 986 681 1056 ploratums
709 983 872 1039 ﬁdem
900 981 1314 1053 discipulorum,
1359 981 1513 1052 prius
1561 979 1710 1052 vulgi
1748 986 1965 1034 senten-

371 1073 501 1128 tiam
538 1071 779 1143 inquirit,
815 1088 883 1126 ne
913 1071 1287 1142 apostolorum
1331 1068 1469 1124 ﬁdes
1515 1067 1727 1122 ﬁrmata
1774 1066 1965 1123 videa-

371 1169 458 1217 tur
484 1160 696 1231 vulgari
726 1159 1001 1230 Opinione,
1035 1160 1133 1214 sed
1165 1158 1406 1215 veritatis
1436 1156 1732 1228 agnitione.
1774 1155 1965 1210 Merito

370 1249 545 1304 turbae
574 1248 925 1305 nominantur
972 1263 1092 1319 quae,
1122 1247 1367 1302 diversas
1413 1246 1484 1300 de
1523 1245 1756 1300 Domino
1787 1242 1967 1298 ferunt

372 1337 686 1407 sententias,
722 1352 957 1408 quorum
988 1350 1170 1391 sermo
1199 1343 1252 1390 et
1283 1351 1476 1389 sensus
1504 1332 1769 1388 instabilis
1799 1339 1882 1387 est
1912 1338 1966 1386 et

369 1439 567 1497 vagus,
616 1441 648 1479 a
694 1424 893 1496 quibus
940 1439 1069 1479 suos
1118 1422 1459 1493 distinguens
1503 1422 1597 1477 ait.
1648 1422 1742 1477 Vos
1772 1424 1965 1476 autem

377 1530 542 1589 quem
568 1529 660 1569 me
688 1528 807 1569 esse
836 1513 1026 1568 dicitis
1057 1516 1081 1567 ?

446 1602 618 1658 Vnus.
644 1602 1083 1657 tit—Joannem
1104 1600 1438 1673 Baptistam.
1455 1596 1653 1669 Opinio
1673 1596 1742 1651 de
1758 1597 1965 1653 Joanne

369 1688 495 1746 ideo
526 1688 665 1744 forte
696 1697 829 1754 erat,
864 1688 988 1759 quia
1007 1688 1063 1741 in
1083 1694 1239 1743 utero
1267 1686 1458 1741 matris
1488 1686 1715 1757 positus,
1749 1684 2035 1775 DominiB

372 1776 723 1849 prresentiam
771 1775 1051 1831 sentiebat.
1104 1776 1185 1831 De
1231 1775 1372 1843 Elia,
1416 1774 1541 1847 quia
1582 1781 1768 1845 raptus
1798 1773 1965 1828 estin

372 1865 593 1934 coelum,
627 1873 679 1920 et
707 1873 969 1921 venturus
1014 1863 1272 1921 creditur.
1320 1864 1400 1919 De
1446 1862 1701 1931 Ieremia,
1754 1861 1882 1933 quia
1911 1861 1966 1915 in

368 1954 558 2011 matris
589 1960 744 2009 utero
773 1951 1138 2009 sanctiﬁcatus
1168 1960 1270 2007 est.

441 2052 611 2107 Vnus.
635 2053 725 2109 20.
748 2080 818 2091 —
845 2051 938 2107 Vos
959 2054 1172 2106 autem.
1206 2048 1311 2117 Qui
1341 2054 1539 2104 tractat
1567 2047 1730 2103 debet
1748 2046 1965 2102 audien-

369 2139 504 2195 tium
533 2138 887 2195 considerare
913 2152 1201 2209 personas,
1234 2153 1303 2192 ne
1321 2136 1474 2207 prius
1493 2137 1781 2193 irrideatur
1800 2151 1965 2208 quam

372 2227 638 2285 audiatur.
692 2227 979 2285 Christum
1017 2228 1134 2282 Dei.
1169 2225 1495 2296 Complexus
1526 2233 1608 2280 est
1637 2225 1837 2294 omnia,
1872 2224 1964 2296 qui

369 2325 425 2374 et
469 2324 718 2372 naturam
766 2323 819 2371 et
864 2331 1064 2370 nomen
1112 2314 1398 2386 expressit.
1457 2314 1519 2368 In
1557 2313 1776 2369 nomine
1820 2313 1964 2369 enim

372 2404 575 2461 Christi
605 2412 657 2460 et
686 2403 979 2461 divinitatis
1025 2411 1078 2459 et
1123 2402 1513 2459 incarnationis
1560 2410 1642 2458 est
1685 2402 1963 2474 expressio

2136 761 2307 816 Vsus.
2340 763 2431 818 28.
2462 789 2531 798 -
2559 761 2691 815 Post
2712 758 2827 814 haec
2846 758 3027 813 verba.
3052 755 3154 811 Alii
3176 755 3269 828 qui
3289 764 3387 811 sex
3404 754 3531 811 dies
3549 762 3667 809 tan-

2068 856 2180 903 tum
2206 855 2492 903 numerant
2520 854 2643 917 post
2672 862 2766 901 sex
2805 853 2993 901 aetates
3032 844 3217 900 saeculi
3257 843 3464 901 sanctis
3510 859 3543 897 a
3580 844 3666 897 la-

2065 937 2196 991 bore
2246 934 2635 1008 quiescendum
2683 934 2917 1006 signant.
2968 933 3140 988 Lucas
3185 933 3277 1005 qui
3323 941 3377 987 et
3423 932 3668 1003 primum

2067 1040 2176 1096 quo
2204 1023 2553 1094 promittitur,
2595 1030 2648 1077 et
2679 1022 2926 1077 ultimum
2956 1037 3063 1092 quo
3091 1020 3380 1091 promissio
3408 1021 3670 1090 impletur

2066 1119 2439 1179 connumerat,
2489 1119 2676 1167 octava
2724 1110 2895 1164 innuit
2922 1110 3507 1180 resurgendum.Nam
3530 1111 3667 1165 sicut

2066 1200 2311 1255 Christus
2358 1207 2481 1271 post
2510 1208 2712 1254 sextam
2744 1199 2968 1265 sabbati,
3003 1214 3105 1269 qua
3135 1213 3355 1254 crucem
3394 1199 3663 1267 ascendit,

2066 1296 2117 1344 et
2145 1296 2266 1359 post
2309 1288 2593 1360 septimam
2626 1288 2851 1354 sabbati,
2903 1302 3012 1359 qua
3047 1287 3103 1340 in
3143 1286 3395 1357 sepulcro
3432 1286 3661 1359 quievit,

2065 1385 2257 1433 octava
2281 1376 2370 1431 die
2400 1376 2690 1432 resurrexit
2721 1394 2734 1430 :
2770 1376 2850 1432 sic
2878 1391 2979 1431 nos
2997 1382 3121 1446 post
3140 1390 3234 1430 sex
3256 1375 3444 1431 surculi
3476 1382 3665 1431 aetates

2068 1466 2261 1537 quibus
2286 1481 2389 1536 pro
2419 1465 2653 1520 Domino
2694 1464 2929 1535 patimur
2973 1472 3027 1519 et
3064 1464 3394 1533 laboramus,
3443 1471 3501 1519 et
3540 1471 3666 1535 post

2066 1554 2349 1624 septimam
2380 1554 2575 1625 quietis
2606 1552 2905 1608 animarum
2943 1568 3065 1625 quas
3093 1552 3310 1608 interim
3335 1553 3391 1606 in
3421 1552 3528 1607 alia
3554 1552 3663 1607 vita

2065 1642 2293 1715 geritur,
2344 1649 2531 1698 octava
2575 1648 2730 1697 aetate
2776 1656 3149 1714 resurgemus.
3198 1642 3521 1713 Assumpsit
3557 1643 3665 1696 Pc-

2065 1734 2238 1786 trum.
2284 1730 2415 1785 Tres
2459 1737 2663 1784 tantum
2709 1730 2857 1798 dicit,
2904 1730 3028 1802 quia
3074 1730 3246 1786 multi
3283 1730 3467 1786 vocati
3487 1733 3666 1802 pauci

2067 1819 2234 1875 electi
2280 1818 2635 1889 (Matth.xx\,
2696 1826 2749 1874 et
2779 1818 2872 1890 qui
2925 1818 3087 1873 ﬁdem
3116 1817 3389 1872 Trinitatis
3434 1817 3667 1873 inviola-

2064 1914 2173 1961 tam
2213 1914 2446 1973 servant,
2496 1914 2693 1963 mterna
2734 1915 3009 1962 merentur
3052 1905 3261 1963 visione
3304 1906 3494 1961 laetari.
3548 1906 3667 1964 Scit

2065 1994 2379 2049 meritorum
2410 1996 2661 2068 cognitor
2696 1994 3048 2067 perfectiores
3086 1993 3254 2049 fuisse
3294 1994 3507 2050 caeteris
3544 2003 3664 2050 tres

2066 2082 2362 2154 apostolos.
2394 2083 2622 2158 Signant
2648 2083 2769 2138 illos
2786 2068 2881 2156 qui
2907 2084 3105 2139 habent
3125 2081 3308 2153 ﬁdem,
3332 2098 3509 2154 spem,
3532 2084 3665 2138 cha-

2065 2172 2296 2226 ritatem.
2347 2171 2447 2228 Vel
2479 2188 2579 2243 per
2615 2173 2853 2239 Petrum,
2893 2171 3169 2243 praepositi
3206 2171 3322 2226 sive
3361 2171 3663 2245 conjugati,

2062 2276 2163 2332 per
2188 2260 2449 2315 Iacobum
2479 2260 2802 2331 poenitentes
2832 2260 2920 2317 vel
2946 2260 3202 2328 actuales,
3246 2276 3345 2334 per
3368 2261 3659 2328 Joannem,

2064 2347 2308 2421 virgines
2335 2348 2421 2404 vel
2451 2348 2696 2404 theorici.

370 2500 425 2548 et
452 2490 591 2549 ﬁdes
618 2491 910 2564 passionis.
944 2491 1243 2549 Haereticus
1273 2491 1376 2548 etsi
1404 2507 1606 2548 nomen
1633 2491 1834 2547 Christi
1853 2507 1964 2547 non
2134 2491 2305 2546 Vnus.
2336 2494 2426 2548 29.
2476 2521 2547 2533 -—
2582 2494 2653 2549 Et
2680 2494 2870 2563 factus
2916 2496 3021 2548 est.
3070 2490 3507 2565 Transﬁguratus
3548 2509 3667 2551 non

370 2589 540 2655 negat
585 2581 861 2638 Christum
907 2588 1087 2638 tamen
1133 2588 1318 2655 negat,
1371 2581 1464 2653 qui
1489 2596 1601 2638 non
1629 2581 1815 2637 omnia
1840 2597 1964 2653 quae
2065 2578 2425 2638 substantiam
2472 2596 2614 2636 verae
2661 2580 2837 2636 carnis
2882 2580 3079 2647 amisit,
3130 2581 3230 2636 sed
3275 2581 3527 2655 gloriam,
3570 2583 3663 2638 vel

368 2668 570 2728 Christi
599 2678 725 2726 sunt
753 2669 1057 2727 conﬁtetur.
2065 2684 2179 2724 suae
2224 2668 2313 2725 vel
2358 2675 2556 2725 nostras
2602 2669 3012 2726 resurrectionis
3052 2669 3306 2740 ostendit,
3354 2670 3446 2742 qui
3484 2671 3668 2744 qualis

437 2770 609 2827 Vnus.
631 2772 721 2829 2i.
743 2798 813 2808 —
833 2761 1107 2841 Praecepit
1134 2784 1225 2837 ne,
1259 2774 1365 2824 etc.
1398 2766 1558 2822 Iubet
1588 2774 1771 2822 tacere
1800 2765 1963 2823 disci-
2063 2763 2190 2813 tunc
2220 2758 2502 2828 apostolis,
2535 2757 2655 2813 talis
2684 2766 2808 2830 post
2833 2758 3097 2827 judicium
3140 2758 3348 2814 cunctis
3377 2760 3667 2833 apparebit

442 2858 527 2901 Ine
556 2865 611 2901 nt
641 2857 789 2901 fnllnt
836 2857 1136 2901 nrinninpm
1187 2857 1393 2901 mundi-
1431 2865 1485 2901 pt
1513 2862 1570 2901 nt.
1612 2855 1848 2901 declinet
1876 2856 1962 2901 in—
2064 2845 2270 2901 electis.
2315 2846 2454 2901 Nam
2499 2847 2556 2901 in
2597 2848 2716 2901 iDSO
2760 2848 2959 2901 iudicio
3005 2856 3058 2901 et
3099 2848 3256 2901 bonis
3301 2855 3355 2901 et
3398 2848 3556 2901 malis
3604 2849 3667 2901 in

406 2858 527 2915 ulos
556 2865 614 2913 ut
640 2857 789 2914 fallat
836 2857 1139 2915 principem
1187 2857 1395 2915 mundi.
1431 2865 1485 2913 et
1513 2862 1570 2911 ut
1612 2855 1848 2912 declinet
1871 2856 1962 2915 ia-
2064 2846 2270 2902 electis.
2315 2846 2454 2902 Nam
2499 2847 2556 2901 in
2597 2848 2716 2915 ipso
2754 2848 2959 2915 judicio
3005 2856 3058 2903 et
3099 2848 3256 2904 bonis
3301 2855 3355 2903 et
3398 2848 3556 2905 malis
3602 2849 3667 2906 in

366 2864 527 2932 pulos
556 2865 614 2913 ut
640 2864 789 2914 fallat
836 2864 1139 2930 principem
1187 2864 1395 2926 mundi,
1431 2865 1485 2913 et
1513 2864 1570 2911 ut
1612 2864 1848 2912 declinet
1870 2864 1962 2925 ja-
2064 2864 2270 2902 elecus.
2315 2864 2454 2902 nam
2499 2864 2556 2901 in
2597 2864 2716 2919 ipso
2754 2864 2959 2917 Juaicio
3005 2864 3058 2903 et
3099 2864 3256 2904 nonis
3301 2864 3355 2903 et
3398 2864 3556 2905 matis
3602 2866 3662 2906 in

364 2946 642 3017 ctantiam,
678 2947 874 3004 doceat
902 2946 1277 3002 humilitatem.
1311 2944 1483 3002 Simul
1510 2961 1578 3000 ne
1599 2945 1777 3000 adhuc
1798 2944 1962 3000 rudes
2064 2932 2237 2991 forma
2267 2934 2409 2992 servi
2446 2936 2724 3007 apparebit
2760 2944 2819 2993 ut
2852 2937 3071 2994 videant
3106 2937 3162 2992 in
3202 2953 3365 3009 quem
3401 2954 3662 3012 pupuge-

363 3042 418 3093 et
444 3036 752 3109 imperfecti
796 3034 1049 3108 discipuli
1093 3034 1315 3105 majoris
1362 3033 1766 3107 praedicationis
1809 3033 1954 3090 mole

362 3125 823 3185 onurimerentur.

2065 3032 2204 3079 runt.
2253 3026 2325 3080 Et
2366 3027 2604 3082 vestitus
2636 3029 2776 3098 ejus.
2826 3026 3018 3083 Vestes
3051 3026 3267 3083 Domini
3313 3027 3486 3084 sancti
3532 3037 3663 3083 sunt

2065 3113 2157 3184 qui
2187 3113 2456 3170 Christum
2485 3114 2795 3170 induerunt.
2835 3114 2969 3185 Quae
2999 3116 3165 3172 vestis
3192 3116 3428 3171 Domino
3457 3116 3513 3171 in
3543 3126 3663 3172 ter-

474 3142 823 3181 nmerentur,
2064 3142 2157 3181 qui
2187 3142 2456 3170 υιιιιδιιιιιι
2485 3142 2795 3170 iuuucruut.
2835 3142 2969 3181 uua:
3003 3142 3165 3172 νυδιιδ
3192 3142 3428 3171 υυιιιιιιυ
3457 3142 3513 3171 ιιι
3546 3142 3663 3172 ter-

398 3142 823 3199 ppnmerentur,
2064 3142 2157 3184 qui
2187 3142 2456 3170 υιιιιδιιιιιι
2485 3142 2795 3170 iuuucruut.
2835 3142 2969 3185 uua:
3003 3142 3165 3172 νυδιιδ
3192 3142 3428 3171 υυιιιιιιυ
3457 3142 3513 3171 ιιι
3546 3142 3663 3172 ter-

433 3232 605 3288 νω.
636 3234 727 3289 23.
759 3260 830 3273 _
857 3230 1084 3287 Dicebat
1125 3233 1336 3286 autem.
1384 3227 1518 3299 Qua,
1547 3228 1618 3284 ad
1646 3227 1811 3284 ﬁdem
1838 3229 1955 3285 ΒΟ,
2058 3201 2133 3256 ris
2162 3202 2516 3299 consistente.
2542 3203 2912 3275 despicabilis,
2977 3211 3030 3260 et
3057 3203 3285 3260 aliorum
3315 3203 3510 3259 similis
3542 3206 3665 3261 visa

360 3319 576 3377 minicm
630 3318 922 3376 nativitatis
976 3318 1065 3375 vel
1136 3290 1433 3389 passionis.
1473 3317 1763 3389 pertinent,
1825 3318 1956 3373 solis

2065 3298 2176 3359 est,
2217 3291 2315 3346 sed
2360 3290 2592 3347 Domino
2638 3299 2881 3347 montem
2921 3293 3251 3349 ascendente
3291 3293 3481 3366 fulget,
3533 3295 3662 3366 quia

363 3422 615 3467 seorsum
645 3407 927 3480 discipulis
949 3406 1180 3479 aperuit,
1205 3406 1302 3461 sed
1316 3407 1435 3461 haec
1454 3406 1525 3461 ad
1544 3421 1754 3461 omnes.
1779 3406 1958 3462 Abne-
2056 3379 2311 3483 "Pndf‘m
2338 3383 2609 3499 αΡΡανίξι
2637 3381 2780 3499 (ἰξίίξ
2791 3382 3026 3484 Primus:
3060 3381 3157 3484 “"1
3189 3382 3660 3499 ίίξῖίάθῗιῖξίζηίίεε

362 3502 455 3572 get
483 3498 866 3570 semetipsum.
897 3495 1017 3552 Nisi
1047 3494 1168 3567 quis
1198 3508 1231 3550 a
1258 3494 1439 3566 seipso
1460 3492 1693 3564 deﬁciat,
1728 3493 1800 3549 ad
1831 3510 1958 3550 eum

372 3586 456 3610 ...-:
491 3602 655 3610 _-........
685 3602 742 3610 -_
776 3593 853 3610 --ι
883 3600 989 3610 ..Α-
1024 3584 1421 3610 -......A..:_....-s
1447 3600 1461 3610 .
1497 3590 1543 3610 ,ιι
1574 3582 1866 3610 ...Αηειηιλκη
1887 3583 1953 3610 ..Δ

2065 3470 2111 3525 ei
2130 3470 2366 3534 erimus,
2384 3470 2604 3541 quando
2624 3470 2930 3526 videbimus
2950 3487 3080 3527 eum
3097 3472 3270 3528 sicuti
3291 3475 3397 3526 est.
3419 3471 3521 3527 Vel
3540 3487 3662 3528 ves-

2065 3556 2283 3610 timenta
2308 3556 2458 3610 verbi
2489 3572 2771 3610 sermones
2801 3566 2924 3610 sunt
2952 3558 3365 3610 Scrinturarum.
3414 3567 3469 3610 et
3500 3577 3660 3610 mise-

367 3557 461 3661 ξτυί
489 3602 655 3658 super
678 3557 744 3642 se
773 3593 855 3641 est
883 3600 993 3641 non
1022 3557 1461 3656 appropinquat:
1494 3590 1547 3638 et
1574 3557 1871 3639 novitatem
1885 3583 1957 3640 ad
2052 3557 2283 3661 timent-aa
2304 3557 2458 3661 ‘verbi
2489 3572 2771 3661 sermones
2801 3558 3365 3661 S_llfllnscl'ipturgnlm:
3398 3567 3469 3658 ,ει

364 3644 531 3748 quam
554 3644 804 3742 vocatur,
838 3690 949 3731 non
975 3644 1353 3746 apprehendit,
1376 3671 1482 3727 nisi
1499 3680 1698 3729 mactet
1718 3679 1957 3729 vetusta-

2065 3644 2183 3699 dam
2229 3645 2543 3701 indumenta
2599 3646 2768 3703 divini
2809 3647 3133 3704 intellectus.
3186 3648 3322 3717 Quia
3366 3648 3507 3706 sicut
3552 3649 3661 3706 illis

364 3733 495 3833 tem,
526 3764 583 3820 in
614 3780 719 3838 qua
745 3733 903 3820 natus
924 3733 1027 3819 fuit
1101 3771 1154 3820 et
1183 3778 1309 3819 cum
1338 3733 1520 3819 cessat
1548 3777 1583 3818 a
1608 3760 1752 3820 vitiis
1778 3759 1959 3835 exqui-
2058 3733 2318 3838 apf’ﬁtcflis
2432 3734 2601 3838 alie”
2630 3734 2841 3838 δῐξξδοίθδ
2862 3737 3108 3838 “FPM?”
3127 3735 3245 3836 ίΡξθ
3266 3737 3511 3838 θίνξδξίε
3540 3738 3661 3807 eius

358 3861 445 3910 rat
475 3822 648 3911 etiam;
666 3853 914 3923 virtutes,
947 3822 1094 3908 unde
1122 3851 1469 3924 subjungitur
1500 3868 1514 3904 :
1864 3822 1880 3835 ³
2057 3822 2288 3893 malls“:
2318 3823 2424 3924 “ita
2539 3824 2736 3924 ‘OCPHS
2793 3825 2992 3880 mentis
3045 3833 3151 3880 “139
3191 3826 3305 3895 iam
3353 3826 3659 3883 diVinamm

2058 3927 2253 3968 sensus
2283 3912 2511 3969 albescit
2537 3912 2845 3969 lectionem.

430 3960 605 4017 Vnus.
632 3962 724 4019 24.
746 3990 817 4001 —
842 3961 984 4016 Nam
1000 3959 1113 4032 qui.
1139 3955 1367 4029 (Gnnc).
1393 3956 1544 4013 Sicut
1560 3956 1958 4027 persecutionis

357 4056 606 4119 tempore
649 4047 908 4119 ponenda
943 4053 1028 4102 est
1070 4045 1269 4114 anima,
1304 4044 1380 4099 ita
1407 4044 1462 4099 in
1491 4059 1625 4116 pace
1654 4043 1959 4118 frangenda
2128 4054 2299 4110 Vnus,
2332 4057 2420 4110 3o,
2472 4084 2541 4096 _
2578 4056 2716 4112 Εοοθ
2744 4056 2851 4113 duo
2877 4057 3008 4112 υίνιί,
3050 4056 3362 4112 Notandum
3394 4065 3500 4126 est,
3547 4073 3655 4114 non

364 4142 489 4190 sunt
547 4134 824 4191 desideria
876 4141 1112 4203 terrena,
1157 4140 1215 4188 ut
1263 4138 1466 4204 quanto
1521 4132 1738 4188 videtur
1793 4134 1957 4190 homo
2058 4157 2292 4215 corpora
2318 4143 2404 4200 vel
2447 4143 2652 4198 animas
2679 4143 2816 4199 Elia:
2845 4143 2932 4201 vel
2954 4144 3133 4216 Moysi
3162 4145 3502 4217 apparuisse,
3558 4145 3655 4203 sed

366 4222 634 4292 securior,
666 4230 815 4279 tanto
845 4222 915 4277 εἱῑ
942 4221 1013 4278 ad
1043 4220 1128 4276 sui
1158 4220 1461 4277 custodiam
1492 4219 1793 4277 SOlliClliOI‘.
2056 4247 2123 4287 ex
2172 4231 2354 4304 aliqua
2402 4233 2643 4301 subjecta
2691 4241 2946 4289 creatura
3001 4232 3095 4288 illa
3150 4249 3378 4305 corpora
3424 4232 3660 4291 formata

434 4340 605 4397 γης,
635 4341 726 4397 26,
759 4368 829 4379 ...
856 4339 1018 4395 Hum;
1046 4337 1202 4408 fmus
1233 4337 1499 4393 hominis,
1522 4336 1648 4392 Non
1669 4336 1865 4395 sufﬁcit
1886 4338 1958 4395 ad
2056 4319 2224 4376 fuisse
2256 4338 2269 4375 :
2301 4327 2482 4392 potest
2511 4321 2676 4377 etiam
2707 4322 2858 4378 credi
2896 4321 3146 4395 angelico
3182 4322 3485 4378 ministerio
3524 4323 3657 4380 illud

358 4428 740 4502 probationem
769 4425 897 4483 ﬁdei
926 4441 1030 4484 vox
1057 4423 1436 4497 professionis,
1469 4441 1631 4497 quam
1659 4425 1901 4483 defendit
1926 4443 1957 4483 a
1977 4436 2030 4497 D
2056 4408 2254 4502 ξῗοῑωη
2284 4426 2427 4477 esse:
2461 4417 2519 4502 Ψ
2547 4410 2727 4483 ﬁnge“
2757 4426 2943 4467 eorum
2986 4426 3252 4502 Ρθῐῖεοιῖἓε
3291 4421 3654 4502 “ﬁniam”-

360 4498 690 4575 verecundja
716 4515 988 4590 professio
1017 4514 1408 4590 generalitatis,
2055 4499 2299 4590 Mortuus
2329 4507 2382 4555 et
2429 4499 2586 4556 vivus
2629 4507 2904 4590 apparent,
2944 4507 3003 4555 ut
3040 4498 3348 4590 signiﬁcent
3386 4501 3657 4557 Christum

2056 4587 2376 4643 moriturum
2419 4596 2472 4644 et
2515 4596 2639 4659 post
2682 4588 2968 4659 victurum,
3019 4596 3074 4644 et
3117 4598 3175 4644 ut
3210 4589 3457 4646 vivamus
3504 4591 3658 4647 Chri-

2057 4685 2160 4747 sto,
2191 4685 2244 4733 et
2271 4676 2568 4733 moriamur
2595 4678 2816 4733 mundo.
2850 4677 3027 4733 Etiam
3048 4678 3306 4749 apostolis
3327 4680 3419 4735 dat
3438 4682 3657 4754 signum

2055 4766 2123 4821 de
2155 4766 2313 4836 caelo,
2344 4774 2403 4821 ut
2431 4764 2568 4822 ﬁdes
2608 4782 2797 4823 eorum
2834 4774 3114 4839 augeatur.
3157 4767 3266 4823 Sed
3306 4768 3503 4824 scribis
3533 4777 3657 4825 ten-

2054 4855 2290 4910 tantibus
2319 4855 2450 4911 dare
2480 4855 2667 4922 noluit,
2718 4864 2776 4911 ut
2804 4856 3200 4911 indurarentur.
3248 4858 3433 4912 Erant
3461 4863 3660 4915 autem

2055 4945 2277 5016 Moyses,
2325 4949 2380 5000 et
2409 4946 2564 5001 Elius
2596 4946 2726 5001 visi.
2764 4945 2870 5000 Per
2894 4945 3138 5016 Moysen,
3180 4943 3516 5014 infernales;
3556 4963 3661 5018 per

2054 5032 2248 5101 Eliam,
2294 5031 2584 5100 caelestes;
2626 5049 2728 5104 per
2757 5032 3054 5104 apostolos,
3096 5040 3379 5090 terrestres
3409 5035 3479 5090 ad
3515 5036 3660 5105 judi-

2055 5121 2198 5177 cium
2229 5122 2440 5178 venturi
2468 5121 2866 5195 signiﬁcantur.

434 4641 602 4697 Vnus.
625 4644 715 4700 27.
739 4670 809 4682 —
829 4641 1019 4714 Aliqui
1036 4640 1126 4697 hic
1145 4642 1385 4695 stantes.
1412 4636 1518 4706 Qui
1539 4644 1641 4694 stat
1660 4650 1786 4694 cum
1806 4637 1958 4695 Chri-

362 4735 446 4787 sto
493 4743 603 4785 non
646 4735 827 4801 gustat
881 4736 1132 4797 mortem,
1185 4728 1313 4799 quia
1358 4742 1461 4783 nec
1507 4733 1725 4783 tenuem
1766 4727 1954 4783 mortis

362 4815 583 4874 aeternae
628 4832 849 4872 sensum
893 4816 1134 4886 habebit,
1169 4816 1261 4889 qui
1290 4815 1491 4872 Christi
1527 4816 1805 4872 consortia
1832 4833 1954 4872 me-

355 4905 547 4973 ruerit,
580 4905 668 4963 cui
697 4918 801 4960 nec
828 4903 885 4958 in
913 4912 1089 4960 morte
1116 4905 1528 4977 interrumpitur
1557 4905 1695 4961 ordo
1713 4905 1949 4963 vivendi.

358 4996 544 5051 Donec
572 4994 801 5051 videant
830 5009 1086 5064 regnum.
1120 4991 1262 5062 Quia
1291 4995 1520 5049 arduum
1572 5001 1688 5051 erat
1715 4994 1953 5050 animam

356 5081 637 5155 periculis,
671 5096 866 5152 corpus
895 5081 1058 5136 morti
1088 5080 1307 5149 offerre,
1348 5090 1617 5138 sustentat
1664 5082 1952 5139 inﬁrmita-

358 5178 471 5227 tem
499 5172 751 5226 humanae
779 5169 975 5225 mentis
1002 5170 1443 5227 remuneratione
1481 5173 1850 5242 praesentium,
1884 5189 1955 5230 ne

360 5259 646 5334 frangatur
671 5258 1049 5329 desperatione
1078 5259 1166 5315 vel
1197 5259 1375 5315 taedio.
1402 5260 1533 5315 Visa
1561 5261 1706 5316 enim
1753 5270 1956 5319 aeterna
2125 5264 2294 5320 Vsus.
2328 5268 2416 5321 3t.
2444 5295 2513 5305 —
2539 5265 2810 5322 Dicebant
2838 5280 3154 5322 excessum.
3182 5312 3183 5315 η
3214 5266 3453 5338 Moyses,
3485 5266 3540 5322 id
3572 5275 3660 5324 est

358 5348 556 5422 gloria,
592 5347 695 5404 etsi
723 5347 949 5403 transitu
979 5355 1032 5404 et
1059 5348 1129 5404 ad
1156 5349 1323 5405 breve
1369 5358 1725 5418 momentum,
1756 5350 1952 5408 fortio-
2052 5352 2352 5426 legislator,
2404 5360 2458 5409 et
2501 5353 2653 5409 Elias
2695 5354 3083 5425 prophetarum
3120 5352 3349 5409 eximius
3389 5364 3662 5427 apparent

357 5454 450 5495 res
478 5444 663 5494 tamen
692 5443 885 5494 contra
929 5436 1120 5493 mundi
1164 5437 1400 5493 adversa
1446 5438 1768 5496 redduntur.
1818 5441 1955 5503 Pro-
2053 5458 2177 5499 cum
2206 5443 2396 5511 verbo,
2427 5450 2484 5498 ut
2515 5443 2804 5499 ostendant
2842 5442 3019 5514 ipsum
3050 5458 3174 5499 esse
3203 5442 3295 5515 qui
3320 5442 3535 5499 locutus
3566 5452 3657 5500 est

360 5526 520 5584 mittit
547 5526 730 5599 itaque
759 5524 994 5581 futuram
1040 5525 1276 5599 gloriam
1304 5526 1359 5582 in
1390 5528 1618 5584 transitu
1661 5528 1953 5586 videndam
2053 5531 2109 5585 in
2136 5531 2260 5604 lege
2289 5540 2342 5587 et
2369 5531 2664 5603 prophetis,
2716 5539 2769 5588 et
2799 5547 2958 5604 quem
2987 5530 3074 5587 lex
3112 5538 3165 5588 et
3201 5533 3483 5604 prephetae
3520 5549 3654 5605 pro-

358 5616 417 5676 in
445 5625 610 5691 terra,
643 5624 703 5675 ut
748 5614 949 5675 certius
995 5614 1053 5673 in
1099 5614 1238 5675 coelo
1284 5623 1535 5691 speretur
1581 5625 1803 5677 aeterna.
1853 5620 1953 5679 Vel
2052 5620 2335 5692 miserunt,
2368 5621 2459 5698 qui
2488 5637 2597 5680 non
2625 5621 2681 5678 in
2709 5620 2929 5693 inﬁmis,
2954 5622 3052 5678 sed
3073 5621 3128 5679 in
3148 5629 3329 5680 monte
3358 5621 3461 5680 visi
3498 5632 3654 5697 sunt,
