4006 6178
248 244 345 299 281

249 363 375 437 quia

248 469 370 527 qua
397 453 459 509 in
488 451 723 508 Domino
751 450 975 523 impleta
1030 456 1139 519 est,
1198 450 1566 523 perspiciunt.

300 560 478 618 Vens.
510 561 674 616 32.—
688 558 916 614 Gravati
947 561 1114 613 erant
1141 573 1355 613 somno.
1392 556 1852 628 Somnogravan-

238 657 345 717 tur,
380 648 513 721 quia
546 646 839 719 splendore
868 644 1441 717 incomprehensibilis
1482 644 1700 699 deitatis
1732 660 1858 716 pre-

244 737 414 793 mitur
441 752 637 794 sensus
666 734 891 790 humani
903 734 1171 806 corporis.
1192 734 1294 791 Vel
1324 749 1517 789 somno
1528 741 1851 805 gravantur,

242 833 301 882 ut
329 824 755 881 resurrectionis
785 823 1021 897 gloriam
1049 830 1174 894 post
1212 822 1462 894 corporis
1507 822 1746 894 quietem
1776 821 1856 878 vi-

244 915 461 981 derent,
499 922 551 969 et
581 913 756 970 sancti
784 928 850 968 eo
880 911 1065 968 verius
1084 911 1429 982 majestatem
1458 910 1676 965 Domini
1704 909 1856 967 vide-

239 1003 394 1072 bunt,
429 1018 541 1075 quo
570 1003 754 1059 carnis
798 1002 995 1057 suain
1042 1017 1151 1072 qua
1194 1008 1429 1055 mortem
1473 999 1721 1055 vicerant
1761 1000 1860 1054 im-

241 1093 579 1148 mortalitate
608 1091 944 1165 gaudebunt.
978 1091 1130 1146 Tunc
1173 1090 1402 1160 Moysen
1436 1097 1488 1144 et
1518 1089 1700 1143 Eliam
1734 1106 1859 1161 spe-

242 1181 578 1238 culabuntur
620 1180 676 1233 in
715 1180 913 1253 gloria,
967 1178 1096 1250 quia
1133 1178 1329 1232 melius
1370 1177 1675 1249 intelligent
1722 1195 1857 1249 quo-

242 1270 409 1325 modo
440 1287 626 1325 unum
642 1271 760 1325 iota
778 1273 879 1324 aut
898 1284 1048 1323 unus
1061 1284 1209 1340 apex
1221 1284 1338 1323 non
1355 1267 1674 1339 prateribit
1692 1284 1725 1322 a
1742 1267 1858 1339 lege

237 1358 549 1430 (Hatth.v),
584 1366 637 1412 et
668 1356 944 1428 quomodo
962 1355 1229 1411 Dominus
1259 1356 1441 1427 legem
1472 1362 1524 1409 et
1556 1356 1856 1427 prophetas

237 1463 349 1504 non
379 1446 629 1515 solverit,
665 1446 763 1500 sed
799 1444 1200 1517 adimpleverit.
1283 1498 1289 1503 .

307 1562 667 1618 Vnus.33.-—
683 1562 899 1618 Bonum
928 1564 1013 1616 est
1041 1576 1141 1615 nos
1172 1561 1262 1615 hic
1294 1575 1432 1616 esse.
1468 1558 1575 1628 Qui
1605 1558 1676 1614 ad
1706 1574 1856 1614 mon-

239 1657 367 1705 tana
397 1649 802 1706 conscenderat
832 1640 941 1704 non
978 1647 1091 1704 vult
1120 1648 1190 1703 ad
1229 1655 1449 1704 terrena
1492 1648 1851 1720 descendere,

238 1740 331 1796 sed
365 1755 595 1810 semper
622 1738 679 1792 in
707 1736 926 1792 sublimi
955 1753 1336 1809 perseverare,
1372 1744 1425 1792 et
1457 1745 1539 1791 est
1569 1738 1763 1792 Petrus
1801 1725 1927 1791 inB

236 1844 482 1900 persona
509 1826 936 1901 ingredientium
967 1842 1202 1899 regnum
1232 1825 1351 1881 Dei.
1387 1827 1604 1882 Bonum
1637 1830 1722 1881 est
1753 1843 1854 1882 nos

236 1919 324 1975 hic
351 1933 500 1973 esse.
534 1917 744 1971 Bonum
773 1923 855 1970 est
885 1914 942 1969 in
970 1931 1144 1987 regno
1175 1914 1277 1969 Dei
1309 1930 1449 1970 esse.
1485 1913 1655 1982 Quasi
1684 1913 1849 1971 dicat:

237 2005 350 2062 Nos
381 2004 491 2061 soli
521 2005 628 2059 hac
667 2004 790 2060 luce
822 2003 1086 2072 fruemur,
1129 2019 1239 2059 non
1274 2003 1447 2058 Judai
1486 2002 1673 2058 invidi.
1726 2006 1855 2060 Tria

238 2094 635 2152 tabernacula.
683 2093 745 2149 Id
802 2100 902 2161 est,
960 2092 1152 2160 verba,
1214 2090 1596 2164 cogitationes,
1658 2108 1847 2163 opera.

248 2186 432 2242 Unum
461 2184 653 2255 Moysi.
688 2180 975 2250 Quomodo
1002 2188 1236 2237 noscunt
1274 2196 1412 2252 quos
1442 2189 1605 2236 antea
1633 2197 1744 2237 non
1773 2181 1851 2237 vi-

236 2274 455 2330 derunt.
492 2273 600 2327 Per
629 2271 971 2340 majestatem
1002 2286 1169 2341 super
1198 2285 1295 2325 eos
1336 2269 1664 2339 venientem,
1712 2269 1850 2327 sicut

233 2362 288 2417 in
342 2360 537 2416 futura
592 2359 996 2416 resurrectione
1035 2358 1429 2430 unusquisque
1468 2359 1701 2414 alterum
1757 2374 1849 2414 co-

233 2458 485 2524 gnoscet,
523 2455 576 2504 et
604 2448 918 2504 desiderata
945 2447 1003 2504 in
1032 2446 1207 2503 altero
1236 2447 1375 2503 alter
1395 2464 1495 2519 per
1525 2447 1848 2504 charitatem

232 2538 504 2612 intelliget

304 2656 482 2711 Vens.
509 2654 600 2708 34.
620 2654 877 2709 -Facta
906 2655 992 2709 est
1020 2652 1215 2718 nubes,
1249 2656 1305 2708 et
1343 2652 1690 2708 obumbravit
1732 2667 1842 2708 eos.

234 2743 349 2799 Etsi
378 2744 582 2798 Petrus
612 2758 679 2797 ex
706 2739 1019 2797 inﬁrmitate
1048 2740 1288 2814 ignorat,
1322 2739 1504 2811 placet
1533 2747 1718 2795 tamen
1746 2741 1847 2795 oh-

233 2832 406 2905 sequii
444 2830 690 2887 devotio.
750 2830 905 2886 Unde
960 2837 1014 2886 et
1068 2829 1243 2885 nubes
1301 2829 1614 2899 obumbrat,
1674 2827 1844 2884 divini

232 2921 469 2993 Spiritus
499 2927 588 2976 est
616 2920 723 2976 ista
751 2918 1099 2974 obumbratio
1130 2935 1253 2990 qua
1268 2934 1378 2974 non
1406 2917 1610 2991 caligat
1634 2917 1846 2975 affecti-

237 3010 336 3067 bus
363 3008 677 3077 hominum,
710 3007 810 3064 sed
840 3007 1048 3065 revelat
1084 3008 1320 3078 occulta,
1365 3008 1522 3077 cujus
1567 3006 1845 3079 perfectus

1268 234 1539 293 GLOSSA
1576 233 1985 293 ORDINABIA.
2026 262 2096 277 --
2131 233 2397 292 EVANG.
2438 234 2593 293 LUC.

457 362 564 419 soli
614 368 796 419 mente
852 359 1054 417 excelsi
1113 361 1458 430 majestatem
1513 360 1838 432 Scriptura,
1871 361 1929 423 A
1955 362 2075 416 illis
2107 362 2290 417 turba.
2324 361 2385 415 In
2413 367 2597 416 monte
2627 366 2766 429 orat,
2801 359 2980 429 docet,
3026 361 3369 431 majestatem
3397 376 3556 417 suam

3434 239 3543 295 282

1957 449 2315 518 demonstrat,
2350 449 2527 504 Patris
2566 465 2759 506 vocem
2800 448 3061 521 apostolis
3103 450 3294 521 aperit,
3327 451 3557 506 descen-

1956 538 2093 594 dens
2132 554 2165 593 a
2206 538 2370 593 turba
2413 538 2697 609 excipitur,
2740 538 3071 593 miserorum
3113 537 3241 593 ﬁetu
3285 539 3552 610 pulsatur,

1955 625 2289 683 infidelitatis
2316 635 2545 698 peccata
2575 628 2859 699 exprobat,
2880 627 3057 683 malos
3073 627 3297 698 spiritus
3313 627 3553 698 expellit.

2028 717 2198 772 Vens.
2214 718 2449 771 39.—Et
2465 732 2589 773 ecce
2604 719 2844 788 spiritus
2862 717 3255 789 apprehendit.
3271 716 3556 771 Matthaus

1954 803 2272 874 lunaticum,
2306 807 2525 861 Marcus
2556 805 2785 859 surdum
2824 812 2878 860 et
2918 812 3128 859 mutum
3157 803 3438 861 describit.
3473 803 3557 858 Si-

1955 891 2180 966 gniﬁcat
2210 901 2392 948 autem
2419 894 2542 949 illos
2573 894 2666 964 qui
2696 901 2753 947 ut
2781 892 2912 947 luna
2940 900 3239 961 mutantur,
3255 906 3557 964 nunquam-

1955 981 2013 1036 in
2042 982 2237 1036 eodem
2266 989 2409 1036 statu
2436 990 2737 1049 manentes,
2773 981 2869 1037 sed
2901 998 3001 1052 per
3028 980 3250 1036 diversa
3277 980 3407 1036 vitia
3435 995 3556 1037 cre-

1958 1078 2115 1127 scunt
2145 1078 2198 1124 et
2226 1070 2568 1138 decrescunt,
2611 1070 2705 1141 qui
2733 1086 2836 1125 nec
2875 1069 3039 1123 ﬁdem
3077 1068 3420 1138 conﬁtentur,
3455 1083 3558 1125 nec

1956 1159 2129 1229 ipsius
2157 1157 2283 1213 ﬁdei
2315 1159 2505 1213 audire
2534 1158 2723 1213 volunt
2752 1174 3083 1213 sermonem.

2029 1257 2468 1313 Vnas.42.—Et
2496 1272 2627 1311 cum
2665 1256 2973 1312 accederet.
3007 1256 3149 1309 Dum
3178 1269 3316 1325 puer
3344 1254 3415 1309 ad
3444 1255 3555 1310 Do-

1956 1343 2164 1399 minum
2192 1343 2422 1413 accedit,
2456 1343 2692 1412 eliditur,
2729 1344 2857 1414 quia
2886 1342 3139 1399 conversi
3169 1343 3238 1397 ad
3262 1342 3556 1399 Dominum

1956 1433 2278 1504 plerumque
2310 1448 2343 1487 a
2371 1433 2640 1488 damonio
2678 1432 2904 1505 gravius
2941 1431 3247 1502 pulsantur,
3281 1440 3339 1486 ut
3367 1432 3456 1488 vel
3484 1431 3557 1488 ad

1956 1520 2087 1576 vitia
2117 1522 2467 1589 reducantur,
2502 1521 2588 1575 vel
2619 1522 2688 1576 de
2719 1537 2819 1575 sua
2858 1520 3177 1591 expulsione
3215 1519 3467 1576 diabolus
3498 1536 3558 1575 se

1956 1610 2212 1666 vindicet.
2247 1610 2397 1666 Sicut
2424 1610 2479 1663 in
2508 1608 2778 1680 principio
2806 1609 3082 1664 nascentis
3107 1608 3371 1665 Ecclesia
3385 1608 3559 1665 multa

1956 1707 2009 1754 et
2039 1699 2231 1773 gravia
2247 1698 2500 1770 Opposuit
2526 1698 2828 1754 certamina
2842 1697 2950 1752 illis
2967 1714 3105 1769 quos
3124 1714 3223 1753 suo
3239 1713 3413 1770 regno
3430 1696 3558 1752 sub-

1958 1788 2099 1843 trahi
2130 1788 2368 1843 videbat.

2027 1888 2461 1942 Vnas.43.—Et
2489 1887 2825 1959 increpavit.
2857 1886 2982 1941 Non
3010 1903 3151 1957 puer
3179 1885 3289 1945 vim
3318 1884 3552 1958 patiens,

1957 1975 2053 2031 sed
2082 1975 2335 2031 diabolus
2365 1975 2476 2030 vim
2503 1975 2746 2031 inferens
2782 1975 3118 2047 increpatur,
3153 1974 3282 2047 quia
3313 1975 3404 2047 qui
3434 1990 3557 2046 pec-

1956 2071 2171 2121 cantem
2201 2064 2315 2120 vult
2345 2080 2562 2133 sanare,
2596 2063 2786 2119 vitium
2817 2064 2981 2119 debet
3019 2080 3255 2137 arguere
3286 2072 3339 2119 et
3368 2063 3557 2134 depel-

1954 2152 2088 2221 lere,
2125 2153 2223 2208 sed
2252 2153 2529 2209 hominem
2560 2154 2797 2208 amando
2828 2153 3078 2209 refovere
3095 2154 3274 2210 donec
3303 2160 3555 2209 sanatum

1954 2240 2329 2313 spiritualibus
2359 2242 2553 2297 reddat
2582 2242 2830 2313 patribus
2859 2241 3143 2298 Ecclesia.

2023 2348 2598 2404 Vens.44.-—Ponite
2628 2364 2739 2404 vos.
2772 2347 3009 2420 Vosjqui
3038 2364 3165 2403 meo
3203 2346 3554 2420 discipulatui

1950 2436 2262 2507 adharetis,
2307 2436 2504 2509 quibus
2543 2452 2748 2492 arcana
2790 2452 2915 2491 mea
2957 2436 3302 2492 manifestius
3338 2435 3552 2508 aperui,

1947 2525 2173 2596 pretiosi
2202 2525 2483 2597 sanguinis
2514 2542 2622 2597 quo
2638 2525 2873 2580 mundus
2886 2524 3237 2580 redimendus
3267 2533 3367 2595 est,
3388 2541 3557 2581 even-

1948 2621 2064 2667 tum
2099 2621 2281 2669 mente
2330 2614 2629 2682 recondite,
2672 2614 2802 2668 dum
2856 2613 3041 2669 cateri
3085 2612 3356 2669 mirantur
3400 2621 3553 2672 tanta

1947 2699 2093 2758 facta
2122 2702 2320 2757 divina
2349 2702 2666 2758 altitudinis.
2708 2704 2990 2758 Futurum
3031 2706 3115 2759 est
3153 2706 3219 2759 ut
3259 2703 3543 2760 tradatur.

1946 2792 2094 2846 Inter
2121 2791 2401 2864 magnalia
2432 2792 2686 2862 potentia
2714 2791 2913 2847 divina
2953 2791 3154 2862 sapius
3193 2791 3423 2863 replicat
3451 2792 3550 2847 ab-

1941 2880 2086 2949 jecta
2116 2879 2388 2951 passionis
2417 2880 2687 2948 humana,
2730 2896 2799 2935 ne
2839 2879 3019 2935 subito
3057 2880 3284 2937 veniens
3322 2888 3548 2950 terreat,

1945 2970 2043 3025 sed
2073 2969 2250 3025 levius
2280 2970 2490 3024 feratur
2517 2968 2894 3043 pracOgitata.

235 3098 548 3156 ostenditur
576 3096 765 3154 audita
792 3112 927 3154 voce
947 3096 1197 3153 dicentis:
1224 3099 1324 3154 Hic
1340 3101 1426 3153 est
1453 3098 1633 3153 Filius
1661 3112 1842 3153 meus.
1876 3084 1926 3148 C
2017 3086 2185 3141 VElts.
2211 3085 2463 3141 45.-Αι
2480 3086 2572 3141 illi
2592 3086 2946 3157 ignorabant.
2968 3085 3096 3142 Haec
3110 3084 3423 3158 ignorantia
3442 3099 3554 3142 non

236 3187 374 3258 Quia
403 3186 700 3243 materiale
732 3185 979 3259 quasivit
1017 3186 1455 3257 tabernaculum,
1496 3186 1657 3240 nubis
1685 3201 1845 3242 acce-

234 3278 305 3350 pit
335 3275 826 3345 obumbraculum,
860 3282 918 3330 ut
954 3275 1130 3332 discat
1171 3276 1227 3330 in
1269 3274 1692 3344 resurrectione,
1735 3290 1847 3331 non

234 3366 505 3441 regimine
538 3365 851 3434 domorum,
887 3365 984 3420 sed
1022 3364 1256 3436 Spiritus
1286 3364 1462 3421 sancti
1502 3364 1682 3437 gloria
1713 3379 1846 3418 san-

232 3464 343 3512 ctos
372 3471 504 3511 esse
536 3453 930 3526 protegendos.
962 3455 1032 3509 Et
1066 3456 1406 3510 timuerunt.
1441 3452 1673 3522 Timent,
1712 3452 1844 3524 quia

232 3546 474 3600 humana
505 3541 779 3615 fragilitas
819 3548 1172 3614 cont-spectem
1208 3541 1434 3612 majoris
1474 3541 1668 3616 gloria
1697 3540 1844 3597 ferre

233 3649 338 3688 non
383 3630 645 3700 sustinet,
687 3639 741 3687 et
780 3638 982 3703 quanto
1038 3630 1160 3702 quis
1218 3631 1487 3702 ampliora
1545 3629 1840 3702 quasierit,

235 3729 381 3778 tanto
425 3719 615 3793 magis
667 3720 739 3775 ad
785 3718 1048 3776 inferiora
1090 3720 1400 3790 collabitur,
1443 3719 1490 3775 si
1528 3734 1845 3775 mensuram

237 3825 391 3868 suam
421 3808 771 3884 ignoraverit

302 3928 478 3983 Vens.
494 3929 587 3981 36.
615 3926 773 3981 —Et
815 3941 943 3981 vom.
978 3925 1095 3981 Vox
1139 3924 1316 3981 Patris
1367 3927 1587 3981 Petrum
1626 3924 1842 3980 sublato

234 4023 448 4071 terrore
478 4015 646 4071 docet
675 4013 982 4070 veritatem.
1000 4013 1071 4069 Et
1098 4022 1228 4070 nota
1257 4014 1420 4086 quod,
1454 4014 1595 4070 sicut
1609 4012 1842 4069 Domino

234 4104 526 4175 baptizata,
573 4102 656 4158 sic
693 4110 746 4158 et
788 4102 1180 4177 transﬁgurato
1224 4102 1547 4174 mysterium
1592 4101 1841 4158 Tinitatis

235 4193 573 4261 declaratur,
608 4192 738 4263 quia
766 4191 1003 4264 gloriam
1033 4207 1199 4263 quam
1236 4191 1293 4245 in
1324 4191 1649 4263 baptismate
1679 4190 1843 4247 conti-

236 4290 434 4351 temur,
470 4282 528 4336 in
570 4281 976 4337 resurrectione
1013 4280 1337 4337 videbimus.
1381 4280 1615 4352 Spiritus
1654 4280 1711 4335 in
1754 4296 1844 4336 co-

235 4370 440 4439 lumba,
471 4370 566 4427 hic
594 4370 651 4425 in
688 4370 832 4425 nube
871 4368 1072 4439 lucida,
1116 4370 1244 4441 quia
1287 4370 1380 4441 qui
1420 4385 1565 4426 nunc
1606 4368 1839 4441 simplici

1946 3182 2059 3229 tam
2115 3174 2183 3229 de
2242 3173 2516 3242 tarditate,
2580 3189 2745 3246 quam
2800 3174 2868 3229 de
2914 3189 3104 3230 amore
3160 3174 3422 3243 nascitur,
3457 3174 3552 3247 qui

1947 3263 2126 3319 adhuc
2174 3263 2446 3333 carnales,
2507 3270 2560 3318 et
2616 3262 2862 3335 mysterii
2908 3262 3089 3320 crucis
3134 3262 3332 3335 ignari,
3386 3279 3552 3336 quem

1946 3353 2121 3407 Deum
2164 3359 2562 3425 cognoverunt,
2615 3351 2941 3407 moriturum
2983 3351 3212 3408 credere
3251 3359 3549 3424 nequeunt,

1947 3440 2044 3496 sed
2075 3439 2212 3497 sicut
2242 3457 2343 3511 per
2372 3440 2581 3512 ﬁguras
2602 3440 2918 3513 loquentem
2947 3439 3137 3496 audire
3169 3439 3438 3511 solebant,
3471 3440 3554 3498 sic

1945 3529 2109 3584 etiam
2140 3529 2286 3601 quod
2317 3529 2386 3583 de
2417 3545 2517 3584 sua
2546 3529 2839 3584 traditione
2859 3529 3208 3601 loquebatur,
3241 3528 3550 3603 ﬁguraliter

1945 3618 2093 3674 aliud
2124 3615 2437 3691 signiﬁcare
2465 3618 2748 3688 putabant.

2014 3734 2184 3789 Vens.
2199 3734 2611 3789 46.—-Intravit
2625 3738 2820 3789 autem
2835 3735 3116 3806 cogitatio.
3138 3732 3282 3803 Quia
3295 3733 3549 3790 viderant

1943 3824 2164 3877 Petrum
2195 3829 2248 3876 et
2275 3822 2542 3877 Iacobum
2574 3829 2626 3877 et
2640 3822 2908 3877 Joannem
2937 3821 2995 3876 in
3024 3829 3267 3877 montem
3295 3838 3548 3879 seorsum

1942 3912 2156 3981 ductos,
2189 3919 2574 3983 secretumque
2604 3911 2828 3983 aliquod
2859 3911 2939 3967 eis
2970 3927 3093 3967 esse
3124 3911 3404 3967 traditum.
3439 3912 3549 3970 Sed

1943 4008 1996 4055 et
2033 4001 2195 4055 Petro
2238 4000 2489 4072 superius
2528 3999 2712 4057 claves
2752 3999 2907 4073 regni
2947 4000 3215 4057 calorum
3255 4017 3379 4057 esse
3417 4016 3548 4073 pro-

1938 4089 2155 4158 missas,
2188 4089 2607 4160 Ecclesiamque
2637 4106 2804 4160 super
2834 4106 2961 4144 eum
2992 4106 3115 4149 esse
3157 4089 3540 4147 adiﬁcandam

1940 4178 2046 4232 rati
2076 4186 2218 4243 sunt;
2252 4178 2357 4247 vel,
2390 4178 2525 4233 istos
2554 4185 2668 4233 tres
2710 4178 2943 4247 cateris,
2978 4179 3085 4250 vel,
3119 4180 3374 4235 omnibus
3411 4195 3546 4251 apo-

1940 4266 2095 4322 stolis
2131 4268 2353 4322 Petrum
2392 4282 2515 4321 esse
2567 4267 2874 4338 pralatum,
2918 4268 3005 4323 vel
3064 4268 3192 4339 quia
3242 4268 3300 4322 in
3354 4267 3543 4324 tributi

1940 4355 2211 4411 solutione
2241 4356 2463 4411 Petrum
2491 4356 2596 4427 ipsi
2625 4356 2859 4412 Domino
2896 4356 3241 4428 pariﬁcatum
3270 4355 3540 4426 viderant,

237 4460 402 4516 corde
446 4459 618 4515 ﬁdem
657 4466 857 4529 servat,
905 4466 1035 4515 tunc
1073 4466 1264 4530 aperta
1303 4458 1424 4514 luce
1464 4457 1687 4514 visionis
1716 4474 1846 4515 con-

1957 4447 2123 4516 ipsum
2181 4444 2395 4500 cateris
2466 4444 2871 4516 praferendum
2936 4445 3363 4500 arbitrabantur.
3431 4444 3545 4501 Sed

233 4547 590 4620 templabitur
619 4547 766 4619 quod
794 4546 1045 4616 credidit,
1081 4548 1310 4619 ipsaque
1342 4562 1451 4618 qua
1478 4546 1842 4602 illustrabitur

231 4638 431 4710 gratia,
474 4644 820 4709 protegetur.
862 4637 1131 4693 Inventus
1169 4640 1255 4693 est
1299 4638 1458 4693 Jesus
1498 4637 1672 4717 solus.
1714 4636 1841 4692 Non

230 4725 399 4795 Elias,
441 4742 557 4782 non
599 4727 837 4797 Moyses,
885 4726 983 4781 sed
1027 4741 1191 4798 quem
1234 4725 1413 4781 solum
1450 4724 1665 4793 videtis,
1712 4724 1840 4782 huic

230 4816 512 4889 ﬁgendum
542 4822 627 4871 est
658 4815 1076 4871 tabernaculum
1105 4815 1162 4869 in
1180 4815 1365 4871 corde.
1387 4815 1670 4871 Recedunt
1702 4831 1840 4888 ergo

228 4904 307 4960 illi
338 4905 431 4959 ubi
461 4903 732 4959 Dominus
762 4903 921 4975 capit
950 4903 1249 4978 designari,
1291 4920 1360 4959 ne
1404 4904 1475 4960 ad
1514 4920 1704 4961 servos
1734 4920 1839 4961 vox

230 4993 406 5049 Patris
434 4993 612 5048 missa
641 5000 882 5063 putetur.

302 5093 928 5148 Vens.37.—Faetum
959 5094 1043 5147 est
1070 5095 1266 5148 autem
1312 5093 1375 5148 in
1428 5094 1686 5166 sequenti
1725 5094 1835 5161 die,

231 5182 701 5239 descendentibus
730 5182 852 5237 illis
882 5181 948 5236 de
976 5184 1184 5237 monte.
1219 5182 1325 5235 Pro
1345 5181 1605 5252 qualitate
1624 5181 1841 5237 merito-

231 5287 364 5338 rum,
400 5269 652 5343 quotidie
684 5269 949 5324 Dominus
965 5269 1085 5324 aliis
1105 5269 1371 5339 ascendit,
1392 5271 1521 5325 dum
1538 5271 1834 5343 perfectos,

232 5376 462 5433 quorum
491 5358 847 5415 conversatio
862 5358 917 5412 in
935 5357 1088 5414 caelis
1106 5366 1207 5427 est,
1229 5358 1512 5414 sublimius
1529 5360 1838 5416 extollendo

228 5447 517 5523 gloriﬁcat,
554 5456 609 5504 et
639 5448 708 5503 de
738 5447 959 5504 aeternis
974 5447 1189 5501 instruit
1207 5455 1257 5503 et
1275 5449 1433 5504 docet
1464 5466 1585 5521 qua
1615 5465 1647 5504 a
1676 5450 1838 5506 turba

228 5555 333 5594 non
360 5538 543 5595 audiri
576 5537 815 5593 valeant.
850 5536 985 5592 Aliis
1010 5537 1310 5608 descendit,
1343 5538 1473 5592 dum
1503 5546 1754 5595 terrenos
1785 5547 1837 5596 et

227 5627 550 5702 incipientes
592 5625 867 5685 confortat
906 5634 955 5683 et
999 5628 1158 5684 docet
1198 5635 1249 5683 et
1290 5628 1542 5703 castigat.
1580 5628 1839 5686 Occurrit

1942 4533 2227 4590 sciendum
2256 4542 2340 4589 est
2365 4533 2528 4589 istam
2567 4533 2926 4605 quastionem
2964 4540 3018 4588 et
3045 4539 3171 4589 ante
3198 4532 3463 4588 tributum
3490 4539 3545 4589 et

1938 4630 2062 4695 post
2090 4622 2355 4678 tributum
2385 4623 2624 4678 solutum
2655 4638 2778 4677 esse
2810 4621 3030 4678 factam.

2010 4738 2180 4794 Vens.
2210 4738 2315 4810 48.:
2336 4769 2386 4778 —
2410 4737 2735 4811 Quicunque
2764 4739 3084 4811 susceperit
3113 4752 3377 4811 puerum.
3446 4736 3549 4794 Vel

1940 4826 2288 4898 simpliciter:
2321 4842 2594 4899 pauperes
2633 4826 2834 4882 Christi
2865 4827 2936 4883 ab
2965 4826 3051 4881 his
3082 4826 3174 4899 qui
3202 4826 3391 4882 volunt
3420 4842 3546 4883 esse

1938 4916 2198 4986 majores,
2232 4931 2334 4988 pro
2372 4917 2490 4986 ejus
2522 4915 2690 4973 docet
2728 4932 2850 4971 esse
2889 4916 3099 4972 honore
3144 4914 3543 4987 suscipiendos.

1939 5005 2038 5060 Vel
2068 5006 2329 5077 parvulos
2358 5004 2567 5061 malitia
2596 5006 2757 5062 docet
2787 5021 2927 5076 esse,
2961 5013 3019 5060 ut
3037 5005 3264 5078 puerilis
3284 5004 3546 5064 innocen-

1938 5093 2028 5150 tia
2077 5094 2483 5166 simplicitatem
2540 5102 2886 5164 conservent,
2944 5103 3003 5150 ut
3049 5094 3283 5151 formam
3330 5096 3548 5153 virtutis

1940 5199 2105 5254 quam
2136 5192 2335 5239 natura
2363 5184 2504 5240 duce
2534 5200 2672 5255 puer
2716 5184 2992 5254 observat,
3035 5184 3141 5256 ipsi
3178 5199 3281 5256 pro
3323 5186 3545 5243 nomine

1940 5272 2142 5329 Christi
2169 5280 2470 5344 sequantur
2499 5288 2566 5327 ex
2593 5272 2880 5328 industria.
2914 5273 2994 5330 Me
3024 5275 3247 5346 recipit.
3280 5272 3388 5344 Qui
3422 5273 3545 5331 imi-

1938 5368 2173 5417 tatorem
2232 5360 2432 5417 Christi
2488 5361 2700 5433 recipit,
2763 5361 3039 5417 Christum
3088 5362 3301 5436 recipit,
3353 5369 3407 5419 et
3453 5361 3546 5435 qui

1938 5450 2236 5523 imaginem
2266 5449 2366 5505 Dei
2394 5450 2606 5522 recipit,
2642 5452 2817 5506 Deum
2848 5451 3061 5523 recipit.

2008 5541 2176 5595 Vens.
2201 5541 2289 5595 49.
2304 5542 2629 5597 —Joannes
2651 5541 2824 5597 dixit.
2847 5542 3087 5597 Joannes
3107 5541 3341 5615 diligens
3362 5540 3538 5594 Deum

1938 5637 1990 5687 et
2020 5645 2052 5685 a
2081 5629 2314 5687 Domino
2342 5629 2594 5702 dilectus,
2618 5631 3020 5690 excludendum
3039 5638 3242 5704 putata
3272 5624 3537 5685 beneﬁcio
