4006 6178
357 259 462 318 283
813 252 1220 312 WALAFRIDI
1242 252 1487 311 STRABI
1514 249 1718 309 FULD.
1749 244 1930 305 MON.
1966 234 2123 337 ΟΡΡ.
2169 245 2348 303 PARS
2373 246 2421 303 Ι,
2451 238 3016 299 —-THEOLOGICA.
3553 233 3660 291 284

363 381 458 456 qui
484 395 597 438 non
637 387 822 438 utatur
858 379 1146 453 obsequio,
1189 378 1315 435 ideo
1353 378 1584 434 docetur
1629 373 1904 430 neminem
1934 383 1967 425 a
1984 364 2043 426 A
2068 371 2163 427 ﬁet
2189 369 2298 425 illis
2318 368 2412 442 qui
2431 366 2582 424 nulla
2599 365 2830 422 utilitate
2850 378 2996 436 saepe
3015 360 3197 420 visitat
3216 358 3412 416 domos
3432 371 3661 414 suorum

361 473 506 528 bono
537 471 684 544 quod
713 487 781 527 ex
808 478 966 543 parte
1013 469 1197 537 habet,
1246 484 1368 523 esse
1399 465 1719 533 arcendum,
1769 462 1869 518 sed
1898 460 1970 516 ad
2068 476 2206 535 quas
2235 458 2665 530 dereliquerunt.

362 561 469 618 hoc
494 560 675 633 potius
705 561 852 633 quod
889 559 1133 615 nondum
1173 556 1338 612 habet
1382 571 1504 611 esse
1533 551 1965 626 provocandum.

362 649 523 706 Tales
551 648 717 706 etiam
745 650 816 705 ob
846 648 1082 704 aliorum
1111 646 1344 701 salutem
1373 641 1695 700 admittendi
1726 656 1962 698 censen-

363 745 471 795 tur.
505 739 677 812 Igitur
704 737 761 793 in
787 736 1058 793 haereticis
1087 735 1176 791 vel
1222 735 1280 789 in
1326 733 1487 788 malis
1517 730 1819 799 catholicis,
1856 744 1967 784 non

363 834 707 885 sacramenta
752 825 1063 883 communia
1102 824 1159 878 in
1189 823 1389 896 quibus
1420 821 1707 877 nobiscum
1739 825 1882 888 sunt,
1918 830 1972 878 et

367 916 661 973 adversum
691 932 793 972 nos
820 932 931 971 non
960 922 1102 984 sunt,
1138 912 1236 969 sed
1266 910 1592 966 divisionem
1621 907 1745 981 paci
1775 905 1975 963 verita-

366 1006 517 1079 tique
548 1004 900 1075 contrariam,
936 1019 1046 1077 qua
1075 1004 1369 1059 adversum
1399 1016 1500 1055 nos
1532 1004 1674 1066 sunt,
1708 1004 1762 1051 et
1792 993 1975 1051 Domi-

368 1111 500 1150 num
528 1111 637 1151 non
668 1101 970 1167 sequuntur
990 1092 1294 1160 nobiscum,
1321 1087 1585 1145 detestari
1604 1094 1655 1142 et
1677 1084 1971 1158 prohibere

371 1185 659 1242 debemus.

443 1288 718 1343 Vnns.50.
739 1317 807 1326 —
828 1286 1010 1342 Nolite
1036 1283 1349 1356 prohibere.
1386 1280 1491 1348 Qui
1525 1280 1698 1335 enim.
1728 1277 1854 1331 Non
1884 1292 1972 1331 re-

371 1376 730 1448 prehenditur
755 1376 993 1430 Joannes
1024 1373 1117 1446 qui
1146 1386 1335 1427 amore
1378 1369 1632 1437 faciebat,
1680 1368 1777 1422 sed
1806 1366 1972 1422 doce-

373 1475 463 1522 tur
491 1472 549 1521 ut
578 1464 790 1520 noverit
818 1462 1161 1517 infirmorum
1190 1477 1313 1515 esse
1342 1459 1735 1529 ﬁrmorumque
1766 1455 1972 1510 distan-

2694 621 2924 679 CAPUT
2953 620 3027 675 X.

2141 781 2312 836 Vsus.
2350 778 2637 833 t.—Post
2674 774 2790 831 haec
2833 775 3046 839 autem,
3078 776 3182 826 etc.
3217 764 3401 839 (Bnn.)
3432 763 3583 821 Sicut
3609 762 3670 819 in

2071 868 2334 942 apostolis
2356 874 2457 935 est,
2481 865 2660 921 forma
2675 863 3078 935 episcoporum,
3100 865 3228 926 etc.,
3242 870 3418 929 usque
3438 854 3510 910 ad
3530 852 3673 909 sicut

2070 940 2153 1014 sol
2190 957 2506 1012 triduanum
2548 969 2662 1009 suae
2698 951 2838 1008 lucis
2876 948 3141 1005 ambitum
3183 962 3284 1018 per
3321 940 3671 1015 septuaginta

2070 1047 2209 1103 duas
2239 1048 2407 1102 horas
2435 1042 2653 1099 efﬁcere
2684 1040 2842 1096 solet.

2141 1137 2291 1192 Misit
2318 1135 2449 1190 illos
2478 1133 2653 1188 binos.
2697 1131 2800 1184 Per
2838 1129 2943 1183 hoc
2982 1124 3129 1198 quod
3172 1123 3331 1179 binos
3368 1118 3551 1189 mittit,
3581 1117 3673 1174 in-

2070 1224 2256 1281 nuitur
2278 1222 2425 1295 quod
2446 1236 2606 1275 nemo
2627 1214 3033 1290 praedicationis
3064 1212 3303 1270 officium
3322 1210 3484 1266 debet
3506 1207 3678 1265 susci-

2070 1329 2222 1385 pere,
2258 1294 2351 1384 qui
2381 1325 2517 1383 erga
2545 1308 2714 1364 alium
2743 1304 3067 1363 charitatem
3095 1318 3205 1358 non
3224 1300 3408 1355 habet.
3441 1297 3540 1354 Vel
3562 1294 3680 1351 bini

2071 1401 2373 1469 mittuntur,
2410 1397 2712 1454 secundum
2741 1393 2888 1467 quod
2918 1392 3048 1447 bina
3075 1388 3334 1446 animalia
3363 1385 3532 1441 missa
3552 1391 3684 1439 sunt

398 1483 463 1566 ξπ
491 1472 549 1521 ω
578 1472 790 1566 Πίῖνθξη
818 1472 1161 1566 “immo”?
1190 1477 1313 1515 esse
1342 1472 1972 1566 ‘1’mf’_"‘1’?3ﬂe_f‘_‘s‘f‘f‘_‘
2071 1490 2128 1545 in
2159 1505 2364 1557 arcam,
2391 1487 2447 1542 id
2477 1493 2559 1542 est
2579 1483 2857 1540 masculus
2888 1489 2941 1536 et
2970 1479 3190 1547 femina,
3224 1475 3503 1531 immunda
3523 1472 3679 1545 prius

373 1487 463 1522 IUI'
491 1487 549 1521 ιιι
578 1487 790 1520 Πυγειτιι
819 1487 1161 1517 murmurum
1190 1487 1313 1515 eam:
1343 1487 1735 1529 tll‘luuruuiquc
1766 1487 1972 1510 uacau-

372 1554 524 1624 tiam,
559 1553 686 1625 quia
714 1552 999 1621 Dominus,
1052 1550 1154 1606 etsi
1202 1556 1517 1605 remunerat
1553 1546 1829 1613 fortiores,
1864 1559 1975 1599 non

2114 1508 2128 1544 ι
2159 1505 2364 1557 arcam,
2391 1487 2447 1542 id
2477 1493 2559 1542 est
2579 1487 2857 1540 masculus
2888 1489 2941 1536 et
2970 1487 3190 1547 femina,
3224 1487 3503 1531 immunda
3523 1488 3679 1545 prius

2114 1596 2129 1633 l
2157 1577 2367 1635 carnali
2388 1573 2765 1650 generatione,
2793 1571 2891 1626 sed
2911 1568 3173 1624 mundata
3195 1564 3462 1623 Ecclesia:
3492 1576 3682 1618 sacra-

374 1643 611 1700 excludit
638 1641 904 1697 infirmos.

446 1742 493 1754 π
653 1742 709 1754 ...
878 1742 911 1754 ,ι
1017 1741 1028 1754 .
1199 1740 1209 1753 ο
1305 1736 1427 1754 [πμ-
1464 1734 1481 1754 \
1530 1732 1757 1754 i,---i-i:
1794 1721 1996 1754 -JL---‘

2114 1674 2259 1723 iento
2288 1641 2761 1738 pervspiritualem
2781 1658 3020 1733 gratiam
3047 1656 3104 1711 in
3122 1653 3517 1726 discipulorum
3535 1665 3685 1724 prae-

446 1742 615 1798 Vnns.
651 1742 738 1797 54.
771 1772 840 1781 -
869 1741 1121 1808 Domine,
1156 1740 1257 1795 vis.
1301 1734 1485 1809 (Βευ.)
1514 1732 1762 1806 Apostoli
1790 1721 1996 1789 adhuc:

2114 1755 2379 1813 licatione.

378 1830 545 1888 rudes
585 1840 637 1886 et
674 1830 898 1887 modum
944 1827 1204 1886 vindicati
1258 1826 1600 1899 ignorantes,
1646 1830 1773 1891 etc.,
1816 1836 1990 1894 usque
2161 1846 2404 1901 νείκεσε.
2437 1841 2705 1897 -Μϐεείδ
2737 1836 3177 1911 quidemmuua,
3220 1831 3466 1905 operam-,-
3494 1832 3689 1885 autem

380 1921 453 1978 ad
495 1920 620 1976 talis
670 1928 913 1992 potestas
964 1917 1167 1973 sanctis
1220 1915 1351 1971 viris
1394 1930 1428 1969 a
1468 1916 1584 1968 Deo
1628 1911 1829 1968 collata
1883 1917 1985 1964 est.

451 2013 704 2067 Dicimus
726 2014 791 2065 ut
810 2011 958 2082 ignis
980 2007 1281 2064 descendat
1304 2006 1370 2060 de
1391 2004 1545 2060 caelo.
1570 2001 1655 2057 Ad
1676 2015 1991 2056 sermonem

380 2101 611 2156 istorum
630 2098 774 2172 ignis
812 2099 881 2153 de
930 2097 1071 2155 crelo
1119 2094 1499 2162 descenderet,
1551 2091 1679 2164 quia
1721 2096 1845 2143 sunt
1894 2087 1991 2147 filii

380 2189 626 2246 tonitrui.
658 2191 728 2244 Et
757 2191 1055 2244 consumat
1074 2187 1201 2241 illos
1221 2189 1243 2240 ?
1262 2186 1333 2239 Et
1353 2197 1652 2239 conversus
1673 2179 1991 2250 increpavit

384 2281 515 2336 illos
546 2283 603 2335 et
634 2279 804 2334 dixit.
840 2278 900 2330 In
938 2273 1290 2329 similitudine
1335 2272 1491 2340 Elite,
1541 2269 1633 2341 qui
1672 2276 1725 2323 et
1765 2265 1992 2338 propria

382 2382 551 2423 manu
580 2374 633 2422 et
660 2366 789 2439 igne
819 2364 1078 2420 divinitus
1115 2362 1427 2433 impetrato,
1470 2359 1825 2430 presbyteros
1854 2355 1986 2411 Baal

384 2464 561 2511 morte
583 2454 782 2511 affecit.
807 2455 876 2508 Et
895 2452 952 2507 in
972 2453 1078 2508 hoc
1100 2450 1246 2523 quod
1266 2447 1500 2521 apostoli
1521 2453 1847 2519 potestatem
1868 2444 1991 2499 talis

387 2546 670 2617 prophetae
700 2543 805 2598 sibi
832 2548 1192 2614 praesumunt,
1237 2538 1543 2593 ostenditur
1571 2535 1628 2590 in
1655 2534 1790 2607 ipsis
1820 2532 1988 2588 fuisse

388 2633 645 2692 meritum
675 2634 1089 2705 prophetarum.

459 2723 689 2797 (Anam)
718 2723 841 2776 Non
870 2727 1099 2792 peccant
1128 2715 1380 2789 apostoli,
1416 2713 1508 2787 qui
1538 2713 1722 2787 legem
1751 2727 1989 2784 sequun-

389 2822 497 2883 tur,
540 2820 669 2880 etc.,
710 2826 885 2884 usque
914 2810 984 2865 ad
1026 2806 1323 2864 vindictam
1360 2820 1470 2860 non
1514 2802 1708 2875 quaerit
1747 2800 1840 2873 qui
1882 2816 1991 2856 non

390 2902 564 2958 timet.

465 3006 1082 3065 Vnus.55.—Nescitis
1134 3005 1296 3075 cujus
1334 3002 1573 3074 spiritus
1612 3000 1768 3055 estis.
1824 2996 1990 3065 Cujus

2090 1935 2277 2008 pauci.
2310 1930 2526 1998 Messis,
2548 1929 2710 1984 turba
2738 1926 3094 1991 credentium,
3111 1920 3351 1995 operarii
3380 1917 3615 1991 apostoli
3636 1925 3691 1973 et

2092 2038 2361 2095 sequaces
2390 2035 2601 2076 eorum.
2635 2019 2703 2072 Et
2732 2016 2857 2072 licet
2895 2013 3092 2070 messis
3121 2012 3291 2068 verbo
3318 2008 3420 2064 Dei
3448 2008 3517 2062 sit
3546 2014 3688 2073 sata,

2092 2094 2275 2168 tamen
2304 2110 2532 2168 cultura:
2561 2108 2809 2162 laborem
2839 2113 2891 2160 et
2912 2102 3205 2160 sollicitum
3234 2115 3429 2155 manus
3450 2094 3690 2169 operarii

2092 2200 2341 2274 requirit,
2375 2215 2444 2254 ne
2475 2214 2606 2253 aves
2636 2196 2760 2253 caeli
2791 2209 2986 2266 sparsa
3016 2190 3226 2247 semina
3253 2187 3536 2258 dissipent.

2162 2273 2668 2345 Vsus.3.—Sicut
2711 2300 2885 2356 agnos
2914 2285 3069 2338 inter
3111 2281 3288 2351 lupos.
3336 2275 3486 2332 Sicut
3531 2273 3694 2345 lupus

2092 2378 2308 2445 ovibus,
2351 2376 2429 2432 sic
2467 2373 2756 2431 haereticus
2802 2370 3094 2426 insidiatur
3130 2365 3404 2422 ﬁdelibus.
3450 2364 3519 2417 Et
3557 2360 3699 2417 sicut

2091 2466 2253 2538 lupus
2283 2464 2424 2521 ovile
2446 2461 2695 2520 circumit
2723 2467 2903 2527 nocte,
2925 2474 3035 2513 non
3065 2456 3274 2512 audens
3295 2455 3519 2517 intrare,
3544 2448 3700 2507 canis

2093 2572 2345 2612 somnum
2374 2552 2611 2625 pastoris
2642 2548 2945 2605 absentiam
2970 2546 3058 2603 vel
3081 2543 3350 2600 desidiam
3380 2540 3699 2611 explorans,

2093 2645 2173 2702 sic
2201 2643 2495 2700 haereticus
2524 2648 2683 2696 nocte
2722 2654 2836 2693 sum
2872 2631 3334 2705 interpretationis
3372 2628 3566 2683 fideles
3597 2627 3702 2682 de-

2092 2734 2277 2807 cipere
2306 2739 2537 2788 conatur
2565 2726 2873 2785 Ecclesiam
2907 2739 3019 2779 non
3048 2723 3279 2787 intrans,
3311 2725 3564 2789 pastores
3594 2716 3707 2771 Ec-

2091 2804 2274 2880 clesiae
2302 2820 2389 2877 vel
2419 2819 2614 2883 vitare,
2649 2816 2735 2873 vel
2766 2828 2988 2880 necare,
3020 2810 3108 2868 vel
3130 2809 3186 2864 in
3205 2807 3461 2864 exsilium
3478 2804 3702 2861 mittere

2091 2909 2388 2969 contendit.
2438 2909 2620 2978 Lupus
2658 2912 2856 2960 natura
2895 2900 3146 2973 corporis
3185 2896 3419 2971 rigidus,
3453 2909 3513 2950 se
3541 2893 3704 2955 inﬂe-

2096 3008 2248 3059 ctere
2294 2997 2457 3055 facile
2496 3011 2607 3052 non
2658 3000 2860 3066 potest,
2904 2990 2984 3047 sic
3019 2987 3313 3045 haereticus
3353 2983 3710 3040 intentionem

394 3096 588 3170 spiritu
619 3094 819 3169 signati
849 3093 998 3163 estis,
1042 3072 1692 3161 cujustacta‘imitamini,
1741 3100 1886 3142 nunc
1918 3072 2073 3157 pieC
2101 3089 2228 3146 duri
2255 3086 2441 3144 cordis
2470 3101 2581 3142 non
2611 3082 2751 3140 solet
2778 3083 2850 3137 ab
2880 3093 3072 3136 errore
3101 3089 3386 3133 revocare.

395 3185 761 3253 consulentes,
797 3183 893 3238 sed
922 3183 979 3237 in
1009 3181 1191 3236 futuro
1214 3180 1361 3249 juste
1386 3177 1714 3247 judicantes.

468 3286 639 3341 Vnus.
656 3287 742 3339 56.
758 3314 827 3324 —
843 3283 1021 3338 Filius
1052 3281 1295 3337 hominis
1314 3295 1427 3335 non
1448 3280 1605 3333 venit
1624 3278 1849 3332 animus
1870 3288 1995 3346 per-

397 3375 547 3442 dere,
570 3373 667 3430 sed
687 3373 925 3440 salvare,
953 3379 1057 3427 etc.
1081 3367 1331 3425 Perfecta
1358 3367 1530 3423 virtus
1550 3382 1661 3421 non
1689 3365 1856 3419 habet
1885 3370 1998 3417 stu-

397 3464 550 3520 dium
577 3461 817 3531 ultionis,
851 3476 953 3517 nec
980 3460 1094 3516 ulla
1123 3466 1205 3515 est
1234 3456 1538 3525 iracundia,
1584 3453 1678 3510 ubi
1706 3461 1789 3510 est
1818 3451 1999 3509 chari-

2166 3207 2337 3263 Vnus.
2374 3207 2427 3260 4.
2465 3234 2534 3244 -
2564 3203 2747 3258 Nolite
2778 3215 2902 3271 ergo
2920 3200 3152 3270 portare
3187 3192 3483 3249 sacculum
3530 3202 3711 3260 neque

2096 3310 2313 3370 peram.
2335 3295 2508 3348 Tanta
2536 3285 2885 3363 praedicatori
2913 3285 3077 3342 debet
3106 3298 3229 3339 esse
3262 3279 3463 3336 ﬁducia
3491 3276 3549 3332 in
3569 3277 3711 3340 Deo,

2097 3368 2156 3440 ut
2184 3381 2471 3455 praesentis
2491 3380 2616 3436 vitae
2639 3385 2887 3448 sumptus
2909 3374 3011 3430 etsi
3040 3389 3151 3429 non
3172 3368 3492 3444 praevideat,
3524 3374 3713 3421 tamen

2101 3473 2206 3528 sibi
2234 3487 2347 3527 non
2376 3469 2690 3525 defecturos
2730 3464 3038 3522 certissime
3085 3461 3241 3528 sciat,
3275 3475 3346 3514 ne
3375 3457 3505 3512 dum
3535 3469 3710 3511 occu-

398 3552 528 3609 tatis
555 3550 856 3624 plenitudo.

2114 3570 2263 3635 patur
2291 3575 2448 3616 mens
2477 3558 2549 3614 ad
2594 3554 2940 3628 temporalia,
2974 3551 3155 3607 minus
3202 3546 3459 3620 prgedicet
3488 3552 3716 3600 aeterna.

470 3641 654 3713 (Βεθο)
682 3641 807 3697 Non
837 3655 1056 3712 semper
1082 3638 1140 3693 in
1170 3653 1265 3694 €05
1315 3636 1407 3709 (Ιυί
1436 3642 1668 3708 De“am
1714 3641 1798 3689 θεῖ
1828 3632 2004 3722 νίηάξ·
2103 3632 2399 3710 Neminem
2412 3665 2516 3722 per
2533 3648 2685 3703 viam
2702 3643 3113 3701 salutaveritis.
3129 3636 3414 3694 Festinare
3423 3634 3580 3704 jubet
3594 3646 3722 3688 con-

405 3731 661 3801 caudam:
710 3738 840 3799 διο-ν
889 3745 1065 3803 περαθ
1111 3729 1183 3784 ad
1230 3743 1265 3782 α
1312 3727 1509 3799 finibus
1556 3726 1663 3781 hoc
1708 3724 1833 3779 Ῑοοο
1862 3720 2007 3795 ignis
2107 3741 2356 3806 tendere,
2380 3720 2449 3793 ne
2471 3736 2702 3805 alicujus
2725 3732 2872 3789 obvii
2893 3727 3336 3789 confabulatione
3366 3722 3723 3779 reﬂectantur

411 3829 647 3880 arcem“
2110 3830 2180 3885 ab
2218 3830 2460 3898 injuncto
2505 3825 2719 3880 itinere.
2774 3823 2889 3877 Nec
2938 3817 3262 3890 simpliciter
3290 3814 3391 3870 ait:
3425 3812 3722 3869 Neminem

474 3912 646 3967 Vnus.
681 3912 769 3967 57.
804 3940 872 3951 —
902 3909 1067 3965 Dixit
1111 3906 1362 3979 quidam.
1404 3904 1536 3975 (11).)
1585 3904 1692 3958 Iste
1725 3901 1996 3974 signorum

2114 3917 2501 3974 salutaveritis
2522 3928 2647 3969 cum
2689 3910 2759 3966 sit
2790 3907 2924 3965 usus
2945 3903 3297 3963 humanitatis
3319 3901 3459 3959 alios
3479 3898 3725 3956 salutare

2192 4006 2205 4009 -
2523 4005 2533 4009 _
2669 4003 2679 4009 .
2848 4000 2858 4009 .
3130 3996 3145 4009 .
3193 4003 3203 4009 _
3250 3994 3282 4009 ,.
3463 3988 3725 4009 __,__...-_

407 3999 786 4076 magnitudine
838 4003 1020 4053 motus
1066 3994 1182 4051 vult
1229 3992 1404 4064 sequi,
1457 4000 1584 4058 etc.,
1637 4005 1811 4062 usque
1857 3989 1931 4043 ad
1960 3997 1996 4041 e1

2114 4006 2213 4062 sed
2242 4003 2470 4070 addidit,
2511 4005 2577 4058 in
2625 4003 2735 4069 via,
2769 4000 2900 4072 quia
2927 4014 3038 4054 non
3068 3992 3411 4052 salutationis
3456 3988 3727 4046 sedulitas

412 4090 566 4148 θωίίι
611 4085 936 4157 οδεθίῐιιίυῐη
982 4081 1255 4153 disciplin,
1311 4096 1433 4152 (ιιιεθ
1481 4078 1629 4135 ἣοῑίο
1667 4093 1768 4149 Per
1795 4076 2016 4148 WIPem
2113 4094 2383 4161 aufertur,
2407 4091 2506 4147 sed
2524 4089 2872 4147 obstaculum
2891 4085 3253 4159 impediendae
3267 4077 3576 4139 devotionis
3596 4077 3733 4132 aboo

421 4180 715 4253 ﬁguratur.

2115 4185 2277 4251 letur,
2311 4189 2370 4237 ut
2399 4180 2618 4253 quando
2647 4179 2831 4237 divina
2850 4177 3198 4242 mandantur,
3222 4170 3504 4246 paulisper
3526 4182 3728 4240 seque-

482 4268 654 4325 Vnas.
697 4267 786 4319 58.
821 4291 891 4303 —
918 4262 1113 4333 Vulpes
1152 4263 1341 4331 foveas
1381 4259 1606 4315 habent.
1649 4254 1782 4329 (Ιο.)
1811 4252 2018 4325 Vulpes
2118 4279 2363 4328 strenu“.
2391 4252 2651 4326 Humana.

412 4355 612 4414 animal
643 4352 829 4422 fallax,
842 4349 1055 4406 insidiis
1075 4349 1359 4417 intentum,
1384 4346 1608 4418 rapinas
1630 4343 1839 4400 fraudis
1860 4358 2017 4398 exer-

2198 4379 2605 4437 Vnns.7.—In
2634 4375 2831 4434 eadem
2860 4377 3053 4430 autem
3094 4371 3271 4427 domo.
3307 4367 3365 4424 Si
3394 4380 3501 4439 pax
3539 4370 3731 4421 vestra

412 4460 563 4541 gens!
598 4439 1085 4541 etiamﬁmerjpsa
1109 4435 1659 4541 ominuﬁhpst?
1686 4431 2017 4541 h.abimn,s.in
2043 4430 2097 4493 D
2128 4430 2438 4541 recipitur:
2461 4430 2693 4541 dig—num
2726 4430 2818 4519 est
2854 4470 2912 4517 ut
2961 4460 3018 4516 in
3047 4476 3114 4516 ea
3140 4430 3430 4521 maneatis,
3481 4450 3735 4510 carnalia

414 4532 588 4591 foveis
621 4549 634 4590 :
668 4533 744 4588 ita
770 4530 1064 4589 haereticus
1092 4528 1317 4584 domum
1344 4526 1473 4583 ﬁdei
1502 4541 1615 4581 non
1640 4524 1851 4580 habens
1882 4522 2024 4579 alios

418 4624 477 4680 in
505 4638 662 4679 suam
690 4622 942 4679 fraudem
972 4619 1142 4676 trahit
1170 4626 1224 4674 et
1253 4633 1286 4672 a
1315 4616 1425 4673 ﬁde
1456 4614 1687 4672 seducit.

489 4730 662 4787 Vnus.
697 4732 785 4785 59.
808 4759 878 4770 -
897 4730 992 4784 Ait
1020 4732 1216 4785 autem
1247 4726 1320 4782 ad
1349 4726 1620 4782 alterum.
1654 4720 1889 4778 Attende
1911 4721 2020 4776 Do-

421 4819 631 4877 minum
657 4832 769 4875 non
814 4817 1004 4889 culpas
1051 4823 1424 4888 aspernatum,
1477 4813 1574 4869 sed
1612 4812 1855 4880 fraudes,
1891 4810 2018 4883 quia

424 4910 520 4984 qui
565 4906 871 4981 repudiavit
917 4905 1352 4973 fraudulentum,
1414 4903 1581 4978 elegit
1636 4902 2014 4971 innocentem,

424 4999 524 5057 sed
551 5014 679 5055 eum
723 4996 879 5066 cujus
918 5003 1134 5067 patrem
1176 4993 1385 5050 sciebat
1422 4999 1717 5061 mortuum,
1750 4990 1905 5045 illum
1932 5003 2025 5061 pa-

425 5095 568 5144 trem
596 5088 666 5144 de
699 5102 808 5158 quo
838 5084 1074 5142 dicitur:
1119 5084 1449 5140 Obliviscere
1481 5083 1707 5138 domum
1733 5081 1918 5154 patris
1949 5076 2030 5133 tui

438 5176 614 5250 (Psal.
627 5176 804 5248 μιν),
837 5183 941 5232 etc.

503 5292 675 5349 Vsus.
702 5295 874 5350 60.—-
892 5292 1027 5349 Sine
1064 5252 1129 5346 ut
1156 5290 1389 5345 mortui.
1424 5287 1608 5360 (Bnn.)
1635 5286 1882 5358 Mystice.
1913 5285 2037 5341 Non

440 5389 733 5441 revocatur
761 5382 831 5437 ab
861 5379 1041 5437 officio
1070 5376 1241 5451 patris
1271 5375 1433 5446 ﬁlius,
1460 5383 1587 5447 etc.,
1620 5391 1794 5449 usque
1821 5375 1893 5431 ad
1919 5373 2037 5430 dia-

441 5471 554 5531 boli
582 5469 843 5544 perﬁdias
871 5469 927 5523 in
957 5484 1017 5523 se
1056 5465 1290 5539 sepelire
1319 5480 1430 5522 non
1457 5464 1639 5521 debet.
1742 5530 1745 5533 δ

511 5589 686 5646 Vnus.
712 5589 800 5641 61.
822 5585 1257 5640 —Renuntiare
1301 5583 1408 5639 his.
1444 5581 1502 5637 Si
1530 5580 1832 5654 discipulus
1868 5580 2042 5636 Deum

441 5684 729 5736 secuturus
749 5674 1018 5749 arguitur,
1040 5672 1184 5747 quod
1205 5670 1522 5730 renuntiare
1538 5670 1724 5728 domui
1739 5669 1886 5741 velit,
1911 5668 2042 5741 quid

2126 4539 2397 4633 stipendia
2424 4557 2495 4613 ab
2526 4539 2606 4611 eis
2627 4552 2977 4624 accipientes,
3003 4548 3203 4621 quibus
3223 4544 3469 4604 coelestia
3498 4539 3732 4598 offertis.

2128 4650 2273 4707 Ecce
2314 4647 2406 4721 qui
2447 4659 2669 4702 saccum
2708 4650 2762 4698 et
2800 4655 2991 4714 peram
3029 4636 3327 4710 prohibuit,
3375 4640 3621 4704 sumptus
3665 4647 3736 4686 ex

2130 4720 2517 4814 praedicatione
2561 4733 2832 4799 concedit,
2881 4729 2961 4786 sic
2999 4735 3184 4783 tamen
3221 4733 3281 4782 ut
3308 4723 3495 4781 oblato
3523 4720 3649 4778 cibo
3682 4727 3741 4775 et

2128 4809 2259 4904 potu
2290 4829 2397 4884 sint
2426 4822 2682 4884 contenti.
2724 4822 2960 4877 Manete.
2992 4818 3117 4873 Non
3146 4822 3231 4872 est
3257 4815 3327 4870 de
3357 4813 3521 4869 domo
3550 4811 3608 4865 in
3637 4809 3742 4865 do.

2130 4896 2280 4976 mum
2319 4931 2464 4990 vaga
2507 4912 2766 4970 facilitate
2803 4906 3246 4982 demigrandum,
3289 4910 3349 4959 ut
3384 4903 3443 4957 in
3477 4896 3751 4972 hospitali

2131 5023 2320 5065 amore
2351 4989 2603 5062 servetur
2640 4998 2965 5065 constantia,
3012 5011 3082 5052 ne
3111 4993 3311 5053 coalita
3351 4989 3607 5048 amicitiae
3633 5002 3743 5043 ne-

2132 5096 2410 5157 cessitudo
2450 5092 2613 5149 facile
2654 5088 2980 5145 resolvatur.
3022 5087 3235 5157 Dignus
3265 5085 3353 5139 est
3390 5082 3563 5137 enim.
3594 5078 3747 5133 Nota

2135 5186 2282 5262 quod
2311 5183 2405 5239 uni
2435 5180 2590 5253 operi
2621 5177 3045 5251 praedicatorum
3074 5174 3197 5228 duae
3223 5168 3512 5227 mercedes
3539 5166 3749 5222 deben-

2134 5253 2254 5333 tur:
2291 5288 2399 5330 una
2427 5272 2485 5327 in
2504 5271 2613 5337 via,
2646 5284 2769 5341 quae
2795 5281 2896 5322 nos
2926 5264 2982 5320 in
3002 5263 3193 5319 labore
3225 5265 3525 5324 sustentat;
3559 5254 3670 5312 alia
3689 5253 3750 5309 in

2136 5365 2335 5440 patria,
2370 5379 2494 5436 quae
2522 5376 2623 5417 nos
2652 5359 2710 5413 in
2740 5353 3145 5413 resurrectione
3176 5354 3513 5407 remunerat.

2208 5483 2381 5539 Vens.
2407 5485 2534 5536 8.—
2550 5479 2617 5533 Et
2641 5478 2701 5532 in
2718 5469 3429 5548 quamcunquecivitatem.
3454 5459 3751 5532 Descripta

2138 5568 2361 5630 diverso
2404 5569 2600 5625 domus
2642 5562 2897 5635 hospitio,
2947 5559 3077 5632 quid
3132 5556 3298 5613 etiam
3336 5554 3393 5609 in
3430 5549 3751 5608 civitatibus

2140 5677 2311 5737 agere
2368 5658 2606 5716 debeant
2678 5652 2857 5721 docet,
2914 5648 3018 5721 piis
3082 5645 3309 5713 scilicet,
3379 5641 3437 5698 in
3496 5638 3757 5697 omnibus
