4006 6178
256 296 368 352 285

1211 292 1483 350 GLOSSA
1521 287 1931 348 ORDINARIA.
1972 316 2042 328 —
2079 285 2343 346 EVANG.
2384 289 2536 347 LUC.

3449 295 3555 351 286

255 417 676 489 communicare,
709 418 775 474 ab
793 416 1080 491 impiorum
1107 434 1205 491 per
1243 417 1423 474 omnia
1455 417 1713 474 societate
1771 413 1933 475 sc~A
1960 411 2038 467 illi
2059 413 2370 470 ceciderunt
2386 415 2676 485 sublevati,
2702 417 2789 471 isti
2812 418 3105 473 ascendant
3121 415 3401 473 humiliati.
3429 417 3565 473 Gau-

253 525 410 566 cerni
419 549 432 563 .

329 598 504 652 Vsus.
540 599 628 652 Η.
661 625 731 638 -—
760 598 952 652 Etiam
964 598 1276 670 pulverem.
1296 596 1579 653 Pulverem
1607 601 1859 652 excutere

245 686 405 756 jubet
437 685 563 742 :vel
610 685 681 741 ad
710 685 1157 741 contestationem
1207 685 1402 741 terreni
1447 685 1666 751 laboris,
1697 699 1857 756 quem

248 791 357 847 pro
389 774 498 828 illis
531 774 758 829 inaniter
787 781 1140 846 susceperunt
1169 793 1184 841 ;
1217 774 1305 831 vel
1333 781 1392 829 ut
1418 773 1705 830 ostendant
1758 789 1855 828 us-

251 879 361 937 que
387 863 527 917 adeo
582 879 642 918 se
698 862 765 916 ab
815 861 949 934 ipsis
998 862 1132 918 nihil
1186 870 1456 918 terrenum
1507 877 1770 934 quaerere,
1800 868 1859 915 ut

253 953 417 1008 etiam
461 950 684 1022 pulvere
731 951 800 1007 de
842 957 982 1006 terra
1039 965 1226 1007 eorum
1271 966 1380 1006 non
1427 951 1530 1005 sibi
1588 950 1858 1022 patiantur

252 1041 560 1096 adhaerere.

329 1140 504 1194 Vnus.
538 1139 625 1194 l2.
662 1167 733 1177 -
764 1137 906 1205 Quia
920 1137 1172 1194 Sodomis
1188 1140 1252 1194 in
1281 1140 1372 1194 die
1390 1139 1516 1194 illa.
1539 1137 1848 1208 Sodomitas,

251 1227 360 1284 etsi
386 1227 444 1282 in
472 1225 614 1282 vitiis
643 1226 994 1293 exardebant,
1053 1235 1104 1281 et
1159 1227 1512 1297 inbOSpitales
1561 1235 1731 1294 erant,
1768 1235 1852 1281 ta-

251 1333 385 1371 men
420 1315 566 1386 apud
595 1315 717 1369 illos
754 1315 885 1369 nulli
923 1315 1163 1386 hospites
1202 1316 1334 1370 tales
1365 1315 1553 1386 quales
1582 1317 1726 1386 apud
1753 1317 1852 1370 Ju-

253 1405 410 1460 daos
440 1403 734 1474 prophetae,
780 1403 970 1474 quales
1021 1403 1250 1474 apostoli
1298 1403 1493 1474 reperti
1538 1413 1680 1459 sunt.
1717 1405 1851 1460 Loth

253 1493 399 1548 inter
447 1508 544 1547 eos
591 1491 692 1546 etsi
740 1491 934 1560 justus,
995 1507 1103 1546 non
1157 1499 1333 1546 tamen
1389 1492 1589 1564 aliquid
1649 1494 1846 1560 docuit,

253 1581 401 1635 nulla
432 1580 594 1650 signa
622 1579 766 1635 fecit.
800 1581 868 1634 Et
896 1580 1020 1635 ideo
1048 1581 1142 1636 cui
1172 1582 1421 1636 multum
1449 1583 1722 1637 donatum
1743 1588 1846 1649 est,

256 1671 512 1725 multum
531 1670 599 1724 ab
635 1685 696 1724 eo
729 1670 1022 1740 quaeritur,
1054 1672 1111 1724 et
1136 1674 1391 1742 potentes
1436 1675 1700 1743 potenter
1732 1676 1848 1728 tor-

254 1763 456 1814 menta
478 1759 780 1830 patientur
809 1758 960 1830 (Sap.
991 1758 1091 1830 γι).

328 1866 500 1920 Vens.
537 1868 628 1919 13.
669 1895 740 1905 ——
777 1866 859 1920 Vw
879 1865 1002 1931 tibi,
1028 1851 1330 1921 Corbzaim.
1374 1865 1668 1932 Corozaim,
1694 1867 1853 1922 Beth-

245 1953 418 2021 saida,
455 1954 850 2024 Capharnaum,
905 1962 956 2009 et
987 1955 1242 2026 Tyberias
1272 1955 1518 2010 civitates
1551 1963 1673 2010 sunt
1706 1956 1852 2010 Gali-

253 2043 376 2110 leze,
409 2043 466 2097 in
496 2043 674 2098 littore
721 2043 828 2098 laci
856 2042 1207 2098 Genesareth.
1252 2045 1358 2097 Has
1408 2044 1616 2117 plangit
1665 2045 1850 2099 Domi-

252 2148 378 2201 nus,
405 2131 532 2204 quia
563 2140 688 2202 post
713 2140 857 2186 tanta
884 2131 1137 2188 miracula
1166 2141 1218 2187 et
1246 2131 1470 2187 virtutes
1515 2149 1623 2187 non
1670 2133 1850 2204 parui-

256 2229 471 2276 tuerunt
502 2237 517 2274 :
544 2229 595 2275 et
617 2229 741 2275 sunt
767 2221 985 2292 pejores
1017 2221 1332 2292 gentilibus,
1381 2222 1618 2276 naturale
1651 2223 1852 2277 solum-

262 2309 430 2365 modo
455 2311 546 2378 jus
590 2309 996 2380 dissipantibus,
1035 2310 1161 2382 quia
1203 2318 1326 2380 post
1373 2310 1655 2381 descripta;
1709 2311 1851 2383 legis

257 2407 652 2470 contemptum,
686 2398 879 2452 Filium
939 2414 1151 2470 quoque
1203 2399 1304 2453 Dei
1356 2400 1691 2464 conculcare,
1737 2415 1852 2471 gra-

252 2488 492 2560 tiamque
522 2487 716 2560 ingrati
745 2501 1010 2557 spernere
1036 2503 1143 2542 non
1196 2488 1524 2542 timuerumt.
1564 2489 1636 2543 Et
1663 2490 1852 2543 cinere

248 2577 532 2634 sedentes.
577 2575 798 2646 Impleta
828 2577 1073 2630 videmus
1132 2577 1298 2631 verba
1356 2577 1664 2642 Salvatoris,
1730 2577 1853 2648 quia

248 2683 375 2722 cum
403 2667 511 2721 illa:
536 2664 781 2720 civitates
809 2664 1100 2735 praedictae,
1135 2665 1366 2721 Domino
1418 2671 1686 2736 prasente
1737 2683 1854 2721 cre-

251 2756 388 2811 dere
419 2754 729 2818 noluerunt,
761 2756 931 2825 Tyrus
959 2762 1010 2808 et
1041 2753 1208 2809 Sidon
1237 2754 1360 2808 olim
1410 2753 1622 2808 fuerunt
1667 2754 1854 2810 amicae

250 2844 430 2898 David
453 2852 506 2898 et
527 2844 824 2914 Salomoni,
849 2851 900 2898 et
921 2850 1107 2914 postea
1138 2843 1632 2915 evangelizantibus
1654 2843 1853 2898 Christi

251 2932 560 3003 discipulis,
595 2933 792 2988 devote
822 2931 984 2987 ﬁdem
1027 2939 1403 3002 susceperunt.
1444 2931 1621 3000 Quare
1676 2940 1852 2987 autem

255 3021 328 3075 sit
377 3021 732 3091 praedicatum
786 3036 897 3076 non
953 3019 1239 3076 credituris
1269 3029 1322 3074 et
1363 3036 1471 3076 non
1501 3021 1852 3092 praedicatum

252 3109 558 3175 credituris,
591 3110 742 3164 novit
770 3109 861 3166 ille
892 3110 984 3181 qui
1013 3109 1191 3164 omnia
1218 3110 1389 3165 novit.

326 3207 499 3260 Vsus.
537 3209 624 3260 16.
653 3237 722 3247 -
757 3207 862 3274 Qui
914 3223 1008 3263 vos
1039 3207 1204 3262 audit
1254 3223 1342 3262 me
1405 3207 1588 3263 audit.
1645 3208 1705 3261 In
1753 3221 1856 3262 au-

250 3295 456 3351 diendo
509 3295 599 3350 vel
659 3296 967 3366 spernendo
1035 3295 1318 3366 Evangelii
1393 3295 1801 3366 praedicatorem
1840 3341 1852 3362 ,

252 3385 485 3456 quisque
546 3385 681 3440 sciat
739 3400 800 3439 se
851 3399 956 3439 non
1011 3384 1148 3439 viles
1189 3399 1474 3455 personas,
1527 3385 1625 3440 sed
1680 3385 1857 3456 ipsum

253 3473 593 3528 Salvatorem
660 3488 916 3544 spernere
983 3472 1069 3528 vel
1138 3473 1347 3540 audire,
1402 3471 1524 3546 quia
1584 3473 1638 3527 in
1697 3473 1860 3528 disci-

253 3562 380 3633 pulo
437 3561 705 3634 magister
765 3561 994 3629 auditur,
1055 3569 1105 3616 et
1160 3562 1213 3616 in
1270 3561 1404 3618 Filio
1469 3563 1627 3618 Pater
1678 3562 1855 3618 hono-

255 3659 427 3705 ratur.

329 3757 498 3812 Vnus.
537 3758 624 3811 t7.
649 3758 990 3824 —Domine,
1021 3758 1212 3814 etiam.
1235 3757 1378 3813 Bene
1409 3757 1733 3814 confitentur
1763 3759 1859 3816 de-

257 3846 499 3902 terentes
527 3847 791 3901 honorem
831 3845 1035 3901 nomini
1073 3845 1270 3901 Christi
1303 3847 1441 3901 :sed
1470 3846 1594 3918 quia
1649 3847 1857 3904 infirma

254 3935 430 3990 adhuc
459 3933 588 4000 fide,
620 3935 863 4005 gaudent
891 3933 945 3990 in
993 3934 1297 4001 virtutibus,
1359 3942 1412 3990 et
1455 3936 1523 3991 de
1578 3936 1857 4008 signorum

259 4023 578 4095 operatione
606 4022 922 4090 eﬁ'eruntur,
955 4023 1202 4094 exemplo
1240 4031 1524 4092 terrentur,
1565 4033 1618 4080 et
1658 4027 1727 4080 ad
1759 4028 1858 4082 hu-

265 4112 546 4168 militatem
578 4121 916 4170 revocantur.
952 4112 1088 4180 Quia
1135 4111 1183 4166 si
1224 4113 1472 4168 diabolus
1533 4123 1751 4186 propter
1777 4133 1860 4170 su-

254 4202 494 4273 perbiam
527 4202 600 4258 de
629 4202 768 4258 coelo
797 4208 878 4258 est
932 4201 1312 4273 praecipitatus,
1360 4203 1528 4258 multo
1561 4205 1739 4276 magis
1767 4205 1856 4261 isti

255 4291 322 4348 de
349 4299 494 4348 terra
525 4290 680 4357 editi,
715 4291 760 4346 si
781 4291 1172 4362 superbierunt,
1197 4291 1637 4348 humiliabuntur.

323 4410 498 4465 Vsus.
536 4412 625 4464 19.
650 4439 718 4449 -
747 4411 927 4482 Supra
953 4414 1240 4483 serpentes
1261 4414 1322 4466 et
1347 4412 1684 4483 scorpiones.
1729 4411 1855 4466 Ser-

1962 502 2085 558 dete
2119 507 2332 560 autem.
2358 504 2413 560 Si
2443 505 2563 577 quis
2609 506 2854 562 ccelestia
2901 506 3017 563 sive
3067 506 3344 562 terrestria
3394 521 3563 578 opera

1959 592 2209 663 gesserit,
2235 609 2333 664 per
2360 594 2475 649 haec
2521 595 2674 665 quasi
2721 592 2909 650 litteris
2961 597 3255 652 adornatus
3286 594 3432 667 apud
3461 593 3561 651 Dei

1958 679 2628 760 memoriamlaeternaliter
2657 671 2739 738 e'st
2769 683 2975 739 afﬁxus.

2029 797 2205 852 Vsus.
2241 801 2329 854 21.
2353 829 2422 839 -
2448 800 2512 854 In
2539 801 2663 873 ipsa
2721 803 2878 857 hora.
2943 802 3074 857 Cum
3122 803 3192 857 de
3225 799 3559 870 subjectione

1956 884 2353 940 immundorum
2408 888 2712 960 spirituum,
2769 891 2837 945 de
2897 890 3206 945 nominibus
3237 889 3449 960 scriptis
3504 889 3562 944 in

1957 974 2096 1029 coelo
2125 973 2452 1045 loqueretur,
2503 978 2741 1032 ostendit
2785 995 2884 1049 per
2914 979 3042 1051 quid
3089 980 3208 1035 haec
3253 985 3397 1033 tanta
3440 977 3558 1034 cel-

1956 1060 2134 1116 situdo
2164 1063 2285 1116 data
2317 1064 2383 1117 sit
2433 1064 2760 1131 hominibus,
2810 1067 3017 1122 scilicet
3061 1063 3558 1138 per'humilitatem

1954 1147 2082 1204 fidei
2113 1150 2448 1206 Christiana}.
2516 1154 2794 1222 Conﬁteor
2853 1155 2972 1221 tibi,
3028 1158 3282 1211 Domine.
3340 1154 3557 1210 Gratias

1954 1253 2076 1309 ago,
2125 1239 2248 1310 quia
2301 1239 2559 1310 apostolis
2602 1236 2865 1297 adventus
2913 1243 3019 1299 mei
3072 1243 3327 1314 aperuisti
3376 1260 3556 1299 sacra-

1952 1335 2167 1397 menta,
2221 1345 2343 1399 qua“:
2408 1329 2657 1400 ignorant
2708 1331 2899 1386 scriba:
2964 1340 3018 1387 et
3094 1332 3346 1388 Pharisaei
3379 1379 3394 1404 ,
3465 1331 3557 1404 qui

1953 1415 2056 1469 sibi
2106 1416 2380 1487 sapientes
2426 1417 2692 1474 videntur.
2724 1422 3005 1476 Revelasti
3060 1436 3144 1477 ea.
3192 1423 3314 1477 Non
3343 1422 3432 1490 ait,
3476 1421 3558 1474 in-

1952 1502 2271 1574 sipientibus
2300 1514 2352 1562 et
2396 1507 2702 1574 hebetibus,
2757 1509 2852 1562 sed
2902 1509 3158 1580 parvulis,
3209 1509 3264 1563 id
3314 1516 3395 1564 est
3449 1509 3555 1563 hu-

1950 1591 2188 1659 milibus,
2211 1601 2268 1646 ut
2310 1595 2501 1664 probet
2531 1612 2589 1650 se
2623 1604 2890 1651 tumorem
2921 1598 3227 1663 damnasse,
3277 1613 3385 1652 non
3425 1613 3557 1652 acu-

1949 1695 2094 1734 men.
2130 1681 2271 1747 Quia
2300 1684 2400 1737 sic.
2458 1683 2581 1738 Non
2613 1684 2876 1738 rationem
2908 1686 3085 1741 reddit
3116 1703 3209 1741 cur
3235 1687 3334 1741 hos
3369 1685 3552 1757 elegit,

1867 1773 1921 1833 B
1949 1767 2071 1822 illos
2102 1769 2512 1839 reprobaverit,‘
2541 1771 2638 1826 sed
2687 1772 2765 1827 sic
2807 1773 2922 1828 Deo
2969 1773 3224 1844 placitum
3283 1773 3430 1828 dicit.
3488 1775 3551 1827 In

1954 1872 2060 1927 quo
2091 1858 2382 1927 accipimus
2413 1860 2718 1930 exemplum
2753 1861 3084 1932 humilitatis,
3117 1879 3184 1918 ne
3216 1871 3418 1918 temere
3449 1861 3558 1917 dis-

1954 1944 2220 1999 cutiamus
2248 1947 2316 2001 de
2349 1948 2600 2019 supernis
2629 1949 2889 2004 consiliis.

2029 2033 2232 2089 Omnia
2261 2036 2424 2102 mihi,
2473 2045 2574 2092 etc.
2637 2037 3025 2093 Commendata
3084 2038 3400 2105 humilitate,
3459 2055 3558 2110 per

1955 2138 2116 2192 quam
2147 2122 2213 2175 ad
2244 2121 2404 2178 fidem
2437 2124 2668 2191 venitur,
2702 2126 2927 2196 pulchre
2960 2127 3027 2181 de
3066 2127 3182 2198 ipsa
3239 2128 3346 2182 tide
3403 2127 3556 2183 locus

1953 2210 2306 2279 connectitur,
2355 2227 2476 2267 cum
2527 2214 2707 2268 omnia
2752 2215 2855 2268 sibi
2887 2215 3076 2271 tradita
3128 2216 3277 2284 dicit,
3309 2232 3417 2272 non
3447 2217 3557 2272 ele-

1952 2307 2131 2353 menta
2162 2317 2282 2371 quae
2313 2300 2428 2371 ipse
2460 2301 2682 2371 creavit,
2717 2304 2814 2358 sed
2862 2304 2984 2359 illos
3033 2305 3309 2374 parvulos,
3363 2305 3558 2378 quibus

1953 2388 2108 2442 Pater
2157 2397 2490 2443 sacramenta
2528 2390 2646 2444 Filii
2695 2392 2972 2448 revelavit.
3008 2393 3142 2446 Cum
3171 2393 3322 2448 audis
3355 2394 3554 2461 omnia,

1953 2476 2207 2546 agnoscis
2237 2477 2684 2548 omnipotentem,
2719 2496 2827 2534 non
2871 2481 3199 2547 decolorem,
3237 2498 3344 2536 non
3378 2483 3553 2554 dege-

1953 2581 2139 2620 nerem
2173 2566 2365 2620 Patris.
2419 2567 2549 2621 Cum
2580 2568 2733 2622 audis
2783 2569 2998 2636 tradita,
3055 2568 3330 2624 confiteris
3362 2571 3554 2625 Filium

1953 2654 2038 2709 cui
2107 2671 2204 2724 per
2258 2663 2502 2709 naturam
2561 2657 2718 2711 unius
2798 2657 3113 2712 substantia:
3187 2659 3370 2713 omnia
3427 2659 3552 2728 jure

1955 2749 2077 2796 sunt
2134 2743 2374 2813 propria,
2410 2760 2519 2798 non
2547 2745 2691 2800 dono
2722 2746 2912 2801 collata
2941 2763 3037 2817 per
3063 2746 3308 2817 gratiam.

2025 2859 2195 2913 νεεδ.
2247 2860 2336 2915 24.
2389 2891 2456 2899 -
2490 2861 2640 2927 Quod
2703 2863 2878 2918 multi
2901 2863 3209 2934 prophetaz.
3270 2824 3556 2933 Prophetae

1954 2953 2006 3001 et
2026 2947 2156 3015 justi
2195 2963 2227 3001 a
2273 2948 2437 3020 longe
2484 2949 2704 3003 Domini
2744 2950 2976 3020 gloriam
3023 2950 3271 3005 viderunt
3303 2967 3403 3021 per
3430 2968 3554 3022 spe-

1953 3035 2130 3090 culum
2156 3043 2209 3090 et
2247 3035 2304 3090 in
2332 3037 2621 3108 aenigmate
2657 3058 2670 3105 ;
2704 3040 2802 3093 sed
2829 3041 3061 3111 apostoli
3088 3049 3411 3112 praesentem
3440 3043 3556 3096 Do-

1877 3135 1925 3197 C
1955 3123 2163 3178 minum
2193 3125 2476 3192 habentes,
2529 3135 2580 3181 et
2609 3127 2677 3181 ab
2708 3128 2827 3198 ipso
2875 3147 2995 3201 qua:
3035 3130 3292 3185 volebant
3321 3131 3556 3186 interro-

1956 3220 2170 3285 gantes,
2203 3229 2312 3268 non
2356 3232 2456 3285 per
2487 3216 2715 3288 angelos
2753 3217 2841 3272 vel
2890 3217 3061 3273 varias
3118 3219 3386 3276 visionum
3434 3236 3558 3291 spe-

1956 3302 2067 3357 cies
2096 3302 2448 3358 docebantur.

2027 3390 2196 3444 Vnns.
2230 3396 2317 3449 25.
2351 3421 2421 3433 —
2463 3395 2622 3465 Legis
2650 3396 2873 3466 peritus
2911 3398 3186 3452 surrexit.
3222 3396 3385 3470 Legis
3423 3397 3560 3454 doc-

1955 3485 2043 3534 tor
2082 3479 2173 3551 qui
2202 3480 2321 3536 sine
2350 3480 2458 3537 ﬁde
2494 3483 2551 3536 in
2583 3483 2706 3555 lege
2730 3484 2968 3552 jacebat,
2993 3486 3163 3556 surgit
3192 3494 3249 3540 ut
3271 3494 3374 3542 stet
3406 3503 3419 3540 :
3454 3494 3561 3542 stat

1957 3569 2086 3623 dum
2118 3569 2438 3640 magistrum
2464 3580 2641 3638 vocat,
2676 3573 2774 3628 sed
2804 3580 2858 3627 et
2909 3574 3104 3628 stando
3163 3581 3332 3630 tentat
3386 3577 3558 3632 Deum

1957 3658 2187 3714 tacendo
2219 3660 2363 3730 quod
2394 3667 2523 3714 erat.

2028 3774 2200 3829 Vnus.
2234 3775 2321 3831 2'7.
2345 3805 2415 3815 —
2442 3776 2544 3830 Ille
2564 3776 2904 3847 respondens
2925 3777 3096 3832 dixit.
3123 3776 3272 3834 Dixit
3303 3779 3447 3851 quod
3475 3780 3555 3836 le-

1957 3864 2131 3931 gerat,
2165 3859 2262 3913 sed
2311 3873 2421 3914 non
2459 3859 2701 3930 implevit
2731 3860 2876 3931 quod
2907 3861 3163 3933 scriptum
3186 3870 3316 3929 erat,
3341 3863 3466 3936 quia
3492 3864 3550 3918 in

1956 3947 2247 4018 prmsentia
2273 3947 2508 4003 habebat
2556 3948 2842 4004 Dominum
2891 3965 3052 4021 quem
3095 3950 3325 4024 diligere
3381 3952 3554 4009 debe-

1958 4036 2070 4102 bat,
2105 4036 2203 4092 sed
2228 4037 2374 4092 hunc
2403 4037 2744 4110 magistrum,
2779 4054 2887 4094 non
2917 4040 3109 4106 Deum,
3137 4048 3310 4097 vocat.

2033 4150 2204 4205 Vnus.
2238 4153 2329 4206 29.
2363 4152 2551 4207 —Ille
2572 4155 2764 4208 autem
2785 4153 2995 4210 volens.
3028 4153 3191 4228 Legis
3250 4154 3467 4228 spiritus
3500 4164 3557 4212 ut

1954 4237 2234 4310 sapienter
2253 4240 2605 4310 respondisse
2645 4240 2876 4309 dicatur,
2907 4242 3136 4313 primum
3172 4261 3231 4299 se
3255 4245 3394 4316 legis
3424 4245 3561 4301 fate—

1956 4334 2046 4381 tur
2071 4326 2331 4399 ignorare
2369 4329 2699 4395 mandatum,
2734 4330 2858 4402 quia
2894 4331 3167 4387 humiliari
3196 4347 3476 4400 recusans,
3509 4341 3562 4389 et

1959 4415 2198 4486 seipsum
2225 4416 2520 4484 justiﬁcare
2549 4417 2759 4484 volens,
2793 4433 2989 4474 arcana
3027 4435 3138 4475 non
3168 4427 3345 4491 potest
3372 4421 3559 4478 videre

255 4506 448 4569 pentes
481 4506 608 4553 sunt
629 4497 760 4553 mali
786 4497 1036 4554 homines
1066 4499 1154 4554 vel
1185 4498 1461 4554 dramones
1490 4499 1579 4571 qui
1608 4499 1858 4554 inchoan-
1877 4495 1930 4557 D
1961 4519 2080 4577 quae
2099 4505 2409 4560 revelantur
2436 4506 2675 4577 parvulis
2714 4506 2912 4561 Christi
2941 4523 2956 4561 :
2988 4507 3073 4563 cui
3117 4507 3361 4563 Christus
3389 4508 3461 4564 ita
3481 4525 3559 4566 re.

253 4586 337 4640 dis
366 4587 657 4642 virtutibus
688 4602 895 4642 venena
943 4603 1125 4658 pravae
1167 4587 1538 4658 persuasionis
1578 4587 1858 4656 objiciunt.

256 4675 610 4747 Scorpiones,
644 4675 737 4747 qui
763 4676 1216 4732 consummandas
1255 4676 1479 4732 virtutes
1510 4675 1578 4730 ad
1606 4675 1769 4731 ﬁnem
1809 4676 1862 4733 vi

254 4764 388 4820 tiare
405 4763 763 4820 contendunt.

253 4873 256 4878 ‘
325 4864 501 4918 Vens.
536 4866 636 4920 20.
678 4892 745 4903 —
778 4862 962 4919 Nolite
1007 4863 1268 4934 gaudere,
1319 4863 1449 4935 quia
1492 4863 1728 4935 spiritus
1771 4879 1860 4920 υο⁹

254 4954 350 5017 bis,
389 4961 498 5007 etc.
532 4951 708 5006 Malos
741 4951 962 5022 spiritus
995 4952 1187 5021 ejicere
1238 4961 1290 5006 et
1320 4951 1454 5006 alias
1511 4952 1734 5007 virtutes
1775 4950 1858 5006 fa-

251 5056 391 5111 cere,
428 5040 732 5112 aliquando
762 5055 871 5095 non
902 5048 985 5094 est
1012 5040 1258 5095 meritum
1297 5039 1437 5095 illius
1465 5040 1554 5112 qui
1600 5040 1691 5096 illa
1723 5055 1858 5112 ope-

151 5202 154 5203 ,
253 5138 412 5199 ratur,
477 5129 583 5184 sed
636 5129 913 5185 invocatio
969 5128 1204 5184 nominis
1256 5128 1454 5184 Christi
1510 5130 1614 5185 hoc
1649 5129 1760 5200 agit
1791 5130 1858 5184 ad

255 5216 774 5274 condemnationem
802 5232 985 5272 eorum
1008 5217 1098 5288 qui
1125 5217 1394 5283 invocant,
1426 5217 1514 5274 vel
1545 5219 1614 5273 ad
1656 5218 1857 5273 utilita-

250 5315 352 5362 tem
383 5323 586 5364 eorum
614 5306 707 5378 qui
738 5305 924 5363 vident
951 5313 1006 5362 et
1032 5306 1253 5361 audiunt
1285 5324 1297 5360 :
1339 5307 1428 5360 ubi
1459 5305 1584 5364 licet
1611 5308 1858 5362 homines

253 5396 553 5469 despiciant
587 5395 742 5467 signa
796 5393 1076 5462 facientes,
1134 5395 1305 5451 Deum
1339 5402 1516 5451 tamen
1566 5397 1854 5464 honorant,

255 5486 314 5540 ad
341 5487 500 5556 cujus
527 5483 931 5540 invocationem
961 5483 1225 5540 miracula
1253 5483 1404 5539 ﬁunt.
1437 5485 1689 5541 Prohibet
1715 5502 1855 5556 gau-

254 5574 372 5630 dere
402 5576 475 5630 de
507 5573 888 5629 humiliatione
920 5572 1142 5640 diaboli,
1175 5572 1264 5644 qui
1293 5582 1511 5644 propter
1549 5574 1856 5645 superbiam

259 5663 444 5719 cecidit
476 5663 580 5720 sed
609 5662 888 5736 gaudeant
909 5661 978 5718 de
1007 5676 1106 5719 sua
1155 5661 1528 5721 sublimatione
1561 5681 1573 5719 :
1605 5673 1662 5719 ut
1711 5665 1856 5721 unde

1962 4608 2222 4665 sponsum
2251 4601 2532 4666 temperat,
2579 4602 2635 4649 ut
2692 4602 2746 4649 et
2785 4595 2961 4650 omnis
2990 4596 3083 4667 qui
3129 4596 3559 4655 misericordiam

1962 4682 2092 4739 facit
2118 4684 2399 4754 proximus
2431 4683 2782 4757 intelligatur,
2819 4692 2870 4739 et
2917 4685 3229 4756 specialiter
3285 4687 3403 4759 ipse
3457 4689 3559 4746 Dei

1961 4770 2128 4827 Filius
2157 4773 2250 4845 qui
2287 4772 2444 4827 nobis
2497 4789 2593 4843 per
2622 4773 3011 4829 humanitatem
3059 4775 3342 4847 proximus
3385 4775 3557 4833 factus

1961 4867 2046 4914 est
2072 4861 2408 4933 designetur.
2445 4861 2577 4928 Quis
2608 4865 2692 4916 est
2719 4878 2898 4917 meus.
2929 4863 3104 4919 Nemo
3130 4864 3428 4936 proximior
3457 4867 3554 4921 bo-

1960 4948 2092 5002 mini
2141 4966 2302 5021 quam
2347 4950 2515 5019 Deus,
2549 4950 2638 5021 qui
2666 4950 2992 5007 intrinsecus
3019 4959 3070 5007 et
3100 4953 3435 5010 extrinsecus
3463 4970 3554 5011 no-

1959 5037 2054 5103 vit,
2090 5044 2143 5092 et
2173 5039 2354 5093 omnia
2383 5035 2798 5109 curare’potest,
2854 5039 2951 5096 sed
3009 5041 3184 5096 omnis
3241 5042 3555 5100 incredulus

1958 5125 2045 5181 vel
2092 5132 2328 5183 tentator
2373 5141 2475 5182 nec
2532 5128 2704 5182 Deum
2762 5142 2864 5184 nec
2919 5129 3194 5185 hominem
3249 5132 3554 5203 proximum

1959 5213 2143 5270 habeL

2033 5304 2196 5358 Homo
2234 5303 2482 5376 quidam,
2526 5311 2630 5360 etc.
2683 5305 2872 5376 (Auc.)
2902 5306 3076 5362 Homo
3123 5307 3227 5364 iste
3256 5309 3432 5366 Adam
3462 5311 3550 5366 in-

1956 5390 2213 5463 telligitur
2232 5391 2285 5445 in
2299 5407 2503 5462 genere
2530 5393 2786 5462 humano,
2810 5401 2936 5461 etc.,
2951 5412 3123 5470 usque
3165 5397 3239 5454 ad
3257 5399 3554 5471 proximior

1957 5479 2054 5533 fuit
2084 5495 2248 5551 quam
2281 5481 2540 5536 sacerdos
2578 5482 2667 5538 vel
2697 5483 2878 5539 Levita
2909 5485 3149 5554 ejusdem
3181 5488 3380 5559 gentis.

2031 5595 2200 5651 Vsus.
2233 5599 2321 5650 31.
2353 5627 2421 5638 -
2475 5599 2699 5655 Accidit
2743 5604 2956 5667 autem,
2987 5610 3092 5658 etc.
3127 5603 3390 5660 Sacerdos
3445 5601 3544 5658 Dei

1955 5684 2136 5757 legem
2167 5685 2442 5742 annuntiat
2473 5705 2485 5741 :
2523 5688 2805 5744 descendit
2826 5689 3045 5761 quidem
3076 5690 3161 5746 lex
3190 5707 3291 5762 per
3319 5689 3546 5762 Moysen
