4006 6178
431 273 539 331 287

949 272 1350 330 WALAFRIDI
1387 273 1629 330 STRABI
1666 273 1866 330 FULD.
1906 272 2081 330 MON.
2122 273 2275 331 OPP.
2317 275 2492 333 PARS
2528 277 2571 333 Ι.
2611 307 2681 320 -—
2717 277 3186 337 THEOLOGICA.

3609 285 3715 340 288

434 397 490 452 in
518 396 796 462 mundum,
835 404 885 452 et
911 397 1110 452 nullam
1140 398 1419 453 sanitatem
1448 397 1669 453 contulit
1696 397 2025 468 hujusmodi.
2060 399 2277 471 A(qute
2296 401 2432 455 duas
2459 401 2597 456 vitas
2609 402 2935 476 significant)
2956 403 3164 460 inducit
3185 403 3480 459 Dominum
3508 419 3717 474 orasse,

436 485 732 540 Descendit
761 487 963 552 Levita,
1010 487 1099 558 qui
1138 497 1323 558 typum
1368 487 1600 542 ostendit
1627 488 2026 558 prophetarum,

436 575 535 630 sed
567 583 618 629 et
651 575 736 629 hic
764 575 967 630 nullum
999 585 1170 636 sanat.
1205 576 1331 646 quia
1361 576 1446 630 lex
1469 585 1687 646 peccata
1716 577 1907 648 arguit,
1932 577 2030 631 sed

436 663 741 734 pertransit,
777 664 899 735 quia
931 663 1319 735 indulgentiam
1353 680 1460 718 non
1484 665 1725 736 largitur.

509 753 680 807 Vnus.
714 755 800 806 33.
833 783 902 792 --
932 753 1315 808 Misericordia
1344 757 1549 810 motus.
1584 754 1696 808 Hoc
1735 753 1803 808 de
1846 769 2029 808 sacer-

437 840 562 895 dote
583 848 636 895 et
663 839 843 894 Levita
875 856 982 895 non
1015 849 1096 895 est
1139 840 1358 908 dictum,
1394 842 1516 913 quia
1569 842 1656 896 lex
1717 857 1824 896 non
1871 842 2032 897 habet

439 928 882 995 misericordiam,
918 929 1016 983 sed
1039 929 1298 997 judicium
1331 939 1384 984 et
1411 929 1718 985 vindictam.

512 1019 680 1072 Vnus.
713 1019 886 1073 34.-
906 1019 1085 1073 Duxit
1107 1021 1167 1074 in
1186 1020 1492 1074 stabulum.
1525 1020 1644 1073 Non
1675 1019 1911 1085 domum,
1933 1019 2030 1073 sed

440 1105 704 1160 stabulum
732 1113 906 1173 vocat,
941 1123 1047 1179 quo
1081 1107 1299 1162 nomine
1328 1107 1592 1168 miserias,
1627 1115 1678 1162 et
1707 1108 1906 1162 fetores
1934 1108 2032 1161 hu-

429 1194 519 1262 jus
558 1194 681 1248 vitae
708 1194 904 1265 signat,
935 1212 1002 1250 ne
1036 1195 1196 1252 homo
1226 1196 1281 1250 in
1311 1197 1412 1252 hoc
1443 1196 1632 1251 exsilio
1663 1203 1917 1268 tanquam
1974 1196 2028 1250 in

439 1283 612 1354 patria
641 1283 890 1353 gaudeat.

510 1373 680 1426 Vens.
703 1375 790 1428 37.
811 1403 879 1412 —-
902 1373 1008 1440 Qui
1031 1376 1190 1444 fecit.
1235 1373 1499 1444 Cognatio
1530 1388 1637 1427 non
1681 1371 1806 1428 facit
1849 1372 2032 1443 proxi-

439 1477 604 1526 mum,
639 1462 736 1515 sed
767 1462 1161 1527 misericordia,
1195 1480 1314 1536 qua:
1343 1461 1714 1516 misericordia
1729 1469 1811 1516 est
1839 1477 2032 1516 secun-

437 1549 563 1604 dum
593 1559 853 1604 naturam.
905 1551 1052 1604 Nihil
1085 1551 1230 1605 enim
1285 1559 1389 1604 tam
1449 1551 1744 1606 secundum
1787 1557 2030 1604 naturam

437 1654 598 1710 quam
625 1647 832 1693 natura)
845 1639 1034 1708 juvare
1065 1647 1392 1694 consortem.

511 1728 677 1781 Vnus.
711 1731 798 1782 38.
829 1757 898 1767 —-
931 1729 1163 1784 Factum
1193 1733 1296 1794 est,
1341 1729 1498 1796 dum,
1549 1735 1651 1782 etc.
1688 1727 1878 1782 Habito
1908 1743 2026 1781 ser-

436 1829 596 1870 mone
618 1816 685 1870 de
705 1815 992 1871 dilectione
1013 1817 1113 1870 Dei
1142 1825 1193 1871 et.
1222 1817 1471 1887 proximi,
1497 1816 1812 1887 supponitur
1839 1832 2026 1870 exem-

437 1905 587 1976 plum
617 1905 894 1976 utriusque
923 1905 1250 1974 dilectionis,
1284 1921 1392 1960 non
1423 1914 1530 1959 tam
1572 1905 1625 1958 in
1667 1905 1784 1959 solo
1842 1905 2028 1970 verbo,

439 2010 598 2066 quam
626 1993 681 2048 in
711 1994 894 2064 operis
923 1994 1275 2049 exhibitione.
1318 1995 1416 2048 Per
1446 1995 1576 2048 istas
1599 1993 1742 2048 cnim
1782 1993 1916 2047 duas
1945 2009 2035 2048 so-

436 2097 604 2148 rores,
640 2083 760 2137 duze
789 2082 1159 2153 significantur
1195 2083 1318 2137 vitae
1362 2083 1682 2153 spirituales.
1736 2083 1836 2136 Per
1893 2083 2035 2135 Mar-

437 2171 602 2241 tham,
635 2171 887 2243 operibus
919 2182 1136 2226 actuosa
1167 2172 1400 2237 devotio,
1423 2188 1525 2243 qua
1556 2171 1800 2242 proximo
1829 2170 1882 2224 in
1914 2172 2035 2224 cha-

437 2261 592 2315 ritate
624 2260 911 2315 sociamur.
947 2261 1048 2315 Per
1073 2261 1292 2314 Mariam
1321 2261 1574 2331 religiosa
1632 2259 1830 2314 mentis
1861 2259 2034 2314 inten-

437 2349 510 2404 tio
539 2349 594 2403 in
616 2349 713 2404 Dei
735 2350 921 2416 verbo,
948 2366 1050 2421 qua
1072 2350 1124 2403 in
1147 2349 1246 2404 Dei
1269 2365 1454 2404 amore
1471 2348 1821 2420 suspiramus.
1845 2348 2034 2402 Activa

438 2454 636 2511 panem
665 2438 750 2493 vel
793 2439 1127 2510 corporalem
1163 2439 1438 2505 esurienti,
1471 2438 1558 2492 vel
1588 2437 1845 2492 doctrinae
1869 2437 2032 2507 igno-

441 2527 579 2582 ranti
603 2527 800 2591 tribuit,
826 2536 1096 2582 errantem
1117 2528 1358 2598 corrigit,
1393 2527 1683 2598 superbum
1714 2526 1780 2579 ad
1811 2525 2032 2579 humili-

439 2623 599 2671 tatem
630 2625 868 2682 revocat,
905 2633 1024 2688 qua:
1080 2617 1308 2687 singulis
1367 2615 1651 2686 expediant
1709 2614 2030 2684 dispensat:

440 2705 876 2776 contemplativa,
911 2705 1227 2760 charitatcm
1270 2704 1372 2759 Dei
1427 2711 1478 2758 et
1528 2701 1760 2774 proximi
1817 2702 2030 2769 retinet,

439 2795 620 2850 sedab
652 2792 900 2849 exteriori
935 2795 1147 2851 actione
1176 2793 1422 2864 quiescit,
1457 2791 1558 2846 soli
1601 2791 1893 2847 conditoris
1940 2791 2051 2844 de——

441 2882 642 2938 siderio
670 2883 915 2950 inhazret,
953 2891 1005 2938 et
1035 2881 1251 2938 calcatis
1281 2880 1543 2936 omnibus
1571 2879 1712 2935 curis
1741 2881 1808 2933 ad
1837 2879 2032 2936 viden-

442 2971 569 3026 dum
597 2971 790 3028 faciem
836 2971 1100 3026 Creatoris
1147 2969 1459 3036 inardescit,
1494 2977 1545 3023 et
1575 2968 1847 3024 desiderat
1895 2968 2032 3022 mis-

439 3059 549 3116 ceri
589 3060 836 3132 supernis
857 3060 1084 3129 civibus,
1119 3060 1188 3114 de
1215 3065 1414 3114 aeterna
1444 3058 1497 3111 in
1531 3066 1857 3128 conspectuo
1913 3059 2029 3113 Do-

444 3148 576 3202 mini
606 3148 1001 3220 incorruptione
1032 3147 1410 3221 gaudentibus.
1461 3148 1524 3201 In
1575 3147 1803 3203 domum
1833 3163 2024 3202 suam.

447 3237 677 3292 Intrante
714 3239 843 3292 Jesu
873 3239 927 3292 in
961 3238 1198 3306 domum,
1224 3236 1329 3290 vita
1353 3236 1552 3307 iniqua,
1587 3242 1639 3289 et
1671 3235 1718 3288 si
1747 3235 2034 3307 aliquando

442 3323 631 3393 fuerat,
671 3325 894 3397 aufugit,
928 3334 1202 3380 remanent
1223 3326 1342 3379 duae
1358 3325 1480 3380 vitae
1510 3324 1844 3389 innocentes,
1888 3324 2036 3379 labo—

444 3413 587 3470 riosa
612 3423 664 3470 et
690 3415 878 3481 otiosa,
921 3416 1059 3470 inter
1087 3432 1177 3470 eas
1207 3415 1417 3470 medius
1445 3422 1528 3470 est
1575 3414 1692 3485 ipse
1725 3413 1844 3468 fons
1890 3412 2032 3469 vitat.

519 3506 684 3560 Vens.
719 3509 806 3560 39.
839 3535 908 3546 —
931 3505 1138 3561 Sedens
1174 3521 1350 3561 secus.
1384 3503 1598 3572 Quanto
1630 3502 1882 3556 humilius
1943 3518 2034 3556 se-

444 3598 552 3662 det,
585 3603 728 3650 tanto
757 3595 986 3665 amplius
1016 3594 1174 3650 cadit.
1217 3597 1372 3665 Aqua
1401 3592 1622 3649 conﬂuit
1641 3592 1708 3646 ad
1738 3590 2037 3646 convallem

445 3685 513 3741 de
539 3684 837 3740 tumoribus
867 3683 1038 3739 collis.
1071 3683 1234 3738 Maria
1266 3683 1436 3751 sedet,
1470 3682 1593 3754 quia
1624 3679 2038 3751 contemplativa

391 3803 398 3807 ν
441 3773 644 3846 pacatis
671 3773 919 3830 vitiorum
976 3772 1304 3838 tumultibus,
1357 3779 1536 3842 optata
1562 3771 1672 3840 jam
1729 3770 1783 3824 in
1829 3769 2039 3824 Christo

446 3862 641 3919 mentis
662 3863 841 3936 quiete
866 3861 1073 3917 fruitur.
1109 3861 1313 3915 Martha
1353 3868 1472 3925 stat,
1507 3859 1630 3931 quia
1658 3857 1830 3914 activa
1883 3857 2038 3912 labo-

446 3952 585 4009 riosa
615 3952 844 4007 desudat
873 3951 927 4004 in
957 3949 1247 4006 certamine

517 4042 693 4096 Vnus.
731 4041 817 4093 40.
851 4068 920 4078 --
944 4039 1162 4092 Martha
1203 4041 1415 4091 autem.
1461 4036 1667 4090 Intenta
1731 4041 1843 4088 erat
1869 4032 2041 4088 Maria

445 4127 716 4200 quomodo
744 4133 1054 4196 pasceretur
1084 4127 1113 4178 a
1145 4124 1396 4190 Domino,
1429 4123 1630 4178 intenta
1652 4130 1766 4176 erat
1794 4122 1997 4176 Martha
2024 4139 2037 4176 :

445 4215 719 4288 quomodo
745 4221 989 4285 pasceret
1019 4211 1308 4268 Dominum
1341 4230 1354 4266 :
1393 4213 1508 4266 haac
1540 4209 1846 4266 convivium
1892 4218 2042 4282 parat

447 4302 696 4368 Domino,
731 4301 786 4356 in
807 4301 1054 4356 convivio
1087 4299 1301 4356 Domini
1330 4300 1417 4354 illa
1440 4301 1551 4369 jam
1575 4299 1913 4368 jucundatur.

516 4392 686 4447 Vens.
716 4391 800 4445 41.
823 4421 891 4430 -
911 4392 983 4445 Et
1000 4389 1362 4462 respondens.
1386 4389 1553 4443 Maria
1581 4404 1689 4443 non
1721 4389 2038 4464 respondet,

2131 497 2182 544 et
2209 489 2502 560 discipulos
2533 491 2601 545 ad
2631 493 2894 546 orandum
2933 492 3273 559 informasse,
3310 493 3437 564 quia
3467 501 3520 549 et
3545 495 3722 552 oratio

2132 595 2290 650 quam
2321 579 2506 634 docuit
2552 579 2826 652 utriusque
2855 581 2978 636 vita:
3016 581 3069 635 in
3128 598 3189 636 se
3232 582 3470 637 continet
3512 592 3723 654 myste-

2130 667 2292 734 rium,
2323 675 2378 722 et
2403 667 2644 738 ipsarum
2687 669 2950 739 perfectio
2998 669 3233 724 vitarum
3263 686 3373 725 non
3401 672 3598 727 nostris
3630 671 3720 727 vi-

2131 755 2301 822 ribus,
2325 757 2423 810 sed
2448 757 2698 827 precibus
2725 765 2807 812 est
2835 758 3146 814 obtinenda.
3186 761 3253 816 Ut
3289 763 3550 816 cessavit.
3586 761 3719 816 Ideo

2131 861 2276 914 saepe
2297 845 2541 900 Salvator
2555 861 2722 900 orans
2743 846 3036 913 inducitur,
3059 854 3116 900 ut
3136 847 3432 918 discipulos
3469 849 3536 902 ad
3585 864 3723 904 ora-

2131 933 2293 987 tionis
2317 933 2550 987 studium
2579 934 2824 990 inducat.
2856 935 3010 990 Unde
3038 933 3185 990 finita
3206 936 3468 1004 oratione,
3493 951 3525 991 a
3553 936 3724 993 disci-

2130 1021 2272 1091 pulis
2301 1021 2618 1087 sciscitatur,
2649 1031 2705 1076 ut
2735 1023 2924 1077 doceat
2966 1023 3197 1094 qualiter
3251 1023 3484 1079 debeant
3537 1039 3720 1080 orare.

2203 1137 2371 1192 Vnus.
2405 1142 2455 1192 5.
2487 1169 2556 1178 -
2590 1141 2722 1207 Quis
2749 1145 2998 1195 vestrum
3029 1140 3194 1196 habet
3245 1143 3514 1196 amicum.
3574 1141 3729 1196 Post-

2131 1241 2292 1296 quam
2323 1225 2548 1280 formam
2571 1227 2829 1281 orationis
2858 1227 3179 1300 rogantibus
3197 1229 3495 1299 proposuit,
3520 1229 3728 1283 instan-

2131 1313 2258 1368 tiam
2289 1314 2448 1368 etiam
2480 1322 2532 1368 et
2569 1307 2928 1386 frequentiam
2986 1316 3176 1370 orandi
3217 1316 3324 1370 illis
3380 1317 3632 1389 injungit,
3665 1325 3726 1372 ut

2131 1416 2239 1456 non
2270 1403 2444 1457 solum
2473 1403 2685 1468 diebus,
2719 1404 2816 1458 sed
2829 1404 2989 1458 etiam
3017 1405 3269 1460 noctibus
3298 1405 3468 1459 oratio
3500 1405 3725 1460 defera-

2130 1497 2235 1556 tur,
2270 1491 2360 1562 qui
2393 1491 2537 1546 enim
2583 1492 2759 1546 media
2788 1500 2946 1547 nocte
2976 1509 3144 1563 panes
3183 1494 3253 1547 ab
3291 1494 3467 1548 amico
3487 1494 3641 1564 petit,
3676 1502 3732 1550 et

2131 1578 2186 1632 in
2240 1579 2458 1649 petendi
2481 1579 2773 1635 intentione
2793 1580 3050 1650 persistit,
3085 1597 3196 1635 non
3226 1580 3508 1636 fraudatur
3538 1597 3725 1638 orans.

2201 1679 2372 1734 Vens.
2415 1684 2467 1736 7.
2501 1682 2716 1736 —Noli
2741 1681 2904 1736 mihi.
2955 1682 3077 1736 Non
3117 1681 3296 1736 aufert
3355 1699 3506 1752 spem
3543 1683 3727 1754 impe-

2049 1762 2102 1822 B
2131 1768 2322 1834 trandi,
2345 1770 2440 1824 sed
2469 1770 2842 1824 vehementius
2870 1770 3115 1826 accendit
3143 1771 3471 1826 desiderium
3508 1772 3726 1839 orandi,

2132 1865 2349 1913 ostensa
2361 1857 2675 1913 difﬁcultate
2698 1860 3088 1930 consequendi.
3113 1863 3239 1915 lam
3261 1862 3488 1916 ostium.
3513 1858 3726 1915 Ostium

2131 1947 2276 2018 quod
2304 1947 2502 2001 Paulus
2525 1948 2629 2001 sibi
2669 1948 2870 2018 aperiri
2899 1948 3031 2018 petit
3077 1949 3144 2002 ad
3175 1949 3501 2020 loquendum
3523 1958 3731 2020 myste-

2132 2035 2268 2089 rium
2301 2035 2515 2099 Christi,
2551 2045 2604 2090 et
2661 2037 2806 2107 quod
2843 2037 3082 2091 Joannes
3130 2037 3234 2091 sibi
3277 2045 3520 2107 apertum
3571 2038 3728 2105 vidit,

2131 2123 2484 2196 intelligentia
2515 2132 2595 2178 est
2623 2124 2790 2178 divini
2840 2124 3127 2188 sermonis,
3181 2126 3324 2197 quod
3354 2134 3435 2181 est
3488 2125 3730 2181 clausum

2131 2219 2378 2283 tempore
2409 2213 2568 2267 famis
2598 2213 2752 2267 verbi
2784 2214 2902 2276 Dei,
2936 2230 3058 2270 cum
3087 2213 3446 2286 intelligentia
3473 2230 3582 2270 non
3621 2215 3729 2270 da-

2133 2308 2236 2355 tur.
2268 2301 2336 2354 Et
2363 2301 2532 2371 pueri,
2568 2301 2622 2355 id
2643 2309 2744 2366 est,
2774 2301 2849 2354 illi
2871 2303 2961 2372 qui
3008 2303 3375 2374 evangelicum
3409 2302 3730 2372 sapientiam

2132 2393 2388 2460 tanquam
2419 2405 2621 2460 panem
2655 2398 2946 2462 erogantes
2967 2406 3067 2460 per
3088 2390 3273 2444 orbem
3303 2399 3565 2445 terrarum
3594 2407 3734 2461 prae-

2133 2477 2464 2544 dicaverunt,
2494 2479 2606 2550 jam
2637 2495 2757 2533 cum
2789 2478 3018 2536 Domino
3049 2486 3171 2531 sunt
3201 2478 3256 2531 in
3285 2487 3492 2533 aeterna
3521 2479 3727 2551 quiete,

2134 2575 2185 2621 et
2204 2574 2386 2621 tamen
2406 2567 2613 2622 orando
2643 2566 2888 2631 efﬁcitur,
2925 2573 2981 2619 ut
3027 2581 3192 2619 orans
3240 2566 3468 2636 accipiat
3522 2567 3734 2622 intelle-

2133 2663 2276 2710 ctum
2308 2656 2376 2710 ab
2406 2656 2525 2726 ipso
2558 2656 2806 2721 Domino,
2833 2654 3043 2710 etiamsi
3060 2655 3222 2708 homo
3243 2654 3383 2708 desit
3411 2671 3512 2725 per
3541 2672 3729 2726 quem,

2133 2744 2395 2814 sapientia
2423 2743 2764 2814 praedicetur.
2813 2745 2930 2800 Non
2959 2759 3187 2814 possum
3218 2759 3464 2814 surgere.
3489 2743 3730 2814 (Anam)

2132 2834 2306 2887 Nemo
2335 2833 2485 2886 timet
2512 2848 2581 2887 ne
2610 2832 2806 2887 excitet
2833 2831 3210 2900 dormientem,
3255 2847 3418 2902 quem
3445 2831 3546 2886 scit
3573 2848 3725 2888 sem-

2134 2937 2234 2992 per
2262 2935 2418 2976 orare
2447 2920 2781 2993 vigilantem.

2203 3017 2374 3074 Vaas.
2409 3022 2460 3071 8.
2490 3047 2560 3056 —
2605 3019 2839 3090 Propter
2875 3016 3298 3089 improbitatem
3339 3021 3528 3073 tamen
3583 3019 3725 3088 ejus,

2063 3117 2112 3181 α
2133 3114 2236 3162 etc.
2271 3106 2449 3161 Multae
2487 3113 2610 3160 sunt
2641 3105 2854 3161 insidiae
2881 3113 2932 3160 et
2963 3105 3146 3177 gravis
3202 3105 3448 3176 corporis
3479 3121 3722 3173 somnus,

2135 3195 2259 3267 quia
2289 3195 2335 3248 si
2364 3195 2603 3250 dormire
2630 3211 2786 3250 mens
2835 3193 3044 3264 incipit,
3072 3193 3319 3267 vigorem
3369 3211 3480 3249 suae
3509 3194 3726 3248 virtutis

2135 3283 2346 3338 amittit.
2380 3283 2569 3339 Excita
2596 3299 2728 3355 ergo
2759 3298 3008 3337 somnum
3036 3291 3206 3351 tuum,
3240 3290 3298 3337 ut
3327 3283 3509 3353 pulses
3529 3283 3731 3338 Christi

2135 3373 2348 3436 ostium,
2382 3380 2439 3426 ut
2467 3387 2590 3427 cum
2637 3371 2926 3426 intraveris
2979 3371 3288 3442 aperiantur
3344 3371 3438 3425 tibi
3485 3369 3728 3428 thesauri

2135 3461 2455 3526 absconditi,
2490 3467 2543 3515 et
2571 3460 2846 3516 tenebrosi
2867 3460 2920 3514 in
2943 3459 3158 3515 Christo
3185 3461 3333 3515 Jesu.

2207 3577 2378 3632 Vsus.
2413 3580 2465 3630 9.
2497 3605 2566 3616 —
2613 3577 2794 3631 Petite
2851 3579 2907 3630 et
2965 3576 3192 3630 dabitur
3245 3575 3409 3632 vobis.
3435 3573 3490 3630 Si
3519 3573 3728 3631 amicus

2137 3667 2300 3721 homo
2329 3664 2522 3738 surgit,
2557 3671 2610 3719 et
2637 3664 2728 3718 dat
2749 3679 2858 3719 non
2884 3662 3136 3730 amicitia,
3169 3663 3265 3718 sed
3297 3663 3457 3718 taedio
3479 3663 3726 3735 compul—

2139 3771 2251 3820 sus,
2285 3761 2486 3826 quanto
2507 3751 2684 3825 magis
2731 3753 2823 3807 dat
2875 3753 3022 3807 Deus
3079 3752 3169 3823 qui
3200 3751 3316 3806 sine
3346 3752 3505 3807 taedio
3533 3752 3731 3825 largis-

2139 3844 2275 3898 sime
2304 3844 2467 3898 donat
2541 3842 2686 3913 quod
2713 3842 2928 3911 petitur.
2962 3841 3046 3896 Ne
3075 3857 3209 3913 ergo
3239 3841 3451 3896 animus
3478 3842 3544 3896 ab
3575 3857 3730 3897 erro-

2140 3932 2212 3985 ris
2240 3931 2472 3985 vanitate
2499 3945 2796 3985 conversus
2829 3929 3096 4002 spirituali
3111 3929 3295 4002 inopia
3325 3930 3524 3985 diutius
3556 3931 3734 3986 tabes-

2139 4027 2244 4086 cat,
2277 4026 2522 4090 petamus
2553 4017 2740 4089 epulas
2786 4019 2960 4086 verbi,
3013 4035 3318 4091 quaeramus
3356 4019 3589 4074 amicum
3636 4018 3733 4091 qui

2139 4109 2247 4175 det,
2279 4107 2556 4179 pulsemus
2585 4109 2785 4163 ostium
2799 4109 2890 4165 ubi
2913 4096 3198 4165 servantur
3232 4109 3570 4164 abscondita.
3613 4108 3728 4162 Ma-

2141 4213 2303 4269 gnam
2320 4197 2465 4252 enim
2481 4213 2635 4269 spem
2655 4197 2854 4265 tribuit,
2876 4199 2966 4270 qui
2982 4198 3346 4269 promittendo
3367 4212 3474 4252 non
3504 4196 3728 4268 decipit.

2145 4287 2337 4343 Omnis
2368 4288 2522 4342 enim
2552 4289 2648 4359 qui
2700 4288 2845 4359 petit
2888 4288 3114 4359 accipit.
3152 4285 3304 4357 Opus
3361 4294 3442 4341 est
3471 4301 3733 4359 persevef

2142 4375 2338 4440 rantia,
2362 4383 2418 4429 ut
2439 4357 2855 4447 consequamur.
2873 4357 3031 4442 Quod
3045 4375 3090 4429 si
3109 4375 3315 4446 petenti
3328 4375 3501 4443 datur,
3517 4367 3571 4429 et
3591 4357 3736 4446 qua}:

449 4475 546 4533 sed
575 4491 788 4531 causam
823 4491 971 4530 suam
1004 4482 1255 4546 tanquam
1302 4473 1473 4528 otiosa
1520 4472 1800 4528 committit
1848 4462 2038 4540 judici.
2072 4477 2272 4537 Drens
2300 4464 2591 4528 invenit,et
2609 4463 2842 4535 pulsanti
2870 4463 3122 4534 aperitur,
3150 4464 3236 4518 cui
3258 4478 3394 4536 ergo
3411 4478 3519 4518 non
3550 4462 3732 4530 datur,

448 4565 504 4620 Si
533 4565 676 4620 enim
714 4573 924 4636 pararet
969 4561 1338 4635 respondendi
1393 4577 1700 4617 sermonem
1748 4561 2044 4616 remitteret

452 4653 708 4708 audiendi
762 4642 1137 4709 intentionem.
1180 4651 1417 4717 Martha,
1479 4651 1718 4706 Martha.
1772 4649 2042 4721 Repetitio

449 4742 707 4798 indicium
736 4751 815 4798 est
843 4742 1168 4808 dilectionis,
1201 4741 1289 4799 vel
1322 4741 1458 4797 forte
1480 4739 1770 4796 mouendae
1794 4739 2043 4796 intentio-

451 4831 557 4900 nis,
591 4839 649 4886 ut
673 4830 879 4887 audiret
905 4831 1182 4887 attentius.

524 4939 692 4994 Vnus.
729 4939 815 4994 42.
846 4968 914 4977 -
941 4940 1111 4994 Porro
1129 4952 1311 4992 unum
1343 4939 1451 4991 est.
1493 4933 1824 5005 Praeponitur
1879 4950 2044 4989 unum

451 5027 652 5083 multis.
685 5028 807 5082 Non
834 5026 976 5082 enim
1017 5042 1050 5081 a
1075 5025 1256 5080 multis
1287 5040 1470 5091 unum,
1505 5024 1604 5079 sed
1631 5023 1793 5078 multa
1820 5022 1887 5078 ab
1915 5039 2043 5093 uno,

453 5124 505 5173 et
538 5124 713 5171 tamen
731 5115 900 5170 multa
927 5123 1051 5170 sunt
1073 5113 1380 5171 necessaria
1409 5111 1750 5167 tendentibus
1767 5113 1836 5167 ad
1856 5129 2041 5167 unum.

455 5205 634 5262 Maria
663 5207 960 5278 optimam.
998 5204 1121 5260 Non
1178 5201 1586 5274 reprehenditur
1623 5217 1751 5273 pars
1803 5203 2042 5268 Martha,

455 5293 576 5366 quia
597 5302 650 5349 et
696 5294 813 5366 ipsa
869 5295 1032 5360 bona,
1093 5293 1189 5347 sed
1245 5292 1490 5347 laudatur
1520 5290 1661 5365 'pars
1693 5291 1890 5360 Mariae,
1925 5308 2047 5363 quae

455 5399 618 5456 quare
648 5383 718 5440 sit
747 5384 968 5455 optima,
1005 5381 1346 5437 subinfertur.

1073 5525 1296 5584 CAPUT
1333 5527 1434 5584 XI.

532 5670 699 5726 Vsus.
719 5672 770 5725 1.
794 5699 861 5711 -
881 5670 951 5726 Et
981 5671 1200 5742 factum
1220 5674 1322 5726 est.
1346 5669 1472 5724 Post
1493 5666 1772 5725 historiam
1805 5680 2049 5726 sororum

2145 4561 2197 4608 et
2223 4553 2313 4625 qui
2341 4568 2450 4608 non
2470 4552 2692 4618 invenit,
2726 4561 2778 4606 et
2797 4553 2884 4608 cui
2915 4567 3024 4607 non
3042 4552 3302 4622 aperitur,
3335 4559 3559 4622 apparet
3588 4550 3737 4624 quod

2142 4658 2251 4699 non
2281 4642 2419 4698 bene
2450 4641 2740 4714 quaesierit,
2774 4640 2986 4712 petierit
3016 4649 3068 4696 et
3103 4641 3418 4712 pulsaverit.

2215 4750 2385 4804 Vens.
2422 4751 2506 4804 10.
2539 4777 2609 4789 -
2639 4748 2880 4815 Quaerite
2909 4751 2967 4802 et
2997 4749 3324 4804 invenietis.
3355 4777 3425 4787 —
3444 4749 3624 4819 Prope
3649 4751 3738 4802 est

2143 4840 2415 4895 Dominus
2444 4837 2701 4894 omnibus
2734 4838 3123 4893 invocantibus
3153 4853 3283 4892 eum
3305 4839 3365 4893 in
3388 4836 3644 4900 veritate,
3681 4840 3739 4891 et

2145 4929 2494 4984 voluntatem
2555 4927 2882 4981 timentium
2937 4941 2994 4980 se
3073 4927 3250 4997 faciet
3313 4925 3486 4996 (Psal.
3548 4923 3730 4993 xuv).

2145 5017 2294 5072 Alios
2326 5016 2416 5087 qui
2447 5031 2556 5070 non
2586 5015 2655 5069 ita
2684 5023 2874 5086 petunt
2915 5014 3191 5088 regarduit
3237 5014 3469 5070 Jacobus
3499 5012 3691 5068 dicens
3727 5030 3742 5067 :

2147 5106 2347 5160 Petitis
2377 5108 2434 5159 et
2459 5121 2573 5159 non
2603 5106 2880 5176 accipitis,
2906 5120 2966 5160 eo
2997 5103 3139 5178 quod
3165 5104 3316 5160 male
3350 5103 3563 5176 petatis
3593 5101 3740 5172 (Jac.

2147 5197 2244 5266 ιν),
2269 5194 2392 5265 quia
2421 5193 2782 5264 perseveratis
2814 5193 2870 5248 in
2890 5193 3150 5264 peccatis.

2218 5310 2387 5364 Vsus.
2423 5312 2507 5363 Η.
2541 5340 2611 5350 -
2643 5310 2774 5378 Quis
2811 5314 3003 5367 autem
3044 5326 3119 5367 ex
3153 5309 3298 5366 vobis
3328 5313 3553 5382 patrem
3587 5307 3743 5380 petit

2146 5415 2370 5472 panem,
2403 5400 2661 5471 nunquid
2684 5399 2944 5472 lapidem,
2969 5407 3072 5455 etc.
3106 5397 3291 5469 (Βεο.)
3311 5397 3556 5468 Mystice.
3578 5393 3746 5449 Panis

2150 5488 2327 5562 signat
2355 5488 2670 5544 charitatem
2698 5497 2918 5560 prOpter
2944 5489 3202 5558 majorem
3232 5486 3524 5558 appetitum
3555 5491 3611 5539 et
3640 5498 3750 5537 ne-

2150 5578 2450 5634 cessarium
2478 5595 2653 5647 usum,
2685 5585 2812 5643 etc.,
2832 5593 3007 5652 usque
3023 5579 3094 5634 ad
3124 5577 3178 5631 in
3210 5592 3272 5633 ea
3303 5591 3425 5648 quae
3462 5582 3589 5629 ante
3620 5578 3752 5627 sunt

2153 5683 2212 5724 se
2244 5667 2514 5725 extendat.
