3932 6178
143 243 246 295 289

1097 233 1369 290 GLOSSA
1407 231 1816 288 oaomanm.
1850 213 1918 274 -ζ
1947 231 2211 288 EVANG.
2254 231 2406 288 LUC.

3341 236 3447 290 290

222 361 396 416 Vens.
433 364 522 414 13.
557 390 626 400 -
663 361 880 428 Quanto
909 361 1105 431 magis.
1149 362 1354 429 Aperta
1390 357 1745 429 comparatio.
1775 357 1831 419 Α
1860 358 2008 412 nulla
2035 357 2238 412 malitia
2271 356 2562 413 artificiosa
2611 356 2728 423 fuit,
2781 356 3048 412 sedebunt
3087 373 3256 430 super
3298 357 3455 415 sedes

150 450 209 505 Si
232 450 378 504 enim
400 450 570 504 homo
585 456 844 520 peccator
872 449 1051 503 adhuc
1094 446 1276 520 fragili
1293 463 1456 504 carne
1480 454 1760 518 gravatus,

155 538 471 610 petentibus
499 538 624 592 ﬁliis
654 537 974 609 temporalia
1003 537 1131 591 dare
1162 553 1272 591 non
1305 537 1561 609 abnegat,
1595 535 1764 591 multo

157 627 338 699 magis
367 628 530 682 Pater
560 626 799 682 ccelestis
829 625 954 680 ﬁliis
985 641 1083 680 suo
1114 625 1308 681 timore
1337 633 1391 680 et
1418 642 1604 680 amore
1624 642 1765 696 prie-

158 717 306 781 ditis,
343 732 455 771 non
485 713 796 772 deﬁcientia
825 715 972 770 bona
999 713 1230 786 largitur
1260 715 1315 768 in
1348 714 1520 770 caelis.

232 832 410 887 Vens.
451 833 536 887 14.
573 862 640 870 -
669 833 738 886 Et
769 835 892 887 erat
923 832 1174 902 ejicicns.
1209 831 1336 885 Post
1363 828 1766 902 praedicationis

163 920 336 976 verba
369 936 492 992 quae
511 919 807 976 humilibus
835 919 1120 990 pr0posuit
1150 919 1311 974 etiam
1340 918 1605 973 miracula
1637 933 1766 988 Ope—

164 1019 332 1075 ratur,
369 1017 429 1064 ut
460 1010 551 1080 qui
580 1008 893 1080 praedicanti
925 1025 1033 1064 non
1065 1009 1313 1074 credunt,
1351 1007 1482 1063 visis
1521 1007 1765 1062 miracu-

163 1098 227 1152 lis
256 1098 506 1155 credant.
541 1099 824 1153 Matthzeus
851 1098 996 1153 hunc
1026 1096 1422 1152 daemoniacum
1455 1095 1614 1150 etiam
1654 1111 1766 1150 cae-

161 1203 286 1244 cum
334 1187 507 1241 fuisse
551 1187 701 1242 dicit.
752 1187 814 1241 In
861 1202 970 1258 quo
1019 1185 1122 1240 tria
1160 1184 1423 1240 miracula
1461 1201 1494 1238 a
1537 1183 1768 1238 Domino

163 1275 294 1330 ﬁunt
321 1276 529 1342 :videt,
560 1275 820 1346 loquitur,
853 1290 888 1329 a
911 1275 1159 1330 daemone
1193 1274 1476 1329 liberatur.
1510 1272 1667 1341 Quod
1681 1288 1770 1326 au-

161 1373 270 1420 tem
302 1372 437 1421 tunc
468 1364 524 1418 in
554 1379 662 1419 uno
691 1363 985 1420 carnaliter
1015 1363 1214 1419 factum
1247 1370 1347 1427 est,
1383 1361 1622 1433 quotidie
1641 1359 1770 1415 litin

167 1453 537 1508 conversione
577 1452 838 1524 gentium,
861 1460 920 1506 ut
949 1452 1185 1522 primum
1225 1451 1451 1522 expulso
1498 1451 1765 1516 daemone,

167 1550 218 1597 et
247 1542 404 1597 omni
434 1541 693 1612 spurcitia
740 1541 1082 1605 idololatriae,
1129 1539 1255 1594 ﬁdei
1301 1539 1484 1593 lumen
1531 1539 1766 1603 videant,

163 1630 362 1686 deinde
394 1630 634 1686 tacentia
663 1629 816 1702 prius
847 1645 945 1686 ora
973 1630 1044 1684 ad
1074 1628 1292 1684 laudem
1314 1628 1413 1682 Dei
1435 1628 1764 1683 laxarentur.

1862 447 2157 505 duodecim
2160 448 2488 520 judicantes
2501 447 2791 503 duodecim
2806 448 2984 503 tribus
2997 447 3190 502 Israel.
3208 446 3326 517 Vel,
3341 446 3458 516 ﬁlii,

1861 536 1918 591 id
1947 545 2048 605 est,
2084 536 2370 592 exorcistze
2398 536 2544 591 illius
2574 535 2774 609 gentis,
2821 536 2912 607 qui
2952 535 3200 591 invocato
3244 535 3462 590 nomine

1864 625 2080 680 Domini
2108 627 2386 682 daemones
2426 625 2791 696 expellebant.
2835 624 3002 694 Quasi
3045 625 3190 680 dicat
3224 643 3236 679 :
3274 625 3329 680 Si
3361 641 3460 680 ex-

1862 715 2040 786 pulsio
2069 715 2378 771 dzemonum
2407 715 2462 770 in
2475 715 2600 783 illis,
2624 731 2732 769 non
2761 714 2982 769 diabolo
3014 714 3112 768 sed
3143 716 3258 769 Deo
3290 714 3462 784 depu-

1866 811 2028 873 tatur,
2049 819 2147 860 cur
2165 804 2313 859 idem
2333 821 2472 874 opus
2491 804 2546 858 in
2568 820 2656 858 me
2676 819 2786 858 non
2812 803 3011 858 habeat
3041 804 3295 859 eamdem
3324 819 3461 859 cau-

1867 893 2023 948 sam?
2037 894 2156 948 Ideo
2168 894 2277 964 ipsi
2281 894 2502 965 judices
2515 894 2686 948 vestri
2697 897 2887 948 erunt.
2905 893 3028 947 Non
3048 900 3338 963 potestate,
3363 893 3462 948 sed

1866 981 2292 1052 comparatione,
2317 981 2447 1036 dum
2467 981 2546 1035 illi
2568 981 2964 1060 expulsipnem,
2989 997 3100 1035 non
3119 981 3341 1036 diabolo
3363 982 3462 1036 sed

1867 1073 1984 1127 Deo
2013 1071 2314 1142 assignant.
2347 1072 2405 1126 Si
2438 1075 2650 1126 autem.
2686 1070 2854 1139 Quasi
2885 1071 3034 1125 dicat
3058 1088 3070 1124 :
3094 1070 3347 1143 Regnum
3377 1071 3467 1125 di-

1868 1159 2046 1216 visum
2075 1167 2220 1213 stare
2250 1175 2360 1214 non
2390 1166 2588 1229 potest,
2623 1159 2722 1213 sed
2752 1175 2986 1232 regnum
3017 1159 3231 1213 Satanae
3262 1166 3346 1213 est
3375 1158 3464 1213 di-

1869 1248 2064 1317 visum,
2098 1256 2156 1302 ut
2183 1264 2283 1303 vos
2312 1247 2512 1317 dicitis,
2547 1247 2694 1318 quod
2731 1247 2962 1303 Satanas
3003 1249 3166 1303 Satan
3205 1247 3464 1318 expellat,

1870 1353 2026 1410 ergo,
2063 1346 2167 1393 etc.

1943 1454 2114 1508 Vens.
2128 1421 2494 1542 20.—Ijorro,
2519 1454 2570 1507 si
2591 1454 2650 1507 in
2670 1452 2865 1523 digito.
2882 1451 3047 1506 Filius
3066 1450 3264 1508 dicitur
3275 1467 3470 1507 manus

1871 1542 1956 1597 vel
1979 1541 2265 1597 brachium
2288 1540 2461 1595 Patris
2487 1559 2499 1595 :
2527 1540 2760 1610 Spiritus
2793 1548 3014 1596 sanctus
3044 1540 3245 1598 dicitur
3264 1540 3469 1613 digitus

1871 1639 2096 1700 propter
2137 1629 2505 1684 differentiam
2550 1629 2827 1684 variorum
2866 1629 3155 1699 donorum,
3205 1646 3327 1701 quae
3370 1645 3472 1700 per

234 1747 414 1802 Vsus.
452 1749 538 1800 15_
572 1777 640 1786 _
683 1748 746 1802 ιη
788 1746 1103 1802 Βεειωὸηὺ.
1146 1745 1320 1799 Ninus
1363 1761 1479 1810 rex,
1527 1721 1844 1800 conditorB
1874 1719 2136 1788 Spiritum
2187 1726 2436 1774 sanctum
2480 1717 2792 1772 hominibus
2855 1718 3073 1787 dantur,
3129 1718 3268 1774 sicut
3314 1718 3471 1790 digiti

169 1836 386 1902 Ninive,
429 1835 563 1891 Belo
598 1835 741 1906 patri
779 1851 877 1889 suo
924 1843 1155 1889 statuam
1200 1833 1561 1898 consecravit,
1617 1832 1778 1903 eique

172 1925 386 1980 divinos
434 1924 672 1979 honores
712 1923 954 1992 instituit,
1004 1924 1156 1992 cujus
1200 1921 1476 1977 simulacri
1519 1920 1773 1974 similitu-

172 2013 354 2068 dinem
386 2012 753 2083 suscipientes
783 2011 1021 2066 Chaldzei
1059 2011 1153 2066 Bel
1182 2012 1472 2067 vocabant.
1507 2008 1778 2064 Palaestini

175 2101 562 2172 suscipientes,
612 2100 738 2155 Baal
786 2100 1059 2165 dicebant,
1119 2100 1366 2155 Moabitae
1419 2098 1773 2169 Beelphegor.

174 2191 344 2246 Judaei
377 2199 568 2245 autem
597 2189 758 2244 unius
787 2189 887 2244 Dei
915 2189 1148 2244 cultores
1186 2196 1412 2259 propter
1447 2187 1778 2242 derisionem

179 2278 474 2352 gentilium
508 2277 812 2332 Beelzebub
839 2277 1201 2348 appellabant.
1240 2277 1371 2331 Baal
1403 2275 1547 2331 enim
1577 2275 1661 2330 vir
1689 2274 1777 2328 di-

177 2368 330 2436 citur,
351 2367 544 2422 Zebub
562 2381 770 2431 musca,
803 2365 930 2420 inde
960 2365 1282 2432 Beelzebub,
1311 2366 1365 2419 id
1387 2373 1486 2430 est,
1521 2365 1605 2419 vir
1631 2380 1778 2417 mus-

176 2470 384 2520 carum,
412 2455 531 2510 sive
559 2455 768 2508 habens
797 2469 1036 2519 muscas,
1071 2462 1295 2525 propter
1324 2454 1516 2508 sordes
1546 2451 1776 2519 cruoris,

176 2545 260 2616 qui
288 2545 347 2598 in
377 2543 587 2614 templo
627 2543 744 2612 ejus
784 2543 1188 2598 immolabatur.
1232 2543 1569 2596 Asserebant
1615 2541 1780 2596 etiam

177 2632 347 2688 Judaei
378 2633 437 2687 in
468 2634 575 2688 hoc
601 2631 894 2687 simulacro
923 2631 1228 2702 principem
1258 2631 1654 2686 daemoniorum
1684 2631 1781 2684 ha-

181 2721 370 2792 bitare,
396 2737 499 2792 per
519 2721 676 2791 cujus
709 2728 1036 2791 potestatem
1073 2719 1329 2776 dicebant
1354 2721 1542 2775 Jesmn
1570 2719 1780 2775 daemo-

183 2811 264 2865 nia
291 2810 533 2882 pellere.

249 2926 426 2980 Vens.
466 2928 554 2979 18.
579 2954 648 2965 —-
670 2926 789 2996 Ipse
819 2928 1010 2980 autem
1040 2929 1105 2979 ut
1133 2925 1274 2980 vidit
1305 2925 1672 2996 cogitationes
1695 2938 1782 2978 eo-

187 3032 329 3070 rum.
366 3015 486 3068 Hoc
516 3012 620 3067 sibi
650 3012 937 3082 proprium
966 3012 1232 3066 Dominus
1263 3012 1578 3081 reservavit,
1612 3019 1670 3065 ut
1698 3026 1784 3066 co.

185 3104 476 3175 gitationes
508 3102 784 3156 intueatur
805 3108 857 3155 et
881 3101 1108 3168 judicet.
1144 3101 1432 3171 PrOprium
1463 3109 1544 3154 est
1572 3100 1788 3154 Judan-

186 3207 302 3246 rum
333 3206 590 3262 quaerere
623 3189 798 3261 signa,
831 3189 975 3243 unde
1003 3189 1202 3242 Paulus
1230 3207 1243 3241 :
1278 3189 1456 3244 Judaei
1485 3191 1650 3259 signa
1685 3204 1788 3260 pe-

191 3284 331 3345 tunt,
349 3283 554 3351 gentes
567 3279 910 3349 sapientiam
924 3278 977 3345 (I
987 3278 1105 3334 Cor.
1124 3277 1184 3346 ι).
1203 3277 1321 3348 Ipse
1342 3279 1534 3332 autem
1549 3281 1612 3332 ut
1625 3277 1784 3333 vidit.

189 3368 301 3422 Non
322 3368 394 3422 ad
417 3367 611 3435 verba,
639 3365 736 3420 sed
755 3366 823 3419 ad
845 3366 1082 3437 cogitata
1113 3365 1409 3436 respondet
1432 3383 1445 3418 :
1481 3365 1535 3419 in
1557 3380 1664 3436 quo
1695 3365 1789 3419 dat

189 3465 398 3512 certum
427 3455 690 3527 potentiae
720 3471 833 3510 sua:
880 3454 1098 3526 signum
1139 3470 1246 3525 qua
1287 3464 1502 3509 secreta
1545 3454 1790 3510 cordium

191 3545 439 3602 rimatur.
470 3546 634 3599 Juxta
672 3543 911 3598 litteram
953 3551 1122 3613 patet,
1165 3543 1310 3614 quod
1351 3559 1513 3598 omne
1558 3559 1790 3616 regnum

193 3635 446 3702 solidum,
471 3642 527 3689 et
559 3631 777 3686 ﬁrmum
806 3631 850 3686 si
879 3648 981 3702 per
1010 3639 1192 3704 partes
1218 3631 1494 3701 dividitur,
1526 3630 1583 3685 in
1611 3631 1794 3686 solitu-

195 3723 369 3778 dinem
401 3721 696 3794 redigitur,
732 3728 1020 3776 vacuatum
1052 3720 1118 3774 ab
1146 3720 1563 3790 habitatoribus,
1594 3727 1648 3776 et
1685 3719 1790 3774 do-

197 3827 308 3865 mus
345 3825 520 3882 supra
569 3810 792 3864 domum
821 3809 980 3864 cadet
1028 3824 1153 3864 cum
1195 3809 1591 3864 habitatoribus
1631 3808 1791 3863 unius

199 3899 383 3954 domus
429 3900 499 3953 ab
539 3898 764 3954 alterius
804 3897 999 3952 domus
1040 3896 1245 3952 familia
1286 3897 1374 3952 vel
1411 3899 1793 3968 opprimuntur

198 3989 278 4042 vel
305 3988 630 4059 puniuntur.
666 3986 787 4054 Quo
818 3994 998 4041 autem
1023 3987 1142 4042 haec
1174 3985 1524 4056 spiritualiter
1545 3988 1788 4056 tendant,

201 4077 413 4146 exponit
444 4092 571 4132 cum
613 4075 859 4147 adjungit
883 4092 896 4128 :
921 4075 981 4131 Si
1009 4079 1204 4130 autem
1241 4079 1294 4130 et
1329 4077 1570 4132 Satanas
1602 4078 1664 4131 in
1700 4092 1791 4131 sc-

198 4164 381 4235 ipsum
400 4165 619 4219 divisus
639 4167 742 4218 est.
781 4163 836 4217 Si
868 4179 993 4235 ego,
1029 4171 1086 4218 ut
1109 4179 1209 4219 vos
1238 4163 1436 4232 dicitis,
1469 4164 1525 4218 in
1546 4164 1792 4235 principe

200 4251 593 4307 daemoniorum
623 4249 783 4319 ejicio
811 4251 1103 4320 diemonia,
1145 4268 1282 4324 ergo
1323 4268 1555 4323 regnum
1593 4251 1792 4306 diaboli

203 4352 281 4394 est
323 4341 561 4394 divisum
599 4348 794 4394 contra
824 4355 904 4408 se,
941 4347 994 4393 et
1021 4340 1095 4394 ita
1133 4349 1376 4410 potestas
1415 4339 1632 4394 malitiae
1676 4340 1793 4408 ejus

1877 1808 2022 1862 inter
2062 1824 2122 1862 se
2152 1807 2376 1862 discreti
2409 1815 2533 1861 sunt
2558 1825 2572 1861 :
2594 1822 2698 1862 nec
2729 1815 2892 1862 nocet
2920 1807 3263 1878 inaequalitas
3294 1822 3473 1862 mem-

1878 1897 2126 1951 brorum.
2160 1896 2310 1952 Licet
2340 1895 2484 1950 enim
2525 1895 2802 1950 brachium
2843 1896 3017 1964 majus
3049 1896 3118 1950 sit
3153 1896 3347 1969 digito,
3389 1903 3477 1950 ta-

1877 2002 2004 2040 men
2034 1985 2318 2040 brachium
2347 1999 2470 2040 cum
2500 1983 2673 2056 digito
2699 2001 2868 2039 unum
2898 1991 2981 2039 est
3015 2001 3234 2054 corpus.
3259 1985 3376 2040 Hoc
3396 1985 3478 2040 di-

1877 2073 1992 2146 gito
2039 2073 2243 2143 scripta
2273 2081 2357 2127 est
2387 2072 2474 2128 lex
2505 2073 2561 2127 in
2592 2073 2810 2128 tabulis.
2854 2073 3011 2128 Hunc
3056 2073 3288 2143 digitum
3328 2073 3477 2146 magi

1878 2161 2117 2218 confessi
2148 2170 2272 2216 sunt
2300 2161 2354 2216 in
2372 2163 2624 2234 Egypto.
2657 2161 3204 2234 Profectofpervenit,
3237 2169 3363 2230 etc.,
3396 2177 3480 2219 re-

1878 2267 2074 2323 gnum.
2112 2251 2171 2304 Id
2201 2258 2304 2319 est,
2333 2250 2627 2319 judiciaria
2665 2256 2907 2319 potestas
2937 2251 3078 2305 Dei:
3113 2267 3217 2320 qua
3248 2250 3422 2306 bonos
3451 2267 3482 2304 a

1878 2339 2038 2394 malis
2085 2347 2335 2394 secernet
2365 2338 2421 2392 in
2451 2338 2540 2393 die
2563 2338 2770 2406 judicii.
2824 2338 2941 2403 Vel,
2993 2341 3264 2410 Regnum,
3309 2339 3366 2394 id
3395 2347 3481 2394 est

1881 2443 2120 2499 superna
2159 2427 2451 2483 beatitudo.
2501 2425 2666 2495 Quasi
2704 2426 2848 2482 dicat
2886 2444 2899 2480 :
2940 2426 2997 2481 Si
3035 2426 3090 2480 in
3133 2427 3336 2498 Spiritu
3380 2428 3479 2484 Dei

1882 2517 2041 2586 ejicio
2072 2516 2358 2585 daemonia,
2394 2515 2512 2570 sine
2543 2515 2710 2570 dubio
2741 2515 2925 2571 sciatis
2953 2515 3160 2572 aditum
3187 2516 3346 2590 regni
3368 2531 3482 2572 coe-

1882 2605 2037 2662 lestis
2067 2605 2398 2676 patefactum
2431 2605 2798 2660 credentibus.

1955 2713 2124 2767 Vens.
2140 2716 2200 2769 2i
2217 2741 2305 2765 .—
2321 2714 2458 2768 Cum
2475 2713 2640 2783 fortis
2658 2713 2891 2767 atrium.
2909 2711 3079 2779 Quasi
3096 2711 3272 2768 dicat:
3298 2711 3355 2768 Si
3372 2728 3478 2786 ego

1884 2801 1939 2856 in
1960 2801 2285 2867 Beelzebub,
2308 2800 2446 2856 sicut
2461 2800 2658 2868 dicitis,
2685 2799 2940 2869 ejicerem
2961 2800 3248 2871 daemonia,
3276 2809 3404 2858 tunc
3424 2801 3481 2857 in

1884 2890 2069 2961 aliquo
2089 2889 2349 2960 operibus
2369 2889 2574 2944 diaboli
2595 2889 2984 2959 consentirem,
3009 2890 3107 2944 sed
3130 2890 3280 2946 nullo
3313 2890 3478 2946 modo

1885 2994 2008 3035 cum
2037 2979 2132 3034 illo
2152 2977 2457 3047 consentio,
2481 2978 2580 3033 sed
2599 2978 2780 3049 potius
2811 2979 2962 3034 illum
2995 2995 3257 3050 superare
3276 2987 3329 3035 et
3379 2979 3482 3049 eji-

1809 3077 1858 3141 α
1889 3068 2208 3124 cereameis
2229 3067 2483 3123 ﬁdelibus
2501 3066 2716 3123 festino.
2747 3069 2884 3124 Cum
2906 3067 3175 3135 diabolus,
3195 3069 3380 3140 fortis.
3398 3067 3482 3123 Ad

1889 3158 2218 3227 nocendum,
2257 3161 2538 3224 armatus,
2577 3157 2762 3212 multis
2798 3156 3169 3228 spiritualibus
3203 3157 3480 3229 nequitiis,

1890 3247 2154 3314 custodit,
2183 3246 2240 3301 in
2264 3262 2364 3301 sua
2381 3247 2662 3312 servitute,
2689 3249 2926 3314 atrium,
2948 3264 3115 3303 suum
3136 3245 3190 3300 id
3215 3255 3297 3302 est
3330 3263 3486 3302 mun-

1889 3335 2045 3403 dum,
2079 3335 2171 3405 qui
2205 3335 2259 3389 in
2299 3335 2542 3408 maligno
2576 3335 2786 3406 positus
2815 3345 2917 3404 est,
2964 3335 3019 3390 in
3057 3352 3164 3408 quo
3205 3352 3376 3407 usque
3415 3335 3487 3391 ad

1891 3424 2185 3480 adventum
2244 3423 2361 3478 Filii
2417 3424 2518 3479 Dei
2573 3424 2828 3479 diabolus
2894 3425 3010 3479 sine
3055 3425 3486 3481 contradictione

1889 3511 2317 3582 principabatur,
2351 3519 2402 3566 et
2442 3512 2586 3566 male
2624 3520 2819 3583 pacato
2859 3513 3112 3568 utebatur
3155 3513 3387 3585 imperio
3427 3514 3484 3569 in

1891 3600 2148 3657 cordibus
2177 3599 2495 3656 inﬁdelium.

1963 3725 2134 3780 Vens.
2157 3728 2246 3781 22.
2270 3754 2339 3764 —
2359 3726 2420 3781 Si
2438 3729 2631 3780 autem
2647 3727 2867 3796 fortior.
2903 3724 3206 3781 Fortiorem
3226 3743 3285 3780 se
3303 3734 3482 3795 vocat,

1893 3813 1982 3885 qui
2004 3829 2114 3868 non
2135 3813 2394 3868 concordi
2415 3828 2550 3883 pace
2573 3821 2627 3868 et
2647 3813 2983 3883 Operatione,
3009 3814 3147 3869 sicut
3177 3814 3486 3870 calumnia-

1892 3903 2106 3970 bantur,
2133 3902 2230 3957 sed
2252 3901 2459 3956 fortiori
2474 3902 2710 3972 potentia
2731 3902 2908 3972 ipsum
2945 3902 3153 3971 stravit,
3188 3905 3486 3959 mundum-

1894 4009 2000 4062 que
2020 3992 2088 4046 ab
2108 3991 2278 4062 ipsius
2299 3990 2665 4045 dominatione
2684 3990 2954 4045 liberavit.
2968 3993 3134 4045 Arma
3151 3991 3354 4047 diaboli
3367 4010 3488 4064 qua:

1894 4079 2135 4145 abstulit,
2161 4078 2510 4134 calidissimze
2530 4087 2652 4132 sunt
2686 4079 2942 4135 versutia:
2973 4080 3264 4150 spiritualis
3292 4081 3489 4150 nequi-

1895 4169 2000 4222 tiae.
2037 4167 2242 4238 Spolia,
2287 4176 2410 4221 sunt
2439 4167 2634 4222 anima:
2666 4167 2733 4222 ab
2763 4185 2828 4222 eo
2858 4169 3121 4239 decepta},
3156 4185 3278 4240 quae
3315 4169 3492 4224 victor

1895 4256 2142 4310 Christus
2163 4256 2453 4323 distribuit,
2477 4257 2622 4326 quod
2644 4265 2726 4312 est
2755 4257 3047 4329 insignimn
3084 4257 3488 4327 triumphantis,

1896 4345 2022 4416 quia
2034 4347 2316 4417 captivam
2329 4345 2538 4401 ducens
2552 4347 2961 4413 captivitatem,
2980 4347 3130 4401 dedit
3143 4347 3287 4401 dona
3303 4346 3489 4401 homi-

204 4437 339 4483 stare
381 4444 491 4483 non
529 4436 728 4498 potest.
762 4427 819 4481 Si
857 4436 1040 4482 autem
1085 4428 1302 4484 dzemon
1341 4430 1644 4482 dmmonem
1683 4444 1794 4482 non
1822 4433 2076 4500 Dnibus,
2101 4434 2367 4505 quosdam
2389 4435 2613 4506 quidem
2634 4437 2930 4506 apostolos,
2954 4436 3094 4490 alios
3115 4434 3489 4506 eva-ngclistas

207 4525 377 4585 potest
409 4517 706 4588 expellere,
739 4516 877 4570 falso
907 4517 1086 4572 dicitis
1114 4533 1202 4571 me
1231 4518 1285 4570 in
1314 4517 1560 4587 principe
1591 4518 1794 4572 daemo-

205 4605 413 4659 niorum
444 4606 712 4660 dazmonia
745 4606 964 4674 ejicere.
993 4606 1049 4661 Si
1067 4621 1197 4661 vero
1228 4613 1406 4676 potest
1437 4605 1575 4661 sicut
1595 4606 1792 4675 dicitis,

207 4693 496 4763 prospicite
526 4693 703 4760 vobis,
736 4701 794 4746 ut
821 4693 891 4748 de
920 4709 1094 4765 regno
1126 4694 1241 4761 ejus
1275 4693 1420 4764 quod
1453 4693 1684 4747 divisum
1715 4703 1797 4748 est

209 4782 424 4851 exeatis,
456 4797 527 4836 ne
557 4782 611 4834 in
643 4782 800 4836 ruina
830 4782 946 4850 ejus
974 4781 1180 4853 pariter
1209 4781 1576 4838 involvamini.
1612 4783 1670 4835 In
1690 4798 1796 4853 quo

209 4876 383 4924 autem
411 4870 679 4926 Dominus
728 4869 904 4939 ejiciat
945 4870 1243 4940 daemones,
1285 4887 1355 4926 ne
1401 4871 1797 4926 daemoniorum

209 4958 505 5030 principem
573 4958 905 5030 existiment,
972 4960 1248 5015 attendant
1315 4960 1462 5030 quod
1528 4960 1792 5031 sequitur.

276 5094 443 5149 Vens.
472 5098 558 5148 19.
585 5124 655 5134 —-
673 5095 735 5150 Si
763 5097 956 5150 autem
986 5110 1079 5165 ego
1109 5095 1173 5149 in
1193 5093 1491 5148 Beelzebub
1512 5093 1674 5164 ejicio
1696 5093 1800 5148 da:-

213 5185 414 5248 monia,
448 5183 580 5251 ﬁlii.
617 5181 782 5237 Filios
810 5182 1118 5237 Judaaorum
1162 5180 1439 5252 apostolos
1481 5188 1658 5250 vocat,
1707 5181 1798 5252 qui

211 5270 346 5326 inter
375 5271 478 5326 alia
506 5270 776 5325 miracula
806 5286 926 5341 quae
945 5287 975 5323 a
992 5270 1222 5325 Domino
1251 5278 1597 5340 acceperant,
1636 5269 1799 5324 etiam

214 5357 479 5415 demones
499 5359 793 5430 pellebant.
820 5357 997 5426 Quam
1020 5358 1392 5429 expulsionem
1413 5372 1522 5414 non
1554 5359 1795 5424 diabolo,

217 5448 306 5500 sed
337 5448 448 5502 Deo
497 5446 874 5519 assignabant,
922 5447 1014 5518 qui
1061 5447 1162 5502 sibi
1209 5447 1411 5504 conscii
1461 5455 1618 5502 erant
1666 5446 1799 5501 nihil

215 5536 470 5591 malarum
500 5535 703 5591 artium
732 5551 765 5590 a
795 5535 1026 5591 Domino
1047 5536 1323 5592 didicisse.
1355 5536 1483 5591 Ideo
1514 5536 1617 5608 ipsi
1648 5535 1802 5609 igno-

217 5621 341 5680 bilia
376 5634 425 5682 et
473 5624 900 5696 contemptibilis
946 5624 1133 5680 mundi
1178 5625 1464 5697 eligentes,
1497 5624 1554 5680 in
1601 5625 1799 5696 quibus

1897 4521 2120 4594 (Ephes.
2141 4522 2240 4592 IV),
2266 4530 2369 4577 etc.

1966 4638 2139 4694 Vens.
2173 4641 2262 4694 23.
2289 4667 2358 4679 —
2377 4639 2481 4705 Qui
2501 4655 2616 4696 non
2636 4644 2736 4705 est,
2774 4648 2876 4695 etc.
2911 4639 2980 4694 Et
3009 4655 3139 4694 vere
3170 4655 3335 4711 opera
3364 4655 3491 4695 mea

1897 4743 2006 4782 non
2026 4726 2354 4783 conveniunt
2374 4743 2495 4782 cum
2517 4728 2776 4798 Operibus
2810 4727 3043 4797 Satanas,
3081 4728 3209 4800 quia
3238 4744 3343 4802 ego
3373 4728 3492 4800 ipse

1897 4815 1952 4870 in
1981 4816 2132 4871 nullo
2161 4816 2429 4872 convenio
2446 4832 2570 4872 cum
2592 4816 2705 4884 illo,
2732 4817 2827 4871 sed
2847 4818 3065 4872 omnino
3088 4817 3349 4874 contrarii
3391 4833 3490 4872 su-

1897 4920 2037 4972 mus,
2063 4905 2188 4977 quia
2209 4921 2315 4977 ego
2334 4905 2567 4972 humilis,
2598 4905 2886 4978 benignus,
2921 4907 3128 4962 animas
3155 4907 3348 4964 volens
3382 4907 3491 4960 sal-

1898 5008 2029 5048 vare
2050 4993 2168 5049 :ille
2190 4994 2474 5064 superbus,
2499 4993 2711 5049 invidus
2733 4995 2879 5066 cupit
2899 4994 3160 5065 'perdere.
3211 4997 3329 5067 Ego
3360 5012 3494 5066 pm-

1897 5081 2164 5137 dicatione
2185 5099 2306 5136 mea
2323 5082 2550 5137 virtutes
2582 5097 2865 5155 congrego
2889 5103 2903 5150 ;
2927 5083 3018 5139 ille
3040 5085 3245 5156 spargit
3266 5093 3319 5138 et
3340 5100 3495 5155 sepa-

1899 5177 1980 5223 rat
2012 5170 2080 5222 ab
2109 5170 2311 5245 unitate
2340 5170 2622 5226 Ecclesiae.
2659 5173 2728 5226 Et
2745 5172 2840 5244 qui
2871 5190 2987 5228 non
3007 5174 3236 5245 colligit.
3273 5174 3402 5230 Haec
3423 5173 3492 5228 de

1900 5258 2150 5313 omnibus
2207 5259 2472 5315 hmreticis
2527 5259 2614 5315 vel
2682 5261 3042 5317 sehismaticis
3099 5278 3165 5316 ex
3217 5264 3492 5332 superfluo

1899 5355 2127 5418 possunt
2173 5347 2423 5420 intelligi,
2478 5348 2568 5420 qui
2616 5365 2808 5406 omnes
2857 5350 3218 5406 excluduntur
3246 5367 3277 5404 a
3319 5363 3491 5422 regno

1901 5436 2020 5492 Dei.

1954 5537 2125 5593 Vens.
2141 5541 2308 5595 2L—
2325 5540 2461 5594 Cum
2496 5538 2827 5597 immundus
2847 5541 3098 5612 spiritus.
3125 5539 3264 5607 Quia
3280 5535 3486 5591 subtra-

1900 5625 2026 5684 hitis
2047 5641 2145 5685 vos
2161 5642 2194 5684 θ,
2209 5643 2334 5685 meo
2354 5644 2548 5702 regno,
2569 5630 2925 5686 attribuentes
2935 5643 3102 5700 opera
3116 5642 3237 5684 mea
3247 5622 3488 5695 diabolo,
