4006 6178
468 241 566 297 291

904 237 1310 296 WALAFRIDI
1361 237 1606 294 STRABI
1637 237 1836 293 FULD.
1869 235 2045 296 MON.
2079 234 2231 292 OPP.
2266 234 2443 293 PARS
2472 237 2516 292 I.
2552 267 2620 277 —
2649 235 3120 294 THEOLOGICA.

3662 239 3771 294 292

469 363 595 418 ideo
621 362 873 419 diabolus
889 362 1095 418 habitat
1115 363 1171 418 in
1192 363 1370 430 vobis,
1395 363 1534 419 sicut
1551 361 1608 417 in
1629 377 1728 417 suo
1748 377 1919 435 regno
1944 377 2076 434 gra-
2097 362 2154 424 A
2253 361 2421 417 Vens.
2454 366 2543 419 29.
2569 391 2638 404 —-
2661 363 2836 435 Capit
2865 363 3068 428 dicere.
3102 359 3337 430 Quidam
3367 357 3779 416 calumniaban-

471 451 590 507 vius
612 468 774 524 quam
795 451 851 506 in
870 451 1163 522 principio.
1190 453 1442 507 Exierit.
1468 450 1647 505 Exivit
1665 450 1918 506 diabolus
1939 467 1972 505 a
1989 451 2083 506 lu-

471 541 624 610 dzeis,
659 542 876 612 quando
901 540 1083 614 legem
1104 548 1157 596 et
1175 541 1381 596 cultum
1403 539 1560 595 unius
1582 540 1684 596 Dei
1717 540 1952 611 populus
1978 540 2082 596 iste

472 630 730 702 suscepit,
751 638 802 685 et
825 630 1074 685 transivit
1094 630 1164 686 ad
1181 636 1373 702 gentes
1393 646 1514 699 quae
1527 636 1682 683 erant
1699 644 1733 683 a
1746 629 2080 702 pinguedine

469 719 703 791 Spiritus
728 719 899 774 sancti
923 727 975 774 et
997 718 1289 773 dilectione
1311 717 1544 788 proximi
1566 718 1736 774 aridae
1755 725 1810 774 et
1839 717 2074 774 steriles.

470 808 532 862 In
553 807 750 879 quibus
762 808 879 876 jam
904 823 1014 862 non
1035 807 1241 861 invenit
1262 806 1530 877 requiem,
1556 806 1681 878 quia
1708 806 1824 875 jam
1845 823 1878 861 a
1897 806 2079 862 cordi—

471 896 573 951 bus
595 895 842 969 gentium
864 903 1120 966 suscepta
1140 893 1247 950 ﬁde
1277 895 1480 950 Christi
1517 895 1825 966 expellitur,
1861 895 2077 966 quando

469 984 601 1041 dicit
626 1003 640 1038 :
664 986 931 1055 Repetam
958 985 1178 1040 Judzeos
1212 999 1349 1056 quos
1383 992 1507 1040 ante
1538 983 1739 1039 dimisi.
1773 984 1843 1038 Et
1873 984 2079 1039 invenit

471 1072 651 1144 scopis
672 1073 989 1129 mundatam
1023 1072 1173 1128 illam
1193 1073 1433 1144 plebem,
1461 1072 1515 1127 id
1537 1081 1620 1128 est
1641 1071 1934 1144 superﬂuis
1969 1073 2074 1128 ob-

469 1161 869 1216 servationibus
888 1161 1297 1218 Pharisaeorum
1319 1169 1372 1216 et
1393 1161 1736 1218 caeremoniis
1767 1161 1929 1234 legis,
1955 1177 2078 1232 quae

461 1251 577 1319 jam
597 1250 729 1304 nihil
753 1251 936 1306 valent
954 1259 1079 1322 post
1117 1250 1413 1306 adventum
1446 1250 1664 1305 Christi.
1696 1251 1766 1305 Et
1787 1259 1844 1304 ut
1866 1249 2075 1304 ﬁrmius

468 1339 768 1410 possideat,
794 1339 1023 1394 assumit
1041 1338 1457 1394 universitatem
1479 1339 1694 1394 dzemon
1706 1340 1891 1393 um.Et
1910 1338 2074 1394 modo

473 1427 777 1484 deteriores
832 1427 1094 1482 Israelitae
1140 1435 1282 1497 sunt,
1327 1426 1767 1498 blasphemantes
1799 1427 2074 1482 Christum

473 1516 527 1569 in
559 1516 672 1572 suis
703 1515 1116 1584 conventiculis,
1154 1532 1316 1587 quam
1347 1515 1479 1570 olim
1507 1515 1737 1570 fuissent
1764 1515 1819 1570 in
1839 1517 2073 1588 ngypto

473 1613 598 1660 ante
669 1611 989 1676 perceptam
1062 1604 1282 1676 legem,
1345 1604 1472 1676 quia
1545 1606 1722 1674 major
1777 1603 2072 1659 inﬁdelitas

468 1700 554 1750 est
609 1694 918 1750 venientem
978 1708 1087 1749 non
1163 1693 1460 1764 suscipere,
1543 1710 1708 1765 quam
1783 1701 2072 1749 venturum
2088 1726 2142 1786 B

472 1798 584 1839 non
613 1783 865 1840 credere.

551 1875 814 1941 Quwrcns
826 1873 1077 1944 requiem
1094 1875 1151 1927 et
1167 1887 1282 1928 non
1304 1873 1541 1927 invenit.
1559 1870 1698 1939 Quia
1711 1870 1802 1941 qui
1814 1870 1869 1925 in
1882 1870 2070 1941 pravis

469 1959 891 2033 cogitationibus
911 1968 965 2015 et
1004 1959 1217 2015 actibus
1243 1959 1509 2030 pascitur,
1533 1959 1590 2014 in
1621 1959 1894 2013 mentibus
1929 1957 2070 2014 ﬁde-

475 2050 588 2104 ium
618 2049 804 2104 omnia
833 2066 934 2104 sua
961 2056 1297 2104 tentamenta
1326 2063 1548 2104 cessare
1580 2047 1888 2118 perpendit.
1914 2048 2068 2103 Tunc

469 2139 636 2194 dicit:
662 2141 928 2194 Revertar
949 2140 1011 2192 in
1032 2139 1256 2193 domum
1275 2154 1460 2192 meam
1491 2138 1644 2194 unde
1663 2138 1834 2192 exivi.
1859 2137 2068 2192 Rever-

470 2236 556 2282 tar
584 2226 655 2280 ad
684 2225 828 2280 illius
859 2225 1266 2293 conscientiam,
1303 2225 1448 2280 unde
1478 2225 1534 2280 in
1565 2225 1834 2296 baptismo
1865 2225 2070 2294 ejectus

470 2313 701 2383 fueram,
736 2323 790 2368 et
818 2314 1105 2385 pristinam
1136 2313 1547 2386 possessionem
1577 2321 1840 2369 consueto
1887 2313 2068 2370 domi-

469 2402 562 2458 nio
593 2402 725 2457 mihi
757 2402 1061 2471 subjiciam.

543 2518 714 2575 Vnus.
729 2519 965 2577 25.—Et
980 2534 1109 2574 cum
1123 2518 1342 2574 venerit
1353 2519 1573 2573 invenit
1584 2533 1710 2573 eam
1720 2517 1897 2589 scopis
1909 2534 2072 2573 mun-

470 2609 682 2664 datam.
701 2606 841 2675 Quia
862 2623 984 2662 cum
998 2606 1308 2675 hujusmodi
1320 2607 1619 2678 reprobum
1637 2605 1851 2662 delictis
1872 2621 2070 2680 cogen-

471 2696 616 2752 tibus
647 2695 952 2766 repetierit,
1002 2695 1208 2750 invenit
1254 2694 1647 2750 conscientiam
1688 2695 1996 2765 peccatoris
2036 2708 2093 2749 a'

470 2784 614 2839 vitiis
644 2784 701 2838 in
730 2784 1000 2856 baptismo
1030 2783 1367 2851 mundatam,
1402 2782 1500 2838 sed
1530 2782 1679 2837 nullo
1719 2782 1863 2838 bono
1901 2799 2068 2855 opere

473 2871 818 2928 cumulatam.

543 2997 712 3053 Vens.
748 2999 837 3055 26.
861 3025 932 3037 —
960 2997 1109 3052 Tunc
1131 2997 1376 3052 assumit
1405 3000 1638 3067 septem.
1669 2994 2066 3052 Plenitudinem

2181 458 2269 508 tur
2298 465 2469 521 opera
2499 451 2635 519 ejus,
2671 451 2866 523 quibus
2893 451 3175 524 hucusque
3207 448 3512 520 respondit.
3545 447 3653 504 Alii
3669 455 3780 504 ten-

2182 547 2379 607 tantes,
2405 539 2621 612 signum
2641 540 2958 612 quaerebant
2973 539 3042 596 de
3062 539 3222 606 cmlo,
3246 545 3300 593 et
3315 537 3424 594 illis
3445 537 3533 594 hic
3549 553 3776 610 respon-

2181 630 2291 684 det.
2315 629 2555 701 Signum
2577 631 2780 701 quazrit
2799 634 2856 686 et
2875 629 3099 701 signum
3131 645 3247 686 non
3272 627 3498 684 dabitur.
3523 628 3637 693 illi,
3673 635 3776 684 etc.

2180 717 2476 789 Discipulis
2507 718 2727 792 signum
2756 717 2906 773 dedit
2937 717 3254 784 divinitatis,
3289 725 3341 772 et
3369 717 3523 788 prius
3552 714 3779 771 transﬁ-

2179 814 2406 879 guratus
2435 807 2491 860 in
2524 814 2729 874 monte,
2763 815 2816 862 et
2843 814 3036 878 postea
3063 806 3200 876 ipsis
3229 804 3537 861 videntibus
3587 803 3776 860 suble-

2178 901 2333 950 vatus
2364 895 2419 948 in
2456 895 2676 950 cmlum.
2713 894 2823 952 Sed
2870 894 3160 951 incredulis
3188 894 3257 950 de
3286 893 3531 950 inferiori
3578 894 3778 949 huma-

2177 983 2358 1039 nitatis
2387 985 2665 1055 passione.

2247 1100 2420 1154 Vnus.
2437 1103 2496 1154 3t
2510 1141 2524 1153 .
2549 1129 2617 1138 -
2640 1101 2852 1171 Regina
2869 1099 3055 1155 austri
3065 1101 3275 1170 surget.
3299 1097 3398 1154 Hic
3418 1096 3778 1154 condemnata

2175 1187 2336 1258 plebe
2371 1188 2709 1254 Judaeorum,
2755 1187 3020 1243 Ecclesiae
3067 1187 3390 1260 mysterium
3431 1185 3774 1259 exprimitur,

2176 1293 2298 1348 qua:
2329 1277 2385 1331 in
2413 1277 2668 1333 Ninivitis
2709 1293 2810 1348 per
2857 1276 3232 1347 paenitentiam
3280 1276 3444 1348 (qua:
3489 1283 3776 1347 peccatum

2175 1365 2400 1437 abolet)
2427 1365 2484 1420 in
2514 1366 2712 1439 regina
2743 1366 2915 1422 austri
2949 1365 3186 1421 studium
3214 1364 3588 1438 percipiendae
3623 1363 3780 1435 sapi-

2172 1455 2390 1525 pientiaa
2413 1455 2433 1525 (
2455 1471 2575 1526 quae
2603 1462 2892 1525 peccatum
2922 1455 3116 1526 cavet)
3138 1454 3208 1510 de
3240 1454 3366 1510 totis
3397 1452 3597 1508 ﬁnibus
3623 1453 3778 1508 orbis

2175 1552 2566 1615 congregatur,
2598 1551 2657 1598 ut
2685 1543 2802 1599 veri
2843 1542 3065 1600 Paciﬁci
3111 1543 3278 1599 verba
3323 1549 3642 1615 cognoscat.
3693 1542 3776 1596 Ex

2172 1632 2386 1687 duobus
2417 1633 2561 1687 enim
2592 1640 2802 1687 constat
2830 1631 3100 1699 Ecclesia,
3133 1639 3191 1687 ut
3221 1639 3313 1687 aut
3340 1647 3569 1703 peccare
3597 1629 3777 1686 desis-

2172 1729 2270 1788 tas,
2301 1729 2394 1776 aut
2449 1737 2675 1792 peccare
2732 1721 2969 1777 nescias.
3029 1723 3095 1776 In
3143 1721 3381 1792 judicio.
3442 1720 3564 1775 Non
3621 1718 3774 1774 mille

2172 1809 2328 1864 annis
2358 1817 2482 1866 ante
2507 1809 2771 1879 judicium
2803 1810 2942 1866 sicut
2969 1809 3143 1864 Judaei
3172 1808 3405 1881 ﬁngunt,
3437 1808 3535 1864 sed
3564 1807 3618 1862 in
3650 1807 3773 1878 ipso

2167 1898 2374 1966 judicio
2405 1907 2613 1971 surget.
2652 1900 2788 1954 Cum
2824 1900 2980 1954 viris.
3014 1899 3033 1967 (
3064 1899 3196 1952 Ben.
3224 1899 3242 1969 )
3272 1897 3418 1953 Ecce
3467 1895 3774 1953 communis

2173 1987 2478 2041 ostenditur
2509 1987 2860 2054 resurrectio,
2911 1995 3023 2042 tam
3072 1987 3340 2042 bonorum
3386 2001 3546 2058 quam
3593 1985 3770 2040 malo-

2172 2092 2314 2130 rum.
2353 2077 2773 2132 Condemnabit.
2802 2077 2927 2133 Non
2971 2082 3240 2147 potestate
3267 2075 3457 2144 judicii
3482 2074 3580 2129 sed
3619 2089 3770 2130 com-

2171 2164 2450 2236 paratione
2480 2165 2722 2220 melioris
2761 2164 2904 2232 facti,
2959 2164 3104 2236 quia,
3147 2164 3333 2220 relicto
3373 2162 3622 2234 imperio,
3670 2179 3769 2217 ve-

2171 2253 2250 2307 nit
2279 2253 2334 2306 in
2361 2254 2602 2309 Judaeam
2632 2253 2817 2308 audire
2857 2253 3134 2308 hominem
3173 2251 3438 2324 sapientia
3476 2251 3766 2316 famosum,

2173 2342 2270 2396 sed
2298 2342 2473 2397 Judaei
2503 2358 2690 2398 veram
2719 2342 2820 2398 Dei
2850 2342 3168 2415 sapientiam
3207 2358 3331 2398 cum
3369 2340 3502 2412 ipsis
3539 2355 3770 2397 conver-

2173 2438 2405 2498 santem,
2441 2447 2547 2486 non
2578 2431 2801 2486 audiunt
2830 2431 2928 2486 sed
2958 2431 3356 2502 blasphemant.

2240 2521 2305 2574 In
2317 2521 2908 2592 prwdicationeJonas
2919 2518 3109 2591 paucis
3121 2517 3589 2585 diebus,Christus
3600 2515 3775 2590 longo

2171 2617 2416 2680 tempore
2463 2609 2799 2680 praedicavit.
2842 2609 2938 2664 Ille
2978 2607 3304 2680 peregrinis,
3356 2607 3606 2662 Christus
3659 2606 3777 2661 suis

2170 2698 2399 2754 civibus.
2433 2698 2529 2752 Ille
2559 2698 2776 2767 signum
2806 2712 2917 2752 non
2943 2696 3090 2762 fecit,
3133 2693 3569 2751 Christus‘multa
3615 2694 3772 2761 fecit,

2240 2801 2410 2855 Vens.
2445 2803 2531 2852 33.
2555 2829 2623 2838 -—-
2642 2801 2830 2854 Nemo.
2857 2797 3049 2868 (Βευ.)
3072 2797 3177 2866 Qui
3198 2797 3253 2852 in
3274 2795 3450 2870 ﬁgura
3479 2796 3695 2869 reginae
3722 2805 3779 2852 et

2167 2887 2527 2943 Ninivitarum
2537 2886 2841 2943 Ecclesiam
2859 2886 3098 2957 praetulit
3113 2886 3445 2958 Synagogaa,
3462 2893 3565 2940 etc.
3577 2900 3777 2957 ,usque

2168 2977 2239 3032 ad
2269 2984 2512 3048 apertam
2549 2975 2685 3031 lucis
2715 2976 2938 3044 januam
2965 2975 3156 3029 nolunt
3184 2973 3402 3046 ingredi
3432 2973 3732 3029 credendo.

473 3086 718 3142 omnium
748 3084 1024 3140 vitiorum.
1080 3082 1185 3152 Qui
1236 3083 1444 3140 scilicet
1490 3084 1628 3140 tales
1675 3084 1917 3154 spiritus,
1966 3101 2072 3141 ne-
2095 3083 2144 3147 C
2244 3090 2417 3147 Vens.
2443 3093 2530 3144 35.
2558 3120 2627 3130 —
2659 3090 2783 3146 Vide
2807 3107 2933 3162 ergo
2952 3105 3046 3156 ne,
3073 3096 3177 3145 etc.
3218 3089 3349 3144 Post
3376 3087 3773 3143 institutionem

473 3177 711 3247 quiores,
750 3172 968 3228 diabolo
996 3171 1270 3241 dicuntur,
1307 3172 1436 3243 quia
1466 3188 1591 3228 cum
1620 3172 1870 3228 diabolus
1897 3173 2073 3228 malus

471 3263 559 3329 sit,
591 3263 670 3318 illi
709 3270 893 3318 tamen
934 3261 1026 3333 qui
1065 3261 1179 3316 suis
1206 3261 1418 3316 meritis
1457 3261 1884 3332 impellentibus,
1926 3262 2072 3317 vitiis

467 3351 991 3422 mancipantur,’_non
1010 3350 1187 3406 solum
1207 3350 1336 3405 mali
1372 3359 1518 3417 sunt,
1534 3351 1632 3406 sed
1644 3351 1807 3407 etiam
1830 3351 2072 3422 speciem

470 3440 728 3498 bonitatis
770 3439 1036 3496 aﬁectatis
1083 3439 1375 3496 virtutibus
1441 3456 1541 3510 per
1586 3438 1922 3511 hypocrisim
1982 3455 2072 3496 os-

467 3529 698 3601 tentare]
724 3530 969 3584 nituntur
1041 3530 1107 3585 Et
1158 3529 1306 3597 fiunt
1334 3529 1642 3586 novissima
1668 3528 1933 3585 hominis.
1957 3527 2070 3583 Me-

468 3618 575 3674 lius
604 3627 720 3674 erat
748 3618 893 3674 viam
923 3617 1165 3673 veritatis
1198 3617 1477 3691 ignorare,
1516 3634 1678 3689 quam
1704 3625 1830 3688 post
1865 3616 2068 3689 agniti-

467 3723 629 3763 onem
659 3706 906 3763 converti
936 3715 1262 3762 retrorsum.

540 3823 711 3879 Vnas.
744 3823 813 3879 27
841 3851 910 3861 -
941 3823 1160 3877 Beatus.
1184 3819 1284 3876 Hic
1318 3819 1486 3874 Maria
1523 3819 1778 3876 laudatur
1807 3836 1928 3892 quae
1960 3821 2069 3874 Do-

468 3911 674 3968 minum
695 3910 949 3982 portavit.
973 3911 1041 3964 Et
1060 3910 1299 3981 pravitas
1325 3917 1436 3964 tam
1466 3909 1818 3980 praisentium
1846 3908 2068 3965 Iudaeo-

469 4018 592 4056 rum
608 4015 774 4072 quam
793 3998 1102 4054 futurorum
1135 3998 1521 4054 haereticorum
1546 3998 1840 4069 quiveram
1871 3996 2070 4051 Christi

466 4089 857 4144 humanitatem
902 4095 1125 4160 negant,
1176 4085 1509 4149 confutatur,
1563 4085 1691 4156 quia
1740 4100 1932 4139 verum
1968 4084 2070 4139 Dei

470 4177 664 4234 Filium
695 4177 962 4233 adversus
992 4175 1344 4246 blasphemos
1390 4173 1609 4228 Judaeos
1650 4170 1958 4240 conﬁtetur,
2017 4178 2071 4228 et

470 4282 662 4322 verum
689 4264 926 4321 hominis
955 4262 1127 4318 ﬁlium
1155 4269 1405 4326 testatur,
1438 4260 1601 4314 matri
1633 4260 2069 4315 consubstantia-

469 4355 596 4411 lem.
629 4354 752 4411 Nisi
779 4354 926 4411 enim
957 4359 1103 4407 esset
1149 4366 1256 4404 una
1285 4365 1416 4404 caro
1447 4364 1573 4404 cum
1621 4356 1817 4418 matre,
1869 4348 2069 4403 frustra

2171 3187 2336 3236 rectae
2358 3178 2486 3234 ﬁdei
2503 3179 2668 3235 etiam
2695 3178 2763 3234 de
2783 3178 2944 3234 bonis
2982 3177 3244 3249 operibus
3265 3185 3318 3232 et
3339 3177 3481 3232 bona
3513 3175 3774 3232 intentio-

2172 3285 2240 3326 ne
2264 3268 2502 3334 instruit,
2535 3276 2592 3322 ut
2623 3283 2733 3322 non
2765 3275 2971 3322 tantum
3003 3281 3195 3338 opera,
3229 3266 3327 3322 sed
3356 3265 3518 3320 etiam
3560 3265 3775 3337 cogita-

2171 3358 2346 3412 tiones
2367 3365 2418 3411 et
2447 3356 2631 3412 cordis
2660 3355 2988 3411 intentiones
3016 3355 3364 3421 mundentur,
3399 3353 3555 3426 quasi
3584 3353 3769 3408 dicat:

2169 3445 2288 3518 Ego
2329 3444 2606 3500 lucernam
2635 3443 2761 3499 ﬁdei
2790 3444 2848 3499 in
2882 3443 3081 3500 vestris
3123 3443 3375 3499 sensibus
3413 3441 3675 3507 accendo,
3717 3447 3775 3496 et

2167 3531 2226 3586 in
2253 3532 2560 3588 Ecclesiam
2591 3547 2756 3602 pono.
2789 3531 2899 3587 Vos
2949 3540 3151 3601 autem,
3204 3538 3464 3603 quantum
3493 3545 3560 3584 ex
3608 3527 3771 3585 vobis

2170 3628 2272 3688 est,
2323 3619 2578 3677 lucernas
2617 3627 2832 3676 vestras
2882 3620 3185 3686 accendite,
3225 3619 3281 3674 id
3312 3626 3394 3674 est
3438 3617 3773 3674 intentiones

2169 3709 2352 3766 cordis
2384 3709 2553 3765 vestri
2584 3709 2864 3775 mundata,
2897 3715 2956 3762 ut
2985 3725 3051 3764 ex
3081 3707 3376 3764 intentione
3406 3707 3610 3761 munda
3647 3705 3773 3776 pla-

2169 3806 2330 3855 ceant
2360 3799 2518 3853 etiam
2549 3814 2735 3869 opera.
2779 3799 2909 3853 Haec
2956 3803 3152 3853 contra
3198 3795 3530 3867 hypocrisim
3575 3792 3772 3848 Phari-

2170 3903 2400 3944 saaorum
2433 3886 2660 3942 subdole
2691 3885 2851 3957 signa
2879 3885 3235 3956 quaerentium
3266 3884 3577 3954 specialiter
3598 3882 3769 3950 dicta,

2168 3991 2269 4030 nos
2293 3976 2449 4044 juxta
2475 3974 2738 4031 moralem
2768 3989 2991 4028 sensum
3021 3973 3353 4047 generaliter
3382 3973 3674 4027 instruunt.

2240 4089 2412 4144 Vens.
2444 4090 2533 4144 3’7.
2567 4117 2637 4128 -
2666 4090 2736 4144 Et
2773 4105 2904 4144 cum
2948 4089 3288 4160 loqueretur.
3328 4087 3455 4142 Non
3498 4085 3594 4151 ait,
3641 4099 3771 4141 cum

2168 4176 2485 4249 loqueretur
2513 4177 2649 4242 haec,
2682 4176 2780 4231 sed
2814 4194 2946 4233 cum
2977 4179 3318 4249 loqueretur.
3354 4175 3413 4230 In
3445 4189 3553 4245 quo
3591 4172 3773 4228 innui-

2168 4273 2276 4332 tur,
2323 4281 2434 4321 non
2475 4265 2655 4320 statim
2703 4264 2868 4320 ﬁnitis
2916 4265 3002 4320 his
3050 4264 3257 4332 verbis,
3299 4263 3397 4320 sed
3435 4261 3553 4317 aliis
3599 4261 3772 4316 inter;

2167 4353 2360 4424 positis
2405 4353 2476 4408 ad
2522 4354 2856 4410 Pharisaeum
2901 4353 3211 4419 divertisse,
3274 4352 3402 4424 quia
3456 4349 3608 4404 ﬁnito
3657 4349 3767 4404 hoc

467 4453 660 4501 venter
679 4444 771 4499 ille
789 4440 1016 4515 virginis
1039 4447 1090 4494 et
1112 4437 1284 4492 ubera
1301 4435 1761 4494 beatiﬁcarentur.
1796 4438 2043 4494 Etubera
2085 4441 2137 4502 D
2169 4458 2424 4498 sermone
2455 4443 2635 4498 adhuc
2672 4458 2738 4498 eo
2776 4442 3051 4513 loquente,
3094 4457 3224 4498 ecce
3259 4447 3437 4495 mater
3475 4445 3529 4493 et
3567 4436 3775 4492 fratres

471 4534 783 4589 Secundum
818 4528 1076 4600 physicos
1116 4543 1183 4580 ex
1211 4527 1405 4581 eodem
1443 4525 1591 4582 fonte
1631 4532 1685 4582 et
1703 4524 1789 4581 lac
1824 4525 2065 4581 nutrien-

470 4621 555 4677 dis
598 4629 652 4676 et
691 4634 879 4674 semen
922 4614 1280 4687 procreandis
1327 4613 1517 4686 pueris
1555 4620 1791 4680 emanat,
1828 4629 1963 4686 ergo
1997 4613 2068 4668 de

471 4710 680 4767 semine
707 4705 935 4779 virginis
964 4703 1140 4778 potuit
1169 4703 1404 4774 concipi,
1440 4701 1533 4775 qui
1563 4703 1682 4772 ejus
1713 4700 1855 4758 lacte
1894 4702 2070 4772 potuit

472 4798 685 4854 nutriri.

543 4926 713 4982 Vnus.
746 4926 835 4981 28.
869 4949 938 4961 -
969 4919 1248 4991 Quini-mo.
1285 4916 1456 4987 Quasi
1494 4916 1642 4974 dicat
1675 4935 1688 4971 :
1723 4916 1848 4972 Non
1889 4915 2068 4972 solum

471 5012 747 5070 laudanda
775 5009 963 5075 Maria,
999 5006 1123 5080 quia
1153 5006 1392 5062 Verbum
1420 5005 1522 5060 Dei
1553 5003 1788 5076 portavit
1807 5005 2062 5071 iit-utero,

473 5103 572 5157 sed
599 5099 835 5154 maxime
865 5099 1023 5153 beata
1052 5103 1155 5162 est,
1192 5095 1321 5166 quia
1363 5101 1640 5166 praecepta
1681 5093 1781 5148 Dei
1830 5091 2067 5158 servavit

470 5191 526 5246 in
557 5205 744 5261 opere.
779 5187 870 5244 Sic
901 5186 1064 5242 etiam
1093 5199 1285 5239 omnes
1331 5183 1478 5238 beati
1520 5189 1649 5239 sunt
1691 5181 1784 5254 qui
1831 5183 2062 5238 verbum

473 5278 574 5334 Dei
602 5276 790 5334 auditu
819 5275 947 5332 ﬁdei
977 5272 1308 5344 concipiunt,
1330 5279 1384 5328 et
1404 5271 1531 5327 boni
1561 5270 1744 5344 operis
1763 5270 2067 5328 custodiam

472 5384 529 5422 in
556 5381 656 5422 suo
686 5366 774 5422 vel
803 5365 1179 5437 proximorum
1218 5360 1384 5418 corde
1429 5360 1652 5433 pariunt
1698 5368 1752 5416 et
1798 5359 2062 5415 nutriunt.

475 5457 580 5525 Qui
608 5457 869 5512 audiunt.
904 5455 964 5508 In
993 5451 1154 5508 laude
1192 5450 1474 5507 Ecclesiae.
1508 5451 1553 5504 E
1593 5449 1866 5505 contrario
1905 5447 2066 5504 dam-

470 5553 664 5602 nantur
693 5542 971 5607 Pharisaei,
1006 5541 1098 5612 qui
1128 5539 1353 5596 verbum
1400 5537 1500 5593 Dei
1557 5553 1658 5594 nec
1718 5537 1909 5593 audire
1965 5549 2069 5592 nec

476 5635 724 5709 implere,
759 5631 857 5689 sed
887 5631 1274 5702 blasphemare
1305 5626 1637 5700 quaerebant.

2169 4532 2488 4604 quaerebant
2517 4531 2666 4603 loqui
2697 4531 2766 4586 ei.
2798 4531 2880 4586 De
2909 4531 3108 4602 quibus
3154 4537 3446 4601 postquam
3494 4524 3769 4581 nuntianti

2169 4621 2273 4676 sibi
2295 4620 2575 4692 respondit
2597 4639 2615 4675 :
2640 4620 2746 4686 Qui
2765 4621 2908 4690 facit
2930 4620 3281 4676 voluntatem
3293 4617 3482 4674 Patris
3502 4615 3636 4680 mei,
3675 4613 3767 4670 hic

2167 4713 2352 4780 frater
2369 4727 2527 4766 meus
2549 4713 2605 4764 et
2624 4725 2782 4765 soror
2801 4712 2857 4764 et
2885 4713 3073 4765 mater
3096 4713 3202 4776 est,
3225 4714 3418 4779 postea
3445 4701 3668 4760 intravit
3695 4701 3768 4758 ad

2168 4799 2476 4855 convivium
2503 4796 2786 4853 Pharismi.

2242 4888 2422 4955 Quare
2458 4902 2573 4941 non
2613 4886 2954 4958 baptizatus.
2999 4883 3173 4940 Judaei
3220 4883 3535 4957 frequenter
3579 4886 3766 4944 lavant

2167 4991 2362 5031 manus
2400 4982 2688 5046 antequam
2732 4974 3078 5044 manducent,
3125 4980 3370 5030 tenentes
3414 4975 3764 5030 traditionem

2168 5064 2462 5130 seniorum,
2523 5071 2575 5118 et
2630 5079 2660 5116 a
2700 5062 2816 5118 foro
2868 5070 3206 5118 revertentes
3264 5063 3368 5119 nisi
3425 5064 3768 5136 baptizentur

2167 5168 2276 5208 non
2307 5152 2618 5208 comedunt.

2238 5269 2410 5324 Vens.
2443 5270 2530 5323 39.
2564 5297 2633 5308 —
2667 5267 2887 5323 Culicis.
2920 5267 3135 5324 Marcus
3163 5265 3352 5333 refert,
3392 5265 3612 5324 Judaeos
3659 5266 3766 5323 ba-

2167 5356 2425 5429 ptismata
2470 5355 2658 5413 calicis
2687 5363 2739 5410 et
2778 5371 3066 5412 urceorum
3114 5354 3490 5426 laetorumque
3523 5363 3576 5410 et
3623 5370 3766 5412 aera-

2166 5453 2474 5503 mentorum
2515 5444 2706 5501 solitos
2745 5445 3061 5518 observare.
3112 5443 3283 5512 Calix,
3334 5459 3432 5500 vas
3477 5443 3710 5501 vitreum
3747 5464 3762 5512 ;

2169 5535 2396 5603 catinus,
2428 5534 2591 5590 ﬁctile
2619 5533 2689 5590 de
2719 5541 2886 5590 terra.
2919 5534 3022 5588 Per
3051 5533 3154 5589 hoc
3182 5532 3453 5605 ﬁguratur
3491 5532 3764 5606 fragilitas

2168 5624 2391 5682 humani
2420 5623 2686 5696 corporis,
2720 5623 2775 5678 in
2804 5637 2912 5694 quo
2960 5621 3197 5679 exterius
3245 5620 3590 5694 praetendunt
3636 5637 3769 5679 san-
