3932 6178
255 276 350 329 293

1106 268 1376 326 GLOSSA
1415 267 1825 324 ORDINARIA.
1867 295 1935 308 —
1963 264 2228 323 EVANG.
2270 266 2425 322 LUC.

3445 266 3551 320 294

247 398 485 455 ctitatem
538 403 592 450 et
633 394 891 450 simulant
929 393 1197 462 justitiam
1222 437 1234 459 ,
1287 393 1432 464 quod
1464 393 1593 449 foris
1624 400 1739 448 erat
1766 392 1852 447 la-
1882 391 2168 457 Avident,
2223 394 2278 446 et
2321 393 2751 462 persequeretur.
2793 386 3119 442 Mentiuntur
3157 386 3434 456 haeretici,
3466 388 3558 460 qui

248 485 470 550 vabant,
504 484 648 538 intus
679 483 1020 555 nequissimi.
1047 482 1198 549 Quod
1227 486 1422 538 autem
1450 484 1610 538 intus
1643 486 1727 538 est
1757 497 1852 536 ve-

239 579 448 630 strum.
475 573 650 628 Nemo
675 579 824 644 putet
850 571 1262 627 fornicationem
1295 580 1345 626 et
1375 569 1687 640 hujusmodi
1717 585 1845 626 cor-

240 661 454 735 poralia
482 662 613 717 vitia
641 661 985 716 solummodo
1013 659 1204 731 gravia
1232 676 1355 715 esse
1377 705 1392 729 ,
1446 668 1496 714 et
1548 658 1852 730 spiritualia

245 752 372 806 vitia
393 767 518 806 esse
535 751 696 815 levia,
721 751 859 805 sicut
876 748 1176 816 avaritiam,
1192 748 1348 817 iram,
1364 747 1693 820 superbiam,
1721 755 1852 813 etc.,

248 841 389 898 sicut
413 839 676 895 Pharismi
705 839 986 909 putabant.

315 947 493 1002 Vens.
528 947 615 1001 41.
633 975 701 986 -—
732 946 1127 1002 Verumtamen
1146 943 1290 1016 quod
1306 947 1582 1015 superest.
1605 943 1726 998 Jam
1752 942 1850 996 bo-

239 1053 340 1091 nus
372 1036 587 1102 doctor,
639 1034 916 1106 quomodo
966 1032 1276 1104 contagium
1326 1031 1570 1102 corporis
1600 1030 1859 1086 mundari

246 1125 478 1191 debeat,
509 1123 689 1179 docet.
733 1124 804 1178 Et
847 1122 937 1178 hic
981 1121 1142 1177 latius
1188 1119 1485 1193 explicatur
1513 1121 1658 1192 quod
1697 1134 1862 1190 supra

247 1213 493 1268 breviter
543 1212 753 1267 dixerat
780 1211 849 1266 de
875 1211 1190 1266 mundando
1237 1210 1420 1266 cordis
1465 1210 1643 1266 oculo.
1695 1210 1860 1264 Totus

249 1303 397 1357 enim
427 1302 518 1356 hic
546 1300 701 1356 locus
730 1301 799 1355 ad
825 1301 930 1356 hoc
977 1299 1244 1370 dirigitur,
1275 1307 1335 1354 ut
1362 1314 1464 1354 nos
1510 1299 1580 1352 ad
1628 1297 1860 1354 studium

249 1389 617 1461 simplicitatis
649 1389 869 1458 invitet,
913 1396 965 1443 et
1014 1388 1286 1459 superflua
1331 1387 1636 1442 Iudaeorum
1669 1395 1722 1441 et
1751 1394 1861 1441 ter-

251 1495 388 1534 rena
415 1478 766 1544 condemnet,
799 1477 889 1549 qui
915 1478 1214 1532 secundum
1261 1492 1461 1547 corpus
1510 1475 1863 1548 intelligendo

251 1569 439 1639 legem
473 1566 611 1621 vitro
661 1574 714 1621 et
761 1566 936 1621 catino
983 1573 1203 1636 propter
1248 1563 1589 1636 fragilitatem
1639 1579 1862 1634 compa-

248 1666 458 1711 rantur.
508 1655 572 1709 In
617 1670 725 1726 quo
754 1662 807 1709 et
835 1654 881 1708 si
909 1653 1142 1725 graviter
1183 1661 1448 1725 peccant,
1504 1653 1637 1723 ipsis
1685 1661 1862 1707 tamen

1954 479 2118 535 alium
2150 477 2382 545 Veteris,
2433 477 2597 534 alium
2643 475 2781 533 Novi
2829 475 3156 532 Testamenti
3188 475 3372 533 dicunt
3396 477 3557 533 insti-

1954 577 2187 624 tutorem
2202 609 2214 622 .

2025 666 2192 721 Vrsas.
2226 669 2314 720 50.
2350 695 2418 705 -
2448 666 2488 716 Α
2508 666 2893 738 generatione.
2930 663 3134 720 Omnes
3163 663 3288 719 mali
3319 681 3425 719 una
3453 681 3555 737 ge-

1955 755 2159 810 neratio
2206 762 2361 820 sunt,
2413 771 2519 808 una
2567 753 2756 809 civitas
2790 796 2804 822 ,
2864 767 3027 808 unum
3085 768 3282 824 corpus
3332 753 3552 825 diaboli,

1957 843 2093 898 sicut
2137 859 2326 898 omnes
2373 842 2502 899 boni
2548 858 2656 897 una
2702 841 2979 916 generatio
3005 885 3017 908 ,
3062 849 3115 897 et
3163 859 3324 898 unum
3366 859 3562 916 corpus

1957 940 2082 988 sunt
2111 931 2259 988 dicti.

2030 1032 2196 1087 Vrsas.
2230 1033 2318 1084 51.
2355 1061 2424 1070 -
2457 1033 2630 1103 Usque
2659 1031 2731 1086 ad
2747 1033 3089 1102 sanguinem
3110 1031 3419 1090 Zachariae.
3453 1032 3558 1088 Cur

1958 1136 2129 1191 usque
2149 1119 2217 1174 ad
2246 1120 2409 1187 hunc,
2442 1135 2565 1174 cum
2592 1127 2715 1189 post
2747 1120 2890 1176 hunc
2917 1119 3071 1174 multi
3098 1121 3265 1176 occisi
3290 1129 3416 1178 ante
3460 1137 3559 1178 na-

1959 1210 2064 1264 tale
2111 1208 2307 1264 Christi
2330 1249 2345 1278 ,
2395 1216 2448 1264 et
2496 1216 2620 1264 nato
2651 1208 2862 1264 Christo
2902 1225 3027 1265 mox
3055 1209 3205 1280 pueri
3232 1211 3299 1264 ab
3330 1211 3432 1266 hac
3460 1227 3559 1282 ge-

1962 1297 2238 1353 neratione
2288 1304 2410 1352 sunt
2452 1297 2766 1368 perempti?
2829 1297 2937 1352 Sed
3004 1298 3127 1368 quia
3187 1299 3324 1354 Abel
3378 1307 3566 1370 pastor

1961 1386 2141 1442 ovium
2161 1385 2282 1452 .fuit
2307 1428 2320 1453 ,
2371 1393 2701 1456 necatusque
2742 1385 2798 1440 in
2843 1401 3012 1456 agro,
3064 1387 3342 1442 Zacharias
3381 1405 3563 1445 sacer-

1961 1475 2062 1532 dos
2090 1482 2311 1531 necatus
2338 1473 2392 1528 in
2421 1474 2555 1529 atrio
2584 1474 2771 1545 templi
2797 1517 2810 1541 ,
2841 1475 2978 1530 duos
3009 1476 3228 1531 ordines
3269 1485 3562 1548 martyrum

1961 1563 2215 1637 signant,
2247 1563 2453 1633 laicos,
2505 1572 2558 1618 et
2607 1579 2702 1619 eos
2751 1563 2841 1635 qui
2890 1564 3073 1618 altaris
3121 1563 3301 1621 ofﬁcio
3352 1564 3563 1622 manci-

1963 1661 2175 1723 pantur.

249 1743 531 1799 absolutio
574 1742 782 1814 peccati
827 1742 1170 1814 promittitur,
1224 1741 1270 1796 si
1317 1741 1744 1797 misericordiam
1775 1741 1858 1794 fa-

2037 1760 2203 1815 Vaas.
2237 1762 2325 1812 52.
2357 1787 2426 1798 —
2459 1759 2600 1824 Quia
2633 1759 2848 1813 tulistis
2881 1760 3114 1814 clavem.
3136 1757 3333 1826 Clavis,
3358 1759 3569 1816 humili-

250 1849 377 1888 cere
407 1831 676 1886 nitantur.
704 1829 864 1898 Quod
897 1831 1207 1886 necessario
1236 1830 1398 1884 victui
1449 1837 1501 1884 et
1541 1829 1862 1884 vestimento

251 1928 540 1991 superest,
575 1919 697 1973 date
723 1919 1069 1989 pauperibus.
1103 1919 1202 1974 Vel
1250 1919 1320 1972 do
1361 1917 1646 1973 consilium
1670 1959 1683 1986 ,
1717 1917 1863 1988 quod

249 2017 418 2064 restat
441 2008 788 2064 solummodo
813 2016 936 2078 post
967 2015 1112 2061 tanta
1157 2007 1363 2062 scelera
1385 2047 1399 2071 ,
1449 2007 1572 2062 date
1621 2006 1863 2061 eleemo—

252 2114 469 2169 svnam.
505 2096 685 2150 Prima
711 2095 1055 2165 eleemosyna
1085 2102 1166 2149 est
1194 2095 1399 2150 mederi
1427 2095 1708 2148 animabus
1764 2111 1862 2149 ve-

255 2187 382 2239 stris
415 2185 701 2241 credendo
725 2184 780 2238 in
812 2201 898 2239 me
927 2184 1019 2255 qui
1047 2185 1208 2239 corda
1240 2185 1464 2250 mundo,
1495 2192 1546 2239 et
1580 2200 1677 2254 per
1701 2182 1865 2238 ﬁdem

255 2274 538 2328 mundatis
597 2273 851 2329 cordibus
919 2273 1097 2327 omnia
1163 2273 1324 2328 etiam
1385 2273 1648 2327 exteriora
1711 2280 1866 2327 erunt

251 2363 483 2417 munda.
517 2361 624 2430 Qui
666 2361 912 2416 ordinate
943 2360 1054 2416 vult
1083 2361 1211 2416 dare
1243 2361 1646 2432 eleemosynam
1667 2403 1680 2427 ,
1715 2376 1747 2414 a
1779 2376 1865 2415 se-

252 2451 494 2522 metipso
522 2449 728 2520 incipit,
782 2457 835 2504 et
880 2465 997 2504 eam
1043 2449 1146 2503 sibi
1190 2450 1422 2522 primum
1453 2451 1562 2504 dat.
1595 2450 1696 2505 Est
1722 2449 1866 2504 enim

253 2539 612 2608 eleemosyna
639 2552 776 2608 opus
820 2536 1207 2593 misericordize
1232 2581 1245 2606 ,
1297 2538 1442 2593 unde
1491 2537 1686 2592 dicitur
1718 2555 1730 2590 :
1763 2537 1865 2592 Mi—

253 2643 447 2683 serere
476 2628 692 2682 anima:
725 2630 838 2681 tuae
863 2627 1098 2698 placens
1129 2629 1258 2683 Deo.

329 2744 506 2799 Vsus.
532 2744 620 2799 42.
655 2772 723 2782 -
751 2743 1065 2798 Praeteritis
1088 2742 1395 2814 judicium.
1430 2741 1670 2798 Breviter
1701 2741 1870 2796 multa

256 2848 450 2890 eorum
497 2830 629 2886 vitia
657 2830 1000 2902 perstrinxit,
1036 2831 1125 2903 qui
1161 2831 1230 2885 ad
1273 2830 1396 2885 vilia
1437 2831 1758 2885 decimanda
1788 2829 1870 2883 in-

261 2921 591 2986 tendentes,
636 2918 804 2974 futuri
842 2919 1031 2989 judicii
1081 2927 1319 2984 metum,
1375 2926 1428 2974 et
1483 2918 1583 2981 Dei
1641 2917 1873 2973 Charita-

262 3019 370 3066 tem
392 3025 509 3065 non
543 3008 761 3064 habent.
794 3008 1124 3063 Prmtereunt
1151 3007 1435 3077 judicium,
1470 3007 1592 3078 quia
1619 3023 1728 3062 non
1757 3022 1872 3062 om-

264 3099 353 3154 nia
408 3115 537 3170 quae
592 3105 758 3169 agunt
809 3096 867 3151 in
917 3096 1181 3166 judicium
1227 3095 1484 3151 referunt.
1547 3096 1871 3151 Charitatem
1906 3111 1952 3172 Ο

262 3195 620 3259 praetereunt,
652 3185 775 3258 quia
805 3201 914 3241 non
944 3203 1010 3240 ex
1039 3185 1233 3241 affectu
1257 3186 1432 3241 Deum
1464 3184 1712 3256 diligunt.
1769 3184 1876 3239 Sed

265 3294 476 3342 rursus,
511 3292 584 3331 ne
613 3273 740 3330 ﬁdei
785 3291 884 3331 vos
930 3275 1204 3331 studiosos
1254 3275 1414 3331 faciat
1443 3290 1669 3346 operum
1696 3272 1876 3344 negli-

265 3374 499 3438 gentes,
550 3363 941 3436 perfectionem
988 3363 1166 3419 ﬁdelis
1213 3363 1311 3418 viri
1360 3363 1648 3435 supponit,
1680 3370 1734 3417 ut
1758 3369 1880 3434 post

270 3455 437 3511 fidem
466 3461 742 3525 operetur.
1078 3447 1085 3455 "

342 3571 528 3625 Vnus.
572 3569 734 3624 44.-
767 3567 872 3635 Qui
890 3569 1027 3624 estis
1054 3572 1121 3623 ut
1153 3572 1544 3625 monumenta.
1573 3567 1672 3622 Hic
1695 3583 1882 3637 super—

270 3655 556 3710 stitionem
622 3652 867 3723 ipsorum
914 3651 1197 3707 doctorum
1241 3651 1557 3724 redarguit,
1609 3651 1701 3724 qui
1748 3650 1881 3732 foris

266 3743 512 3814 speciem
543 3748 714 3797 recta:
744 3739 1007 3795 doctrina)
1029 3741 1397 3811 praetendunt,
1429 3740 1724 3796 fmditatem
1751 3754 1880 3796 vero

274 3847 439 3904 quam
465 3831 613 3885 intus
644 3837 858 3900 gerunt,
893 3828 1182 3884 occultant.

345 3921 523 3976 Vrsas.
558 3921 724 3974 45.-
753 3919 1106 3990 Respondens
1128 3921 1340 3973 autem.
1374 3917 1570 3971 Audito
1591 3917 1759 3973 verbo
1781 3914 1883 3972 Dei

273 4009 587 4064 Pharisaeus
637 4023 703 4062 ex
760 4006 900 4060 mala
930 4005 1258 4061 conscientia
1329 4004 1434 4058 sibi
1504 4005 1883 4060 contumeliam

273 4097 392 4153 ﬁeri
424 4105 602 4168 putat,
643 4104 697 4151 et
745 4102 1161 4151 commemorata
1204 4108 1371 4165 poena
1414 4093 1760 4165 perﬁdorum,
1794 4093 1882 4148 in-

277 4186 479 4260 telligit
501 4202 565 4241 se
595 4185 997 4240 dammandum.

355 4302 530 4356 Vnus.
563 4301 651 4354 47.
675 4331 744 4340 -
778 4301 861 4356 Va:
887 4301 1052 4356 vobis.
1085 4300 1208 4355 Non
1237 4307 1535 4372 arguuntur
1561 4297 1708 4370 quod
1737 4312 1887 4352 exor-

273 4397 410 4444 nant
441 4395 794 4444 monumenta
820 4390 1222 4459 prophetarum,
1247 4388 1345 4443 sed
1362 4387 1487 4460 quia
1516 4386 1886 4443 interfectores

1962 1856 2041 1901 tas
2072 1847 2289 1912 Christi,
2324 1862 2484 1917 quam
2513 1846 2603 1917 qui
2635 1846 2850 1911 habent,
2885 1847 3188 1917 Scripturas
3237 1847 3564 1922 intelligunt.

1963 1937 2112 1991 Hanc
2133 1934 2457 2007 legisperiti,
2482 1951 2584 1989 nec
2604 1934 2710 2004 ipsi
2726 1935 2848 2005 lege
2869 1942 2920 1989 et
2935 1936 3215 2006 prOphetis
3235 1936 3565 2010 intelligunt,

1963 2041 2064 2080 nec
2094 2025 2162 2078 ab
2191 2023 2308 2077 aliis
2337 2023 2564 2095 intelligi
2594 2023 2800 2078 volunt.
2833 2024 3039 2080 Intrare
3068 2025 3275 2081 clavem
3301 2068 3314 2097 ,
3350 2035 3434 2082 est
3459 2043 3568 2084 non

1965 2129 2086 2167 esse
2117 2119 2425 2167 contentum
2457 2112 2744 2182 superﬁcie
2763 2108 2960 2168 litterae
2977 2114 3076 2168 sed
3094 2131 3269 2186 usque
3288 2116 3355 2170 ad
3375 2132 3570 2172 arcana

1966 2201 2320 2272 intelligenda
2341 2208 2650 2270 penetrare.
2674 2202 2772 2256 Vel
2802 2203 2993 2258 doctor
3013 2203 3058 2258 si
3087 2203 3211 2260 illos
3240 2221 3378 2276 quos
3398 2207 3568 2262 verbo

1966 2289 2195 2345 aedificat
2237 2289 2486 2360 exemplo
2537 2290 2895 2360 scandalizat,
2929 2307 3030 2347 nec
3060 2292 3178 2364 ipse
3209 2310 3440 2366 regnum
3468 2293 3570 2350 Dei

1964 2378 2124 2432 intrat
2154 2385 2203 2432 et
2236 2377 2358 2432 illos
2389 2378 2480 2448 qui
2511 2377 2710 2433 intrare
2739 2387 2988 2450 poterant
3021 2381 3277 2436 excludit.

2036 2483 2203 2536 Vaas.
2237 2486 2324 2536 53.
2361 2512 2428 2521 —
2465 2484 2604 2538 Cum
2634 2487 2828 2538 autem
2860 2486 2975 2540 haec
3031 2485 3103 2540 ad
3157 2457 3289 2542 illos
3336 2487 3568 2556 diceret,

1967 2575 2258 2642 coeperunt
2287 2571 2580 2636 Pharisaei,
2617 2576 2674 2626 et
2706 2573 3032 2643 legisperiti.
3082 2572 3254 2641 Quam
3285 2591 3413 2629 vera
3442 2593 3571 2646 per-

1969 2659 2110 2714 fidiae
2139 2657 2492 2713 simulationis
2515 2667 2564 2714 et
2586 2659 2877 2730 impietatis
2900 2677 3013 2716 suae
3044 2661 3269 2716 crimina
3285 2663 3570 2730 audierint,

1968 2747 2071 2818 ipsi
2106 2755 2369 2803 testantur
2388 2747 2480 2819 qui
2505 2755 2652 2803 tanto
2681 2748 2959 2804 intonante
2993 2750 3209 2806 turbine
3247 2767 3356 2806 non
3383 2753 3574 2825 resipi-

1972 2844 2144 2906 scunt,
2181 2836 2279 2896 sed
2309 2837 2586 2892 doctorem
2617 2837 2854 2892 veritatis
2890 2838 3299 2910 aggrediuntur.

2582 3004 2805 3062 CAPUT
2843 3007 2964 3062 XII.

2049 3144 2217 3198 Vaas.
2252 3147 2302 3198 1.
2339 3174 2408 3184 -
2438 3145 2751 3200 Attendite.
2785 3146 2867 3200 Ad
2895 3148 3000 3202 hoc
3031 3146 3353 3204 fermentum
3399 3151 3542 3222 perti

1977 3241 2107 3286 nent
2132 3233 2312 3288 omnia
2340 3249 2462 3304 quae
2494 3233 2740 3304 superius
2770 3234 2826 3288 in
2851 3235 3014 3291 domo
3046 3237 3299 3294 Pharisaei
3330 3239 3576 3311 disputa-

1976 3321 2071 3391 vit,
2103 3321 2244 3376 unde
2275 3329 2329 3376 et
2357 3322 2649 3392 Apostolus
2685 3341 2696 3376 :
2723 3324 2844 3379 Non
2873 3324 2936 3378 in
2965 3329 3248 3396 [er-mento
3270 3330 3446 3383 veteri
3472 3346 3577 3386 ne-

1977 3426 2081 3483 que
2109 3411 2175 3465 in
2203 3413 2484 3481 fermento
2513 3413 2758 3466 malitia:
2779 3411 2827 3482 (Ι
2855 3413 2976 3468 Cor.
2997 3415 3075 3485 v),
3102 3423 3203 3470 etc.
3237 3416 3527 3474 Attendite
3547 3436 3584 3475 α

1977 3502 2278 3570 fermento.
2321 3499 2552 3555 Pulcher
2604 3501 2756 3554 locus
2799 3503 3050 3558 tenendae
3112 3505 3472 3574 simplicitatis
3529 3495 3583 3562 et

1978 3588 2297 3643 aemulanda:
2333 3586 2493 3654 ﬁdei,
2530 3604 2598 3642 ne
2627 3603 2781 3643 more
2821 3591 3130 3646 Iudaeorum
3177 3593 3321 3648 aliud
3363 3610 3583 3665 proma-

1977 3692 2100 3730 mus
2128 3675 2341 3744 affectu,
2376 3676 2520 3730 aliud
2551 3692 2688 3732 voce
2721 3677 3056 3748 simulemus,
3092 3697 3214 3735 cum
3245 3682 3484 3738 sciamus
3527 3685 3584 3740 in

1979 3765 2067 3819 die
2091 3763 2279 3833 judicii
2308 3780 2416 3820 non
2448 3780 2612 3834 posse
2641 3781 2765 3820 esse
2794 3766 3058 3820 latebram
3091 3767 3310 3824 fraudis.

2054 3853 2220 3908 Vsus.
2254 3857 2307 3909 2.
2341 3883 2410 3893 -—
2438 3854 2620 3926 Neque
2635 3855 3030 3910 absconditum
3046 3857 3188 3929 quod
3202 3874 3318 3914 non
3338 3861 3579 3917 sciatur.

1979 3942 2107 3997 Ideo
2138 3958 2207 3996 ne
2235 3941 2563 3997 zemulemini
2595 3943 2960 4011 simulatores,
2985 3945 3107 4016 quia
3127 3945 3373 4017 profecto
3404 3948 3584 4006 veniet

1980 4039 2191 4100 tempus
2221 4030 2276 4083 in
2304 4030 2392 4085 die
2415 4031 2607 4098 judicii
2640 4031 2694 4085 in
2725 4049 2831 4104 quo
2863 4041 2916 4088 et
2943 4042 3122 4089 vestra
3153 4035 3325 4091 virtus
3369 4044 3424 4092 et
3465 4037 3586 4095 illo-

1983 4136 2103 4174 rum
2133 4118 2434 4190 hypocrisis
2465 4121 2716 4175 omnibus
2750 4122 3094 4190 revelabitur,
3129 4125 3274 4180 unde
3321 4126 3584 4198 sequitur.

1987 4209 2261 4275 Quoniam
2282 4225 2404 4280 qua:
2433 4210 2498 4263 in
2532 4211 2776 4266 tenebris
2808 4211 3059 4279 dixistis,
3084 4214 3148 4268 in
3173 4215 3390 4270 lumine
3403 4217 3588 4273 dicen-

1987 4301 2098 4353 tur.
2132 4297 2255 4353 Non
2289 4297 2464 4352 solum
2491 4299 2547 4352 in
2576 4298 2757 4355 futuro
2788 4301 2968 4355 omnia
3001 4302 3274 4372 patebunt,
3301 4305 3399 4358 sed
3428 4305 3588 4360 etiam

1983 4385 2038 4439 in
2068 4386 2325 4456 praesenti
2346 4395 2588 4457 tempore
2619 4388 2673 4442 in
2703 4396 2812 4444 tota
2831 4390 3075 4446 Ecclesia
3102 4407 3202 4461 per
3219 4391 3407 4447 orbem
3427 4400 3589 4450 terra

272 4479 676 4549 prophetarum
705 4477 1000 4547 imitantur,
1033 4475 1356 4534 azdiﬁcando
1387 4476 1632 4548 sepulcra
1657 4520 1668 4542 ,
1719 4489 1886 4531 accu-
1916 4470 1968 4531 D
1991 4473 2206 4546 publice
2235 4476 2693 4547 praedicabuntur,
2730 4495 2850 4549 quae
2881 4479 2933 4532 in
2965 4479 3207 4533 tenebris
3227 4521 3240 4546 ,
3291 4480 3348 4535 id
3395 4488 3497 4548 est,
3533 4482 3591 4537 in

278 4574 405 4620 sant
456 4573 679 4637 paterna
725 4565 982 4621 facinora.
1032 4565 1140 4621 Sed
1192 4566 1568 4638 persequendo
1617 4565 1890 4620 Christum

279 4662 332 4709 et
363 4653 653 4725 apostolos
673 4653 944 4709 imitantur
972 4654 1182 4711 scelera
1210 4662 1452 4726 patrum,
1487 4661 1540 4709 et
1568 4652 1891 4709 sententiam

281 4741 655 4796 damnationis
687 4758 847 4813 quam
876 4743 932 4797 in
961 4751 1139 4814 patres
1165 4743 1530 4814 proferebant,
1578 4741 1632 4796 in
1681 4741 1892 4814 seipsos

281 4836 627 4902 retorquent.

354 4927 538 4983 Vens.
567 4929 657 4981 48.
689 4958 758 4968 -
788 4929 1062 5000 Profecto.
1099 4929 1324 4999 Propter
1351 4927 1500 5000 vulgi
1530 4927 1765 4984 favorem
1795 4943 1892 4984 ca—

281 5016 561 5089 ptandum
591 5014 890 5084 aediﬁcatis,
911 5017 1065 5089 quasi
1092 5015 1423 5085 exhorrcatis
1454 5016 1657 5072 scelera
1679 5032 1890 5087 eorum,

285 5107 384 5161 sed
441 5105 564 5176 ipso
612 5121 777 5177 opere
823 5105 1106 5161 ostenditis
1131 5148 1144 5175 ,
1191 5105 1335 5178 quod
1379 5105 1624 5177 perﬁdiae
1683 5121 1893 5173 eorum,

284 5192 656 5264 consentitis,
709 5193 832 5266 quia
880 5195 983 5251 hoc
1029 5195 1229 5250 bonum
1253 5210 1360 5250 non
1389 5194 1530 5250 bene
1575 5193 1751 5250 facitis
1798 5194 1897 5250 sed

279 5300 384 5356 pro
428 5299 570 5338 vana
620 5283 812 5356 gloria.
869 5285 963 5340 Vos
1003 5288 1214 5340 autem.
1248 5284 1546 5355 Pr0pterea
1595 5283 1722 5355 quia
1767 5283 1899 5340 estis

284 5372 601 5428 imitatores
629 5371 842 5428 illorum
869 5415 883 5438 ,
931 5379 990 5426 ut
1036 5372 1308 5446 impleatis
1357 5371 1501 5445 quod
1531 5373 1773 5444 patribus
1804 5372 1900 5428 de-

285 5460 410 5528 fuit,
443 5460 654 5519 scilicet
682 5469 740 5516 ut
767 5478 857 5517 me
884 5468 938 5517 et
964 5477 1117 5518 meos
1147 5460 1580 5535 persequamini,
1621 5479 1782 5534 quem
1823 5459 1902 5516 illi

288 5551 574 5622 persecuti
602 5558 726 5606 sunt
755 5551 812 5606 in
839 5551 1142 5623 prophetis.

364 5656 539 5713 Vsus.
570 5658 738 5712 49.--
754 5658 1062 5730 Prophetas
1094 5662 1152 5715 et
1171 5660 1465 5732 apostolos,
1498 5662 1553 5714 et
1575 5675 1648 5715 ex
1672 5658 1794 5716 illis
1815 5674 1904 5717 oc-

1983 4563 2173 4618 umbra
2199 4581 2579 4635 pressurarum
2608 4574 2660 4621 et
2692 4581 2973 4632 carcerum
3001 4566 3167 4622 locuti
3197 4567 3350 4639 estis,
3374 4569 3589 4642 quando

1991 4660 2144 4708 actus
2173 4653 2337 4709 vestri
2381 4653 2632 4725 legentur
2673 4654 2729 4708 in
2779 4654 3030 4710 excelsis.
3068 4657 3347 4723 Quoniam
3374 4676 3499 4731 quae
3526 4662 3594 4716 in

1993 4742 2236 4798 tenebris
2259 4741 2508 4808 dixistis,
2535 4743 2600 4797 in
2629 4743 2848 4799 lumine
2869 4743 3154 4802 dicentur.
3179 4747 3412 4818 (Auum)
3433 4748 3592 4817 Quod

1992 4831 2047 4886 in
2075 4830 2336 4900 tenebris,
2365 4831 2420 4884 id
2448 4839 2530 4886 est
2562 4831 2617 4885 in
2647 4830 2840 4888 timore
2873 4833 3087 4889 dixistis
3108 4879 3120 4901 ,
3154 4836 3365 4893 dicetur
3402 4837 3457 4892 in
3503 4839 3594 4894 lu-

1992 4920 2159 4990 mine,
2182 4920 2238 4975 id
2267 4920 2422 4975 estin
2443 4919 2638 4976 ﬁducia
2656 4921 2897 4977 veritatis
2912 4931 3137 4995 accepto
3154 4924 3358 4997 Spiritu
3381 4935 3590 4985 sancto.

1994 5009 2064 5064 Et
2093 5007 2239 5080 quod
2266 5008 2321 5062 in
2347 5024 2496 5074 aure,
2528 5008 2583 5063 id
2611 5017 2694 5064 est
2722 5019 2938 5067 secreto
2967 5012 3170 5084 locuti,
3218 5031 3382 5088 super
3431 5024 3594 5087 tecta,

1996 5096 2052 5151 id
2081 5104 2165 5151 est
2189 5096 2393 5152 calcato
2422 5097 2600 5153 carnis
2627 5099 2904 5156 domicilio
2934 5103 3342 5172 przedicabitur.

2068 5203 2239 5258 Vens.
2272 5206 2325 5258 4.
2355 5235 2425 5244 -
2455 5206 2588 5261 Dico
2614 5211 2808 5262 autem
2837 5209 3003 5265 vobis.
3039 5209 3169 5283 (Ιυ.)
3200 5211 3333 5268 Cum
3380 5216 3600 5288 gemina

1999 5291 2067 5346 sit
2093 5307 2254 5348 causa
2282 5292 2553 5364 perfidia),
2589 5301 2718 5362 etc.,
2767 5312 2942 5369 usque
2993 5299 3066 5355 ad
3109 5300 3181 5356 ita
3224 5300 3353 5360 fidei
3398 5304 3599 5363 funda-

2001 5388 2243 5437 mentum
2272 5389 2356 5438 est
2382 5381 2661 5439 fortitudo.

2072 5479 2241 5537 Vaas.
2383 5511 2452 5520 —
2499 5481 2807 5539 Ostendam
2844 5491 3039 5544 autem
3085 5490 3252 5546 vobis.
3307 5491 3448 5560 Quia
3493 5493 3604 5549 duo

2001 5574 2126 5623 sunt
2149 5584 2354 5640 genera
2382 5579 2816 5644 persecutorum,
2848 5591 3015 5632 unum
3043 5587 3227 5648 aperte
3266 5595 3606 5653 persequen-

2005 5657 2168 5729 tium,
2217 5657 2444 5717 alterum
2489 5659 2856 5721 fraudulenter
2883 5664 3296 5726 blandientium.
3327 5668 3480 5730 Sicut
3507 5689 3608 5732 su-
