3932 6178
403 287 505 339 95

797 282 1235 350 ,WALAFRIDI
1278 283 1524 340 STRABI
1563 283 1762 339 FULD.
1806 279 1977 337 MON.

2102 280 2174 336 ’P.
2217 281 2391 340 PARS
2429 283 2472 340 Ι.
2511 312 2581 325 -
2619 283 3091 342 THEOLOGICA.

3604 290 3709 346 296

405 424 510 479 pra
537 415 730 465 contra
758 407 1114 478 hypocrisim,
1147 407 1222 462 ita
1250 407 1337 462 hic
1369 415 1545 462 armat
1575 415 1764 463 contra
1784 404 2003 462 carniﬁ-
2025 404 2084 466 A
2112 405 2207 462 Ille
2234 407 2325 479 qui
2352 423 2458 464 non
2488 408 2691 480 colligit
2719 426 2931 466 mecum
2956 454 2969 478 ,
3000 418 3083 466 est
3126 409 3329 466 divisor
3365 409 3713 468 fraternitatis

410 511 523 552 ces.
559 497 726 552 Totus
754 497 844 551 hic
874 497 1029 552 locus
1063 497 1132 551 ad
1164 497 1505 551 subeundam
1537 511 1636 566 pro
1665 495 2011 552 confessione

405 585 623 640 Domini
672 585 986 656 passionem
1033 585 1122 641 vel
1171 593 1483 655 contemptu
1531 585 1761 654 mortis,
1797 584 1882 640 vel
1913 601 2010 655 spe

403 674 649 746 praemii,
683 675 769 730 vel
800 689 1091 730 mansuros
1120 673 1175 730 in
1200 673 1604 730 denuntiatione
1638 673 1888 746 supplicii
1919 674 2008 729 in-

405 763 587 819 struit.

475 853 644 909 Vnus.
671 856 721 906 6.
748 883 817 893 —
838 852 1031 908 Nonne
1061 853 1326 923 quinque.
1353 851 1586 923 (Auum)
1608 850 1860 922 Quinque
1881 866 2008 923 pas-

401 957 572 1010 seres,
607 941 846 1012 quinque
877 939 1128 1009 corporis
1159 956 1390 1006 sensus;
1425 940 1513 995 vel
1544 940 1652 995 duo
1703 934 2007 996 secundum

403 1029 733 1098 Matthmum,
767 1044 970 1098 corpus
1003 1036 1056 1083 et
1085 1028 1288 1097 anima,
1314 1037 1444 1097 etc.,
1469 1046 1642 1101 usque
1673 1030 1744 1084 ad
1774 1046 1884 1084 non
1914 1030 2008 1084 du-

401 1119 549 1173 bium
566 1117 807 1173 ﬁdelium
824 1117 1342 1186 contemplationem
1359 1118 1504 1187 apud
1521 1117 1674 1172 illum
1693 1118 2003 1172 valituram.

483 1209 732 1264 Veneunt
757 1206 1040 1278 dipondio.
1056 1207 1360 1276 Dipondius
1387 1215 1470 1261 est
1480 1207 1695 1276 pondus
1714 1223 1779 1261 ex
1791 1207 2005 1262 duobus

400 1296 617 1351 assibus
663 1294 1047 1365 compositum.
1100 1293 1259 1362 Quod
1308 1303 1490 1349 autem
1538 1294 1596 1350 in
1643 1295 1889 1350 numeris
1921 1303 2004 1350 est

399 1401 587 1453 unum,
612 1386 717 1439 hoc
745 1385 801 1438 in
826 1383 1165 1454 ponderibus
1195 1399 1296 1437 as:
1320 1383 1466 1453 quod
1498 1384 1627 1452 duo,
1657 1385 1781 1439 hoc.
1815 1384 2004 1454 dipon-

396 1474 521 1529 dius
552 1482 656 1530 est.
687 1476 757 1528 Et
778 1490 928 1528 unus
957 1489 1050 1536 ex,
1085 1480 1189 1527 etc.
1227 1471 1604 1542 Simplicitatis
1635 1471 1893 1527 aﬁ‘ectum
1921 1473 2002 1528 in-

403 1563 729 1633 spiraverat,
761 1561 1018 1617 virtutem
1049 1561 1248 1615 mentis
1277 1567 1549 1626 erexerat,
1584 1561 1703 1616 sola
1732 1561 1867 1616 ﬁdes
1895 1577 2001 1616 nu-

398 1651 565 1715 tabat,
617 1651 756 1705 hanc
802 1651 869 1703 de
902 1648 1186 1704 vilioribus
1235 1649 1481 1705 roborat.
1537 1649 1824 1718 Quomodo
1872 1649 2003 1706 dicit

2113 503 2161 550 et
2195 494 2553 553 dissensionis
2579 506 2779 554 auctor.

2183 586 2351 641 Vsus.
2385 589 2469 642 15.
2503 617 2571 628 -
2590 588 2667 642 Ab
2688 589 2846 643 omni
2873 589 3137 644 avaritia.
3168 588 3341 644 Nemo
3371 597 3588 660 putaret
3607 589 3711 644 cri-

2108 689 2231 728 men
2261 691 2419 741 esse,
2455 675 2819 731 haereditatem
2854 675 3132 743 dividere,
3163 676 3362 732 fructus
3415 677 3470 731 in
3514 678 3710 733 horrea

2107 777 2476 834 congregare,
2509 765 2605 819 sed
2635 772 2688 819 et
2732 765 2835 820 hoc
2884 765 3156 820 avaritiam
3198 765 3393 821 indicat
3438 783 3708 836 supernus

2095 851 2287 921 judex,
2307 853 2451 907 unde
2477 861 2528 907 et
2557 853 2831 924 subjungit
2854 871 2867 907 :
2893 853 3137 910 hominis
3164 855 3462 926 cujusdam
3486 855 3704 911 divitis.

2105 939 2249 994 Sicut
2280 958 2437 1011 supra
2465 951 2646 996 contra
2699 942 2996 998 Pharisaeos
3036 951 3089 998 et
3133 943 3440 1015 hypocritas
3461 988 3479 1010 ,
3513 942 3587 996 ita
3619 944 3707 999 hic

2105 1028 2389 1084 occasione
2418 1030 2590 1084 stultze
2618 1030 2892 1101 petitionis
2925 1039 3108 1087 contra
3140 1031 3413 1087 avaritiam
3444 1031 3684 1102 disputat

2105 1118 2224 1172 Non
2254 1119 2316 1172 in
2362 1118 2734 1174 abundantia.
2777 1121 2897 1177 Non
2927 1122 2990 1175 in
3020 1121 3132 1176 solo
3165 1137 3315 1193 pane
3345 1121 3482 1176 vivit
3517 1120 3702 1183 homo,

2104 1206 2197 1260 sed
2227 1207 2290 1260 in
2320 1208 2475 1263 verbo
2506 1209 2608 1263 Dei
2647 1211 2833 1278 (Deut.
2886 1210 3026 1279 vm),
3079 1225 3179 1264 nec
3227 1207 3540 1281 temporalis
3599 1207 3706 1262 vita

2103 1294 2439 1351 multitudine
2465 1296 2763 1352 divitiarum
2793 1297 3144 1368 protenditur.

2174 1402 2342 1456 Vnus.
2378 1406 2468 1456 16.
2507 1434 2578 1444 -
2606 1405 2771 1460 Dixit
2812 1409 3037 1470 autem,
3070 1412 3172 1460 etc.
3217 1405 3343 1459 Post
3370 1413 3705 1476 praeceptum

2100 1489 2276 1544 subdit
2316 1491 2622 1562 exemplum
2649 1493 2717 1546 ad
2747 1493 3120 1548 declinandam
3167 1493 3441 1548 avaritiam
3488 1502 3703 1565 tempo—

2101 1578 2305 1633 ralium.
2325 1581 2580 1637 Hominis
2592 1574 2885 1652 cujusdam
2898 1582 3091 1638 div-itis
3108 1582 3300 1638 uberes
3311 1585 3558 1653 fructus.
3575 1583 3702 1638 Non

2099 1669 2506 1737 reprehenditur
2532 1669 2684 1725 dives
2713 1671 2856 1742 quod
2899 1679 3095 1726 terram
3140 1670 3398 1736 coluerit,
3443 1671 3531 1726 vel
3579 1671 3700 1726 fru-

396 1739 691 1812 Apostolus
724 1755 739 1793 :
769 1738 1032 1810 Nunquid
1053 1738 1119 1793 de
1138 1739 1301 1794 bobus
1331 1755 1469 1794 cura
1501 1742 1584 1793 est
1612 1740 1719 1794 Deo
1745 1739 1840 1809 ?(I
1860 1741 1982 1795 Cor.

2102 1763 2212 1811 ctus
2242 1757 2544 1812 condiderit
2573 1758 2627 1812 in
2659 1738 2870 1827 horrea,
2901 1760 2998 1814 sed
3020 1759 3164 1831 quod
3191 1758 3442 1814 ﬁduciam
3464 1759 3589 1815 vitae
3607 1776 3703 1831 po-

395 1830 501 1899 ιχ.)
532 1828 642 1883 Sed
671 1826 819 1882 aliud
848 1835 932 1882 est
961 1841 1113 1895 cura,
1147 1826 1295 1881 aliud
1327 1834 1410 1880 est
1439 1826 1682 1882 scientia.

488 1943 660 1998 Vnus.
681 1943 734 1997 7.
755 1971 824 1982 —
841 1941 945 1997 Sed
965 1945 1019 1996 et
1041 1942 1259 2013 capilli.
1285 1941 1406 1994 Non
1429 1949 1554 1996 actu
1584 1940 1998 2012 computationis

398 2031 497 2086 sed
525 2030 781 2086 facultate
800 2028 1146 2102 cognitionis,
1170 2045 1203 2082 a
1233 2029 1581 2083 similitudine
1613 2029 1858 2099 pecuniae
1878 2047 1998 2100 quae

393 2127 714 2176 numeratur
741 2126 800 2172 ut
829 2125 1100 2173 servetur.
1136 2116 1239 2172 Ubi
1274 2134 1471 2188 magna
1498 2118 1845 2187 providentia
1873 2119 1992 2188 Dei,

393 2209 540 2280 quod
571 2224 674 2264 nec
702 2223 872 2278 parva
900 2221 1004 2262 nec
1023 2205 1202 2260 otiosa
1229 2206 1376 2261 dicta
1406 2222 1531 2260 eum
1561 2207 1786 2261 lateant.
1935 2197 1945 2210 ’

462 2325 632 2380 Vnus.
668 2327 720 2378 8.
751 2353 820 2363 —
852 2323 1046 2378 Omnis
1093 2324 1428 2394 quicunque.
1480 2322 1562 2376 Ne
1595 2321 1716 2393 quis
1748 2329 1992 2394 tempore

389 2412 786 2485 persecutionis
803 2410 1057 2466 sufﬁcere
1071 2409 1174 2466 sibi
1190 2418 1403 2480 putaret
1425 2409 1588 2466 ﬁdem
1606 2411 1808 2480 cordis,
1824 2411 1956 2468 dicit
1974 2431 1988 2467 :

396 2503 589 2558 Omnis
619 2503 937 2574 quicunque
976 2503 1264 2570 confessus
1304 2501 1501 2570 fuerit.
1537 2499 1838 2555 Conﬁtetur
1869 2501 1990 2572 quis

388 2593 575 2648 Iesum
603 2606 669 2646 ea
698 2589 962 2646 charitate
994 2605 1114 2660 quae
1160 2605 1261 2658 per
1308 2588 1656 2644 dilectionem
1705 2597 1985 2660 operatur,

390 2689 557 2753 negat
586 2679 679 2751 qui
697 2678 988 2750 praeceptis
1007 2693 1116 2733 non
1135 2676 1340 2731 obcdit.
1364 2679 1541 2733 Filius
1564 2679 1828 2733 hominis.
1853 2679 1990 2733 Con-

390 2769 574 2825 ﬁtetur
603 2767 770 2822 Filius
798 2767 942 2837 apud
971 2767 1188 2820 Patrem
1217 2765 1388 2830 illum,
1424 2765 1516 2836 qui
1545 2782 1645 2834 per
1675 2765 1868 2820 Filium
1888 2768 1986 2822 ha-

390 2859 482 2915 bet
504 2872 791 2914 accessum
822 2855 893 2910 ad
924 2855 1160 2910 Patrem.
1194 2854 1442 2926 Negatur
1472 2870 1502 2907 a
1529 2854 1665 2909 Filio
1693 2855 1836 2925 apud
1882 2856 1984 2910 Pa-

391 2956 554 3018 trem,
585 2945 673 3003 cui
721 2960 834 3001 non
872 2942 1252 2998 manifestatur
1299 2942 1355 2996 in
1403 2942 1700 2998 divinitatis
1745 2945 1984 3014 potentia

393 3037 560 3092 Filius
591 3044 643 3091 et
669 3037 852 3090 Pater.
886 3033 958 3086 Et
983 3049 1051 3088 ne
1082 3039 1298 3102 putetur
1330 3041 1438 3086 una
1468 3033 1706 3087 conditio
1739 3033 1982 3088 omnium

2101 1845 2266 1899 suerit
2309 1845 2362 1899 in
2405 1845 2511 1901 illis
2531 1890 2544 1913 ,
2577 1863 2678 1903 nec
2706 1848 3032 1918 pauperibus
3065 1848 3369 1920 erogaverit
3391 1893 3404 1916 ,
3436 1857 3495 1904 ut
3521 1849 3589 1903 ab
3621 1849 3702 1904 eis

2099 1932 2428 2004 reciperetur
2449 1934 2503 1988 in
2535 1935 2747 1990 aeternis
2779 1935 3153 1992 tabernaculis.

2170 2031 2338 2084 Vsus.
2375 2033 2460 2086 17.
2493 2062 2561 2071 -
2596 2033 2737 2101 Quid
2762 2035 3010 2104 faciam,
3045 2041 3147 2088 etc.
3180 2032 3406 2090 Fructus
3438 2048 3569 2089 suos
3595 2078 3609 2098 ,
3646 2042 3700 2089 et

2097 2135 2192 2172 sua
2222 2119 2362 2174 bona
2409 2135 2532 2174 esse
2586 2128 2901 2192 computans
2957 2137 3066 2176 non
3121 2129 3305 2192 erogat
3360 2122 3698 2192 pauperibus

2093 2223 2212 2277 qum
2242 2216 2566 2278 supersunt,
2599 2209 2697 2264 sed
2726 2227 2837 2264 suae
2884 2209 3104 2264 luxuriae
3154 2226 3429 2266 reservare
3460 2210 3517 2264 in
3547 2210 3700 2265 futu-

2091 2311 2210 2349 rum
2242 2304 2443 2362 studet,
2478 2304 2529 2351 et
2560 2296 2778 2368 ignarus
2806 2297 2928 2370 quis
2957 2298 3301 2369 congregatis
3333 2299 3404 2353 sit
3431 2315 3656 2353 usurus.

2165 2385 2334 2438 Vnus.
2372 2389 2462 2438 19.
2504 2415 2572 2424 -
2600 2388 2752 2442 Βοηα
2799 2403 2927 2442 mea
2967 2391 3024 2442 et
3083 2387 3288 2442 dicam.
3311 2387 3545 2459 (Anam)
3568 2388 3694 2442 Non

2093 2480 2213 2526 sunt
2242 2472 2474 2528 hominis
2504 2474 2662 2543 bona,
2693 2491 2812 2545 quae
2843 2490 3029 2529 secum
3069 2473 3280 2530 auferre
3328 2491 3435 2530 non
3485 2483 3688 2546 potest.

2091 2561 2214 2615 Sola
2244 2561 2389 2615 enim
2418 2561 2786 2617 misericordia
2813 2578 2999 2618 comes
3028 2571 3110 2617 est
3137 2563 3532 2619 defunctorum.

2161 2651 2472 2722 Requiesce.
2496 2652 2638 2706 Ecce
2658 2667 2779 2707 cum
2808 2652 2947 2722 pesti
2974 2652 3209 2708 avaritia:
3235 2652 3475 2724 iungitur
3518 2653 3694 2724 pestis

2086 2739 2327 2804 desidias,
2353 2747 2408 2793 ut
2437 2756 2538 2794 nec
2567 2755 2664 2810 pro
2693 2740 3076 2810 temporalibus
3097 2742 3270 2796 Deum
3298 2740 3688 2812 interpellaret.

2155 2851 2325 2906 Vnus.
2357 2854 2447 2907 20.
2480 2882 2549 2894 —-
2577 2853 2742 2906 Dixit
2766 2857 2978 2908 autem.
3013 2852 3206 2908 Dicere
3237 2853 3356 2922 Dei,
3388 2862 3470 2908 est
3499 2853 3569 2908 ad
3590 2854 3691 2910 ho-

2081 2938 2284 2994 minem
2330 2956 2522 3010 pravas
2567 2941 2682 3009 ejus
2730 2941 3155 2996 machinationes
3199 2942 3372 2996 subita
3443 2943 3692 2997 animad-

2086 3028 2335 3084 versione
2381 3044 2756 3099 compescere.
2813 3031 3018 3086 Stulte.
3071 3029 3208 3098 Quia
3235 3030 3406 3103 longa
3428 3030 3526 3085 tibi
3557 3038 3688 3086 tem-

390 3134 446 3182 et
475 3142 667 3180 eorum
713 3123 808 3194 qui
851 3121 1030 3177 studio
1078 3129 1133 3176 et
1180 3137 1370 3177 eorum
1418 3120 1510 3192 qui
1552 3120 1868 3177 inﬁrmitate
1899 3115 2050 3178 velC
2080 3132 2216 3188 pora
2258 3116 2559 3172 divitiarum
2608 3117 2995 3189 promittebas,
3042 3119 3142 3174 hac
3185 3126 3342 3174 nocte
3381 3129 3690 3190 praereptus

388 3212 701 3286 ignorantia
729 3218 953 3282 negant,
987 3209 1169 3265 subdit
1203 3227 1215 3262 :
1248 3211 1318 3264 Et
1349 3211 1532 3266 omnis
1562 3212 1658 3282 qui
1687 3211 1828 3267 dicit
1859 3228 1987 3268 ver-

392 3306 523 3360 bum
544 3304 607 3358 in
637 3302 781 3356 Filio
813 3301 1058 3356 hominis
1089 3300 1439 3354 remittetur.

461 3393 632 3448 Vens.
667 3393 751 3444 10.
775 3389 927 3444 -Εἰ
953 3392 1166 3443 autem.
1199 3387 1265 3440 Ei
1295 3387 1461 3441 etiam
1483 3386 1576 3456 qui
1592 3388 1989 3444 scandalizatus

385 3481 444 3537 in
463 3479 776 3535 inﬁrmitate
811 3476 994 3532 carnis
1014 3492 1101 3530 me
1134 3492 1328 3546 purum
1362 3475 1639 3530 hominem
1662 3477 1748 3532 vel
1768 3485 1987 3532 vorato-

386 3586 508 3626 rem
527 3568 835 3639 suspicatus
864 3565 1046 3634 fuerit,
1079 3563 1406 3620 remissibile
1439 3564 1543 3620 erit
1563 3605 1576 3632 ,
1611 3565 1708 3620 sed
1739 3566 1832 3636 qui
1861 3583 1986 3638 gra-

387 3659 519 3714 tiam
557 3657 790 3730 Spiritus
835 3654 1004 3710 sancti
1051 3654 1179 3725 (qua
1227 3653 1541 3724 poenitentia
1582 3653 1898 3725 inspiratur,
1933 3663 1986 3710 et

387 3749 458 3804 ad
481 3745 969 3820 congregationem
998 3743 1229 3812 reditur)
1252 3759 1361 3798 non
1377 3758 1722 3815 cognoscens
1740 3743 1985 3815 impaeni-

384 3837 518 3892 tenti
544 3835 712 3892 corde
739 3832 1126 3906 permanserit,
1152 3847 1273 3887 cum
1295 3833 1400 3886 hoc
1425 3832 1538 3898 jam
1565 3847 1677 3889 non
1704 3832 1772 3888 sit
1800 3834 1983 3888 huma-

386 3942 514 3982 num
545 3925 643 3980 sed
673 3923 1021 3988 diabolicum,
1057 3919 1435 3975 irremissibile
1467 3921 1586 3975 erit.

455 4016 623 4069 Vnus.
660 4015 747 4066 11.
780 4042 849 4051 -
883 4014 1021 4066 Cum
1059 4013 1254 4064 autem
1291 4009 1567 4063 inducent
1597 4026 1687 4064 vos
1719 4011 1781 4064 in
1813 4027 1981 4082 syna-

383 4118 565 4175 gogas,
591 4104 647 4154 et
668 4099 739 4152 ad
758 4099 1159 4168 magistratus,
1208 4100 1266 4150 et
1303 4100 1628 4167 potestates.
1661 4097 1862 4152 Terror
1891 4107 1979 4154 ta-

381 4190 516 4245 lium
545 4193 908 4244 oonventuum
938 4184 1076 4239 solet
1105 4183 1316 4238 auferre
1349 4184 1653 4238 libertatem
1698 4185 1975 4256 loquendi.

383 4279 566 4336 Nolite
595 4276 832 4333 solliciti
851 4290 987 4329 esse.
1013 4273 1355 4328 Voluntatem
1383 4279 1624 4328 vestram
1643 4290 1744 4344 pro
1765 4275 1977 4332 Christo

382 4369 595 4424 oﬁ'erte.
631 4364 876 4421 Christus
906 4379 1039 4419 vero
1069 4361 1320 4432 loquetur
1348 4377 1449 4431 pro
1480 4377 1557 4416 se.

2089 3205 2206 3260 aliis
2233 3214 2560 3277 congregata
2589 3206 2880 3278 relinques.
2919 3209 3234 3279 Repetunt,
3267 3215 3376 3262 etc.
3435 3208 3496 3261 In
3527 3217 3690 3264 nocte

2087 3294 2320 3349 aufertur
2345 3295 2540 3361 anima,
2573 3311 2692 3366 quae
2720 3295 2776 3348 in
2808 3295 3128 3351 obscuritate
3149 3295 3331 3352 cordis
3361 3297 3510 3369 quod
3543 3303 3689 3367 pote-

2089 3390 2168 3437 rat
2194 3383 2321 3453 pati,
2357 3383 2653 3454 praevidere
2684 3384 2872 3438 noluit.

2159 3490 2328 3543 Vsus.
2359 3492 2448 3545 2t.
2472 3520 2541 3529 —
2570 3491 2640 3544 Et
2660 3505 2775 3544 non
2803 3493 2890 3545 est
2924 3491 2988 3544 in
3025 3491 3202 3546 Deum
3232 3491 3406 3546 dives.
3429 3491 3492 3546 In
3510 3493 3686 3548 Deum

2085 3576 2238 3633 dives
2269 3584 2351 3632 est
2379 3594 2469 3649 qui
2493 3577 2793 3633 transitoria
2825 3585 3175 3633 contemnens
3212 3579 3541 3650 pauperibus
3575 3581 3686 3636 dis-

2085 3666 2302 3733 tribuit,
2348 3667 2498 3735 cujus
2542 3667 2869 3738 exspectatio
2914 3667 3178 3723 Dominus
3208 3677 3326 3735 est,
3362 3669 3518 3737 cujus
3546 3670 3682 3724 sub-

2084 3755 2292 3824 stantia,
2315 3755 2370 3811 id
2399 3763 2482 3812 est
2511 3756 2856 3812 conscientiae
2879 3757 3157 3827 possessio
3205 3773 3310 3828 qua
3357 3767 3689 3815 sustentatur

2081 3853 2134 3900 et
2162 3845 2414 3916 pascitur,
2446 3854 2526 3900 est
2553 3845 2695 3916 apud
2723 3847 2915 3914 Deum,
2952 3860 3059 3900 non
3088 3846 3142 3900 in
3172 3846 3403 3902 sacculis
3433 3855 3616 3904 terrae.

2153 3944 2323 3998 Vnus.
2356 3947 2444 3999 22.
2477 3974 2546 3983 —
2567 3943 2835 4014 Dixitque
2856 3943 2928 3998 ad
2945 3942 3248 4015 discipulos
3270 3961 3420 4000 suos.
3443 3947 3683 4016 Aposto-

2079 4033 2162 4087 los
2189 4048 2286 4103 per
2314 4030 2477 4087 ﬁdem
2509 4031 2562 4086 in
2594 4048 2692 4102 spe
2718 4041 3043 4087 aeternorum
3071 4032 3372 4098 conﬁrmat,
3403 4033 3532 4105 quia
3561 4035 3682 4106 plu—

2081 4136 2168 4174 res
2211 4128 2332 4174 sunt
2380 4135 2515 4190 quos
2562 4127 2833 4189 torpentes
2878 4119 3003 4175 facit
3046 4135 3197 4176 amor
3241 4121 3602 4190 praesentium
3629 4131 3681 4177 et

2077 4208 2380 4280 desperatio
2396 4207 2711 4264 futurorum.
2731 4209 2915 4264 Nolite
2936 4209 3192 4264 solliciti.
3215 4208 3512 4264 Perfectius
3533 4220 3680 4265 esset

2076 4297 2407 4368 pauperibus
2454 4297 2631 4352 omnia
2661 4298 2812 4366 dare,
2845 4306 2896 4351 et
2942 4297 3010 4352 de
3039 4313 3345 4353 mammona
3375 4298 3680 4369 iniquitatis

2077 4387 2282 4442 amicos
2310 4386 2518 4453 facere;
2551 4385 2648 4440 sed
2675 4385 2799 4456 quia
2827 4386 3144 4457 plerumque
3174 4386 3392 4443 devotio
3424 4385 3558 4442 ﬁdei
3589 4389 3678 4442 in-

456 4486 626 4540 Vnas.
663 4486 748 4537 13.
780 4512 850 4524 —
878 4482 1155 4552 Magister.
1186 4475 1598 4532 Commendanti
1629 4478 1862 4548 gratiam
1893 4495 1980 4533 su-
2006 4475 2325 4538 Dﬁrmitate
2355 4483 2656 4540 revocatur,
2686 4490 2795 4529 non
2826 4475 3076 4544 prohibet
3102 4475 3505 4544 providentiam
3530 4518 3543 4544 ,
3581 4493 3680 4546 per

377 4590 564 4646 perna:
592 4573 744 4643 pacis
775 4579 829 4626 et
858 4557 1098 4636 unitatis,
1117 4567 1229 4623 vult
1249 4566 1350 4622 iste
1382 4567 1633 4638 ingerere
1673 4567 1978 4622 molestiam

382 4671 610 4718 terrena:
638 4659 939 4727 divisionis,
973 4659 1117 4713 unde
1147 4665 1202 4712 et
1230 4657 1391 4710 homo
1422 4655 1636 4723 dicitur,
1671 4655 1724 4709 id
1747 4663 1829 4710 est
1863 4664 1975 4711 ter-

345 4800 356 4804 -
382 4767 567 4806 renus.
598 4749 743 4802 Inter
773 4765 910 4818 quos
941 4747 1085 4802 enim
1103 4745 1407 4815 hujusmodi
1443 4744 1588 4799 zelus
1618 4752 1670 4798 et
1700 4745 1975 4801 contentio

383 4848 488 4908 est,
521 4837 769 4893 homines
800 4843 923 4890 sunt
953 4842 1006 4890 et
1033 4835 1335 4890 secundum
1365 4833 1642 4888 hominem
1673 4833 1970 4889 ambulant.

380 4929 527 4984 Inter
558 4927 773 4994 fratres,
800 4924 1204 4996 patrimonium,
1240 4935 1347 4978 non
1372 4923 1540 4990 judex
1588 4922 1823 4992 medius,
1875 4923 1974 4978 sed

380 5015 553 5088 pietas
582 5015 746 5069 debet
775 5021 1018 5084 squestra
1041 5012 1316 5080 dividere,
1351 5011 1596 5082 quamvis
1645 5011 1973 5067 immortali-

381 5103 506 5158 tatis
546 5101 929 5183 patrimonium
973 5116 1083 5156 non
1130 5101 1197 5156 sit
1241 5099 1474 5170 pecunia
1515 5099 1824 5156 hominibus
1867 5117 1972 5172 pe-

380 5193 622 5249 tendum.

451 5309 622 5364 Vens.
649 5308 734 5363 14.
753 5338 821 5347 -
840 5308 972 5376 Quis
1001 5324 1091 5364 me
1119 5306 1439 5364 constituit.
1464 5305 1588 5362 Non
1617 5321 1738 5361 sum
1758 5305 1971 5361 dissen-

380 5397 549 5453 sionis
580 5399 743 5466 Deus,
776 5397 874 5451 sed
905 5397 1057 5467 pacis
1089 5403 1142 5452 et
1167 5395 1414 5462 unitatis,
1451 5395 1540 5466 qui
1569 5395 1692 5450 veni
1723 5396 1972 5450 homines

378 5486 671 5558 paciﬁcare
701 5501 823 5542 cum
854 5485 1094 5557 angelis,
1127 5491 1183 5538 ut
1213 5483 1363 5538 multi
1407 5500 1573 5538 unum
1605 5499 1699 5539 cor
1727 5491 1779 5538 et
1809 5499 1972 5537 unam

379 5576 613 5630 animam
643 5575 895 5630 habeant.
924 5575 1047 5629 Non
1075 5581 1133 5629 ut
1161 5571 1490 5641 dividantur,
1525 5572 1622 5626 sed
1651 5580 1710 5625 ut
1742 5572 1974 5627 habeant

377 5661 557 5722 omnia
584 5665 893 5723 communia
913 5709 930 5734 ,
981 5679 1083 5721 nec
1131 5661 1200 5718 sit
1239 5660 1433 5734 aliquis
1463 5677 1637 5734 egens
1664 5660 1806 5718 inter
1851 5677 1968 5718 eos.

2077 4580 2236 4636 quam
2264 4564 2318 4617 in
2350 4564 2545 4618 sudore
2570 4563 2744 4618 vultus
2785 4561 2941 4633 panis
2984 4573 3331 4634 praeparatur,
3380 4564 3480 4618 sed
3530 4573 3684 4619 vetat

2077 4653 2489 4709 sollicitudinem
2541 4668 2661 4724 quae
2705 4659 2942 4708 mentem
2971 4653 3249 4724 perturbat
3280 4661 3333 4708 et
3359 4653 3427 4706 ab
3456 4654 3683 4709 aeternis

2075 4751 2308 4799 revocat.

2147 4861 2316 4914 Vnus.
2366 4858 2456 4916 2i.
2488 4887 2557 4903 —
2589 4859 2967 4915 Considerate.
3020 4857 3200 4914 Sancti
3246 4855 3440 4914 merito
3486 4859 3682 4916 avibus

2074 4956 2472 5020 comparantur,
2496 4946 2588 5020 qui
2617 4945 2747 5002 nihil
2776 4946 2828 5002 in
2859 4948 3063 5003 mundo
3095 4947 3373 5012 habentes,
3410 4963 3514 5003 nec
3534 4948 3684 5004 labo-

2073 5045 2282 5106 rantes,
2313 5037 2430 5093 sola
2459 5036 2910 5107 contemplatione
2937 5045 3142 5092 aeterna
3170 5043 3392 5108 petunt,
3439 5037 3556 5105 jam
3609 5037 3686 5091 si-

2072 5126 2231 5181 miles
2257 5125 2487 5198 angelis.
2515 5126 2734 5193 Quanto
2755 5127 2953 5197 magis.
2981 5125 3038 5180 Si
3054 5123 3359 5180 volatilibus
3388 5139 3499 5179 non
3529 5125 3682 5182 labo—

2072 5215 2332 5283 rantibus,
2366 5231 2468 5269 nec
2493 5230 2808 5270 communes
2836 5213 3039 5269 fructus
3068 5212 3246 5285 aliquo
3274 5212 3378 5268 sibi
3394 5213 3685 5272 dominatu

2071 5303 2356 5376 specialius
2387 5302 2784 5359 vindicantibus
2830 5302 3170 5373 providentia
3217 5302 3319 5358 Dei
3367 5305 3685 5358 necessaria

2070 5392 2312 5464 largitur,
2347 5408 2534 5449 verum
2567 5400 2650 5447 est
2679 5409 2896 5448 causam
2924 5391 3120 5464 inopia}
3150 5399 3350 5448 nostrae
3391 5391 3686 5449 avaritiam

2073 5481 2332 5549 indicare,
2384 5481 2473 5553 qui
2513 5480 2820 5537 communia
2863 5480 3016 5553 quasi
3062 5478 3286 5552 propria
3333 5478 3686 5536 vindicamus

2074 5579 2126 5626 et
2155 5571 2272 5625 aliis
2303 5570 2625 5627 invidemus.

2144 5660 2314 5715 Vnus.
2345 5662 2436 5717 26.
2461 5689 2529 5702 --
2562 5659 2621 5716 Si
2669 5675 2794 5731 ergo
2826 5675 3024 5731 neque.
3060 5657 3118 5715 Si
3144 5673 3247 5716 nec
3274 5657 3332 5715 in
3360 5668 3693 5731 augmenta-
