3932 6178
232 290 327 348 297

1107 254 1378 349 eLoSSA
1414 289 1825 349 onnmxnm.
1865 244 1947 335 -’
1969 287 2239 348 EVANG.
2276 288 2434 348 LUC.

3410 290 3516 349 398

240 418 378 473 tione
408 416 662 488 corporis
694 416 869 472 vestri
912 408 1125 488 operari
1163 418 1412 487 potestis,
1446 433 1567 489 quae
1591 416 1830 489 operatio
1861 416 1918 477 A
1940 414 2073 472 tolli.
2107 415 2215 472 Sed
2245 414 2373 470 data
2417 428 2521 487 pro
2562 412 2781 472 Christo
2821 419 3083 471 mternutn
3124 412 3360 471 fructum
3385 429 3524 471 con-

243 514 318 560 est
343 507 460 560 Deo
492 506 715 559 minima
744 506 813 560 ad
842 506 1302 577 comparationem
1334 505 1631 577 spiritualis
1662 521 1828 561 crea-

242 603 388 659 turae,
423 594 556 665 quid
586 594 801 649 solliciti
833 594 965 649 estis
993 594 1061 649 de
1092 595 1306 651 caeteris
1333 595 1650 665 majoribus,
1670 594 1726 649 id
1748 601 1831 651 est

242 683 305 737 de
330 682 527 738 animm
553 683 984 739 conservatione.

308 772 478 826 Vens.
500 774 587 827 27.
622 802 690 812 —
723 773 1083 837 Considerate
1120 772 1264 827 lilia.
1309 774 1513 842 Aperta
1544 786 1831 842 compara-

241 860 328 913 tio.
362 860 499 913 Lilia
530 875 637 915 non
668 861 805 915 sicut
836 860 1019 916 caueri
1054 859 1256 914 fructus
1285 860 1524 931 aliquem
1553 860 1832 932 agricola-

241 964 351 1002 rum
383 948 590 1003 cultum
620 949 923 1019 requirunt.
947 949 1096 1004 Solet
1113 950 1274 1003 etiam
1293 965 1393 1019 per
1409 949 1578 1002 lilium
1596 949 1833 1003 cmlestis

241 1037 514 1091 beatitudo
555 1036 876 1110 signiﬁcari,
909 1037 977 1092 ad
1009 1054 1171 1108 quam
1199 1053 1298 1091 nos
1327 1037 1515 1092 invitat
1546 1038 1830 1092 Dominus.

242 1125 367 1179 Lilia
398 1142 512 1180 non
542 1126 694 1180 silvis
726 1126 823 1181 sed
867 1127 923 1180 in
963 1126 1137 1181 hortis
1180 1134 1495 1193 nascuntur,
1539 1126 1617 1180 sic
1650 1133 1704 1180 et
1733 1142 1835 1181 nos

240 1214 291 1268 in
332 1214 512 1269 hortis
556 1215 816 1268 virtutum
862 1215 1015 1270 nasci
1061 1214 1345 1269 debemus.
1400 1216 1508 1270 Nec
1548 1215 1832 1271 Salomon.

242 1303 470 1374 (Auum)
506 1301 761 1357 Salomon
791 1310 843 1358 et
872 1304 961 1358 hic
1004 1304 1251 1369 vestitus,
1292 1310 1344 1360 et
1378 1302 1505 1357 alibi
1548 1310 1837 1373 coopertus

240 1391 409 1463 gloria
456 1391 691 1457 dicitur,
748 1391 840 1462 qui
887 1390 1257 1446 inﬁrmitatem
1304 1407 1586 1461 corporeae
1628 1399 1837 1447 natura}

239 1480 404 1535 veluti
455 1479 690 1550 quadam
736 1479 933 1535 virtute
976 1481 1173 1534 mentis
1209 1479 1564 1551 adopertam,
1611 1495 1837 1550 Operum

239 1568 410 1641 gloria
449 1568 733 1622 vestiebat.

314 1658 595 1713 l’estiebat
617 1658 766 1712 sicut
795 1672 997 1712 unum.
1032 1655 1167 1724 Qum
1193 1671 1438 1727 purpura
1469 1672 1681 1727 regum,
1715 1671 1837 1727 quae

1929 501 2139 559 ferrunt
2169 504 2226 559 in
2246 505 2418 560 caelis.

2002 595 2170 649 Vens.
2196 594 2283 649 34.
2308 624 2377 635 -
2398 595 2492 650 Ubi
2512 596 2667 649 enim
2687 593 3010 649 thesaurus.
3031 590 3448 659 Universaliter,
3471 598 3524 646 et

1930 681 1999 736 de
2031 682 2262 752 pecunia
2292 690 2345 736 et
2373 682 2443 737 de
2472 682 2726 737 omnibus
2756 681 3144 752 voluptatibus.
3178 680 3369 736 Gulosi
3398 680 3524 734 the-

1933 785 2130 824 saurus
2158 779 2240 825 est
2269 777 2480 837 venter,
2530 770 2624 825 ubi
2675 770 2839 824 habet
2884 786 3000 835 cor,
3053 770 3134 825 sic
3181 778 3235 824 et
3281 769 3351 823 de
3379 767 3522 822 aliis.

1931 858 2075 912 Nam
2106 858 2151 912 si
2180 859 2235 913 in
2265 867 2431 923 terra,
2465 874 2563 913 cor
2593 868 2677 913 est
2706 859 2993 925 deorsum;
3027 859 3075 913 si
3103 858 3159 913 in
3189 856 3523 924 caelestibus,

1935 954 2017 1000 est
2048 947 2102 1000 in
2132 947 2347 1001 Christo
2377 946 2563 1001 ﬁxum.
2596 948 2837 1002 Necesse
2868 955 2951 1002 est
2979 947 3142 1016 enim,
3162 954 3220 1002 ut
3251 944 3359 1018 quo
3388 961 3531 1016 prte-

1935 1035 2164 1090 cesserit
2208 1034 2515 1091 dilectionis
2564 1037 2877 1104 thesaurus,
2925 1036 3038 1092 illic
3080 1043 3135 1092 et
3180 1033 3530 1108 cogitationis

1937 1131 2200 1194 sequatur
2228 1122 2477 1180 affectus.

2008 1238 2177 1292 Vens.
2210 1240 2297 1292 35.
2313 1239 2522 1294 —-Sint
2544 1238 2737 1304 lumbi,
2764 1245 2892 1304 etc.,
2915 1242 2972 1294 et
2994 1238 3260 1294 lucernae.
3284 1238 3400 1292 Deo
3417 1252 3530 1293 non

1934 1325 2113 1397 placet
2142 1343 2308 1380 unum
2338 1328 2454 1381 sine
2484 1327 2653 1382 altero
2674 1343 2798 1383 cum
2820 1326 2940 1397 quis
2961 1326 3047 1381 vel
3076 1326 3221 1381 bona
3250 1326 3362 1397 agit
3381 1342 3519 1380 non-

1938 1414 2066 1468 dum
2097 1414 2365 1470 refrenata
2395 1415 2627 1479 luxuria,
2652 1416 2737 1470 vel
2768 1423 2916 1471 caste
2944 1414 3094 1479 vivit,
3127 1431 3238 1469 non
3267 1430 3531 1470 exercens

1940 1520 1997 1556 se
2026 1520 2125 1573 per
2156 1504 2299 1557 bona
2329 1519 2516 1574 opera.
2574 1504 2644 1558 Et
2689 1512 2747 1558 ut
2795 1504 2863 1558 ab
2913 1519 3101 1558 amore
3149 1503 3531 1573 temporalium

1938 1591 2160 1662 possitis
2191 1592 2483 1661 removeri,
2517 1600 2570 1647 et
2600 1592 2744 1646 bona
2764 1608 2884 1663 quae
2903 1592 3083 1663 agitis,
3118 1591 3349 1662 simplici
3370 1591 3536 1647 inten-

1940 1679 2085 1735 tione
2116 1687 2443 1734 aaternorum
2473 1680 2671 1750 agatis,
2707 1679 2909 1752 cingite
2947 1680 3181 1746 lumbos,
3215 1680 3270 1733 id
3300 1687 3381 1734 est
3410 1695 3533 1735 mo-

240 1746 455 1838 pictura
466 1835 474 1838 Δ
496 1745 786 1838 textricum
833 1752 1015 1815 potest
1059 1744 1304 1838 thloribus‘
1324 1745 1671 1838 comparari?
1711 1745 1837 1838 Ipse
1857 1773 1910 1833 Β
1939 1775 2024 1822 tus
2051 1769 2353 1823 carnalium
2382 1744 2783 1823 desideriorum
2799 1744 3108 1838 refrenate,
3143 1744 3194 1822 et
3223 1768 3420 1823 habete
3449 1767 3539 1823 lu-

241 1835 389 1890 color
420 1834 626 1889 dicitur
643 1833 1024 1889 vestimentum
1056 1832 1228 1899 ﬂoris,
1261 1832 1400 1889 sicut
1419 1834 1618 1888 dicitur
1651 1851 1664 1888 :
1701 1832 1841 1905 Ope-

240 1924 341 1979 ruit
371 1924 549 1978 istum
580 1924 772 1978 rubor.

306 2029 488 2085 Vens.
519 2033 611 2085 28.
644 2060 715 2070 —
740 2030 873 2085 Cras
905 2030 969 2084 in
1001 2028 1313 2084 clibanum.
1348 2028 1485 2083 Cras
1515 2028 1571 2082 in
1603 2029 1850 2100 Scriptu-

241 2119 312 2175 ris
337 2135 448 2191 pro
480 2117 663 2173 futuro
692 2118 931 2189 ponitur,
964 2117 1179 2173 dicente
1208 2117 1380 2194 Jacob
1404 2134 1417 2172 :
1448 2118 1736 2174 Eccaudiet
1764 2133 1852 2175 me

242 2225 360 2264 cras
380 2210 634 2281 justitia
668 2223 797 2263 mea
828 2207 988 2277 (Gen.
1024 2210 1194 2275 xxx).

310 2324 492 2379 Vens.
515 2327 606 2379 29.
625 2353 696 2364 -
716 2324 900 2380 Nolite
921 2338 1170 2395 querere
1190 2321 1323 2395 quid
1340 2321 1719 2387 manducetis,
1750 2325 1855 2378 aut

245 2413 374 2486 quid
406 2413 639 2468 bibatis.
668 2413 794 2467 Non
837 2412 913 2466 ait
944 2430 957 2464 :
986 2411 1168 2466 Nolite
1215 2426 1466 2481 quaerere
1508 2411 1596 2466 vel
1638 2410 1854 2467 solliciti

250 2518 370 2558 esse
424 2502 498 2556 de
544 2501 670 2556 cibo
715 2500 802 2556 vel
842 2500 1185 2564 vestimento,
1238 2499 1337 2555 sed
1380 2500 1694 2570 expressius
1722 2499 1856 2572 quid

249 2591 614 2646 manducetis
646 2592 750 2644 aut
779 2588 912 2661 quid
942 2588 1164 2644 bibatis.
1190 2588 1250 2641 In
1280 2602 1388 2659 quo
1418 2588 1671 2642 videntur
1696 2586 1856 2659 argui

251 2679 304 2734 bi
322 2680 443 2751 qui,
468 2685 658 2748 spreto
678 2677 823 2733 victu
846 2676 935 2732 vel
954 2677 1151 2733 vestitu
1178 2676 1477 2742 communi,
1509 2676 1741 2731 lautiora
1769 2674 1859 2731 vel

249 2768 560 2824 austeriora
580 2783 697 2837 prae
713 2765 798 2820 his
813 2781 938 2821 cum
956 2765 1155 2837 quibus
1174 2765 1382 2835 vivunt,
1402 2765 1661 2820 alimenta
1673 2764 1762 2820 vel
1781 2765 1860 2819 in-

249 2855 513 2911 dumenta
531 2855 840 2926 requirunt.
861 2854 1044 2910 Nolite
1064 2855 1130 2909 in
1158 2854 1417 2909 sublime.
1439 2852 1722 2908 Prohihita
1751 2853 1861 2908 sol-

251 2945 539 3002 licitudine
557 2944 734 3000 victus
746 2943 833 2999 vel
847 2943 1223 3014 vestitus,quae
1243 2949 1368 2996 sunt
1378 2942 1447 2997 ad
1457 2942 1860 3010 necessitatem,

251 3034 511 3106 prohibet
544 3033 712 3087 etiam
742 3031 1054 3103 superbiam
1083 3047 1205 3103 qua:
1236 3031 1374 3087 solet
1399 3031 1469 3086 de
1484 3030 1604 3085 istis
1629 3046 1863 3102 supera-

1951 1872 2147 1913 cernas
2177 1857 2453 1924 ardentes,
2503 1865 2561 1911 ut
2604 1857 2660 1911 in
2706 1858 3022 1928 operatione
3068 1864 3254 1913 vestra
3290 1856 3409 1913 solo
3436 1855 3540 1914 Dei

1951 1961 2139 2002 amore
2170 1946 2406 2001 ardeatis
2433 1952 2485 2001 et
2513 1945 2633 2000 aliis
2661 1945 2970 2017 exemplum
2996 1944 3307 2016 praabeatis.

2020 2062 2191 2116 Vens.
2225 2063 2311 2117 36.
2346 2090 2415 2101 -
2444 2061 2940 2133 Exspectantibus.
2984 2060 3111 2117 Sive
3158 2060 3340 2116 vitatis
3393 2059 3542 2116 mala

1952 2150 2067 2204 sive
2098 2149 2272 2205 facitis
2303 2149 2467 2215 bona,
2519 2149 2653 2203 nihil
2700 2149 3056 2217 mundamini,
3109 2149 3208 2204 sed
3237 2149 3415 2205 solum
3442 2148 3540 2205 ad-

1950 2246 2172 2293 ventum
2191 2238 2571 2309 Redemptoris
2593 2239 2937 2309 exspectetis.
2957 2239 3186 2306 Quando
3198 2242 3541 2295 revertatur.

1950 2326 2037 2382 Ad
2065 2327 2282 2397 nuptias
2312 2327 2577 2381 Dominus
2606 2327 2719 2393 ivit,
2761 2342 2884 2382 cum
2929 2334 3054 2397 post
3080 2327 3545 2384 resurrectionem

1952 2430 2126 2470 novus
2156 2414 2320 2470 homo
2349 2414 2672 2485 angelorum
2692 2414 3090 2470 multitudinem
3111 2414 3215 2469 sibi
3232 2414 3545 2487 copulavit:

1954 2517 1988 2558 a
2017 2502 2214 2574 quibus
2243 2502 2553 2572 revertitur,
2587 2518 2711 2558 cum
2757 2502 2916 2558 nobis
2946 2518 3045 2573 per
3065 2502 3335 2571 judicium
3361 2501 3545 2558 mani-

1953 2591 2192 2646 festatur.
2224 2590 2380 2648 Unde
2410 2598 2464 2646 et
2489 2590 2630 2646 bene
2660 2589 2730 2646 de
2761 2590 3198 2661 exspectantibus
3218 2590 3403 2645 subdit
3432 2607 3446 2644 :
3483 2592 3551 2649 Ut

1956 2697 2086 2737 cum
2104 2680 2341 2746 venerit,
2365 2681 2667 2751 confestim
2688 2680 2952 2752 aperiant
2971 2681 3042 2735 ei.
3061 2678 3187 2734 Non
3204 2679 3319 2735 vult
3332 2678 3551 2750 aperire

1950 2768 2122 2837 judici
2149 2767 2404 2839 pulsanti,
2435 2767 2527 2840 qui
2557 2768 2755 2823 timens
2783 2767 2972 2823 videre
3002 2768 3198 2822 iratum
3226 2783 3389 2840 quem
3420 2782 3553 2823 con-

1958 2857 2197 2928 tempsit,
2230 2856 2299 2911 de
2329 2871 2562 2926 corpore
2611 2855 2760 2911 exire
2806 2856 3013 2911 metuit.
3058 2856 3247 2927 Aperit
3285 2855 3378 2929 qui
3397 2855 3554 2926 judi-

1960 2960 2083 3002 cem
2110 2945 2266 3000 laetus
2295 2952 2347 2999 et
2378 2959 2603 3000 securus
2635 2943 2884 3013 sustinet,
2908 2944 3046 3000 etde
3073 2944 3385 3017 propinqua
3410 2959 3556 3001 mor-

1961 3042 2013 3089 te
2043 3033 2266 3106 gaudet,
2299 3033 2445 3089 unde
2474 3032 2723 3089 subditur
2744 3050 2759 3088 :
2782 3035 2944 3091 Beati
2960 3033 3110 3091 servi
3124 3034 3235 3101 illi,
3267 3049 3401 3108 quo:
3429 3049 3562 3092 eum

251 3122 630 3178 bundantibus
659 3121 922 3191 consequi
952 3138 966 3174 :
990 3119 1122 3174 ideo
1152 3121 1272 3175 haec
1300 3135 1369 3174 ne
1398 3120 1707 3192 requiratis,
1731 3119 1860 3192 quia
1880 3131 1930 3196 α
1960 3124 2201 3189 venerit,
2237 3129 2341 3178 etc.

251 3211 370 3266 talis
398 3209 720 3267 sollicitudo
751 3207 883 3264 facit
913 3206 1221 3263 inﬁdelibus
1253 3207 1480 3262 similes.

320 3300 497 3355 Vens.
544 3301 634 3353 30.
676 3327 747 3337 —
776 3299 848 3352 Et
877 3298 993 3353 hcce
1023 3297 1235 3353 omnia.
1260 3294 1398 3365 Quia
1424 3295 1609 3351 omnia
1637 3303 1761 3351 sunt
1790 3295 1860 3350 ﬁ-

251 3386 471 3453 liorum,
509 3386 638 3442 ideo
666 3387 785 3442 haec
814 3386 998 3440 omnia
1023 3383 1347 3454 adjicientur
1368 3384 1544 3451 vobis,
1568 3385 1732 3439 etiam
1751 3401 1861 3440 non

251 3477 651 3549 quarentibus,
687 3482 746 3529 ut
772 3490 875 3530 nec
906 3474 962 3527 in
992 3474 1245 3544 praesenti
1292 3488 1394 3529 nec
1423 3473 1480 3527 in
1508 3473 1689 3528 futuro
1719 3474 1862 3529 desit

252 3566 435 3637 aliqua
463 3564 648 3637 gratia
679 3561 955 3628 ﬁdelibus,
1000 3562 1199 3633 quibus
1229 3561 1275 3616 si
1304 3563 1421 3617 haec
1451 3562 1861 3629 subtrahuntur,

250 3653 316 3708 ad
344 3653 741 3725 probationem
769 3659 870 3718 est,
920 3651 966 3705 si
1011 3650 1211 3705 dantur
1255 3650 1326 3705 ad
1355 3651 1661 3722 gratiarum
1688 3650 1863 3707 actio-

252 3758 399 3809 nem,
435 3742 573 3815 quia
599 3741 795 3798 omnia
820 3743 1200 3812 cooperantur
1221 3740 1284 3795 in
1305 3740 1512 3796 bonum
1539 3739 1717 3797 bonis.

327 3858 508 3914 Vens.
537 3860 627 3913 32.
660 3887 730 3897 —
761 3857 942 3913 Nolite
977 3834 1196 3912 tiniere.
1246 3855 1502 3928 Regnum
1541 3854 1790 3926 quaerite,
1822 3862 1878 3911 et

261 3946 327 4002 de
362 3963 546 4020 regno
576 3962 647 4001 ne
677 3944 960 4011 diﬂidatis;
993 3946 1121 4015 quia
1153 3944 1313 3999 Pater
1352 3943 1681 4015 complacita
1712 3943 1876 3999 boni-

260 4044 370 4091 tate
400 4035 562 4090 dabit
592 4033 749 4088 vobis
780 4050 1034 4106 regnum,
1057 4049 1168 4088 non
1198 4033 1397 4089 vestris
1427 4033 1659 4087 meritis.
1692 4032 1881 4089 Pusil-

265 4126 373 4180 lus.
410 4124 517 4179 Vel
547 4122 621 4177 ob
652 4122 1123 4192 comparationem
1166 4120 1395 4190 majoris
1432 4119 1648 4176 numeri
1678 4137 1878 4192 repro-

262 4212 491 4278 borum,
544 4210 635 4266 vel
680 4211 859 4281 potius
902 4211 972 4265 ob
1018 4209 1339 4265 humilitatis
1380 4208 1748 4277 devotionem,
1776 4226 1878 4280 per

260 4317 425 4372 quam
458 4299 825 4355 humilitatem
871 4298 1072 4355 crescit
1118 4297 1391 4368 Ecclesia,
1421 4314 1523 4368 per
1552 4313 1718 4369 quam
1746 4314 1879 4369 per-

262 4390 486 4444 venitur
518 4388 591 4444 ad
621 4404 872 4460 regnum.

2028 3238 2198 3293 Vens.
2235 3238 2323 3291 37.
2355 3235 2755 3307 —Vigilantes.
2788 3234 2991 3306 Vigilat
3010 3234 3102 3308 qui
3122 3232 3311 3292 oculos
3341 3242 3562 3308 apertos

1960 3326 2017 3379 in
2045 3341 2179 3382 vero
2207 3323 2410 3380 lumine
2441 3332 2610 3385 tenet,
2637 3331 2694 3378 ut
2715 3324 2975 3380 tenebras
2991 3323 3344 3398 negligentiae
3366 3324 3559 3394 evitet;

1962 3414 2055 3486 qui
2086 3413 2251 3468 etiam
2282 3412 2429 3483 quod
2457 3412 2691 3467 credidit
2735 3420 3016 3484 operatur,
3067 3413 3161 3484 qui
3191 3413 3452 3469 sollicitus
3481 3419 3568 3469 est

1961 3501 2018 3556 in
2050 3517 2183 3557 cura
2209 3501 2396 3573 gregis
2425 3500 2529 3555 sibi
2559 3501 2858 3557 commissi.
2881 3500 3026 3569 Quid
3056 3517 3189 3559 vero
3212 3501 3567 3576 vigilantibus

1964 3589 2230 3645 debeatur
2260 3589 2442 3643 subdit
2471 3606 2486 3643 :
2519 3589 2698 3645 Amen
2720 3589 2841 3644 dico
2858 3590 3030 3645 vobis.

2037 3687 2209 3742 Vens.
2247 3689 2335 3756 38,
2370 3689 2458 3741 39.
2490 3715 2560 3726 —
2588 3688 2665 3742 Et
2689 3687 2741 3741 si
2786 3688 3008 3742 venerit
3047 3687 3113 3742 in
3150 3686 3420 3754 secunda,
3458 3694 3566 3744 etc.

1968 3774 2201 3848 Vigilias
2232 3781 2395 3830 vocat
2420 3788 2454 3828 a
2483 3772 2834 3828 similitudine
2883 3773 3285 3830 excubantium.
3319 3776 3383 3831 In
3410 3782 3573 3833 nocte

1968 3862 2128 3931 hujus
2158 3861 2349 3915 mundi
2379 3876 2600 3931 semper
2646 3860 2907 3916 debemus
2960 3876 3084 3916 esse
3129 3867 3321 3917 contra
3354 3862 3574 3918 hostem

1968 3950 2205 4018 solliciti,
2239 3958 2292 4005 et
2321 3956 2640 4021 exspectare
2686 3947 2867 4005 lucem
2910 3957 3218 4017 venturam,
3267 3949 3324 4004 id
3352 3956 3437 4006 est
3462 3949 3568 4005 ad-

1968 4047 2189 4095 ventum
2211 4038 2436 4108 judieis.
2468 4037 2653 4093 Prima
2681 4053 2817 4111 ergo
2847 4037 3036 4110 vigilia
3056 4037 3303 4094 custodia
3322 4038 3571 4112 pueritia

1972 4136 2074 4194 est,
2125 4127 2366 4183 secunda
2402 4127 2721 4197 juventutis,
2771 4126 2931 4182 tertia
2977 4127 3291 4184 senectutis.
3342 4128 3399 4184 Si
3448 4127 3572 4201 quis

1971 4231 2104 4271 vero
2133 4216 2190 4269 in
2215 4215 2450 4285 pueritia
2476 4215 2709 4288 vigilare
2738 4214 3061 4287 neglexerit,
3113 4232 3225 4271 non
3253 4223 3437 4272 tamen
3465 4214 3571 4273 de-

1974 4312 2176 4375 speret,
2210 4304 2308 4359 sed
2338 4304 2501 4359 etiam
2528 4304 2585 4358 in
2609 4305 2889 4375 juventute
2923 4304 3010 4361 vel
3040 4303 3237 4360 saltem
3261 4305 3484 4360 tandem
3511 4304 3571 4361 in

1975 4400 2253 4449 senectute
2280 4393 2598 4463 resipiscat,
2645 4394 2773 4465 quia
2800 4393 2922 4464 pius
2943 4392 3113 4462 judex
3142 4408 3325 4448 moras
3350 4400 3570 4450 nostras

333 4516 529 4571 Vens.’
555 4516 645 4568 33.
682 4542 752 4552 —
791 4512 1041 4569 Vendite.
1091 4510 1213 4565 Non
1260 4517 1471 4565 tantum
1499 4524 1610 4565 non
1639 4506 1873 4563 timeatis
1908 4482 2247 4553 Dpaﬁemer
2293 4488 2593 4551 exspecm'
2640 4480 2776 4571 _Q“i
2822 4481 2893 4536 ad
2943 4480 3324 4571 excuti?de
3371 4482 3570 4571 mentis

260 4620 330 4659 ne
361 4610 601 4675 prepter
626 4618 859 4673 regnum
888 4599 1241 4654 militantibus
1270 4600 1395 4654 vita}
1422 4598 1741 4654 necessaria
1770 4596 1873 4652 de-

264 4693 395 4757 sint,
436 4692 541 4747 sed
570 4691 737 4746 etiam
771 4704 1031 4761 possessa
1065 4688 1280 4743 vendite
1310 4695 1534 4758 propter
1564 4687 1873 4757 elcemosy-

249 4797 419 4848 nam,
457 4797 583 4852 qua:
614 4788 697 4834 est
717 4780 803 4833 via
832 4779 904 4833 ad
933 4794 1182 4849 regnum,
1208 4777 1337 4833 dum
1368 4793 1468 4848 per
1498 4791 1621 4831 eam
1642 4782 1877 4846 peccata

267 4870 647 4926 redimuntur.
675 4869 801 4923 Non
829 4875 1036 4922 tantum
1057 4867 1211 4923 cibos
1238 4874 1452 4922 vestros
1477 4865 1876 4921 communicate

263 4958 639 5032 pauperibus,
676 4956 775 5012 sed
805 4957 969 5012 etiam
990 4956 1206 5011 vendite
1235 4963 1443 5011 vestras
1472 4953 1874 5025 possessiones,

265 5056 323 5103 ut
353 5047 624 5104 omnibus
655 5046 854 5101 vestris
884 5044 1055 5100 semel
1082 5061 1183 5115 pro
1211 5044 1446 5100 Domino
1464 5044 1662 5114 spretis
1687 5050 1879 5113 postea

266 5136 473 5192 labore
503 5150 766 5190 manuum
805 5140 1111 5190 vestrarum
1155 5131 1654 5203 operemini,.unde
1684 5129 1879 5188 vivatis

266 5226 356 5283 vel
385 5225 807 5294 elcemosynam
853 5221 1084 5278 faciatis.
1132 5223 1272 5276 Date
1311 5222 1740 5291 eleemosynam.
1774 5217 1880 5286 Qui

265 5331 372 5387 pro
404 5313 556 5370 caelo
577 5312 764 5368 omnia
792 5311 1073 5366 mundana
1100 5308 1307 5379 spernit
1337 5308 1536 5363 vendat
1566 5324 1688 5379 quae
1716 5306 1883 5362 habet

268 5414 323 5459 et
352 5402 655 5458 distribuat
684 5418 698 5454 :
724 5399 814 5472 qui
841 5416 951 5455 non
983 5406 1065 5454 est
1095 5405 1255 5453 tanta:
1282 5396 1515 5460 virtutis,
1546 5396 1616 5451 de
1645 5396 1729 5450 his
1761 5411 1884 5466 qua:

268 5493 447 5547 habet
482 5490 889 5560 eleemosynam
931 5487 1040 5542 det.
1091 5488 1211 5543 Non
1240 5485 1611 5555 deﬁcientem.
1644 5485 1884 5554 Tempo-

1973 4571 2237 4626 desidiam
2268 4571 2595 4626 exteriorum
2624 4569 2999 4624 damnatorum
3040 4568 3449 4626 similitudinem
3478 4569 3569 4626 in-

1974 4660 2143 4726 ducit,
2174 4668 2229 4714 ut
2256 4675 2356 4730 per
2384 4660 2490 4715 hoc
2517 4658 2730 4713 animus
2776 4657 2845 4711 ad
2892 4656 3196 4713 custodiam
3228 4658 3312 4713 sui
3342 4658 3573 4715 suscite-

1976 4756 2082 4804 tur.
2117 4748 2291 4817 Unde,
2325 4749 2434 4802 Hoc
2451 4750 2643 4802 autem
2662 4747 2861 4802 scitote
2890 4747 3157 4819 quoniam
3186 4747 3238 4802 si
3270 4748 3441 4805 sciret
3465 4765 3570 4822 pa-

1980 4837 2344 4907 terfamilias.
2367 4834 2658 4890 Nesciente
2678 4832 3073 4906 patrefamilias
3092 4833 3180 4889 fur
3197 4834 3421 4890 domum
3438 4852 3568 4908 per-

1978 4924 2131 4994 fodit,
2165 4923 2292 4995 quia
2318 4923 2449 4978 dum
2477 4938 2512 4977 a
2540 4923 2626 4977 sui
2662 4922 2912 4979 custodia
2956 4922 3176 4994 spiritus
3204 4922 3426 4994 dormit,
3459 4924 3570 4980 im-

1976 5013 2200 5085 provisa
2241 5027 2391 5067 mors
2438 5010 2621 5067 carnis
2666 5011 3038 5067 habitaculum
3083 5011 3358 5084 irrumpit,
3413 5019 3466 5070 et
3480 5012 3571 5071 ad

1980 5101 2248 5172 supplicia
2292 5099 2469 5155 trahit.
2517 5100 2644 5156 Furi
2688 5106 2867 5155 autem
2915 5100 3197 5157 resisteret
3222 5101 3272 5156 si
3298 5101 3571 5177 vigilaret,

1980 5190 2105 5262 quia
2152 5188 2445 5244 adventum
2478 5188 2681 5258 judicia
2742 5188 2958 5246 occulte
3002 5189 3314 5247 venientem
3357 5206 3574 5263 praeca-

1980 5293 2135 5346 vens,
2168 5277 2483 5350 paenitendo
2510 5285 2848 5334 occurreret.

2052 5394 2223 5448 Vens.
2260 5393 2346 5446 40.
2360 5422 2429 5433 -
2443 5392 2561 5459 Qua
2591 5393 2727 5449 hora
2745 5410 2861 5449 non
2878 5395 3101 5466 putatis
3127 5394 3310 5451 Filius
3331 5393 3577 5451 homini:

1984 5483 2171 5539 veniet
2196 5486 2218 5536 ?
2246 5480 2502 5536 Ultimam
2531 5482 2722 5537 horam
2753 5499 2973 5554 semper
3001 5483 3244 5555 ignorari
3274 5482 3439 5536 voluit
3465 5482 3575 5535 Do.

270 5582 439 5648 ralia,
477 5579 564 5633 vel
592 5595 660 5633 ex
691 5593 791 5633 sua
818 5576 1111 5648 fragilitate
1143 5573 1421 5641 deﬁciunt,
1444 5574 1533 5629 vel
1564 5574 1609 5628 si
1638 5573 1769 5645 quid
1798 5588 1888 5628 so-
1984 5571 2185 5636 minus,
2219 5576 2276 5623 ut
2305 5586 2520 5643 semper
2557 5570 2627 5627 sit
2672 5579 2941 5644 suspecta,
2992 5579 3047 5628 et
3090 5570 3162 5626 ad
3206 5584 3330 5625 eam
3358 5583 3580 5640 semper

274 5667 459 5724 lidum
490 5673 762 5738 superest,
794 5671 852 5720 ut
880 5664 1089 5736 lapides
1106 5663 1352 5735 pretiosi,
1376 5678 1410 5720 a
1427 5660 1639 5719 furibus
1657 5666 1889 5734 possunt
1985 5665 2345 5741 praeparetur.

510 5782 750 5842 Paraon.
784 5779 973 5839 CXIV.

3302 5773 3372 5827 10
