4006 6178
326 196 431 257 299

899 187 1303 248 W‘ALAFRIDI
1339 185 1584 244 STRABI
1621 183 1820 241 FULD.
1859 176 2035 236 MON.
2076 175 2232 233 OPP.
2270 173 2449 232 PARS
2486 170 2529 228 Ι.
2569 202 2638 213 -
2675 164 3145 226 THEOLOGICA.

3515 161 3619 216 300

405 323 575 377 Vens.
611 321 698 375 41.
720 348 789 359 -
809 318 905 373 Att
939 321 1131 373 autem
1161 317 1215 371 et
1242 317 1464 370 Petrus.
1498 310 1633 366 Cum
1661 306 1926 363 Dominus
1946 302 2004 365 A
2107 302 2276 359 Omni
2304 303 2515 357 autem.
2550 296 2743 353 Merito
2787 292 2962 350 malus
3011 302 3353 377 cognoscens
3397 283 3551 377 plus,
3574 288 3630 377 et

334 412 443 467 duo
470 406 837 481 proposuerit,
870 405 1081 461 scilicet
1132 411 1185 459 et
1233 419 1293 457 se
1343 399 1523 456 subito
1553 403 1858 459 venturum,
1882 401 1934 448 et

332 500 456 555 illos
486 495 853 567 exspectando
885 501 1103 565 paratos
1125 508 1249 547 esse
1270 490 1492 553 debere,
1521 485 1712 558 quaerit
1742 485 1935 538 Petrus

336 588 384 642 si
413 586 504 642 illa
532 584 783 641 sublimia
813 582 1056 637 instituta
1084 578 1321 636 ccelestis
1352 577 1494 641 vitae,
1527 590 1650 646 qum
1677 579 1802 628 sunt
1829 586 1933 626 ne-

336 674 579 733 cessaria
627 689 688 729 se
733 669 1184 743 praeparantibus,
1239 667 1310 721 ad
1358 663 1637 736 apostolos
1677 661 1854 716 solum
1881 665 1937 714 et

339 763 545 819 similes
575 776 785 827 eorum,
816 775 883 813 an
915 759 985 813 ad
1033 771 1226 811 omnes
1274 753 1568 808 salvandos
1605 750 1931 822 pertineant.

411 852 581 907 Vens.
618 851 701 906 42.
734 878 805 889 -—
831 847 994 903 Dixit
1022 849 1215 900 autem
1252 842 1543 900 Dominus.
1576 837 1938 909 Respondeas

340 941 410 996 ad
439 940 777 1008 interrogata
808 933 1090 998 Dominus,
1121 927 1357 1003 primum
1387 937 1440 985 et
1470 927 1768 985 secundum
1793 924 1939 994 judi-

341 1030 486 1085 cium
515 1025 723 1082 cunctis
751 1022 1064 1087 aﬁ‘uturum,
1099 1028 1151 1075 et
1180 1019 1427 1093 singulos
1473 1033 1577 1088 pro
1607 1014 1819 1070 meritis
1848 1011 1941 1067 vel

341 1113 775 1172 remunerandos
800 1111 888 1167 vel
934 1096 1277 1165 damnandos
1325 1107 1479 1162 dicit.
1525 1104 1754 1167 Deinde,
1790 1099 1936 1172 quod

342 1205 574 1259 maxime
606 1202 914 1274 quaesierat,
948 1197 1200 1268 supponit
1249 1195 1455 1250 scilicet
1495 1192 1732 1264 gratiam
1761 1190 1934 1245 virtu-

340 1299 458 1347 tum
491 1306 655 1363 quam
678 1289 887 1343 mundo
915 1287 1188 1351 attulerat,
1222 1300 1256 1339 a
1285 1282 1516 1356 singulis
1546 1287 1806 1353 quantum
1836 1294 1936 1349 po-

340 1389 443 1437 test
472 1396 593 1435 esse
616 1377 951 1440 sectandam,
984 1374 1128 1445 quod
1160 1380 1242 1428 est
1270 1372 1342 1426 ibi
1378 1389 1390 1425 :
1422 1373 1616 1442 Ignem
1644 1369 1773 1424 veni
1801 1368 1935 1422 mit-

343 1474 461 1527 tere
492 1470 555 1523 in
584 1472 820 1523 terram.
846 1464 977 1531 Quis
1001 1466 1170 1535 putas
1200 1478 1317 1517 esse
1334 1460 1520 1530 ﬁdelis
1542 1458 1935 1530 dispensator?

343 1557 513 1627 Quasi
539 1556 685 1611 dicat
713 1571 727 1607 :
750 1552 938 1617 Vobis,
972 1551 1063 1622 qui
1091 1550 1496 1620 dispensatores
1526 1545 1656 1602 estis
1684 1542 1931 1607 instituti,

2036 406 2147 447 non
2175 404 2517 463 cognoscens
2546 386 2726 441 minus
2772 381 3051 454 vapulabit
3098 378 3226 450 quia
3254 374 3335 430 illi
3361 373 3508 445 plus,
3537 371 3630 426 isti

2033 481 2235 549 minus,
2269 476 2620 534 commissum
2650 481 2734 529 est
2765 489 2780 526 :
2809 479 2862 526 et
2909 470 2978 525 ab
3025 466 3176 524 omni
3207 464 3294 520 cui
3322 463 3448 535 plus
3477 476 3629 517 com-

2032 568 2278 637 mittitur,
2308 566 2434 638 plus
2462 564 2716 636 exigitur.

2105 685 2276 739 Vans.
2314 683 2399 736 49.
2433 711 2502 722 —-
2533 667 2764 753 Ignem.
2793 683 2895 731 etc.
2946 670 3117 741 Quasi
3146 671 3293 727 dicat
3323 687 3336 723 :
3369 669 3450 724 Tu
3478 683 3629 739 qum-

2034 769 2218 836 rebas,
2250 784 2321 822 an
2346 781 2538 822 omnes
2565 778 2817 819 moneam
2847 758 3105 815 accinctis
3135 755 3354 822 lumbis,
3388 752 3631 808 ardenti-

2034 855 2137 909 bus
2165 852 2403 909 lucernis
2433 851 2724 906 adventum
2762 844 2978 900 Domini
3006 840 3352 914 praestolari?
3385 838 3492 894 Sed
3523 852 3630 908 ego

2035 943 2126 1015 qui
2158 950 2363 997 tantum
2394 939 2465 995 ob
2495 939 2599 993 hoc
2626 936 2751 992 veni
2781 935 2838 989 in
2882 933 3143 987 mundum
3172 938 3230 984 ut
3257 946 3286 983 a
3317 926 3630 998 cupiditati-

2034 1012 2137 1085 bus
2186 1029 2374 1084 mundi
2423 1027 2493 1083 ad
2543 1025 2785 1082 ccclestia
2834 1022 3083 1078 homines
3129 1017 3510 1082 accenderem,
3552 1012 3631 1069 nil

2035 1119 2181 1174 aliud
2210 1118 2355 1184 volo,
2388 1116 2492 1171 nisi
2520 1124 2579 1170 ut
2606 1112 2845 1169 incendii
2872 1112 3033 1180 hujus
3056 1109 3221 1179 jubar
3251 1122 3425 1178 usque
3456 1104 3527 1159 ad
3559 1102 3629 1157 ﬁ-

2036 1225 2162 1263 nem
2192 1206 2376 1262 szeculi
2405 1212 2628 1260 cunctas
2672 1200 2857 1256 mundi
2904 1206 3091 1269 partes
3122 1197 3376 1261 illustret,
3405 1202 3459 1249 et
3485 1200 3542 1248 ut
3573 1192 3629 1246 in

2035 1296 2293 1352 cordibus
2342 1293 2584 1348 ﬁdelium
2632 1291 2707 1345 ita
2758 1291 3023 1361 ignescet,
3076 1302 3144 1341 ne
3193 1285 3373 1357 aliquo
3422 1283 3630 1353 impetu

2036 1385 2294 1439 ﬂuctuum
2325 1382 2412 1437 vel
2440 1381 2663 1435 ﬂatuum
2693 1378 3087 1446 exstinguatnr.

2106 1480 2392 1563 Baptismo
2440 1492 2634 1543 autem
2682 1486 2870 1550 habeo,
2921 1491 3025 1539 etc.
3078 1483 3145 1536 Et
3187 1488 3244 1535 ut
3272 1481 3413 1554 ignis
3444 1480 3543 1535 iste
3572 1479 3631 1535 in

2036 1578 2278 1633 fidelium
2308 1575 2567 1633 cordibus
2598 1582 2761 1647 queat
2790 1572 3039 1637 accendi,
3071 1571 3146 1625 ita
3191 1578 3250 1625 ut
3285 1570 3467 1625 omnia
3492 1577 3631 1624 tem-

342 1647 445 1703 hoc
475 1643 761 1739 Specmliuf
789 1640 1038 1697 convenit
1066 1640 1133 1739 d9
1156 1638 1345 1739 0.115“)?
1350 1638 1401 1691 ia
1430 1644 1482 1739 fit
1510 1631 1928 1739 ΡΓΪΒΨῙῘΜῙΟΠῨῘ
1960 1658 2015 1719 Β
2034 1631 2247 1739 poralia
2276 1631 2513 1737 perfecte
2543 1672 2595 1718 et
2616 1631 2843 1733 lseipsos
2888 1631 3099 1732 possint
3143 1658 3448 1729 despicere,
3478 1657 3632 1729 prius

341 1742 398 1790 ut
426 1742 480 1789 et
500 1749 598 1789 vos
621 1740 670 1788 et
692 1731 829 1786 alios
848 1728 1165 1801 prteparetis
1187 1727 1240 1781 in
1260 1724 1550 1781 adventum
1564 1721 1784 1792 judicis,
1810 1721 1934 1791 quia

339 1823 503 1894 pauci
534 1829 657 1876 sunt
699 1819 792 1891 qui
840 1817 1187 1873 commissam
1238 1815 1342 1869 sibi
1382 1814 1522 1867 bene
1553 1810 1935 1866 administrant

342 1909 825 1982 dispensationem.
860 1908 929 1961 Et
952 1905 1199 1978 prudens
1219 1920 1381 1975 quem
1410 1901 1710 1958 constituit
1740 1897 1932 1953 Domi-

348 2010 452 2056 nus
482 2014 650 2071 super
677 1996 965 2068 familiam
996 2011 1175 2057 suam,
1210 1996 1293 2056 ut,
1319 1999 1421 2046 etc.
1456 1989 1633 2057 Quam
1664 2003 1821 2041 rarus
1852 1992 1933 2040 est

342 2087 574 2143 Domino
605 2092 828 2157 propter
850 2082 1139 2137 Dominum
1161 2079 1428 2144 serviens,
1452 2093 1584 2132 oves
1604 2074 1802 2130 Christi
1824 2090 1933 2129 non

341 2178 410 2232 ad
442 2177 671 2237 lucrum,
705 2173 801 2228 sed
830 2187 1011 2226 amore
1059 2168 1259 2224 Christi
1305 2182 1559 2238 pascens,
1610 2163 1850 2236 prudens
1878 2163 1935 2216 in

340 2266 542 2328 futuro,
576 2262 678 2317 sibi
707 2260 1003 2333 providens
1034 2274 1197 2330 quem
1226 2255 1531 2320 constituit;
1565 2254 1619 2307 id
1650 2261 1750 2323 est,
1772 2266 1936 2323 quam

340 2369 497 2409 rarus
518 2351 610 2423 qui
641 2352 707 2405 sit
737 2357 961 2405 vocatus
992 2363 1025 2402 a
1054 2348 1169 2402 Deo
1209 2354 1460 2416 tanquam
1508 2344 1708 2407 Aaron,
1745 2348 1795 2396 et
1825 2355 1935 2395 non

338 2441 519 2514 magis
567 2455 626 2494 se
673 2436 983 2510 ingesserit,
1032 2444 1080 2490 et
1134 2434 1225 2506 qui
1272 2449 1382 2488 non
1426 2430 1608 2503 magis
1647 2446 1706 2485 se
1745 2434 1936 2500 pascat

338 2544 501 2602 quam
531 2525 688 2584 ovesl

409 2644 577 2699 Vnus.
613 2643 699 2697 43.
723 2672 791 2681 -
811 2641 1034 2696 Beatus.
1086 2636 1255 2706 Quasi
1284 2636 1427 2691 dicat
1454 2653 1467 2689 :
1501 2632 1668 2689 Pauci
1707 2640 1831 2687 sunt
1864 2630 1933 2685 ﬁ-

338 2733 514 2789 deles.
547 2733 654 2786 Iste
686 2737 868 2785 autem
900 2728 992 2798 qui
1023 2733 1275 2797 repertus
1306 2723 1465 2779 fuerit
1495 2721 1729 2777 ﬁdeliter
1758 2734 1935 2775 anno-

338 2838 464 2878 nam
495 2819 647 2875 verbi
678 2817 964 2883 ministrat,
1015 2822 1067 2869 et
1113 2813 1169 2867 in
1208 2827 1398 2868 curam
1447 2811 1638 2884 gregis
1676 2808 1931 2880 vigilans,

339 2919 542 2966 interna
570 2905 899 2963 beatitudine
927 2900 1340 2976 gloriﬁcabitur.

2035 1756 2213 1810 habeo
2242 1754 2513 1825 baptismo
2542 1751 2830 1823 baptizari,
2880 1751 2985 1805 hoc
3028 1756 3111 1803 est
3140 1748 3393 1803 unctione
3422 1746 3630 1819 proprii

2036 1843 2320 1916 sanguinis
2349 1841 2604 1912 perfundi
2638 1858 2652 1894 :
2685 1856 2792 1895 non
2825 1839 2969 1894 enim
3002 1838 3227 1892 daretur
3248 1836 3490 1907 spiritus,
3522 1834 3647 1908 nisi.

2031 1934 2192 1987 Jesus
2219 1931 2454 2002 primum
2484 1927 2905 2003 gloriﬁcaretur.
2940 1929 3009 1981 Et
3037 1926 3323 2000 quomodo.
3356 1925 3519 1979 Tanta
3547 1930 3634 1979 est

2034 2020 2276 2092 dignatio
2309 2017 2545 2084 Domini,
2567 2025 2624 2071 ut
2653 2015 3003 2071 infundendae
3048 2015 3208 2069 nobis
3238 2012 3543 2068 devotionis
3574 2018 3628 2067 et

2035 2106 2479 2166 consummandae
2507 2105 2861 2178 perfectionis
2908 2104 2963 2158 in
3001 2103 3181 2169 nobis,
3214 2110 3267 2157 et
3295 2100 3630 2157 maturandae

2032 2212 2132 2269 pro
2163 2195 2322 2251 nobis
2353 2195 2593 2250 studium
2622 2193 2898 2265 passionis
2927 2192 3031 2247 sibi
3061 2192 3242 2246 inesse
3271 2198 3517 2256 testetur,
3538 2188 3633 2261 qui

2035 2300 2159 2343 cum
2188 2285 2245 2339 in
2271 2300 2331 2339 se
2353 2284 2431 2338 nil
2476 2283 2703 2338 haberet
2749 2281 2896 2337 unde
2944 2280 3178 2347 doleret,
3211 2279 3415 2335 nostris
3446 2286 3631 2334 tamen

2036 2374 2338 2445 angebatur
2366 2371 2644 2438 aerumnis,
2694 2379 2747 2426 et
2794 2378 3039 2440 tempore
3077 2368 3272 2425 mortis
3319 2367 3632 2423 mmstitiam

2032 2461 2427 2533 praetendebat,
2462 2476 2628 2532 quam
2674 2475 2784 2514 non
2832 2474 2898 2513 ex
2945 2465 3092 2513 metu
3139 2457 3333 2512 mortis
3364 2472 3497 2523 sua,
3531 2455 3631 2511 sed

2034 2567 2188 2605 mora
2213 2549 2601 2620 redemptionis
2643 2554 2843 2603 nostra:
2865 2552 3257 2616 assumpserat.
3294 2546 3466 2616 Usque
3495 2544 3635 2601 dum

2028 2638 2391 2712 perﬁciatur.
2418 2637 2523 2705 Qui
2553 2652 2724 2708 usque
2767 2634 2836 2689 ad
2878 2632 3266 2706 perfectionem
3309 2632 3529 2704 angitur
3555 2632 3632 2688 de

2035 2726 2372 2798 perfectione
2399 2732 2483 2780 est
2512 2740 2759 2793 securus,
2809 2738 2914 2779 nec
2960 2722 3029 2777 de
3073 2721 3191 2792 ipsa
3239 2721 3479 2793 angitur,
3529 2719 3633 2776 sed

2033 2816 2214 2885 potius
2253 2830 2402 2869 mors
2449 2812 2697 2885 corporis
2741 2810 3010 2867 absolutio
3056 2818 3140 2865 est
3166 2809 3475 2875 anxietatis,
3518 2824 3631 2865 non

2034 2903 2373 2960 coacervatio
2402 2902 2628 2958 doloris.

410 3026 580 3081 Vnus.
604 3022 688 3077 44.
712 3053 780 3062 -
815 3020 993 3091 Super
1040 3018 1233 3074 Omnia
1270 3032 1392 3088 qua:
1420 3014 1684 3087 p088idet-
1718 3011 1929 3080 Quanta
1960 3015 2010 3077 C
2101 3021 2273 3074 Vens.
2307 3022 2394 3073 51.
2437 3048 2508 3058 -
2554 3018 2802 3072 Putatis.
2855 3014 3141 3085 Quomodo
3189 3022 3315 3086 post
3356 3014 3632 3085 baptisma

339 3113 480 3169 inter
509 3112 682 3166 bonos
710 3109 982 3164 auditores
1012 3114 1065 3159 et
1094 3106 1267 3160 bonos
1292 3105 1543 3159 doctores
1572 3109 1656 3157 est
1684 3100 1935 3156 distantia

340 3200 680 3263 meritorum,
731 3204 879 3252 tanta
928 3203 982 3249 et
1021 3193 1387 3264 praemiorum.
1438 3190 1728 3246 Auditores
1758 3190 1932 3244 bonos

339 3289 471 3346 facit
497 3286 843 3342 discumbere
877 3292 929 3339 et
959 3282 1229 3337 transiens
1266 3280 1550 3346 ministrat,
1583 3279 1933 3350 dispensato-

343 3394 432 3432 res
461 3373 736 3432 constituit
757 3389 921 3443 super
943 3370 1126 3426 omnia
1148 3387 1268 3441 qua:
1290 3367 1551 3440 possidet,
1580 3383 1691 3422 non
1720 3374 1777 3421 ut
1807 3365 1928 3431 soli,

342 3466 440 3521 sed
470 3472 527 3519 ut
556 3480 666 3534 prie
712 3460 928 3518 caneris
978 3459 1209 3514 habeant
1254 3465 1475 3524 aeterna,
1527 3464 1640 3511 tum
1684 3471 1786 3527 pro
1834 3468 1934 3509 sua

342 3553 470 3618 vita,
503 3561 615 3606 turn
643 3566 744 3622 pro
773 3548 962 3622 gregis
993 3547 1261 3603 custodia.

413 3643 579 3695 Vens.
615 3641 701 3694 45.
733 3668 803 3678 -
839 3637 989 3705 Quod
1034 3638 1085 3692 si
1121 3637 1335 3691 dixerit
1382 3650 1595 3692 servus.
1627 3634 1768 3687 Nota
1796 3632 1934 3686 inter

340 3729 465 3786 vitia
516 3727 658 3784 servi
708 3726 1023 3797 ascriptum,
1075 3724 1219 3796 quod
1274 3723 1487 3778 tardum
1531 3728 1682 3793 putat
1727 3718 1936 3775 domini

339 3818 589 3875 reditum.
626 3817 685 3871 In
714 3815 994 3871 virtutibus
1022 3813 1150 3869 boni
1181 3828 1290 3867 non
1319 3818 1763 3875 annumerantur,
1789 3808 1936 3880 quod

340 3907 486 3963 hunc
514 3905 621 3962 cito
650 3903 968 3975 speraverit,
1005 3902 1103 3956 sed
1132 3909 1337 3956 tantum
1386 3899 1531 3970 quod
1564 3897 1797 3953 ﬁdeliter
1824 3897 1933 3950 mi-

339 3995 603 4050 nistravit.
638 3991 785 4048 Nihil
813 4007 948 4062 ergo
1000 3997 1082 4045 est
1128 3988 1344 4052 melius,
1387 4003 1552 4058 quam
1581 3994 1638 4040 ut
1668 3984 1935 4055 patienter

339 4083 709 4138 sustineamus
733 4080 990 4153 ignorare
1022 4077 1168 4148 quod
1198 4075 1327 4131 sciri
1357 4089 1465 4129 non
1495 4080 1695 4145 potest,
1730 4072 1827 4128 sed
1859 4080 1934 4127 ta-

336 4187 463 4227 men
494 4170 805 4225 laboremus
834 4175 891 4221 ut
921 4165 1098 4222 idonei
1133 4162 1491 4218 inveniamur.

410 4261 480 4316 Et
507 4257 688 4315 edere.
722 4257 780 4311 ld
809 4264 909 4320 est,
962 4252 1172 4309 cunctis
1217 4250 1513 4306 sceleribus
1560 4257 1612 4305 et
1659 4248 1934 4304 illecebris

2030 3108 2323 3179 passionis,
2358 3114 2411 3161 et
2436 3113 2560 3178 pOSl
2588 3104 2879 3161 adventum
2928 3104 3072 3177 ignis
3122 3111 3269 3159 terra
3318 3103 3387 3157 sit
3415 3119 3630 3173 arsura,

2031 3196 2160 3251 dicit
2192 3214 2204 3249 :
2238 3195 2375 3264 Quia
2403 3195 2473 3249 ad
2520 3193 2685 3250 ﬁdem
2733 3193 2933 3249 Christi
2977 3201 3121 3247 totus
3154 3192 3305 3248 orbis
3352 3199 3539 3249 contra
3569 3208 3634 3248 se

2034 3291 2117 3339 est
2145 3283 2371 3352 divisus,
2406 3298 2744 3354 unaquaeque
2774 3283 2970 3337 domus
3001 3281 3186 3335 habuit
3213 3279 3405 3336 fideles
3433 3288 3486 3336 et
3515 3279 3636 3335 inﬁ-

2032 3372 2204 3437 deles,
2236 3371 2321 3425 his
2353 3379 2541 3427 contra
2571 3369 2754 3436 ﬁdem,
2794 3369 2904 3423 illis
2950 3384 3052 3440 pro
3097 3368 3204 3423 ﬁde
3235 3369 3628 3441 pugnantibus.

2102 3487 2272 3541 Vens.
2299 3488 2385 3542 52.
2424 3515 2493 3525 -
2532 3485 2598 3539 1η
2635 3485 2792 3540 domo
2840 3501 2977 3540 una.
3020 3483 3405 3555 Unusquisque
3441 3484 3629 3549 homo,

2032 3576 2226 3630 domus
2247 3590 2352 3628 una
2383 3581 2485 3640 est,
2536 3572 2624 3628 vel
2672 3571 2794 3639 Dei,
2844 3572 2933 3628 vel
2979 3571 3199 3627 diaboli.
3250 3573 3436 3643 Itaque
3466 3573 3633 3628 homo

2032 3662 2329 3735 Spiritualis
2359 3662 2551 3718 domus
2582 3660 2872 3733 spiritualis
2902 3669 3003 3716 est.
3028 3661 3220 3717 Divisi.
3253 3661 3434 3716 Prima
3464 3676 3634 3717 causa

2033 3760 2116 3807 est
2135 3750 2419 3824 religionis
2434 3750 2502 3805 ad
2517 3751 2710 3817 Deum,
2727 3749 2964 3809 sectmda
2983 3749 3197 3821 pietatis
3213 3750 3282 3805 ad
3302 3749 3629 3820 proximum.

2034 3839 2263 3911 Oportet
2292 3839 2438 3894 enim
2468 3847 2525 3893 ut
2552 3837 2752 3893 divinis
2782 3838 3016 3892 humana
3034 3838 3381 3909 posthabeas.
3405 3838 3527 3894 Non
3546 3847 3637 3895 est

2034 3944 2170 4001 ergo
2199 3927 2519 4000 pignoribus
2566 3925 3000 3993 renuntiandum,
3053 3926 3150 3981 sed
3202 3927 3349 3982 Deus
3377 3926 3632 3982 omnibus

2033 4016 2423 4088 praeferendus.
2456 4013 2673 4070 Etenim
2705 4021 2908 4069 natura:
2927 4014 3160 4087 pignora
3181 4022 3304 4068 sunt
3333 4014 3433 4069 Dei
3463 4015 3633 4071 bene-

2034 4103 2175 4169 ﬁcia,
2197 4119 2299 4159 nec
2318 4103 2480 4158 debet
2499 4102 2623 4173 plus
2642 4102 2810 4156 amari
2835 4101 3155 4158 beneﬁcium
3175 4102 3325 4175 quod
3344 4103 3629 4176 accipitur,

2034 4209 2194 4264 quam
2223 4193 2369 4246 Deus
2390 4207 2419 4244 a
2442 4206 2549 4262 quo
2571 4188 2894 4246 beneﬁcium
2911 4199 3193 4263 acceptum
3214 4200 3477 4248 servatur.
3503 4195 3633 4249 Tres

2032 4282 2098 4336 in
2126 4280 2282 4336 duos.
2317 4279 2375 4334 Id
2397 4286 2504 4343 est,
2531 4278 2677 4333 ﬁlius
2707 4286 2759 4334 et
2786 4277 2897 4334 ﬁlia
2945 4288 2997 4335 et
3023 4296 3213 4346 nurus,
3253 4280 3308 4336 in
3339 4289 3548 4352 patrem
3576 4291 3631 4337 et

340 4347 544 4440 ξφουιίν
579 4363 700 4440 quis“
727 4351 963 4440 ξηθξηξῖξη
994 4356 1179 4440 θίτδῖθ
1211 4337 2011 4440 faCiE’nf’OCfmparitveladD
2038 4376 2282 4433 matrem,
2334 4376 2388 4422 et
2439 4337 2547 4423 duo
2595 4368 2650 4422 in
2698 4375 2827 4433 tres,
2877 4368 2932 4423 id
2974 4378 3075 4437 est,
3124 4337 3278 4440 pater
3324 4337 3379 4426 et
3428 4380 3604 4426 mater

341 4436 591 4504 litteram,
625 4434 670 4488 si
701 4433 767 4487 sit
796 4430 1010 4486 deditus
1037 4428 1181 4500 gula:
1210 4434 1263 4483 et
1292 4427 1558 4482 ebrietati.

416 4551 594 4605 Vens.
636 4549 722 4602 ιθ.
753 4576 822 4587 ~—
869 4548 1228 4615 Partemque.
1290 4540 1417 4597 Mali
1463 4558 1588 4597 cum
1627 4539 1938 4596 inﬁdelibus

344 4637 653 4710 punientur,
687 4634 783 4690 sed
811 4632 1144 4689 diﬁ‘erenter.
1172 4631 1252 4686 Illi
1273 4630 1418 4686 enim
1439 4630 1530 4702 qui
1552 4630 1790 4686 scienter
1808 4645 1937 4701 pec-

345 4733 489 4790 cant,
523 4723 744 4796 gravius
777 4722 1085 4793 punientur.
1108 4721 1286 4776 Minus
1310 4720 1572 4791 graviter,
1595 4718 1687 4791 qui
1708 4725 1938 4790 peccant

344 4830 411 4869 ex
440 4811 774 4887 ignorantia.
807 4812 875 4866 Et
902 4810 1042 4866 inter
1072 4810 1301 4879 injustos
1348 4816 1499 4864 tanto
1538 4807 1768 4879 quisque
1798 4806 1935 4862 tole-

343 4901 660 4968 rabiliorem
706 4899 930 4955 habebit
975 4898 1402 4963 damnationem,
1434 4903 1638 4969 quanto
1667 4896 1935 4951 minorem

343 4989 530 5045 habuit
556 4988 912 5061 iniquitatem.

411 5103 581 5159 Vens.
617 5104 703 5158 48.
727 5131 797 5144 -
824 5102 1048 5158 Paucis.
1075 5095 1359 5155 Mitissima
1390 5098 1633 5155 omnium
1660 5114 1821 5171 poena
1853 5105 1934 5154 est

339 5206 531 5249 eorum
558 5191 651 5263 qui
680 5199 877 5262 praeter
905 5188 1174 5261 originale
1204 5188 1412 5242 nullum
1443 5187 1668 5258 insuper
1698 5187 1933 5242 addide-

338 5286 465 5336 runt
493 5279 768 5335 delictum.
916 5271 924 5279 ’

410 5368 638 5439 (Anam)
667 5363 816 5422 Multi
845 5365 1217 5422 existimantes
1258 5381 1318 5420 se
1346 5364 1526 5419 minus
1554 5363 1929 5436 vapulaturos,

339 5457 388 5513 si
417 5453 684 5524 nesciant,
716 5463 846 5523 etc.,
875 5470 1048 5527 usque
1098 5454 1170 5509 ad
1216 5454 1314 5509 sed
1356 5461 1762 5525 contemptores
1784 5453 1931 5524 judi-

338 5554 553 5603 cantur.

2035 4457 2128 4511 ubi
2159 4456 2322 4521 etiam
2366 4471 2555 4513 socrus
2600 4456 2936 4529 intelligitur,
2982 4458 3037 4512 in
3080 4458 3250 4514 tilium
3287 4467 3343 4516 et
3386 4458 3549 4515 ﬁliam
3576 4469 3634 4515 et

2035 4562 2249 4601 nurum.

2105 4663 2275 4718 Vens.
2310 4663 2397 4718 54.
2422 4693 2491 4703 --
2510 4664 2738 4720 Dicebat
2765 4667 2977 4720 autem.
3011 4664 3145 4719 Cum
3173 4666 3447 4736 apostolos
3467 4666 3630 4722 etiam

2034 4750 2108 4806 de
2136 4766 2236 4806 suo
2266 4752 2440 4822 primo
2483 4751 2720 4807 adventu
2765 4751 3131 4819 informasset,
3182 4754 3466 4810 insinuans
3497 4756 3630 4827 quid

2034 4838 2090 4893 in
2122 4854 2188 4894 eo
2218 4839 2417 4894 factum
2454 4839 2541 4905 sit,
2576 4848 2629 4895 et
2659 4840 2729 4895 de
2775 4839 2975 4907 futuro,
3008 4841 3240 4914 qualiter
3272 4860 3394 4898 eum
3425 4860 3629 4917 exspe-

2034 4935 2178 4983 ctare
2219 4927 2486 4994 debeant,
2525 4928 2931 4997 admonuisset,
2980 4930 3143 4985 vertit
3193 4947 3505 4988 sermonem
3553 4935 3623 4988 ad

2033 5016 2235 5082 turbas,
2260 5015 2315 5069 in
2349 5015 2547 5087 quibus
2585 5016 2843 5073 Pharisaei
2882 5026 3053 5089 erant,
3084 5028 3144 5073 ut
3171 5020 3453 5077 Matthzeus
3474 5021 3624 5076 indi-

2029 5111 2114 5159 cat
2142 5121 2157 5157 :
2188 5102 2326 5172 Quia
2354 5120 2457 5160 nec
2486 5104 2718 5176 primum
2747 5105 3039 5163 adventum
3071 5107 3272 5164 factum
3306 5110 3623 5178 credentes,

2029 5207 2131 5247 nec
2157 5192 2455 5247 secundum
2504 5201 2656 5251 recte
2703 5203 3105 5266 exspectantes,
3139 5197 3354 5269 signum
3377 5199 3445 5255 de
3470 5199 3619 5256 caelo

2033 5280 2347 5352 quaerebant
2373 5289 2659 5338 tentantes.
2702 5284 2815 5338 Hos
2863 5299 2996 5356 ergo
3043 5286 3239 5359 arguit,
3274 5287 3401 5359 quia
3430 5287 3477 5343 si
3504 5287 3629 5345 vel-

2030 5377 2139 5425 tent
2159 5370 2452 5437 attendere,
2485 5379 2711 5443 possent
2737 5388 2803 5428 ex
2843 5373 3026 5429 verbis
3073 5376 3461 5445 prophetarum
3494 5393 3625 5433 cer-

2028 5458 2141 5513 lum
2171 5458 2450 5532 utriusque
2493 5461 2759 5517 adventus
2801 5462 3007 5518 habere
3052 5462 3334 5520 iudicium.
3373 5466 3512 5523 Cum
3540 5468 3632 5523 υἰ-

2029 5546 2249 5604 deritis.
2280 5548 2525 5621 Mystice.
2574 5550 2761 5608 Nubes
2806 5551 2874 5607 ab
2913 5566 3115 5609 occasu
3162 5552 3368 5622 oriens,
3401 5569 3633 5612 carnem
