3932 6178
168 299 256 351 301

1122 284 1393 342 GLOSSA
1432 281 1842 342 0RDINARIA.
1882 311 1951 322 —
1989 279 2231 338 EVANG
2291 281 2443 340 LUC.

3351 288 3457 347 302

161 415 349 475 Christi
376 429 410 470 a
438 421 618 470 morte
647 418 1027 484 resurgentem
1056 408 1349 482 signiﬁcat,
1374 426 1440 464 ex
1471 424 1579 480 quo
1609 415 1746 462 tem—
1775 405 1830 467 Α
1850 406 2068 461 Iudaeos
2095 404 2405 476 incipiendo
2414 420 2468 469 ,a
2497 404 2727 462 Gaﬁlzea
2756 404 2898 463 adeo
2927 406 3370 477 devastaverunt,
3393 418 3453 467 ut

162 522 287 577 pore
315 502 493 558 imber
512 500 861 574 Evangelicaa
884 497 1287 570 praedicationis
1318 496 1571 552 omnibus
1593 494 1754 549 terris

162 602 238 649 est
265 591 497 647 infusus.
531 593 732 645 Auster
761 589 901 643 ﬂans
931 595 1056 643 ante
1085 594 1298 653 mstum,
1333 585 1567 641 leviores
1589 584 1759 638 tribu-

161 681 383 737 lationes
412 687 540 735 ante
563 678 829 747 judicium
858 675 1149 749 signiﬁcat.

224 770 452 826 Nimbus
484 770 657 823 venit.
690 767 775 821 Ad
796 766 1033 821 litteram
1053 764 1374 820 manifestus
1405 769 1487 818 est
1518 777 1711 817 sensus
1738 775 1751 815 :

158 857 253 926 Qui
282 873 349 911 ex
377 856 776 911 elementorum
820 853 1197 907 immutatione
1246 866 1509 907 aurarum
1553 857 1755 903 statum

157 952 378 1017 possunt
412 958 780 1016 praenoscere,
830 949 1055 1012 possent
1103 941 1269 995 etiam
1301 948 1514 1009 tempus
1544 937 1753 992 utrius-

159 1050 256 1105 que
282 1033 555 1087 adventus
586 1031 749 1097 scire,
782 1039 899 1084 tum
930 1046 996 1084 ex
1016 1028 1174 1085 dictis
1204 1029 1616 1099 prophetarum,
1642 1033 1755 1079 tum

160 1138 220 1176 ex
246 1119 659 1193 magniﬁcentia
688 1135 939 1189 operum.

224 1212 394 1264 Vnus.
431 1212 519 1263 56.
542 1239 610 1248 —
650 1209 980 1279 Hypocritce,
1022 1214 1125 1261 etc.
1178 1206 1246 1259 Et
1288 1221 1357 1260 ne
1394 1202 1562 1276 aliqui
1590 1202 1756 1256 rudes

158 1300 207 1352 in
231 1297 395 1352 turba
425 1296 495 1351 de
524 1295 797 1366 imperitia
828 1311 928 1349 sua
958 1295 1063 1349 sibi
1107 1293 1451 1348 blandientes
1495 1309 1553 1346 se
1584 1307 1754 1345 excu—

158 1394 353 1450 sarent,
379 1384 629 1440 dicentes
650 1401 710 1438 se
729 1383 911 1455 legem
931 1391 983 1438 et
1001 1384 1298 1453 prOphetas
1317 1382 1596 1454 ignorare,
1622 1396 1756 1449 sup-

157 1475 297 1546 ponit
326 1490 430 1528 eos
460 1489 561 1543 per
588 1471 896 1526 naturalem
928 1472 1196 1526 rationem
1226 1487 1389 1542 posse
1418 1469 1752 1534 discernere,

159 1562 235 1617 vel
264 1579 393 1616 eum
428 1560 523 1633 qui
543 1576 715 1631 opera
742 1559 871 1616 facit
893 1577 1015 1631 quae
1044 1559 1226 1613 nullus
1255 1558 1395 1613 alius
1420 1557 1757 1622 fecerat,su-

158 1666 249 1721 pra
265 1648 553 1704 hominem
573 1656 627 1702 et
648 1649 824 1702 Deum
846 1664 1000 1702 esse:
1026 1647 1110 1702 vel
1134 1655 1255 1717 post
1276 1653 1354 1701 tot
1375 1644 1560 1701 smculi
1590 1645 1758 1714 injus-

157 1738 311 1804 titias,
336 1738 559 1807 justum
586 1736 865 1792 Creatoris
889 1735 1155 1805 judicium
1185 1751 1307 1789 esse
1339 1741 1648 1790 venturum.

220 1828 391 1881 Vens.
430 1829 519 1881 58.
553 1856 623 1865 —
656 1826 793 1879 Cum
822 1818 1014 1879 autem
1044 1814 1220 1879 vadis;
1256 1822 1393 1877 Cum
1433 1821 1486 1876 in
1516 1822 1621 1877 hac
1652 1820 1763 1875 vita

161 1931 439 1987 praeparas
469 1922 523 1969 te
554 1913 626 1968 ad
668 1912 942 1984 placatam
986 1912 1183 1968 faciem
1207 1911 1408 1981 judicis
1446 1909 1757 1978 videndam,

165 2003 409 2076 quamvis
441 2017 628 2057 sermo
658 2002 759 2056 Dei
788 2002 855 2055 sit
885 2000 1195 2056 contrarius
1237 2007 1344 2055 tuae
1374 1998 1547 2065 carni,
1580 2007 1763 2053 tamen

164 2108 223 2147 eo
251 2100 410 2147 utere
444 2091 586 2146 sicut
614 2089 863 2146 custodia
900 2090 1029 2144 data
1071 2088 1168 2143 tibi
1212 2088 1267 2142 in
1310 2089 1416 2144 hoc
1448 2088 1660 2156 itinere,
1694 2102 1765 2141 ne

162 2188 503 2252 contemptus
532 2186 588 2234 te
635 2186 875 2235 accuset.
922 2179 1059 2234 Cum
1103 2178 1446 2233 adversario.
1480 2176 1762 2231 Adversa-

162 2270 263 2324 rius
290 2277 488 2324 noster
519 2267 575 2321 in
607 2267 696 2321 via
727 2275 809 2321 est
841 2282 1024 2322 sermo
1069 2266 1189 2333 Dei,
1224 2265 1533 2321 contrarius
1562 2263 1766 2320 nostris

165 2358 478 2413 carnalibus
509 2355 799 2411 desideriis
847 2356 901 2409 in
949 2354 1204 2426 praesenti
1242 2353 1372 2422 vita,
1406 2368 1440 2409 a
1483 2369 1591 2426 quo
1621 2352 1765 2407 libe—

170 2454 311 2501 ratur
338 2444 441 2519 qui
470 2443 761 2516 praeceptis
782 2444 898 2513 ejus
917 2443 1197 2498 humiliter
1215 2442 1465 2497 subditur
1488 2458 1501 2497 :
1525 2440 1768 2513 alioquin

166 2550 225 2589 ex
266 2532 550 2589 sermonis
598 2540 911 2602 contemptu
956 2548 1118 2596 reus,
1170 2532 1226 2585 in
1272 2530 1521 2585 examine
1566 2528 1767 2599 judicis

164 2623 435 2678 tenebitur
490 2628 771 2691 peccator,
832 2635 996 2692 quem
1044 2619 1214 2688 judex
1272 2617 1533 2687 exactori,
1585 2617 1640 2671 id
1685 2624 1772 2672 est

166 2710 400 2776 diabolo,
439 2708 653 2775 tradet;
687 2708 815 2779 quia
842 2707 1119 2778 permittet
1163 2715 1221 2761 ut
1250 2706 1501 2761 diabolus
1531 2704 1770 2760 animam

165 2800 271 2868 ejus
299 2798 372 2854 ad
404 2812 631 2869 poenam
660 2797 861 2861 trahat,
913 2804 968 2851 et
1011 2795 1131 2866 ipse
1162 2803 1387 2851 exactor
1427 2794 1519 2866 qui
1550 2808 1770 2865 poenam

169 2888 320 2960 exigit
348 2903 461 2959 pro
489 2893 649 2941 reatu
697 2900 860 2957 quem
907 2884 1202 2957 suggessit,
1258 2899 1382 2939 eam
1431 2883 1678 2938 retrudet
1714 2881 1773 2937 in

177 2976 503 3049 gehennam.

240 3067 317 3119 Da
343 3079 602 3137 cperam,
637 3069 743 3117 etc.
775 3062 904 3117 Haec
935 3061 1099 3115 etiam
1146 3060 1216 3115 ad
1246 3058 1540 3115 calcandas
1584 3056 1771 3113 mundi

1855 508 1965 549 non
1994 492 2171 550 solum
2201 492 2339 549 atria
2370 494 2578 566 templi,
2613 494 2710 550 sed
2742 494 2905 550 etiam
2941 494 3205 551 interiora
3233 497 3449 565 domus,

1855 597 1963 653 quo
1984 580 2338 637 Galilaeorum
2359 596 2616 638 accessus
2636 599 2745 638 non
2765 591 2903 650 erat,
2926 584 3167 641 humano
3187 585 3456 659 sanguine

1853 665 2209 725 foedarentur.

1925 784 2094 838 Vsus.
2129 785 2181 839 4.
2216 814 2286 825 -—
2319 785 2477 841 Sicut
2515 786 2607 841 illi
2651 785 2859 842 decem.
2895 787 2990 843 Isti
3018 788 3455 861 Hierosolymitas

1855 871 1994 928 sicut
2023 878 2075 926 et
2106 872 2318 928 Galilaei
2348 889 2459 928 non
2497 873 2597 928 soli
2644 882 2964 945 peccatores
2992 875 3230 944 fuerunt,
3273 877 3370 934 sed
3399 878 3458 934 in

1853 967 2125 1014 terrorem
2169 961 2509 1032 reliquorum
2551 962 2722 1033 puniti
2772 971 2934 1031 sunt;
2969 964 3062 1035 qui
3098 965 3257 1021 ruina
3285 967 3455 1023 turris

1854 1047 2032 1119 pressi
2062 1047 2372 1120 signiﬁcant
2419 1049 2639 1104 Judaeos
2680 1051 2772 1121 qui
2812 1052 3078 1121 pcnnitcre
3121 1053 3413 1109 noluerunt
3437 1096 3453 1123 ,

1855 1152 1980 1191 cum
2011 1135 2125 1190 suis
2154 1136 2420 1191 maenibus
2438 1153 2559 1191 esse
2582 1138 2875 1207 perituros.
2898 1140 3013 1195 Nec
3034 1140 3238 1196 frustra
3256 1142 3453 1199 decem

1857 1231 1909 1279 et
1938 1231 2083 1289 octo,
2118 1224 2211 1295 qui
2259 1241 2519 1278 numerus
2569 1226 2715 1295 apud
2764 1227 2988 1282 Graecos
3033 1245 3099 1283 ex
3137 1228 3247 1284 iota
3285 1237 3339 1284 et
3375 1228 3455 1286 ita

1857 1310 2198 1383 exprimitur,
2232 1313 2337 1368 hoc
2366 1319 2448 1366 est
2479 1330 2543 1366 ex
2566 1312 2773 1368 eisdem
2802 1314 2995 1369 litteris
3025 1316 3223 1387 quibus
3252 1333 3457 1374 nomen

1855 1400 2015 1454 Jesus
2043 1399 2251 1471 incipit.
2287 1399 2570 1473 Signiﬁcat
2600 1410 2783 1456 autem
2810 1403 3029 1458 Iudaeos
3059 1403 3184 1460 hinc
3214 1404 3457 1462 maxime

1858 1488 2151 1558 perituros,
2184 1488 2276 1560 qui
2305 1505 2504 1544 nomen
2550 1490 2851 1545 Salvatoris
2881 1491 3127 1562 recipere
3158 1492 3457 1552 noluerint.

1859 1575 1957 1629 Illa
1986 1575 2153 1630 turris
2184 1576 2457 1650 signiﬁcat
2484 1577 2636 1631 illum
2667 1578 2758 1649 qui
2789 1587 2871 1634 est
2901 1580 3066 1634 turris
3096 1579 3455 1651 fortitudinis,

1862 1681 1984 1735 quae
2011 1664 2207 1718 merito
2236 1664 2291 1718 in
2324 1664 2491 1731 Siloa,
2525 1665 2652 1737 quia
2682 1665 2848 1733 Siloa,
2883 1668 3029 1739 quod
3067 1667 3463 1742 interpretatur

1788 1758 1842 1817 B
1864 1754 2092 1818 missus,
2126 1751 2397 1826 signiﬁcat
2425 1769 2551 1807 eum
2582 1753 2674 1826 qui
2711 1754 2911 1809 missus
2954 1771 2988 1810 a
3025 1756 3186 1812 Patre
3230 1758 3376 1813 venit
3404 1757 3462 1816 in

1861 1840 2146 1907 mundum,
2185 1840 2278 1912 qui
2306 1856 2498 1896 omnes
2528 1858 2696 1912 super
2726 1860 2863 1914 quos
2892 1832 3152 1900 ceciderit
3190 1854 3458 1904 conteret.

1932 1955 2107 2010 Vsus.
2141 1959 2194 2010 6.
2213 1985 2284 1996 ——
2304 1957 2568 2023 Arborem
2587 1957 2701 2026 ﬁci.
2728 1958 2788 2011 In
2807 1957 3020 2031 origine
3041 1959 3264 2015 humani
3293 1978 3465 2035 gene-

1863 2042 1940 2097 ris
1969 2042 2145 2097 Adam
2175 2051 2227 2098 et
2255 2044 2375 2099 Eva
2417 2060 2542 2101 cum
2579 2054 2901 2116 peccassent
2943 2048 3011 2102 de
3042 2047 3186 2103 foliis
3215 2048 3465 2110 ﬁculneae

1865 2131 2228 2188 succinctoria
2271 2132 2374 2186 sibi
2421 2132 2685 2188 fecerunt.
2738 2134 2843 2189 Per
2872 2134 3003 2190 folia
3041 2152 3176 2210 ergo
3217 2137 3465 2197 ﬁculneae

1863 2219 2240 2293 intelliguntur
2268 2228 2513 2291 peccata.
2554 2222 2730 2276 Erant
2757 2230 2941 2278 autem
2972 2224 3074 2279 sub
3106 2226 3307 2283 arbore
3337 2226 3466 2298 ﬁci,

1866 2315 2127 2379 tanquam
2157 2309 2259 2363 sub
2290 2309 2485 2363 umbra
2513 2310 2726 2377 mortis,
2760 2310 2829 2366 de
2860 2311 3057 2384 quibus
3096 2312 3303 2371 dictum
3334 2324 3418 2372 est
3451 2359 3466 2375 .

1868 2397 1979 2555 (eui
1998 2396 2264 2555 sedfbant
2282 2397 2383 2453 sub
2408 2398 2604 2453 umbra
2626 2402 2825 2455 mortis
2849 2401 3042 2457 lumen
3063 2406 3254 2458 ortum
3274 2409 3360 2461 est
3380 2408 3463 2465 eis

1918 2502 2000 2540 sa.
2037 2500 2090 2538 x1
2121 2527 2134 2540 .

1918 2502 2000 2540 δα.
2037 2500 2134 2540 χι).

1940 2600 2108 2655 Vnus.
2149 2603 2202 2655 7.
2234 2631 2304 2640 —
2327 2602 2589 2668 Querens
2611 2604 2889 2673 fructum.
2930 2606 3098 2661 Vinea
3123 2607 3351 2662 Domini
3378 2622 3471 2667 sa-

1869 2689 2027 2755 baoh,
2052 2688 2248 2745 domus
2269 2690 2444 2746 Israel
2466 2695 2571 2756 est,
2603 2690 2659 2744 in
2680 2706 2790 2763 qua
2833 2691 2998 2747 domo
3020 2693 3323 2767 Synagoga
3340 2710 3475 2752 con-

1868 2775 1982 2832 dita
2010 2784 2094 2831 est
2122 2776 2262 2834 sicut
2290 2777 2427 2834 ﬁcus
2457 2778 2511 2833 in
2556 2778 2736 2835 vinea.
2787 2780 2896 2841 Sed
2935 2780 3029 2853 qui
3065 2780 3121 2836 in
3157 2782 3319 2839 vinea
3348 2798 3475 2855 pec-

1870 2872 2087 2921 cantem
2117 2881 2151 2920 a
2180 2865 2483 2922 viatoribus
2520 2867 2770 2937 permisit
2806 2868 2988 2939 diripi,
3033 2870 3178 2927 hanc
3214 2870 3379 2927 etiam
3408 2872 3473 2927 ﬁ-

1871 2969 1997 3009 cum
2020 2952 2184 3022 jussit
2214 2954 2410 3010 excidi.
2462 2956 2521 3009 In
2570 2970 2679 3027 qua
2725 2956 2919 3027 quaerit
2950 2956 3206 3027 fructum,
3239 2976 3351 3015 non
3378 2959 3473 3033 qui

1870 3040 2072 3096 adesse
2100 3041 2463 3109 nesciret,sed
2482 3042 2718 3098 ostendit
2744 3043 2803 3099 in
2831 3042 3031 3117 ﬁgura,
3056 3045 3185 3118 quia
3214 3046 3270 3101 in
3300 3047 3478 3119 Syna-

172 3112 467 3208 ίιιᾶιέιξιίὲιξ
488 3112 664 3205 Eia
675 3112 1781 3219 ξῌάἷξιέεέιῦἑὲιῖυιῖι”ρὲιέεέιοιαηάυωρετ-
1808 3112 1857 3174 C
1881 3144 2031 3202 acea
2053 3130 2172 3219 iam
2199 3129 2436 3219 fructum
2478 3130 2684 3187 habere
2733 3112 2979 3189 debeiet.
3020 3112 3150 3192 ’N'eo
3182 3143 3309 3192 ante
3342 3112 3484 3192 lem.

173 3240 346 3295 tinent.
382 3238 561 3308 Quasi
599 3238 746 3294 dicat
779 3254 792 3292 :
825 3235 1284 3309 Quandoquidem
1338 3241 1550 3291 constat
1595 3233 1778 3289 distri-

172 3336 309 3384 ctum
330 3327 582 3398 judicem
613 3343 736 3382 esse
766 3333 1075 3393 venturum,
1109 3341 1243 3397 ergo
1272 3324 1362 3381 hic
1389 3324 1467 3379 ita
1494 3323 1675 3392 vivite,
1708 3339 1777 3379 ne

174 3417 225 3471 in
251 3416 340 3472 illo
362 3415 582 3486 judicio
611 3413 964 3470 damnemini.

238 3506 406 3560 Vsus.
443 3508 533 3559 59.
567 3534 639 3544 —
670 3502 906 3559 Reddas.
956 3501 1152 3559 Reddit
1202 3516 1421 3571 semper
1450 3515 1642 3571 poenas
1672 3514 1775 3569 pro
1848 3546 1855 3551 .

176 3594 407 3663 peccatis
456 3592 721 3665 patiendo
745 3633 758 3660 ,
810 3591 910 3647 sed
972 3605 1253 3662 nunquam
1301 3589 1519 3645 veniam
1572 3604 1773 3645 conse-

179 3682 405 3752 quendo.

766 3794 992 3851 CAPUT
1019 3793 1169 3848 XIII.

243 3967 409 4024 Vens.
445 3969 497 4022 1.
531 3996 602 4007 -
634 3964 887 4021 Aderant
915 3968 1128 4019 autem.
1162 3962 1304 4017 Dum
1333 3961 1598 4034 magister
1630 3960 1772 4016 veri-

179 4055 293 4111 tatis
312 4062 619 4127 prasentes
639 4053 932 4108 instrueret
952 4051 1187 4123 qualiter
1202 4066 1261 4105 se
1277 4064 1593 4121 praeparare
1612 4049 1774 4105 debe-

182 4153 292 4197 rent
318 4145 391 4199 ad
420 4144 722 4199 adventum
736 4140 957 4209 judicis,
982 4147 1035 4195 et
1056 4139 1292 4210 qualiter
1313 4138 1408 4210 qui
1429 4154 1489 4193 se
1508 4154 1618 4193 non
1639 4154 1774 4209 prae-

182 4240 367 4303 parant
413 4239 541 4286 sunt
589 4228 907 4292 damnandi,
958 4227 1238 4283 nuntiatur
1285 4226 1337 4283 ei
1377 4226 1447 4281 de
1490 4224 1732 4282 Galilaeis
1753 4266 1768 4293 ,

182 4321 318 4390 quod
347 4320 507 4391 quasi
532 4320 679 4388 juste
718 4317 844 4372 ideo
878 4316 1172 4387 petierunt,
1217 4314 1365 4387 quod
1406 4330 1516 4369 non
1544 4314 1684 4369 bene
1713 4330 1771 4370 se

1876 3233 1979 3287 pus
2007 3217 2201 3289 quaerit
2230 3217 2322 3290 qui
2351 3235 2451 3289 per
2480 3219 2773 3275 triennium
2802 3221 2966 3277 venit.
2999 3220 3105 3290 Qui
3124 3239 3225 3294 per
3254 3224 3484 3296 Moysen

1878 3303 2233 3378 Synagogam
2289 3305 2536 3373 instituit,
2598 3306 2714 3379 ipse
2771 3308 2828 3363 in
2884 3324 3051 3366 carne
3105 3326 3381 3383 apparens
3423 3312 3484 3369 in

1879 3392 2176 3466 Synagoga
2216 3394 2448 3461 crebris,
2504 3396 2665 3451 docet
2683 3396 2919 3454 fructum
2958 3397 3085 3454 ﬁdei
3128 3400 3340 3471 quaerit,
3388 3399 3489 3457 sed

1876 3481 1933 3535 in
1961 3481 2252 3537 Pharisaeis
2288 3499 2398 3538 non
2428 3483 2652 3554 reperit.

1946 3571 2111 3625 Dixit
2148 3575 2342 3627 autem
2380 3571 2452 3627 ad
2508 3572 2786 3628 cultorem
2834 3576 3031 3630 vinem.
3066 3573 3256 3632 Cultor
3282 3575 3481 3646 vinea,

1874 3656 2129 3712 doctores
2168 3665 2292 3712 sunt
2336 3666 2389 3712 et
2430 3659 2663 3730 apostoli
2710 3675 2944 3730 quorum
2985 3662 3243 3732 precibus
3272 3672 3325 3719 et
3354 3680 3482 3720 mo-

1875 3743 1999 3799 nitis
2038 3744 2260 3800 assidua
2307 3745 2407 3800 Dei
2459 3762 2594 3802 cura
2649 3747 2987 3819 suggeritur,
3037 3748 3236 3821 quibus
3282 3751 3481 3808 Domi-

1886 3847 1990 3886 nus
2020 3848 2166 3903 saepe
2196 3832 2264 3888 de
2304 3832 2642 3889 infructuosa
2657 3835 3147 3907 genteJudaeorum
3184 3838 3478 3911 conqueri—

1884 3927 1974 3975 tur
2005 3921 2151 3992 quod
2178 3936 2279 3992 per
2316 3929 2429 3977 tres
2460 3937 2634 3977 annos
2677 3938 2791 3978 suae
2822 3921 3167 3993 visitationis,
3199 3924 3256 3981 id
3287 3934 3388 3994 est,
3419 3927 3481 3985 in

1889 4007 2162 4082 legalibus
2184 4009 2395 4077 edictis,
2422 4010 2757 4082 propheticis
2786 4012 3486 4083 contestationibus,Evan-

1875 4096 2004 4169 gelii
2034 4097 2236 4170 gratia,
2271 4098 2561 4171 negligens
2592 4099 2877 4156 exstiterit.
3442 4100 3449 4106 ’

1946 4204 2010 4261 Ut
2040 4204 2173 4276 quid
2192 4206 2368 4260 etiam
2383 4209 2617 4272 terram,
2639 4213 2744 4262 etc.
2764 4207 2948 4262 Potest
2964 4223 3063 4279 per
3076 4215 3281 4264 terram
3302 4209 3482 4270 sterili

1864 4289 1970 4346 ﬁcu
2017 4300 2343 4362 occupatam
2387 4292 2617 4349 Judaica
2663 4293 2821 4365 plebs
2866 4293 3107 4368 signari,
3160 4313 3283 4368 quae
3310 4297 3477 4354 noxia

184 4378 629 4478 praeparaverunt
662 4422 674 4460 :
710 4413 761 4459 et
783 4378 1079 4475 respondet
1098 4378 1381 4471 Dominus,
1408 4410 1460 4457 et
1488 4402 1611 4458 illos
1641 4417 1765 4459 vere

1876 4378 2292 4449 prmpositorum
2343 4382 2541 4436 umbra
2582 4381 2867 4452 premitur,
2897 4398 2968 4437 ne
3007 4382 3194 4438 lumen
3236 4384 3484 4443 veritatis

369 4503 695 4567 peccatores
725 4501 779 4548 et
802 4461 947 4562 juste
975 4491 1227 4564 periisse,
1277 4498 1331 4546 et
1359 4461 1608 4546 similiter
1637 4461 1847 4545 aliosD
1875 4466 2057 4567 Viflea}
2099 4474 2152 4522 et
2191 4468 2456 4567 ?xemP1i5
2496 4469 3042 4567 θίῖτυηξηίῐξλξθάίίυτν
3071 4470 3313 4567 ΡθξοῙθ
3342 4472 3481 4567 ἀμίδ’

185 4592 496 4652 peccatores
545 4582 840 4653 perituros,
888 4580 934 4635 si
972 4596 1032 4636 se
1078 4588 1397 4652 peccatores
1439 4596 1549 4634 non
1596 4586 1776 4634 atten-

183 4669 328 4726 dunt.
389 4672 755 4727 Nuntiantes.
816 4668 987 4738 Quasi
1040 4666 1224 4725 dicant
1273 4684 1285 4723 :
1346 4670 1588 4738 Apparet
1642 4667 1775 4723 istos

186 4758 346 4814 fuisse
395 4768 718 4831 peccatores
766 4766 817 4813 et
864 4758 1206 4813 damnandos
1254 4755 1309 4811 in
1355 4764 1639 4825 aeternum,
1682 4755 1777 4828 qui

184 4854 289 4917 tam
318 4847 589 4903 scelerata
619 4854 795 4902 morte
824 4846 895 4902 ab
924 4844 1092 4917 impio
1119 4844 1351 4917 praeside
1379 4843 1523 4899 inter
1558 4860 1657 4898 sua
1686 4857 1773 4897 sa-

186 4934 387 4992 criﬁcia
419 4936 586 4992 occisi
618 4944 762 4990 sunt.
794 4937 871 4991 De
902 4936 1169 4991 Galilwis.
1194 4932 1409 4989 Galilzei
1436 4932 1632 5004 impias
1653 4947 1773 4989 sce-

185 5020 351 5079 lerata
381 5032 557 5079 morte
588 5024 860 5079 scelerum
905 5038 1130 5079 suorum
1156 5036 1348 5093 pmnas
1378 5021 1612 5088 solvunt,
1646 5020 1773 5093 qui-

188 5110 282 5166 bus
328 5122 513 5167 tamen
550 5128 663 5167 non
703 5110 825 5183 ipsa
869 5126 1020 5166 mors
1057 5108 1249 5176 obfuit,
1293 5118 1352 5165 ut
1387 5108 1444 5164 in
1475 5109 1772 5166 secundam

187 5208 417 5256 mortem
442 5200 805 5266 mitterentur,
848 5199 945 5254 sed
980 5197 1232 5271 improba
1269 5196 1399 5253 vita.
1442 5196 1618 5252 Puniti
1647 5204 1773 5252 sunt

188 5298 362 5345 autem
393 5288 466 5345 ad
494 5287 895 5345 correctionem
924 5286 1238 5353 viventium,
1272 5294 1331 5340 ut
1359 5285 1638 5359 flagellato
1668 5302 1771 5358 pe-

188 5377 394 5433 stilente
427 5377 620 5432 stultus
650 5375 950 5447 sapientior
978 5373 1089 5440 ﬁat,
1121 5375 1208 5431 vel
1238 5373 1308 5428 ad
1340 5374 1620 5445 exemplar
1648 5390 1771 5431 cor-

190 5466 285 5538 rigi
313 5466 636 5531 nolentium,
667 5464 905 5536 ideoque
933 5463 1170 5534 pessime
1200 5461 1589 5535 periturorum.

252 5554 425 5609 Vsus.
458 5559 507 5609 3.
538 5585 608 5594 —
641 5555 866 5618 Omnes,
916 5560 1020 5608 etc.
1071 5552 1186 5607 Hoc
1214 5550 1496 5623 impletum
1537 5557 1619 5605 est
1648 5557 1770 5623 post

188 5643 492 5712 passionem
534 5642 756 5699 Domini
811 5640 1029 5713 quando
1087 5620 1318 5697 Romani
1370 5620 1771 5711 impmnitentes

1874 4553 2067 4610 ctionis
2123 4555 2395 4621 calescat;
2457 4557 2601 4611 unde
2656 4558 2874 4626 (Matth.
2924 4556 3119 4628 XXIII):
3170 4559 3254 4615 γω
3308 4561 3479 4630 vobis,

1874 4643 2077 4699 Scriba:
2105 4648 2160 4700 et
2189 4645 2484 4711 Pharisaei,
2509 4652 2613 4700 etc.
2636 4645 2862 4699 Terram
2883 4653 3136 4715 occupat,
3169 4646 3264 4718 qui
3292 4647 3479 4706 locum

1874 4747 2037 4802 quem
2067 4739 2213 4786 tenet
2244 4732 2402 4788 bonis
2422 4731 2682 4803 operibus
2705 4747 2814 4787 non
2834 4739 3073 4800 exercet,
3098 4733 3191 4806 qui
3223 4736 3478 4809 exemplo

1873 4818 2157 4889 pravitatis
2168 4818 2617 4891 impedimentum
2629 4827 2852 4890 praestat
2880 4821 3115 4878 caeteris.

1942 4934 2114 4989 Vsus.
2149 4938 2200 4989 8.
2224 4965 2292 4974 —
2326 4933 2636 5007 Usquedum
2662 4934 2897 5005 fodiam,
2947 4941 3054 4993 etc.
3103 4937 3293 4995 Donec
3321 4937 3478 4995 radi-

1872 5036 1993 5078 cem
2050 5020 2399 5077 infructuosa:
2442 5022 2640 5077 mentis
2686 5022 2967 5091 humilem,
3026 5031 3081 5079 et
3124 5028 3482 5097 praesentium

1870 5125 2274 5180 pressurarum,
2308 5117 2361 5164 et
2405 5117 2624 5165 aeternae
2643 5110 3007 5167 damnationis
3036 5112 3350 5172 incutiendo
3369 5132 3484 5173 me-

1868 5206 2004 5253 tum.
2038 5197 2207 5254 Fossa
2255 5197 2455 5270 quippe
2500 5196 2558 5252 in
2587 5197 2698 5254 imo
2736 5206 2838 5266 est,
2872 5207 2926 5255 et
2972 5199 3296 5274 increpatio,
3347 5205 3479 5262 dum

1868 5293 2107 5339 mentem
2136 5284 2240 5340 sibi
2270 5285 2630 5354 demonstrat,
2669 5286 2940 5343 humiliat.
2972 5289 3135 5345 Novit
3163 5292 3483 5360 cultorter.

1870 5388 1991 5428 ram
2018 5373 2292 5442 excolore,
2328 5374 2421 5447 qui
2468 5375 2618 5430 novit
2666 5374 2795 5431 vitia
2842 5377 3272 5447 reprehendere.
3323 5380 3485 5436 Intel-

1869 5457 2000 5516 lexit
2028 5461 2286 5517 duritiam
2316 5472 2370 5518 et
2399 5463 2716 5534 superbiam
2742 5463 3057 5521 Iudaeorum
3085 5482 3311 5523 causam
3353 5483 3477 5523 esse

1877 5550 2196 5606 sterilitatis.
2236 5550 2531 5607 Pollicetur
2558 5551 2743 5625 itaque
2784 5552 2924 5609 dura
2961 5553 3132 5609 corda
3160 5554 3476 5626 apostolicis

1873 5637 2149 5711 ligonibus
2180 5654 2303 5696 esse
2341 5639 2623 5709 fodienda,
2657 5647 2712 5696 et
2750 5639 3124 5713 superbientia
3151 5641 3222 5698 ad
3249 5641 3476 5698 humili-
