3932 6178
462 256 566 311 303
959 249 1366 309 WALAFRIDI
1405 249 1649 307 STRABI
1686 249 1885 306 FULD.
1924 247 2100 306 MON.
2143 246 2297 305 OPP.
2338 248 2515 306 PARS
2554 249 2596 304 I.
2639 278 2708 290 —
2744 246 3220 305 THEOLOGICA.
3624 255 3708 308 304

466 385 637 434 tatem
666 375 997 434 revocanda.
1030 378 1251 433 Mittam
1269 380 1539 433 stercora.
1572 373 1633 430 Id
1661 381 1763 443 est,
1794 373 2067 431 malorum
2085 374 2141 436 Α
2169 389 2417 445 praesepe
2446 373 2651 431 domini
2681 373 2784 441 sui,
2806 373 3094 430 Iudaicum
3124 381 3179 430 et
3206 373 3472 430 Gentilem
3496 376 3715 447 populum

469 482 593 539 quae
633 465 761 523 fecit
807 465 1268 523 abominationem
1315 463 1384 521 ad
1415 463 1655 519 animum
1700 463 1983 531 reducam,
2014 471 2071 520 et
2171 461 2501 535 signiﬁcant,
2534 462 2628 536 qui
2675 470 2906 535 uterque
2952 462 3165 534 peccati
3193 462 3423 519 vinculis
3458 463 3713 532 absolutus,

465 554 901 627 compunctionis
939 553 1176 627 gratiam
1222 568 1349 610 cum
1394 552 1661 609 fructibus
1707 551 1839 608 boni
1885 552 2069 624 cperis
2170 550 2318 606 sitim
2345 560 2649 624 aestumque
2677 553 2838 622 hujus
2865 551 3054 607 mundi
3084 569 3185 624 per
3211 553 3467 607 haustum
3492 552 3717 611 Dominici

469 642 628 715 quasi
656 643 727 699 de
768 642 1101 715 pinguedine
1149 639 1408 698 stercoris
1456 641 1803 698 exsuscitem.
1838 641 2075 697 Peccata
2170 638 2334 695 fontis
2362 640 2632 712 deposuit.
2669 643 2730 696 In
2757 640 2842 696 his
2863 657 2998 714 ergo
3017 640 3231 696 duobus
3251 640 3566 696 animalibus
3591 657 3717 699 voca-

2170 728 2375 784 tionem
2416 730 2651 785 duorum
2690 730 3043 802 populorum,
3093 730 3509 787 adversantibus
3533 730 3716 799 Judzeis,

2168 818 2497 889 prmnuntiat
2526 819 2811 875 Dominus.

2238 907 2409 963 Vens.
2451 911 2536 962 16.
2556 936 2626 949 --
2642 910 2796 965 Hanc
2818 913 3032 974 autem,
3056 916 3162 964 etc.
3188 908 3323 963 Filia
3352 908 3594 975 Abrahae,
3609 925 3720 981 quae-

2168 1011 2274 1068 que
2304 995 2480 1050 ﬁdelis
2509 996 2692 1051 anima
2720 996 2833 1051 ﬁlia
2860 997 3117 1062 Abrahae,
3149 996 3399 1053 Ecclesia
3436 996 3503 1051 de
3530 1006 3720 1069 utroque

2165 1083 2371 1155 pOpulo
2399 1084 2471 1139 ad
2499 1084 2665 1140 ﬁdem
2693 1084 2944 1152 collecta,
2978 1102 3101 1157 qua:
3130 1092 3377 1156 tempore
3406 1084 3541 1156 legis
3567 1092 3612 1140 et
3634 1086 3719 1141 Do-

2165 1172 2381 1230 minicae
2400 1172 2821 1230 resurrectionis
2840 1173 3087 1245 impleto,
3112 1190 3213 1245 per
3232 1172 3596 1245 septiformem
3613 1189 3719 1245 gra-

2166 1261 2299 1316 tiam
2328 1261 2564 1333 Spiritus
2595 1263 2770 1318 sancti
2798 1261 3019 1319 vincula
3060 1261 3244 1336 longae
3273 1261 3592 1334 captivitatis
3616 1278 3720 1317 eru-

2164 1349 2244 1422 pit
2276 1366 2290 1406 :
2324 1358 2377 1406 et
2406 1351 2486 1407 sic
2513 1351 2661 1406 idem
2711 1351 3038 1407 est'bovem
3066 1350 3152 1406 vel
3183 1351 3396 1406 asinum
3435 1366 3472 1405 a
3498 1351 3723 1422 praesepio

2166 1438 2374 1495 solutos
2402 1439 2473 1495 ad
2501 1448 2690 1511 potum
2719 1439 2831 1513 agi,
2864 1440 3010 1512 quod
3031 1447 3114 1495 est
3134 1438 3303 1495 ﬁliam
3323 1440 3558 1496 Abrahae
3582 1440 3719 1495 aviu-

529 1556 633 1612 Sin
661 1557 874 1612 autem.
907 1552 1149 1622 Scilicet,
1168 1568 1280 1610 non
1308 1552 1499 1611 fecerit
1516 1552 1775 1621 fructum,
1800 1551 2053 1611 continue

2164 1527 2289 1584 culo
2317 1527 2493 1585 noxiae
2521 1528 2885 1585 inclinationis
2915 1527 3073 1601 erigi.

453 1641 721 1715 judicium
762 1649 1005 1700 venturae
1050 1641 1415 1699 damnationis
1461 1641 1738 1709 annexuit,
1773 1641 1902 1714 quia
1927 1656 2063 1714 pro-
2234 1635 2403 1691 Vatis.
2445 1638 2531 1691 17.
2565 1666 2634 1676 -
2668 1637 3079 1692 Erubescebant
3114 1651 3327 1692 omnes.
3370 1633 3481 1704 Qui
3508 1634 3570 1691 de
3594 1634 3724 1691 dictis

462 1731 717 1790 cliviores
764 1731 836 1788 ad
888 1730 1205 1806 negandum
1262 1746 1428 1804 quam
1482 1730 1556 1787 ad
1610 1730 1948 1788 credendum
1974 1729 2061 1787 vi-
2081 1734 2136 1797 Β
2164 1722 2463 1779 Salvatoris
2493 1725 2841 1790 erubescunt,
2874 1723 3121 1780 ﬁculneae
3138 1722 3309 1779 sterili
3337 1741 3398 1781 se
3436 1723 3627 1780 similes
3651 1741 3727 1779 os-

458 1819 645 1877 debat.
2160 1813 2408 1869 tendunt.
2441 1811 2546 1881 Qui
2566 1829 2701 1886 ergo
2723 1813 2965 1886 gaudent
2984 1813 3053 1868 de
3073 1813 3377 1880 miraculis,
3401 1813 3655 1885 pertinent
3670 1813 3727 1868 ad

469 730 616 788 enim
639 730 824 788 carnis
854 738 1104 787 stercora
1144 729 1421 796 dicuntur,
1454 746 1577 802 quae
1605 728 1968 784 immittuntur
1997 728 2069 784 ad

466 820 711 877 radicem
742 818 977 885 arboris,
1012 817 1233 891 quando
1264 817 1551 890 pravitatis
1572 817 1919 875 conscientiae
1954 827 2070 874 tan-

463 907 612 981 gitur
657 907 1010 981 cogitationis
1058 906 1358 976 memoria,
1411 913 1464 963 et
1510 906 1643 963 dum
1687 906 1815 962 inde
1843 907 2069 979 poenitet

463 995 622 1069 quasi
665 1011 767 1069 per
811 1001 1019 1053 tactum
1065 995 1327 1053 stercoris
1375 993 1517 1051 redit
1563 993 1637 1051 ad
1679 994 2067 1053 fecunditatem

458 1096 667 1154 Opens.

532 1200 704 1257 Vnus.
723 1202 778 1257 9.
800 1202 960 1257 --Et
1000 1202 1052 1257 si
1080 1200 1323 1275 quidem.
1372 1200 1510 1256 Cum
1554 1198 1884 1271 poenitentiae
1929 1196 2066 1255 ordo

460 1288 728 1363 exigeret,
777 1295 837 1345 ut
899 1296 1222 1362 apponeret,
1287 1287 1661 1345 reservabitur
1717 1288 1805 1344 vel
1859 1285 2067 1359 aliquid

459 1377 593 1446 tale,
624 1376 760 1433 nihil
799 1383 986 1433 tamen
1035 1376 1332 1447 subjunxit,
1384 1375 1483 1434 sed
1522 1375 1804 1449 suspendit
1847 1382 2066 1432 senten-

456 1465 614 1523 tiam.

531 1925 682 1984 VERS
701 1928 788 1983 10.
814 1955 883 1967 -
903 1927 1044 1983 Erat
1072 1930 1270 1983 autem
1300 1926 1525 1983 docens.
1556 1925 1711 1982 Hanc
1749 1924 2063 1981 similitudi-

460 2031 588 2072 nem
615 2015 685 2071 de
712 2013 949 2071 ﬁculnea
996 2014 1196 2071 dicitur
1242 2014 1509 2070 Dominus
1558 2014 1813 2070 docuisse
1840 2013 1896 2069 in
1926 2014 2064 2085 Syn-

459 2118 661 2178 agoga,
684 2102 1039 2159 utintimetur
1058 2103 1128 2158 ad
1148 2102 1327 2174 ipsam
1359 2103 1715 2177 Synagogam
1734 2101 2063 2174 pertinuisse

458 2191 803 2265 parabolam.
845 2190 1005 2261 Quod
1042 2191 1189 2247 enim
1229 2190 1468 2248 fructum
1511 2191 1706 2263 quaerit
1743 2191 1801 2246 in
1828 2190 2065 2248 ﬁculnea

457 2295 564 2338 nec
590 2280 815 2348 invenit,
847 2279 1121 2353 significat
1149 2279 1296 2353 quod
1326 2280 1557 2336 verbum
1590 2279 1903 2337 commodat
1933 2280 2066 2351 Syn-

461 2384 685 2444 agogm,
715 2385 819 2426 nec
845 2368 940 2424 illa
968 2368 1181 2440 recipit,
1233 2383 1399 2441 quam
1445 2376 1631 2424 tamen
1676 2385 1787 2425 non
1835 2385 1903 2424 ex
1949 2375 2064 2424 toto

463 2457 896 2530 exstirpandam,
929 2458 1028 2513 sed
1057 2456 1320 2530 reliquias
1347 2474 1446 2529 per
1468 2457 1631 2513 ﬁdem
1652 2456 1946 2514 salvandas
1974 2457 2063 2511 in-

452 2545 735 2621 telligens,
753 2561 882 2602 mox
905 2545 1111 2602 ibidem
1143 2545 1431 2617 primitivaa
1450 2546 1714 2603 Ecclesiae
1734 2545 1945 2601 sanatio
1961 2546 2064 2600 sub

467 2636 655 2707 specie
685 2635 929 2691 incurva:
956 2633 1202 2689 mulieris
1232 2634 1604 2705 subsequitur.
1643 2634 1794 2703 Idem
1820 2634 1965 2690 enim
1995 2633 2067 2688 si-

456 2721 682 2798 gniﬁcat
710 2721 944 2779 ficulnea
962 2730 1248 2779 reservata
1274 2721 1422 2794 quod
1450 2722 1647 2777 mulier
1690 2730 1895 2779 erecta.
1926 2723 2063 2779 Sab-

459 2813 623 2868 batis.
667 2810 923 2867 Sabbatis
970 2809 1130 2867 docet
1177 2817 1231 2866 et
1275 2825 1503 2866 curvam
1559 2809 1740 2884 erigit,
1792 2811 1921 2883 quia
1964 2826 2065 2882 per

452 2899 686 2956 verbum
706 2897 1109 2971 praedicationis
1129 2913 1163 2954 a
1189 2898 1583 2970 temporalibus
1602 2898 1673 2955 ad
1709 2906 1916 2956 aeterna
1934 2910 2062 2956 ere—

455 2995 575 3044 ctos
603 2987 674 3043 ad
705 2986 944 3060 quietem
972 2986 1391 3043 resurrectionis
1420 2987 1692 3059 perducit.

2161 1900 2331 1957 ﬁliam
2357 1902 2613 1968 Abrahae,
2660 1901 2716 1956 id
2746 1910 2829 1957 est
2857 1901 3184 1968 Ecclesium,
3216 1903 3396 1957 Deum
3426 1903 3499 1958 de
3527 1918 3617 1957 sua
3632 1918 3728 1958 ere-

2162 1990 2343 2047 ctione
2363 1989 2783 2063 glorificantem.
2806 1992 3146 2048 Adversarii.
3173 1990 3382 2047 Scriba:
3403 2000 3459 2047 et
3481 1990 3724 2057 Pharisaei,

2164 2079 2257 2152 qui
2286 2094 2389 2135 nec
2437 2086 2627 2150 aperte
2676 2079 2891 2135 veritati
2938 2079 3316 2136 contradicere
3364 2088 3606 2152 possunt,
3648 2094 3731 2135 nec

2162 2176 2389 2240 pr0pter
2407 2168 2671 2224 invidiam
2691 2168 2920 2225 credere
2940 2168 3146 2224 volunt.
3170 2169 3365 2225 Omnis
3377 2172 3614 2243 papulas
3626 2185 3730 2241 gau-

2162 2258 2342 2313 debat.
2372 2256 2680 2329 Simplices,
2705 2256 2940 2313 humiles
2960 2258 3132 2313 verba
3158 2258 3404 2314 veritatis
3426 2267 3486 2314 et
3504 2258 3731 2315 miracula

2163 2352 2429 2413 amantes,
2469 2353 2521 2400 et
2549 2345 2637 2400 isti
2670 2354 2796 2401 sunt
2824 2346 3005 2419 ﬁgura
3034 2345 3299 2419 gentium,
3325 2364 3451 2419 quae
3482 2346 3729 2404 exeamus

2162 2434 2366 2490 Iudaeis
2395 2435 2803 2508 congreganda;
2832 2442 2956 2490 sunt
2977 2435 3047 2490 ad
3068 2434 3232 2491 ﬁdem
3252 2452 3353 2507 per
3380 2436 3730 2493 humilitatem.

2162 2522 2319 2578 Unde
2364 2531 2417 2578 et
2446 2522 2696 2579 Salvator
2717 2523 2881 2578 ﬁdem
2901 2539 3092 2579 eorum
3113 2514 3467 2581 commendat
3488 2526 3584 2581 sub
3609 2540 3731 2583 com-

2162 2612 2446 2682 paratione
2476 2611 2636 2685 grani
2664 2611 2889 2684 sinapis.

2234 2701 2401 2755 Vans.
2424 2705 2510 2757 18.
2534 2732 2604 2741 -
2622 2702 2851 2758 Dicebat
2881 2717 3026 2775 ergo.
3042 2700 3507 2775 Quandoquidem
3534 2704 3731 2759 aderant

2163 2788 2467 2862 gaudentes
2497 2797 2550 2845 et
2578 2790 2972 2863 gloriﬁcantes,
3004 2791 3223 2848 dicebat
3250 2793 3320 2848 ad
3332 2792 3733 2850 commendatio-

2162 2893 2289 2934 nem
2318 2886 2372 2933 et
2408 2879 2820 2936 instructionem
2863 2879 3083 2936 illorum
3125 2881 3217 2953 qui
3261 2898 3362 2953 per
3400 2882 3733 2939 humilitatem

2162 2974 2216 3022 et
2244 2966 2371 3023 ﬁdei
2400 2967 2674 3024 fervorem
2704 2968 2978 3025 exaltandi
3006 2978 3131 3025 sunt
3158 2970 3215 3026 in
3233 2971 3511 3028 Ecclesia.

522 3102 693 3159 vus.
732 3106 817 3158 η,
840 3133 911 3144 _
930 3104 1068 3160 Ecce
1096 3103 1324 3169 mulier,
1365 3110 1471 3160 etc.
1520 3104 1650 3161 H336
1694 3104 1895 3162 mulier
1938 3120 2053 3162 non
2080 3092 2130 3156 α
2232 3083 2399 3138 Vens.
2422 3086 2507 3139 19.
2530 3085 2812 3141 —Simile
2840 3089 2944 3151 est,
2976 3092 3079 3142 etc.
3115 3085 3365 3141 Granum
3401 3086 3627 3159 sinapis,
3658 3100 3729 3139 res

451 3190 559 3248 nisi
588 3198 711 3264 post
739 3190 935 3249 decem
962 3198 1016 3247 et
1045 3198 1170 3248 octo
1198 3206 1373 3248 annos
1403 3191 1543 3266 erigi
1571 3192 1766 3265 potuit,
1800 3192 1930 3267 quia
1956 3195 2058 3250 hu-

453 3295 620 3336 mana
650 3287 849 3335 natura
875 3280 1019 3335 hanc
1047 3279 1458 3352 corruptionem
1487 3281 1765 3353 deponere
1795 3289 1848 3337 et
1877 3283 1948 3338 ad
1975 3283 2059 3339 in-

426 3366 731 3425 ‘duendam
775 3366 1243 3439 incorruptionem
1280 3375 1500 3425 aeternae
1538 3369 1886 3426 beatitudinis
1916 3371 2057 3446 erigi

448 3471 561 3513 non
578 3456 798 3528 poterit,
821 3455 926 3511 nisi
940 3455 1094 3528 prius
1118 3456 1427 3528 impleverit
1441 3457 1623 3530 legem
1645 3475 1767 3530 qua:
1786 3459 1843 3514 in
1861 3459 2055 3517 decem

446 3544 737 3617 praeceptis
757 3544 1082 3612 continetur,
1106 3553 1167 3601 et'
1178 3545 1415 3618 gratiam
1434 3546 1490 3601 in
1511 3562 1620 3619 qua
1639 3546 1839 3603 Christi
1862 3564 2052 3621 resur-

445 3633 616 3690 rectio
646 3632 791 3690 facta
820 3640 903 3689 est
931 3641 1123 3689 nostra
1153 3641 1519 3706 exspectatur.

513 3722 715 3790 Annis,
749 3728 854 3779 etc.
893 3721 1156 3778 Senarius
1184 3720 1241 3777 in
1271 3739 1379 3796 quo
1410 3722 1600 3779 mundi
1629 3731 1886 3782 creatura
1914 3742 2049 3798 per-

441 3808 586 3867 fecta
614 3818 714 3879 est,
746 3824 980 3883 operum
1014 3810 1408 3883 perfectionem
1452 3813 1653 3886 signat,
1686 3814 1779 3886 qui
1807 3831 1909 3885 per
1935 3822 2048 3871 tres

438 3897 834 3969 multiplicatos
862 3898 1055 3955 decem
1084 3908 1139 3955 et
1167 3907 1292 3957 octo
1321 3900 1521 3967 reddit,
1558 3909 1610 3956 et
1634 3901 1818 3975 signat
1837 3919 1934 3960 eos
1956 3903 2049 3976 qui

441 4000 480 4041 n
523 3984 701 4041 tribus
731 3986 1073 4057 temporibus
1111 3986 1413 4044 Dominicae
1451 3988 1802 4057 visitationis,
1846 3991 2052 4049 scilicet

441 4079 569 4128 ante
600 4072 784 4147 legem
814 4082 867 4129 et
896 4074 997 4128 sub
1026 4074 1151 4147 lege
1179 4083 1233 4130 et
1262 4076 1365 4129 sub
1407 4076 1607 4148 gratia,
1650 4077 2046 4148 perfectionem

438 4176 672 4234 operum
714 4159 938 4216 habent.
989 4161 1105 4217 Hoc
1152 4178 1288 4236 ergo
1334 4170 1583 4235 tempore
1629 4165 1820 4222 Judaea
1855 4182 1890 4222 a
1931 4184 2045 4226 suae

437 4249 637 4306 mentis
664 4249 985 4307 rectitueine
1022 4258 1251 4307 curvata
1277 4249 1396 4318 fuit,
1442 4268 1565 4325 qum
1601 4254 1778 4328 magis
1821 4262 2043 4314 terrena

438 4354 605 4411 quam
634 4338 880 4396 caelestia
908 4345 1157 4405 noverat,
1191 4346 1471 4410 Operatur.

2158 3169 2282 3227 vilis
2309 3178 2364 3227 et
2390 3170 2642 3243 simplex,
2690 3173 2807 3240 sed,
2840 3173 2888 3228 si
2932 3173 3145 3240 teritur,
3195 3174 3306 3231 vim
3355 3192 3518 3232 suam
3563 3173 3729 3231 fundit.

2157 3260 2407 3333 Regnum
2447 3276 2585 3334 ergo
2621 3260 2907 3329 caelorum,
2937 3262 2994 3317 id
3030 3270 3113 3317 est
3150 3262 3287 3319 ﬁdes
3325 3280 3430 3336 per
3469 3280 3628 3338 quam
3651 3278 3734 3318 ve-

2154 3347 2301 3404 nitur
2329 3348 2400 3405 ad
2443 3365 2694 3423 regnum,
2741 3359 3097 3422 comparatur
3136 3367 3313 3425 grano
3357 3353 3595 3426 sinapis:
3626 3352 3733 3424 quia

2153 3435 2331 3508 primo
2359 3437 2579 3493 humilis
2598 3447 2652 3495 et
2680 3439 2837 3511 quasi
2865 3440 3079 3509 abjecta
3098 3447 3153 3497 et
3179 3441 3356 3496 amari
3385 3442 3602 3514 saporis
3627 3456 3737 3512 pro-

2152 3532 2276 3596 pter
2311 3526 2683 3583 inﬁrmitatem
2713 3528 2914 3584 Christi
2957 3536 3011 3584 et
3052 3528 3375 3589 scandalum
3413 3532 3622 3596 crucis;
3652 3527 3734 3583 sed

2150 3613 2278 3669 trita
2307 3614 2574 3683 adversis,
2607 3617 2844 3690 gratiam
2878 3633 2992 3673 suae
3012 3617 3226 3673 virtutis
3257 3617 3489 3675 effundit
3510 3628 3563 3676 et
3588 3617 3738 3675 odore

2151 3718 2254 3759 suo
2294 3704 2721 3761 circumstantes
2762 3705 3043 3778 adimplet,
3062 3706 3195 3761 dum
3240 3706 3484 3780 gloriam
3514 3721 3738 3763 resurre-

2148 3791 2345 3848 ctionis
2374 3801 2427 3849 et
2457 3793 2795 3850 ascensionis
2825 3794 2991 3850 etiam
3018 3803 3141 3866 post
3168 3803 3404 3853 mortem
3440 3793 3740 3869 praedicavit

2147 3886 2260 3937 toto
2289 3882 2424 3938 orbe
2461 3890 2754 3939 terrarum.
2803 3884 2903 3940 Vel
2941 3899 3142 3955 corpus
3186 3885 3388 3941 Christi
3416 3902 3651 3960 granum
3675 3884 3740 3938 si-

2144 3969 2322 4040 napis,
2355 3971 2505 4043 quod
2524 3971 2799 4042 accipiens
2827 3972 3031 4044 Joseph
3051 3972 3109 4028 in
3127 3974 3287 4029 horto
3309 3976 3583 4045 sepelivit,
3608 3969 3741 4046 quod

2144 4066 2338 4129 postea
2382 4058 2440 4114 in
2495 4060 2899 4116 resurrectione
2938 4069 2992 4116 et
3038 4062 3361 4119 ascensione
3409 4063 3604 4120 crevit.
3650 4061 3743 4116 Ero

2143 4146 2333 4218 pandit
2360 4162 2565 4215 ramos,
2602 4148 2993 4219 praedicatores
3022 4166 3123 4221 per
3141 4158 3317 4206 totum
3337 4152 3607 4207 mundum
3629 4148 3741 4205 mit-

2141 4240 2281 4303 tens,
2315 4235 2371 4290 in
2400 4253 2634 4308 quorum
2661 4237 2821 4294 dictis
2868 4246 2921 4293 et
2968 4240 3448 4296 consolationibus
3495 4240 3681 4297 fideles
3709 4252 3739 4293 a

2140 4322 2459 4396 fatigatione
2487 4325 2676 4381 mundi
2705 4326 2995 4397 respirant.

507 4450 679 4510 Vens.
696 4454 858 4509 14.-
883 4455 1023 4523 Quia
1040 4454 1292 4511 Sabbato.
1316 4455 1465 4510 Deus
1486 4454 1557 4510 ab
1577 4455 1836 4528 Operibus
1851 4457 2043 4514 mundi

2220 4440 2492 4499 Vansﬂi.
2510 4471 2580 4482 —
2603 4442 2755 4511 Quod
2776 4448 3091 4516 acceptum,
3115 4452 3219 4501 etc.
3244 4444 3444 4501 Mulier
3470 4444 3737 4509 Ecclesia,

438 4540 682 4598 Sabbato
710 4541 996 4614 requievit.
1030 4541 1187 4599 Unde
1217 4550 1271 4598 et
1291 4543 1507 4615 Moyses
1537 4544 1779 4601 Sabbato
1798 4561 1833 4602 a
1851 4547 2039 4603 servili

438 4634 494 4683 et
533 4628 697 4685 noxia
732 4630 946 4686 actione
985 4629 1296 4687 feriendum
1345 4633 1627 4704 praecepit,
1671 4634 2038 4707 prmﬁgurans

437 4720 655 4788 tempus
685 4733 794 4788 quo
822 4725 1013 4773 nostra
1051 4718 1340 4777 saecularia
1379 4735 1568 4792 Opera,
1599 4738 1712 4777 non
1739 4738 1873 4780 vero
1900 4724 2037 4780 reli-

435 4804 615 4879 giosa,
646 4803 703 4860 id
733 4810 816 4860 est
840 4805 1100 4861 laudandi
1141 4808 1318 4863 Deum
1359 4809 1671 4866 cessabunt.
1716 4811 1779 4865 In
1820 4810 2038 4884 signum

435 4892 599 4962 hujus
626 4888 709 4948 rei
738 4891 902 4948 etiam
931 4892 1172 4951 Sabbato
1209 4896 1474 4953 Dominus
1503 4904 1680 4954 curat.
1709 4898 1827 4955 Hoc
1855 4908 2038 4957 autem

435 4995 549 5036 non
574 4980 886 5054 intelligens
916 4982 1392 5058 archisynagogus
1411 4984 1617 5042 fallitur
1638 4993 1692 5042 et
1718 4985 1876 5057 fallit,
1909 4989 2038 5061 quia

436 5066 528 5125 lex
555 5067 612 5124 in
642 5068 884 5125 Sabbato
926 5086 1037 5126 non
1081 5071 1360 5128 hominem
1407 5088 1624 5143 curare,
1676 5075 1774 5131 sed
1821 5076 2038 5134 servilis

438 5170 609 5228 opera
638 5154 842 5225 facere,
874 5157 932 5213 id
961 5166 1044 5214 est
1071 5159 1313 5232 peccatis
1341 5163 1566 5234 gravari
1592 5164 1890 5235 prohibuit.

508 5271 783 5328 Vanam.
812 5302 882 5314 —
910 5274 1241 5346 Hypocritw.
1262 5275 1456 5332 Merito
1479 5277 1816 5349 hypocritas,
1858 5279 1916 5338 id
1954 5288 2037 5337 est

439 5359 789 5417 simulatores
819 5368 998 5429 vocat,
1032 5362 1126 5435 qui
1153 5377 1280 5420 cum
1309 5365 1560 5439 magistri
1588 5367 1832 5439 plebium
1860 5369 2037 5427 videri

438 5456 717 5523 appetant,
751 5448 1091 5506 sanationem
1127 5451 1362 5508 hominis
1390 5469 1500 5511 non
1538 5464 1859 5514 reverentur
1885 5466 2035 5531 post-

436 5552 647 5611 ponere
666 5553 815 5596 curae
832 5539 1069 5611 pecoris.
1092 5540 1215 5598 Non
1235 5543 1402 5598 solvit
1422 5543 1629 5601 bovem.
1660 5546 1907 5617 Mystice.
1929 5548 2036 5605 Bos

436 5626 533 5704 qui
561 5626 820 5700 cognovit
845 5641 1227 5699 possessorem
1265 5645 1426 5687 suum
1466 5639 1521 5688 et
1548 5631 1736 5691 asinus
1764 5635 1858 5707 qui
1884 5635 2037 5696 novit

2138 4528 2293 4599 cujus
2322 4529 2503 4584 farina
2531 4547 2742 4599 sumus,
2789 4540 3053 4603 quotquot
3095 4532 3309 4588 timoris
3350 4542 3403 4589 et
3434 4535 3556 4606 spei
3584 4550 3739 4591 exer-

2139 4617 2268 4674 citio
2302 4618 2459 4691 quasi
2489 4619 2638 4676 mola
2681 4620 2967 4691 superiore
3006 4628 3059 4676 et
3090 4620 3352 4678 inferiore
3390 4623 3742 4687 conterimur,

2138 4714 2194 4761 et
2232 4723 2373 4762 unus
2422 4707 2580 4778 panis
2627 4708 2783 4763 multi
2831 4709 3001 4765 simus
3050 4710 3106 4765 in
3155 4710 3394 4768 Christo.
3447 4710 3747 4769 Abscondit

2138 4810 2276 4869 ergo
2304 4795 2557 4853 Ecclesia
2595 4796 2925 4853 fermentum
2962 4799 3269 4856 dilectionis
3313 4801 3371 4856 in
3407 4801 3607 4857 farinae
3636 4808 3750 4855 sata

2136 4883 2263 4952 tria,
2306 4884 2434 4956 quia
2474 4886 2720 4958 praecipit
2762 4894 2821 4942 ut
2859 4887 3155 4961 diligamus
3188 4890 3368 4946 Deum
3409 4897 3527 4947 toto
3557 4888 3744 4955 corde,

2135 4979 2252 5029 tota
2278 4973 2483 5042 anima,
2512 4980 2628 5031 tota
2655 4974 2874 5032 virtute.

2213 5078 2384 5135 Vens.
2408 5083 2654 5138 22.—Et
2676 5084 2814 5150 ibat,
2840 5090 2946 5141 etc.
2970 5083 3186 5157 Ubique
3207 5084 3595 5142 indifferenter
3615 5099 3755 5157 prmo

2137 5165 2375 5236 dicabat,
2396 5184 2506 5226 non
2532 5186 2800 5241 personas
2832 5172 3187 5239 discernens,
3241 5172 3342 5230 sed
3364 5174 3609 5231 salutem
3637 5189 3762 5231 cre-

2136 5252 2397 5311 dentibus
2427 5275 2701 5330 quzerens.

2206 5371 2376 5428 Vens.
2397 5373 2487 5430 24.
2508 5403 2576 5415 -
2597 5375 2930 5433 Contendite
2966 5380 3208 5444 intrare,
3241 5384 3348 5436 etc.
3382 5378 3563 5448 Quasi
3592 5378 3753 5436 dice-

2137 5467 2252 5517 ret:
2286 5461 2428 5517 Vere
2456 5463 2636 5533 pauci,
2670 5471 2724 5519 et
2752 5464 2831 5520 illi
2861 5481 2988 5523 cum
3025 5466 3241 5540 magnis
3269 5466 3585 5536 laboribus,
3622 5466 3756 5540 quia

2134 5547 2242 5606 nisi
2272 5550 2472 5609 mentis
2501 5552 2732 5610 intentio
2759 5552 2991 5625 ferveat,
3023 5555 3171 5612 unda
3197 5556 3391 5614 mundi
3415 5571 3533 5613 non
3563 5556 3754 5614 vinci-

2134 5643 2243 5709 tur,
2273 5654 2376 5712 per
2405 5654 2572 5714 quam
2598 5641 2782 5701 anima
2812 5643 2885 5702 ad
2911 5643 3027 5703 ima
3052 5660 3273 5721 semper
3311 5651 3645 5706 revocatur.
