3932 6178
229 280 307 334 305

291 400 433 453 Vnus.
464 397 544 451 25.
574 423 637 434 -
671 395 811 450 Cum
831 396 1047 459 autem,
1082 400 1186 449 etc.
1214 391 1607 448 Paterfamilias
1623 389 1841 451 Chri-A

238 497 345 553 stus,
375 500 482 540 cum
508 482 696 554 ubique
724 498 790 537 ex
843 481 1135 538 Divinitate
1192 481 1278 548 sit,
1310 481 1418 535 illis
1459 481 1573 549 jam
1619 480 1765 535 intus

234 592 331 633 esse
354 573 545 637 dicitur,
576 586 708 643 quos
737 570 794 624 in
814 570 951 625 coelo
988 586 1234 641 praesens
1269 585 1367 624 sua
1384 566 1593 626 visione
1624 568 1765 623 laeti-

236 664 351 731 ﬁcat,
373 661 457 717 sed
486 659 625 733 quasi
654 658 790 714 foris
818 667 901 713 est
928 658 1014 712 his
1045 674 1184 731 quos
1212 658 1267 713 in
1297 659 1399 714 hac
1436 658 1764 731 peregrina-

233 752 349 808 tione
372 756 618 806 certantes
665 747 909 803 occultus
936 747 1174 815 adjuvat.
1211 746 1436 801 Intrabit
1479 762 1611 817 ergo
1641 760 1766 801 cum

232 849 369 896 totam
393 836 677 894 Ecclesium
709 837 779 891 ad
828 835 909 891 sui
939 835 1452 906 contemplationem
1482 836 1762 906 perducet.

231 928 416 986 Claudet
441 927 643 991 ostium,
670 941 792 981 cum
814 924 1063 996 reprobis
1084 924 1263 979 locum
1292 924 1623 994 poenitentiae
1664 924 1766 980 tol-

229 1019 301 1079 let,
330 1016 408 1087 qui
433 1014 553 1070 foris
607 1021 816 1068 stantes
871 1013 1178 1084 pulsabunt,
1240 1013 1294 1067 id
1339 1012 1641 1081 estajustis
1673 1028 1765 1067 se-

230 1104 422 1179 gregati,
449 1102 866 1157 misericordiam
913 1118 1074 1174 quam
1103 1110 1543 1172 contempserunt
1562 1100 1768 1157 frustra

229 1188 562 1260 implorabunt.
597 1188 887 1259 Incipietis
935 1188 1078 1258 foris
1126 1191 1300 1242 stare.
1335 1186 1496 1241 Modo
1525 1193 1767 1257 tempore

230 1275 564 1332 misericordiae
622 1274 949 1341 contendite,
1009 1273 1137 1346 quia
1189 1282 1431 1345 tempore
1468 1274 1657 1343 judicii
1687 1290 1769 1330 re-

229 1365 383 1437 probis
408 1364 596 1419 tollitur
624 1363 782 1419 locus
814 1362 1165 1434 paenitentiae,
1217 1363 1310 1435 qui
1351 1377 1497 1419 nunc
1535 1362 1772 1434 aperitur

229 1452 403 1510 cunctis
427 1452 509 1525 pie
530 1451 914 1524 quaerentibus.

281 1580 444 1636 Nescio
471 1594 576 1635 vos.
605 1578 731 1634 Nou
786 1578 936 1633 novit
976 1577 1067 1633 lux
1114 1576 1388 1642 tenebras,
1437 1576 1494 1632 id
1551 1583 1633 1631 est
1659 1592 1770 1635 non

230 1667 401 1740 aspicit,
432 1667 569 1738 quia,
604 1667 654 1722 si
674 1666 962 1738 aspiceret,
986 1666 1223 1722 tenebrae
1248 1681 1359 1720 non
1379 1672 1581 1721 essent.

1764 1745 1819 1806 B

279 1809 420 1863 Vsus.
450 1812 536 1866 26.
566 1837 637 1850 -—
670 1807 1143 1873 Manducavimus,
1176 1814 1280 1862 etc.
1340 1806 1466 1862 Non
1496 1805 1762 1861 festivita-

224 1906 312 1952 tmn
339 1896 558 1968 epulatio
580 1897 753 1966 juvat,
785 1912 903 1969 qua:
919 1894 1047 1951 fidei
1063 1896 1240 1966 pietas
1259 1911 1369 1950 non
1397 1895 1759 1951 commendat.

225 1986 322 2040 Non
346 1985 550 2041 scientia
587 1985 994 2056 Scripturarum
1047 1991 1233 2039 notum
1278 1985 1395 2039 Deo
1424 1982 1567 2052 facit,
1606 1999 1767 2055 quem

226 2088 410 2145 operum
439 2074 692 2145 iniquitas
721 2074 1004 2147 indignum
1058 2072 1312 2127 ostendit.
1348 2072 1447 2127 Vel
1476 2072 1545 2127 de
1572 2072 1775 2127 Judazis

225 2162 500 2233 simpliciter
525 2162 937 2235 intelligendum
957 2169 1058 2227 est,
1092 2160 1182 2234 qui
1219 2169 1537 2231 respuentes
1565 2168 1774 2231 myste-

224 2251 288 2305 ria
314 2248 444 2319 fidei,
474 2259 656 2324 gratos
688 2267 747 2306 se
776 2251 893 2306 Deo
940 2249 1291 2320 arbitrantur,
1322 2250 1467 2322 quod
1497 2250 1554 2304 in
1573 2249 1775 2321 templo

220 2338 411 2394 victimis
436 2340 623 2395 oblatis
674 2355 859 2395 coram
914 2338 1148 2394 Domino
1195 2338 1497 2409 epulantur,
1580 2346 1634 2394 et
1669 2338 1781 2394 lec-

226 2428 400 2483 tionem
426 2429 820 2499 prophetarum
850 2427 1171 2483 auscultant.
1206 2426 1305 2482 Vel
1323 2427 1589 2497 mystice:
1620 2427 1776 2481 Man-

222 2515 356 2571 ducat
380 2532 556 2573 coram
604 2517 842 2573 Domino
887 2524 940 2573 et
998 2516 1151 2583 bibit,
1184 2516 1276 2588 qui
1303 2516 1455 2572 verbi
1513 2515 1772 2588 pabulum

222 2604 348 2660 avide
374 2606 604 2678 suscipit.

278 2739 327 2793 In
351 2738 564 2810 plateis,
598 2745 707 2795 etc.
769 2736 1046 2808 Scriptura
1086 2737 1139 2791 in
1182 2736 1585 2793 obscurioribus
1615 2735 1768 2792 cibus

221 2833 301 2893 est,
322 2827 436 2899 quia
454 2827 607 2900 quasi
635 2827 960 2898 exponendo
988 2825 1267 2899 frangitur,
1303 2833 1356 2881 et
1389 2825 1770 2881 manducando

222 2913 424 2986 glutitur.
448 2917 609 2975 Polus
642 2915 788 2971 enim
827 2915 883 2970 in
927 2913 1307 2986 apertioribus,
1358 2914 1451 2968 ubi
1478 2913 1553 2969 ita
1576 2914 1767 2968 absor-

224 3001 349 3058 betur
394 3004 524 3059 sicut
569 3004 867 3059 invenitur.
922 3004 989 3060 Et
1035 3002 1244 3059 occulta
1282 2998 1445 3074 ergo'
1473 3009 1526 3057 et
1580 3010 1772 3074 aperta

222 3107 269 3146 se
292 3092 598 3149 intellexisse
614 3101 903 3161 testantur,
938 3092 1030 3164 qui
1056 3090 1381 3163 reprobante
1401 3090 1602 3161 judice,
1623 3091 1769 3163 quod
1790 3104 1840 3166 α

220 3181 629 3239 manducaverunt
663 3189 1087 3253 conquerantur.

277 3324 421 3380 Vsus.
452 3329 539 3381 28.
562 3355 635 3366 -
656 3326 737 3381 Ibi
766 3325 875 3381 erit
903 3325 1090 3393 ﬂetus,
1109 3329 1212 3379 etc.
1246 3320 1428 3378 Fletus
1454 3320 1524 3376 de
1550 3319 1762 3387 ardore,

219 3408 389 3469 stridor
425 3414 669 3469 dentium
723 3412 791 3468 de
827 3412 1032 3485 frigore
1077 3411 1218 3467 solet
1263 3408 1500 3478 excitari,
1522 3408 1650 3481 quia
1692 3408 1769 3464 ibi

218 3502 483 3558 transibunt
509 3504 580 3558 ab
610 3502 770 3574 aquis
796 3501 999 3557 nivium
1030 3500 1099 3556 ad
1128 3499 1362 3556 calorem
1392 3498 1635 3553 nimium.
1669 3496 1768 3553 Vel

218 3590 389 3646 stridor
406 3591 931 3663 proditindignantis
959 3588 1227 3654 affectum,
1253 3588 1399 3660 quod
1446 3603 1569 3643 sera
1588 3584 1766 3657 paeni-

218 3685 291 3744 tet,
319 3681 452 3751 quod
470 3679 702 3753 deliquit
757 3678 1120 3750 pertinaciter.
1172 3677 1270 3731 Vel
1302 3675 1605 3731 stridebant
1634 3675 1768 3729 den-

220 3766 352 3835 tibus,
381 3769 468 3841 qui
487 3769 576 3826 hic
605 3769 679 3824 de
696 3768 959 3841 edacitate
989 3766 1324 3838 gaudebunt.
1368 3765 1599 3820 Flebunt
1627 3762 1771 3819 oculi

218 3856 290 3925 qui
315 3857 392 3913 hic
409 3875 503 3929 per
528 3856 1003 3927 concupiscentiae
1031 3855 1387 3927 vagabuntur.
1422 3854 1491 3909 Et
1518 3868 1588 3908 no
1599 3860 1653 3906 ta
1669 3868 1772 3923 per

220 3943 370 4001 fletum
398 3947 485 4019 qui
512 3955 598 4001 est
628 3946 931 4009 oculorum,
956 3952 1009 4000 et
1039 3944 1328 3999 stridorem
1377 3941 1639 4008 dentium,
1671 3956 1771 3997 ve-

218 4049 311 4088 ram
334 4036 615 4108 impiorum
646 4032 1112 4091 resurrectionem.

274 4176 423 4232 Vsus.
455 4181 543 4234 29.
563 4208 636 4219 —
668 4180 738 4233 Et
762 4177 1011 4233 venient.
1035 4173 1188 4231 Multi
1212 4172 1366 4245 prius
1387 4172 1657 4230 ferventes
1677 4186 1777 4243 po-

217 4270 312 4319 stea
338 4274 559 4338 torpent.
592 4264 746 4321 Multi
799 4264 951 4335 prius
991 4263 1194 4337 frigidi,
1239 4262 1416 4317 subito
1458 4261 1771 4315 ardescunt.

216 4352 341 4408 Multi
367 4354 417 4409 in
442 4355 649 4413 saeculo
679 4353 940 4425 despecti,
964 4352 1021 4406 in
1050 4351 1230 4407 futuro
1252 4358 1378 4405 sunt
1408 4348 1772 4424 gloriﬁcandi.

216 4440 297 4496 Vel
320 4444 560 4514 gentiles,
623 4442 716 4516 qui
738 4442 829 4496 diu
863 4441 979 4496 sine
1023 4439 1129 4496 fide
1185 4439 1452 4507 vixerant,
1500 4437 1569 4492 ad
1612 4435 1779 4492 ﬁdem

217 4538 319 4585 sunt
335 4533 579 4598 vocandi,
605 4530 780 4587 Judaei
801 4528 1142 4586 exsecrandi.

274 4672 425 4729 Vsus.
457 4678 546 4731 32.
579 4705 652 4715 -
682 4675 866 4729 Dicite
898 4672 1078 4745 vulpi,
1112 4678 1222 4727 etc.
1268 4667 1458 4740 Vulpis
1478 4666 1677 4722 animal
1697 4668 1789 4723 do-

218 4758 388 4827 losam,
432 4763 486 4818 in
508 4762 673 4818 fovea
702 4762 773 4817 ad
794 4759 1016 4814 insidias
1045 4759 1238 4828 latens,
1262 4755 1789 4821 odorefetens,nun-

217 4865 351 4919 quam
383 4852 546 4908 rectis
572 4849 863 4905 itineribus
899 4848 1177 4904 incedens.
1224 4847 1352 4902 Haec
1389 4844 1573 4901 omnia
1614 4846 1786 4901 haere-

216 4936 317 4993 ticis
333 4939 585 5011 (quorum
621 4948 806 5010 typum
849 4943 994 4992 tenet
1018 4935 1288 5005 Herodes)
1329 4941 1658 5007 congruunt,
1694 4932 1787 5005 qui

215 5024 479 5096 Christum,
508 5028 567 5083 id
616 5035 700 5082 est
748 5025 1103 5081 humilitatem
1165 5022 1485 5079 Christianae
1531 5020 1677 5088 ﬁdei,
1729 5021 1784 5076 in

153 5154 163 5169 .
215 5115 534 5171 credentibus
554 5122 825 5171 conantur
840 5114 1210 5187 exstinguere.
1237 5115 1373 5169 Ecce
1394 5114 1557 5185 ejicio
1581 5111 1783 5168 daemo-

216 5204 317 5267 nia,
346 5213 446 5261 etc.
478 5204 653 5273 Quasi
675 5203 882 5259 diceret
914 5221 926 5256 :
957 5203 1073 5259 Nec
1119 5202 1386 5271 Herodes,
1421 5217 1522 5256 nec
1542 5198 1785 5256 haeretici

214 5304 417 5358 quorum
447 5292 568 5364 ipse
593 5291 771 5365 figura
789 5300 890 5361 est,
909 5284 1164 5361 poterunt
1187 5289 1512 5361 perturbare
1534 5289 1682 5361 quod
1701 5288 1782 5343 in-

213 5379 352 5433 tendo
380 5379 585 5437 facere.
638 5379 865 5435 Intendo
922 5388 1103 5434 autem
1159 5379 1356 5448 ejicere
1414 5376 1685 5433 daemonia
1712 5377 1783 5432 de

214 5465 469 5523 cordibusv
496 5468 804 5533 hominum,
863 5476 921 5523 ut
977 5467 1178 5523 relictis
1224 5466 1551 5522 vanitatibus
1609 5465 1664 5520 in
1692 5481 1782 5521 me

214 5555 413 5611 credant
444 5577 460 5625 ;
492 5566 547 5614 et
568 5556 837 5629 perficere
896 5556 1174 5624 sanitates,
1223 5564 1282 5610 ut
1329 5556 1629 5611 secundum
1657 5569 1783 5610 mea

218 5654 466 5718 praecepta
486 5647 675 5704 vivant
697 5667 711 5713 ;
745 5654 938 5718 postea
956 5643 1371 5703 consummorin
1386 5660 1510 5701 meo
1523 5660 1777 5716 corpore,

1071 266 1343 325 GLOSSA
1380 266 1788 325 ORDINARIA.
1829 293 1899 308 --
1934 267 2201 326 EVANG.
2244 269 2396 327 LUC.

3356 278 3459 331 306

1867 393 2013 463 quod
2043 401 2126 449 est
2153 394 2425 465 Ecclesia,
2460 410 2571 466 qua
2626 396 2682 449 in
2710 395 2798 452 die
2846 398 3303 454 resurrectionnis
3332 398 3461 471 glo-

1863 480 2131 537 rificatam
2162 483 2232 537 ad
2260 483 2594 539 consortium
2625 486 2950 555 angelorum
2981 486 3300 557 perducam.

1936 569 2105 625 Vsus.
2141 574 2228 627 33.
2262 601 2333 611 —
2374 575 2783 629 Verumtamem
2812 579 3046 647 oportet.
3106 576 3230 631 Non
3259 576 3460 647 poterit

1862 658 2187 728 perturbare
2234 660 2481 715 Herodes
2512 661 2641 732 quin
2686 662 2761 716 ita
2802 678 2966 734 agam
2996 670 3049 718 et
3107 662 3183 717 ita
3212 678 3460 719 consum-

1863 761 2003 815 mar,
2027 748 2125 802 sed
2145 763 2247 803 nec
2275 757 2507 804 mortem
2539 749 2788 821 corporis
2819 750 2928 805 mei
2972 751 3175 821 poterit
3214 752 3455 822 operari,

1865 851 2027 905 quam
2056 836 2112 890 in
2136 836 2437 891 Jerusalem
2480 845 2695 908 oportet
2750 837 2889 908 ﬁeri,
2950 840 3043 894 ubi
3072 854 3183 894 non
3210 839 3329 911 ipse
3360 839 3459 896 sed

1865 922 2067 977 Pilatus
2097 924 2427 980 dominatur.
2462 926 2628 981 Hodie
2657 930 2711 981 et
2742 944 2888 997 cras,
2936 936 3042 983 etc.
3102 928 3286 982 Prima
3314 928 3455 997 dies,

1866 1019 1949 1065 est
1977 1028 2076 1081 per
2105 1013 2203 1067 Dei
2261 1013 2494 1085 gratiam
2539 1015 2921 1069 abrenuntiare
2964 1016 3316 1071 vanitatibus.
3351 1016 3456 1072 Se-

1866 1101 2063 1170 cunda,
2111 1102 2448 1157 concordare
2484 1102 2697 1157 veritati
2717 1103 2963 1158 moribus
2994 1112 3048 1160 et
3077 1105 3206 1159 vita.
3248 1105 3452 1173 Tertia,

1866 1197 1949 1244 est
1964 1189 2152 1243 ultima
2173 1188 2519 1261 gloriﬁcatio.

1936 1278 2107 1334 Vnus.
2132 1280 2219 1332 34.
2252 1309 2322 1319 -
2349 1280 2683 1345 Jerusalem,
2716 1287 2820 1335 etc.
2883 1279 2986 1336 Ubi
3014 1282 3295 1351 prophetae
3322 1280 3451 1351 mei,

1865 1364 1943 1420 ibi
1970 1381 2076 1438 ego
2104 1374 2267 1437 caput
2295 1367 2686 1437 prophetarum
2706 1368 2883 1423 debeo
2900 1368 3188 1437 immolari,
3219 1383 3320 1439 pro
3347 1382 3457 1441 quo

1866 1461 2095 1526 peccato
2120 1455 2266 1523 juste
2295 1456 2415 1527 ipsa
2445 1456 2778 1525 destruetur,
2845 1456 2935 1513 cui
2978 1456 3333 1512 destructioni
3364 1469 3459 1513 eo—

1868 1558 1992 1597 rum
2021 1542 2158 1598 sicut
2186 1543 2310 1614 pius
2339 1551 2498 1614 pater
2543 1544 2829 1600 condoleo.
2884 1545 3107 1613 Quoties
3143 1544 3297 1601 volui
3328 1560 3461 1602 con-

1868 1647 2117 1703 gregare.
2150 1634 2228 1687 Ac
2258 1631 2304 1686 si
2333 1632 2512 1688 dicat:
2558 1632 2679 1706 Ego
2733 1632 2879 1688 volui
2939 1640 2993 1689 et
3019 1641 3075 1687 tu
3105 1633 3326 1688 noluisti
3357 1649 3372 1688 :
3407 1640 3461 1689 et

1872 1727 2137 1791 quotquot
2164 1721 2500 1793 congregavi
2528 1737 2652 1776 mea
2671 1721 2947 1777 voluntate
2977 1737 3197 1792 semper
3225 1720 3457 1791 efﬁcaci,

1864 1814 1917 1862 te
1946 1807 2163 1862 nolente
2210 1807 2333 1874 feci,
2368 1808 2494 1881 quia
2540 1810 2756 1883 ingrata
2810 1826 3028 1881 semper
3065 1809 3232 1865 fuisti.
3283 1811 3457 1867 Filios

1868 1899 2011 1952 tuos.
2034 1896 2095 1950 In
2123 1896 2229 1953 hoc
2258 1897 2406 1968 quod
2452 1897 2581 1954 dicit
2614 1914 2627 1953 :
2673 1898 2895 1965 Quoties
2933 1899 3086 1955 volui
3116 1912 3455 1970 congregare

1864 1985 2013 2054 ﬁlios
2035 1988 2177 2055 tuos,
2211 1993 2339 2054 etc.,
2373 2001 2565 2043 omnes
2586 1994 2736 2042 retro
2772 1987 3069 2057 prophetas
3091 2001 3124 2042 a
3152 2002 3212 2042 se
3259 1985 3460 2043 missos

1866 2079 2114 2128 testatur.
2180 2073 2655 2142 Quemadmodum
2725 2076 2862 2144 avis,
2921 2082 3027 2132 etc.
3078 2074 3311 2130 Pulchre
3368 2073 3463 2147 qui

1868 2162 2143 2216 Herodem
2172 2162 2240 2217 de
2270 2179 2371 2217 sua
2398 2179 2535 2219 nece
2555 2170 2879 2219 tractantem
2907 2164 3126 2235 vulpem
3149 2171 3457 2231 vocaverat,

1869 2266 1930 2305 se
1960 2249 2048 2305 avi
2076 2258 2378 2320 comparat,
2443 2251 2571 2322 quia
2608 2251 2953 2308 fraudulenta
2992 2252 3184 2324 vulpes
3242 2266 3465 2323 semper

1870 2337 2063 2392 avibus
2094 2338 2319 2393 insidias
2349 2340 2539 2395 tendit.

1940 2427 2110 2483 Vsus.
2144 2429 2231 2481 35.
2265 2458 2334 2467 —
2363 2429 2571 2484 Domus
2608 2432 2815 2485 vestra.
2838 2428 3124 2499 Templum
3145 2428 3232 2484 vel
3255 2428 3451 2485 civitas

1867 2514 2015 2586 quia,
2050 2514 2234 2570 occiso
2256 2516 2505 2584 Domino,
2542 2515 2773 2572 Romani
2802 2517 2960 2588 quasi
2998 2532 3234 2573 vacuum
3270 2517 3461 2572 nidum

1867 2602 2209 2674 diripientes,
2242 2604 2482 2659 tulerunt
2496 2604 2674 2660 locum
2710 2612 2765 2660 et
2793 2613 3032 2678 gentem.
3065 2606 3185 2667 Non
3202 2604 3464 2662 videbitis

1866 2708 1975 2758 me,
2010 2699 2116 2748 etc.
2148 2692 2267 2747 Nisi
2295 2692 2670 2763 paenitentiam
2725 2693 2950 2765 egeritis
2997 2701 3052 2749 et
3079 2692 3317 2751 confessi
3345 2692 3466 2750 fue-

1867 2779 1985 2834 ritis
2015 2796 2104 2835 me
2136 2780 2331 2835 Filium
2362 2782 2749 2853 omnipotentis
2777 2782 2973 2849 Patris,
3010 2781 3067 2837 in
3097 2782 3341 2838 secundo
3368 2782 3465 2839 ad-

1867 2875 2033 2923 ventu
2062 2868 2257 2924 faciem
2286 2886 2463 2925 meam
2493 2886 2602 2925 non
2634 2870 2907 2925 videbitis.
2936 2871 3074 2926 Cum
3102 2870 3320 2938 dicetis,
3355 2878 3463 2927 etc.

1868 2956 1985 3012 Hoc
2016 2957 2237 3029 quidem
2267 2959 2441 3015 turba:
2460 2960 2713 3015 dixerunt
2743 2959 2975 3015 Domino
3006 2959 3257 3014 veniente
3286 2958 3342 3013 in
3368 2959 3466 3014 Je—

1869 3044 2129 3101 rusalem.
2167 3046 2276 3101 Sed
2297 3047 2424 3118 quia
2454 3048 2628 3104 Lucas
2650 3063 2759 3103 non
2789 3047 2919 3103 dicit
2937 3046 3227 3102 Dominum
3254 3046 3325 3101 ad
3355 3046 3467 3104 Ga-

1868 3131 2041 3189 lilaeos
2069 3142 2263 3206 postea
2310 3152 2616 3203 reversum,
2656 3143 2717 3191 ut
2741 3136 2813 3191 ab
2853 3135 2959 3191 illis
2977 3136 3084 3192 hoc
3112 3135 3163 3190 ei
3191 3135 3463 3191 decanta-

1866 3229 2033 3289 retur,
2082 3223 2231 3296 cogit
2275 3224 2502 3295 mystice
2523 3225 2628 3282 hoc
2674 3225 2743 3280 de
2790 3224 3026 3281 adventu
3067 3222 3329 3281 claritatis
3362 3222 3451 3280 in-

1866 3309 2055 3383 telligi.

2452 3453 2679 3511 CAPUT
2706 3453 2853 3509 XIV.

1939 3611 2008 3664 Et
2027 3610 2249 3679 factum
2288 3608 2394 3672 est,
2428 3612 2532 3661 etc.
2571 3594 2776 3677 Ὕδωρ,
2809 3619 2972 3675 aqua,
3020 3604 3146 3659 inde
3177 3604 3459 3676 hydropis,

1867 3697 2094 3755 morbus
2114 3709 2355 3767 aquosus
2386 3693 2776 3763 subcutaneus,
2809 3693 2877 3747 de
2926 3691 3058 3749 vitio
3086 3692 3284 3749 vesicae
3310 3701 3472 3749 natus

1870 3802 1997 3844 cum
2052 3782 2330 3838 inflatione
2380 3788 2633 3853 turgente
2689 3788 2743 3836 et
2786 3780 3025 3835 anhelitu
3064 3778 3249 3836 fetido.
3282 3781 3350 3836 Et
3379 3788 3465 3838 est

1872 3873 2156 3948 proprium
2202 3868 2508 3942 hydropici,
2543 3876 2746 3941 quanto
2789 3867 2912 3939 plus
2967 3866 3121 3936 bibit,
3152 3875 3301 3924 tanto
3347 3868 3472 3939 plus

1869 3964 1995 4029 sitit,
2020 3970 2073 4017 et
2097 3960 2223 4015 ideo
2251 3966 2602 4028 comparatur
2659 3957 2710 4013 ei
2746 3973 2910 4029 quem
2945 3955 3127 4011 ﬂuxus
3156 3955 3461 4012 carnalium

1874 4052 2213 4121 voluptatum
2243 4046 2552 4102 exuberans
2581 4053 2866 4119 aggravat,
2899 4051 3357 4119 comparaturque
3387 4044 3471 4101 di-

1873 4139 1968 4195 viti
1985 4153 2170 4194 avaro.

1944 4229 2118 4283 Vens.
2152 4229 2204 4280 3.
2229 4255 2298 4266 -
2326 4224 2387 4279 Si
2409 4223 2560 4293 licet,
2595 4229 2700 4279 etc.
2724 4221 2976 4278 Sabbatis
3004 4221 3281 4294 praecipue
3312 4221 3476 4278 docet

1877 4324 1930 4371 et
1960 4321 2221 4386 Operatur
2247 4314 2428 4383 Jesus,
2453 4327 2564 4367 non
2586 4311 2761 4367 solum
2791 4319 3018 4383 pr0pter
3048 4309 3327 4382 spirituale
3348 4310 3476 4365 sab-

1882 4405 2090 4469 batum.
2124 4402 2222 4457 sed
2251 4407 2306 4456 et
2332 4406 2557 4472 propter
2608 4399 2795 4471 p0puli
2826 4398 3185 4455 celebriorem
3229 4413 3473 4454 conven-

1888 4500 2021 4558 tum,
2049 4506 2300 4563 quaerens
2330 4489 2562 4544 salutem
2592 4487 2850 4544 omnium.

1956 4582 2128 4637 Vnus.
2165 4579 2217 4633 4.
2251 4608 2320 4619 -
2349 4577 2421 4631 At
2442 4577 2533 4632 illi
2552 4578 2875 4632 tacuerunt.
2922 4572 3114 4628 Merito
3161 4580 3356 4640 tacent,
3382 4573 3475 4646 qui

1888 4676 2081 4726 contra
2102 4683 2161 4723 se
2192 4666 2465 4720 dicturum
2496 4662 2760 4735 quidquid
2780 4661 2990 4717 dixerat
3007 4661 3209 4717 vident.
3245 4662 3301 4717 Si
3332 4661 3478 4718 enim

1885 4758 2030 4826 licet,
2066 4772 2164 4811 cur
2193 4750 2537 4810 observant?
2566 4748 2622 4806 Si
2650 4766 2761 4804 non
2815 4748 2958 4815 licet,
3009 4763 3109 4806 cur
3144 4765 3347 4821 pecora
3374 4766 3476 4806 cu-

1885 4845 2047 4901 rant?
2080 4846 2197 4917 Ipse
2226 4858 2371 4897 vero.
2424 4840 2555 4894 Ideo
2594 4847 2718 4893 ante
2776 4838 3080 4893 Pharisaeos
3118 4838 3476 4909 hydropicum

1887 4941 2058 4999 sanat,
2092 4940 2143 4987 et
2189 4947 2315 4985 mox
2374 4935 2566 4985 contra
2622 4924 2907 4982 avaritiam
2940 4926 3193 4996 disputat,
3244 4934 3303 4980 ut
3330 4926 3480 4997 ipsos

1886 5020 2126 5077 avaritia:
2159 5025 2359 5091 arguat
2387 5033 2486 5088 per
2528 5030 2693 5087 quam
2753 5014 3037 5069 sabbatum
3066 5014 3291 5081 violant,
3325 5022 3378 5070 et
3406 5014 3478 5070 le-

1884 5127 2010 5183 gem
2040 5108 2183 5164 male
2241 5096 2685 5176 interpretantur.
2720 5104 2782 5158 In
2840 5101 3064 5157 sabbato
3120 5101 3265 5158 enim
3303 5118 3412 5158 non
3449 5119 3482 5157 a

1883 5199 2061 5265 bonis,
2097 5197 2195 5252 sed
2215 5212 2248 5251 a
2275 5193 2437 5250 malis
2466 5192 2723 5265 operibus
2755 5190 3060 5247 feriundum
3089 5199 3190 5262 est,
3221 5191 3366 5247 unde
3399 5191 3481 5247 di-

1884 5288 2059 5344 citur:
2117 5287 2292 5342 Omne
2331 5301 2465 5356 opus
2504 5282 2702 5339 servile
2732 5298 2847 5338 non
2878 5281 3104 5353 facietis
3136 5281 3201 5336 in
3231 5297 3291 5338 eo
3330 5281 3476 5352 (Leu.

1881 5374 2068 5447 χχιιι),
2098 5374 2153 5429 id
2182 5381 2264 5429 est
2284 5380 2586 5445 peccatum.
2631 5369 2722 5427 Sic
2742 5370 2798 5425 in
2835 5379 3038 5427 aeterna
3070 5369 3261 5444 requie
3291 5385 3326 5426 a
3354 5386 3471 5427 ma-

1882 5464 1950 5521 lis
1972 5471 2183 5520 tantum
2213 5461 2514 5527 feriabitur,
2547 5476 2658 5517 non
2689 5474 2723 5515 a
2751 5459 2929 5517 bonis.

1952 5555 2124 5610 Vsus.
2158 5553 2209 5608 5.
2244 5583 2313 5592 —
2346 5551 2516 5623 Cujus
2535 5554 2804 5607 vestrum.
2857 5546 3194 5620 Competenti
3222 5547 3477 5619 exemplo

1881 5642 2044 5700 solvit
2070 5648 2446 5715 quaestionem,
2470 5646 2527 5695 ut
2555 5638 2808 5696 ostendat
2837 5653 2932 5694 eos
2962 5638 3251 5695 sabbatum
3267 5636 3477 5699 violare
