3932 6178
407 295 516 349 307
610 300 613 305 ’

974 290 1381 347 WALAFRIDI
1418 289 1661 345 STRABI
1699 288 1898 344 FULD.
1938 286 2111 344 MON.
2154 286 2307 343 OPP.
2348 288 2524 345 PARS
2550 264 2604 343 VI.
2638 318 2708 330 —-
2736 288 3204 346 TIIEOLOGICA.

3608 295 3708 349 308

417 414 475 470 in
506 430 675 487 opere
728 414 1054 487 cupiditatis,
1116 414 1207 486 qui
1261 430 1384 469 eum
1437 412 1635 469 violare
1688 420 1916 483 arguunt
1961 411 2015 466 in
2039 413 2281 474 Artibus
2310 417 2366 469 et
2393 414 2755 469 ebrietatibus
2787 414 2966 485 (Rom.
2999 415 3142 485 vm),
3175 412 3231 469 id
3262 422 3347 469 est
3375 414 3434 469 in
3465 414 3710 471 luxurio-

420 519 588 575 opere
606 503 896 559 charitatis.
952 505 1053 559 Bos
1096 504 1160 558 in
1200 507 1457 575 puteum.
1516 501 1765 572 Congrue
1797 500 2015 555 animali

421 592 566 664 quod
596 591 795 648 decidit
825 592 880 645 in
899 599 1117 663 puteum
1150 590 1501 663 hydropicum
1557 596 1848 661 comparat,
1890 588 2014 661 quia

422 680 583 736 noxio
615 681 842 735 humore
894 678 1120 750 peribat.
1179 679 1246 733 Et
1300 678 1440 733 bene
1492 678 1688 734 bovem
1732 686 1785 732 et
1803 677 2014 731 asinum

421 768 678 833 nominat,
712 776 768 823 ut
789 767 875 823 vel
905 767 1176 837 sapientes
1228 766 1316 822 vel
1343 766 1586 835 hebetes,
1617 766 1705 821 vel
1732 774 2013 837 utrumque

419 855 679 927 pOpulum
708 854 902 927 signat,
936 854 1141 912 scilicet
1169 855 1415 909 Judaeum
1450 870 1699 925 pressum
1714 854 1846 924 jugo
1873 852 2013 924 legis

422 952 477 999 et
501 943 757 1014 gentilem
788 942 930 997 nulla
959 942 1161 998 ratione
1195 942 1475 1007 domitum,
1532 942 1629 997 sed
1661 941 1912 996 stolidum
1963 948 2013 994 et

420 1031 650 1100 brutum,
683 1047 818 1103 quos
847 1046 1037 1086 omnes
1066 1048 1097 1085 a
1129 1039 1290 1102 puteo
1318 1030 1768 1101 concupiscentia:
1795 1030 2013 1084 demer-

422 1134 514 1174 sos
541 1119 813 1173 extrahit:
865 1119 1068 1175 Omnes
1112 1120 1267 1174 enim
1318 1122 1713 1191 peccaverunt,
1765 1122 1822 1172 et
1850 1122 2014 1189 egent

422 1206 611 1278 gratia
641 1208 743 1262 Dei
768 1208 944 1273 (Rom.
988 1207 1197 1273 xxxv).

493 1312 666 1367 Vens.
698 1314 751 1366 "l.
783 1342 852 1351 —
882 1312 1107 1368 Dicebat
1135 1316 1347 1368 autem.
1389 1312 1678 1383 Postquam
1711 1310 2016 1367 convicerat

423 1398 635 1470 illos'jdc
684 1399 919 1454 avaritia
964 1408 1016 1455 et
1062 1399 1351 1455 violatione
1399 1399 1630 1464 sabbati,
1705 1398 1890 1469 incipit
1918 1398 2017 1453 do-

420 1502 549 1543 cere
575 1487 643 1542 de
673 1487 1002 1559 Evangelica
1058 1487 1229 1559 gratia
1257 1487 1378 1543 illos
1411 1487 1502 1559 qui
1544 1487 1767 1542 aderant
1810 1486 2012 1552 idonei,

422 1575 659 1630 invitans
686 1575 807 1631 illos
824 1576 893 1630 ad
924 1574 1275 1631 humilitatem
1314 1584 1497 1631 contra
1553 1584 1821 1630 tumorem
1852 1590 2015 1646 quem

426 1664 693 1719 habebant
723 1663 778 1718 in
807 1664 931 1737 lege
952 1664 1228 1729 Pharisaei,
1262 1664 1349 1720 vel
1374 1664 1660 1719 intendens
1689 1664 1744 1717 in
1772 1662 2015 1718 doctrina

2111 500 2188 555 sis
2217 500 2501 566 conviviis,
2536 517 2657 574 quae
2687 510 2779 556 aut
2811 501 3105 557 collatione
3153 502 3399 557 omnium
3426 502 3711 559 celebran-

2109 597 2217 655 tur,
2249 597 2342 645 aut
2369 589 2581 645 vicibus
2610 589 3095 645 contubernalibus
3130 589 3307 645 solent
3336 591 3589 646 exhiberi
3615 593 3706 647 ubi

2110 677 2381 732 neminem
2410 677 2609 747 pudeat
2635 677 2838 750 aliquid
2894 678 3239 734 inhonestum
3294 678 3482 734 facere
3512 678 3601 735 vel
3629 679 3713 735 di-

2114 780 2259 820 cere.
2322 767 2399 821 Ne
2427 769 2595 837 forte.
2644 764 2815 834 Quasi
2845 765 3031 822 dicat:
3066 766 3124 821 Si
3162 767 3401 821 intendis
3451 767 3707 834 invitare,

2113 861 2170 906 ut
2200 853 2467 920 inviteris,
2502 853 2577 907 ibi
2605 861 2763 923 potes
2793 852 2905 909 falli
2941 874 2958 921 ,-
2988 854 3085 909 sed
3117 854 3164 909 si
3184 854 3535 910 distribueris
3581 871 3713 927 pau-

2110 941 2354 1012 peribus,
2388 942 2457 996 de
2485 943 2741 997 mercede
2772 957 2883 997 non
2914 941 3134 997 falleris.

2186 1038 2354 1092 Vens.
2391 1041 2476 1092 13.
2509 1067 2578 1078 —
2610 1040 2743 1095 Voca
2767 1055 3065 1111 pauperes.
3112 1038 3219 1108 Qui
3254 1055 3528 1111 pauperes
3558 1050 3715 1096 vocat

2114 1127 2169 1180 in
2198 1125 2380 1181 futuro
2408 1126 2695 1197 praemium
2714 1127 2999 1198 percipiet.
3054 1126 3159 1197 Qui
3189 1128 3396 1183 amicos
3425 1137 3481 1183 et
3511 1127 3716 1184 fratres

2115 1222 2168 1268 et
2216 1214 2411 1269 divites
2453 1222 2631 1282 vocat,
2674 1215 2881 1286 recepit
2935 1216 3245 1272 mercedem
3294 1232 3467 1271 suam.
3501 1216 3618 1272 Sed
3672 1219 3718 1273 si

2115 1303 2220 1358 hoc
2238 1310 2464 1373 propter
2492 1303 2666 1358 Deum
2712 1302 2860 1373 facit,
2885 1304 2940 1358 in
2984 1303 3291 1375 exemplum
3320 1303 3561 1361 ﬁliorum
3589 1305 3712 1372 Job,

2116 1390 2256 1446 sicut
2310 1399 2507 1446 caetera
2560 1390 2815 1446 fraterna;
2865 1391 3173 1447 dilectionis
3217 1391 3414 1463 ofﬁcia,
3463 1393 3586 1464 ipse
3626 1395 3716 1465 qui

2109 1479 2271 1548 jussit
2300 1487 2633 1534 remunerat.
2656 1477 2759 1547 Qui
2798 1479 3105 1536 luxuriosos
3160 1488 3386 1552 propter
3428 1481 3716 1537 lasciviam

2114 1574 2293 1633 vocat,
2312 1582 2490 1638 poena
2516 1583 2626 1622 non
2654 1567 2879 1623 carebit.

2187 1673 2355 1727 Vens.
2392 1676 2477 1728 14.
2501 1703 2570 1712 —
2587 1674 2651 1728 In
2672 1676 3105 1730 resurrectione.
3140 1674 3274 1730 Cum
3300 1690 3494 1729 omnes
3524 1691 3708 1731 resur-

424 1767 521 1807 sua
540 1751 810 1823 quomodo
841 1751 1073 1807 debeant
1101 1751 1375 1807 accubitus
1423 1752 1476 1805 in
1507 1751 1754 1807 Ecclesia
1784 1751 2010 1823 eligere.
2041 1764 2095 1823 B
2120 1761 2322 1815 recturi
2371 1760 2496 1825 sint,
2550 1770 2731 1817 tamen
2788 1762 3138 1834 singulariter
3183 1771 3236 1817 et
3290 1764 3446 1835 quasi
3490 1764 3720 1835 propria

500 1865 671 1921 Vens.
693 1868 744 1920 8.
760 1895 829 1906 —-
846 1866 982 1922 Cum
998 1866 1276 1921 invitatus
1302 1867 1501 1937 fueris.
1522 1865 1656 1920 Cum
1676 1881 1775 1936 per
1793 1864 2019 1935 gratiam

426 1953 552 2008 fidei
604 1960 825 2010 vocatus
863 1970 894 2008 a
932 1954 1303 2025 praedicatore,
1353 1953 1613 2008 membris
1652 1953 1913 2009 Ecclesiae
1971 1959 2023 2008 te

420 2041 685 2110 iunxeris,
718 2057 826 2097 non
857 2050 909 2097 te
939 2043 1009 2097 de
1049 2042 1256 2097 meritis
1284 2041 1586 2114 gloriando,
1632 2041 1786 2112 quasi
1814 2041 2021 2095 caeteris

428 2129 708 2186 sublimior
737 2130 980 2185 extollas.
1014 2132 1092 2187 Nc
1120 2133 1269 2203 forte
1300 2130 1645 2186 honoratior.
1679 2128 2021 2184 Honoratiori

427 2226 552 2289 post
570 2218 791 2274 invitato
821 2219 995 2274 locum
1051 2220 1161 2285 dat,
1185 2218 1274 2290 qui
1305 2218 1374 2272 de
1435 2234 1547 2273 sua:
1597 2216 2021 2273 conversationis

430 2304 753 2360 conﬁdentia
783 2306 1027 2363 securior
1067 2307 1255 2372 factus,
1324 2305 1430 2361 cito
1485 2305 1699 2360 illorum
1752 2305 1843 2377 qui
1875 2321 1935 2360 se
1963 2305 2018 2359 in

432 2393 646 2449 Christo
676 2395 847 2450 secuti
877 2404 1002 2449 sunt
1027 2395 1266 2467 agilitate
1308 2394 1546 2465 praeitur.
1578 2394 1647 2448 Et
1674 2409 1794 2449 cum
1824 2393 2019 2447 rubore

431 2481 786 2537 novissimum
812 2483 990 2540 locum
1035 2490 1199 2549 tenet,
1241 2490 1367 2548 etc.,
1416 2497 1540 2537 cum
1570 2481 1638 2537 de
1666 2480 1782 2535 aliis
1799 2480 2020 2537 meliora

427 2584 789 2643 cognoscens,
815 2571 1074 2644 quidquid
1104 2571 1174 2626 de
1202 2587 1313 2625 suae
1330 2570 1641 2641 operatione
1672 2570 1839 2623 altum
1886 2585 2021 2623 sen-

429 2666 589 2725 serat,
613 2659 872 2728 humiliat,
915 2660 1103 2715 dicens
1119 2675 1243 2715 cum
1264 2660 1567 2728 Propheta:
1592 2658 1899 2713 Exaltatus
1910 2674 2018 2712 au-

430 2750 546 2803 tem
576 2747 913 2803 humiliatus
942 2765 1071 2803 sum
1098 2752 1155 2803 et
1184 2751 1475 2817 confessus
1505 2746 1679 2817 (Psal.
1734 2746 2016 2815 Lxxxvn).

498 2860 671 2915 Vens.
692 2864 743 2915 9.
775 2893 845 2902 —
873 2866 943 2917 ut
1002 2867 1140 2918 tunc
1188 2862 1454 2935 incipias,
1492 2868 1594 2916 etc.
1622 2861 1689 2915 Et
1721 2868 1867 2925 tunc,
1900 2876 2021 2916 eru-

425 2950 658 3005 bescens
686 2951 830 3022 quod
859 2950 927 3005 de
956 2958 1007 3005 te
1036 2949 1322 3022 aliquando
1350 2950 1549 3017 majora
1604 2948 2013 3020 prmsumpsisti,

420 3037 650 3109 incipies
679 3038 747 3093 ad
805 3039 1175 3109 paenitentiam
1230 3037 1526 3104 humiliari,
1582 3046 1635 3091 et
1690 3044 1740 3091 te
1793 3037 2017 3092 minoris

2121 1849 2317 1905 dicitur
2346 1850 2678 1905 resurrectio
2716 1851 3009 1919 justorum,
3062 1851 3155 1922 qui
3175 1851 3230 1904 in
3261 1867 3328 1906 ea
3347 1860 3474 1906 sunt
3510 1852 3717 1908 immu-

2120 1938 2288 1992 tandi.

2192 2027 2359 2081 Vens.
2395 2029 2480 2080 15.
2514 2058 2583 2067 —
2614 2029 2738 2082 Haec
2759 2044 2888 2083 cum
2917 2028 3188 2095 audisset,
3222 2036 3325 2084 etc.
3351 2028 3572 2085 Illectus
3590 2030 3717 2085 dul-

2119 2114 2312 2169 cedine
2361 2116 2561 2171 audita:
2589 2116 3007 2171 resurrectionis
3043 2116 3100 2170 in
3153 2117 3371 2172 laudem
3430 2118 3553 2186 ejus
3581 2135 3717 2190 pro-

2120 2204 2340 2274 rumpit,
2373 2211 2425 2258 et
2454 2204 2509 2260 in
2539 2220 2604 2259 ea
2636 2219 2761 2259 vere
2816 2205 3005 2260 beatos
3061 2203 3179 2260 fore
3224 2206 3440 2272 asserit,
3474 2207 3581 2262 etsi
3609 2224 3720 2263 non

2122 2291 2261 2347 bene
2282 2291 2550 2365 intelligat
2580 2292 2777 2364 quibus
2795 2293 3005 2347 meritis
3035 2293 3105 2349 ad
3141 2293 3287 2347 illam
3317 2294 3715 2351 beatitudinem

2119 2380 2291 2451 possit
2324 2380 2532 2453 attingi.
2568 2383 2791 2446 Beatus,
2814 2389 2919 2437 etc.
2951 2383 3012 2438 Si
3033 2383 3157 2454 quis
3185 2383 3626 2439 manducauerit
3645 2400 3717 2440 ea:

2123 2467 2221 2523 hoc
2251 2485 2418 2539 pane,
2451 2471 2597 2525 vivet
2618 2471 2680 2524 in
2710 2473 2991 2524 (eternum
3031 2471 3217 2540 (Joan.
3252 2471 3350 2539 v1).
3394 2470 3452 2525 Si
3481 2472 3609 2543 quis
3630 2473 3716 2527 in-

2122 2556 2450 2612 carnationis
2472 2565 2815 2611 sacramento
2835 2556 3078 2627 perfecte
3095 2558 3498 2629 incorporatus,
3518 2560 3719 2617 divine

2118 2645 2417 2713 majestatis
2448 2646 2657 2700 visione
2716 2645 2821 2699 frui
2850 2646 3127 2712 meruerit,
3174 2647 3265 2703 hic
3302 2655 3506 2702 seterna
3536 2649 3718 2705 beati-

2120 2732 2305 2787 tudine
2348 2732 2624 2806 gaudebit.
2686 2733 2794 2787 Sed
2837 2733 2965 2805 quia
3001 2733 3155 2789 multi
3211 2733 3319 2790 ﬁde
3368 2744 3527 2790 tenus
3565 2740 3719 2810 quasi

2120 2821 2325 2877 orando
2346 2822 2673 2892 percipiunt,
2732 2821 3075 2877 dulcedinem
3128 2838 3257 2878 vero
3287 2823 3403 2892 ejus
3443 2827 3711 2882 veraciter

2120 2909 2387 2980 attingere
2420 2908 2719 2975 fastidiunt,
2752 2918 2938 2980 torpor
2968 2925 3156 2965 eorum
3186 2911 3551 2984 redarguitur.

2194 3026 2364 3081 Vens.
2400 3028 2487 3080 16.
2520 3057 2589 3066 —
2619 3028 2788 3083 Homo
2815 3027 3066 3099 quidam,
3096 3036 3201 3084 etc.
3252 3029 3492 3085 Verbum
3534 3030 3713 3087 incar-

423 3141 756 3198 cognosccre
786 3127 981 3197 meriti,
1038 3143 1107 3181 ne
1145 3143 1286 3181 nunc
1344 3126 1569 3196 incipias
1596 3141 1836 3197 quaerere
1872 3125 2015 3198 quod
2044 3113 2093 3177 C
2114 3122 2297 3168 natum
2327 3114 2644 3169 δοοίθῐθιϐῐη
2672 3114 2898 3170 intem!!!
2927 3116 3227 3171 dulcedinis
3260 3117 3445 3172 mllltis
3476 3136 3700 3190 praepa-

423 3213 521 3269 tibi
548 3223 789 3271 servatur
817 3214 872 3269 in
887 3214 1012 3280 ﬁne,
1046 3215 1169 3287 quia
1234 3215 1519 3270 hereditas
1568 3214 1637 3268 ad
1674 3230 1831 3286 quam
1866 3212 2013 3268 festi-

421 3311 579 3358 natur
602 3302 658 3357 in
684 3303 967 3375 principio,
1000 3303 1055 3357 in
1114 3303 1408 3358 novissima
1452 3302 1830 3358 benedictione
1873 3301 2013 3356 deﬁ-

420 3391 547 3448 ciet.

495 3506 665 3561 Vens.
700 3509 785 3562 10.
819 3535 888 3546 —
927 3507 1076 3561 Tunc
1096 3506 1212 3561 erit
1238 3505 1340 3560 tibi
1368 3506 1570 3576 gloria,
1607 3512 1713 3560 etc.
1761 3503 2014 3572 Quotidie

424 3593 707 3653 Dominus.
750 3595 876 3649 dum
917 3594 1172 3649 convivas
1227 3610 1355 3649 suos
1400 3592 1579 3648 visitat
1630 3602 1683 3648 et
1740 3592 2011 3662 dijudicat,

422 3690 563 3737 tanta
594 3683 811 3753 spiritus
866 3682 948 3736 sui
996 3682 1287 3737 humilibus
1333 3682 1473 3736 dona
1529 3690 1770 3753 praestat,
1830 3690 1887 3735 ut
1921 3696 2016 3736 eos

419 3780 592 3827 ccetus
621 3770 857 3827 fidelium
888 3787 1009 3828 cum
1027 3770 1381 3827 admiratione
1424 3770 1688 3842 glorificet
1718 3789 1734 3839 ;
1769 3779 2019 3841 stupens-

420 3876 524 3933 que
544 3859 598 3913 in
628 3860 859 3915 auctoris
889 3859 973 3914 sui
1031 3860 1245 3914 laudem
1300 3860 1560 3929 prosiliat,
1622 3858 1848 3913 dicens:
1885 3857 2019 3913 Mihi

421 3951 617 4003 autem
655 3949 830 4003 nimis
899 3946 1257 4017 honoriﬁcati
1299 3948 1438 4002 sunt
1480 3947 1653 4002 amici
1716 3948 1821 4011 tui,
1871 3948 2017 4001 Deus

427 4034 663 4104 (Psalm.
682 4038 988 4102 cxxxvm).

496 4149 666 4203 Vens.
702 4151 787 4204 12.
819 4177 889 4187 —
918 4147 1144 4202 Dicebat
1183 4152 1398 4203 autem.
1432 4147 1739 4203 Secundum
1773 4147 2018 4203 ordinem

424 4236 637 4292 litterae.
659 4236 947 4308 Postquam
974 4235 1182 4291 monuit
1226 4234 1477 4290 invitatos
1533 4235 1760 4307 qualiter
1788 4236 2020 4291 debeant.

423 4325 762 4394 accumbere,
793 4331 979 4379 monet
1006 4332 1057 4378 et
1086 4322 1423 4378 invitatorem
1480 4324 1625 4393 quod
1652 4323 1849 4378 debeat
1875 4324 2018 4379 invi-

421 4420 551 4479 tare,
576 4430 645 4469 ne
683 4412 993 4484 temporalis
1056 4412 1317 4483 expensio
1374 4412 1637 4466 bonorum
1686 4428 1845 4483 quam
1883 4412 2009 4468 facit

419 4502 574 4556 cedat
600 4503 657 4556 in
684 4518 934 4571 vacuum,
960 4502 1045 4557 vel
1077 4500 1303 4557 forsitan
1330 4508 1640 4571 augmentet
1678 4509 1955 4571 peccatum
1990 4520 2003 4556 :

416 4589 515 4643 sed
547 4590 619 4644 ita
647 4591 915 4661 expendat
966 4589 1298 4661 temporalia,
1348 4596 1403 4643 ut
1434 4604 1530 4659 per
1582 4589 1699 4643 haec
1728 4596 1904 4659 pateat
1929 4588 2013 4643 via

415 4675 484 4729 ad
514 4684 734 4731 mterna.
760 4681 827 4732 Et
858 4681 911 4733 ei
933 4682 1026 4751 qui
1054 4696 1112 4734 se
1134 4679 1492 4733 invitaverat.
1544 4675 1779 4747 Principi
1825 4676 2011 4730 Phari-

417 4779 652 4818 sarorum
698 4764 949 4835 loquitur,
1012 4766 1104 4837 qui
1162 4766 1387 4821 forsitan
1435 4764 1716 4835 superbire
1784 4772 2009 4835 poterat,

421 4852 543 4923 quia
563 4860 639 4907 tot
670 4854 737 4906 ad
769 4853 1075 4908 convivium
1130 4854 1286 4924 quasi
1343 4870 1409 4907 ex
1456 4852 1824 4908 misericordia
1854 4869 2018 4908 voca-

422 4947 569 4994 verat
602 4959 617 5005 ;
649 4941 736 4995 vel
755 4941 893 4996 sicut
923 4958 989 4995 ex
1041 4941 1221 4996 verbis
1280 4940 1497 4996 Domini
1552 4949 1730 5011 potest
1781 4940 2010 5011 concipi,

420 5025 545 5081 ideo
573 5028 757 5097 potius
778 5028 1119 5096 invitaverat,
1151 5038 1209 5083 ut
1233 5029 1299 5083 ab
1331 5030 1435 5085 illis
1465 5029 1654 5085 iterum
1677 5029 2010 5094 invitaretur,

420 5122 473 5170 et
502 5114 579 5169 sic
600 5116 743 5170 nulla
773 5117 1026 5188 specialis
1057 5118 1336 5172 retributio
1366 5126 1697 5189 sequeretur.
1746 5119 1871 5175 Noli
1915 5134 2013 5173 vo-

431 5219 564 5259 care
581 5205 813 5260 amicos.
848 5207 1087 5270 Fratres,
1122 5206 1349 5272 amicos,
1383 5214 1436 5260 et
1479 5206 1671 5261 divites
1699 5206 2012 5261 alterutrum

417 5291 663 5347 convivia
693 5293 986 5355 celebrare,
1021 5309 1131 5348 non
1175 5294 1328 5365 quasi
1375 5294 1552 5349 scelus
1598 5295 1884 5361 intercidit,
1915 5296 2012 5349 sed

417 5380 657 5435 ostendit
676 5396 784 5434 non
816 5381 995 5435 valere
1039 5382 1108 5434 ad
1136 5382 1355 5451 praemia
1412 5382 1556 5437 vitae.
1591 5383 1723 5437 Sunt
1753 5390 1934 5437 autem
1962 5390 2016 5437 et

418 5469 667 5540 quaedam
684 5468 866 5523 talium
892 5468 1113 5523 divitum
1159 5470 1427 5537 convivia,
1459 5487 1579 5541 quas
1606 5487 1713 5524 non
1758 5471 1932 5527 solum
1959 5472 2015 5525 in

422 5556 681 5626 praasenti
707 5557 1105 5625 retributiones,
1138 5558 1234 5613 sed
1262 5558 1420 5612 etiam
1453 5558 1851 5613 damnationem
1879 5576 2014 5631 per-

426 5647 628 5724 cipiunt
651 5646 825 5703 futuro
850 5666 863 5713 ;
896 5647 1040 5704 unde
1062 5647 1355 5721 Apostolus
1381 5666 1392 5702 :
1430 5649 1549 5703 Non
1569 5650 1631 5704 in
1649 5650 2014 5705 comessatio-

2113 3202 2267 3268 ravit,
2301 3202 2398 3256 sed
2419 3202 2579 3272 pauci
2608 3203 2849 3270 veniunt,
2900 3204 3029 3274 quia
3082 3205 3236 3259 multi
3293 3206 3386 3277 qui
3412 3223 3515 3277 per
3550 3204 3713 3263 fidem

2113 3291 2163 3345 ei
2193 3290 2549 3358 subjiciuntur
2575 3292 2719 3345 male
2776 3292 3010 3347 vivendo
3055 3293 3105 3347 ei
3135 3293 3391 3349 continuo
3434 3298 3711 3352 contradi-

2114 3387 2254 3435 ceut.
2294 3380 2519 3434 Caenum
2551 3397 2838 3451 magnam.
2873 3381 2988 3436 Hoc
3017 3381 3346 3451 convivium,
3405 3399 3516 3439 non
3556 3401 3713 3456 pran-

2113 3466 2262 3521 dium
2292 3467 2389 3521 sed
2424 3483 2579 3522 cmna
2609 3468 2825 3535 dicitur,
2850 3469 2973 3540 quia
3002 3478 3127 3540 post
3170 3471 3465 3541 prandium
3507 3473 3581 3528 de
3612 3490 3714 3546 quo

2114 3556 2398 3611 Matthaeus
2446 3556 2581 3627 agit,
2616 3572 2771 3611 coena
2830 3566 3019 3621 restat,
3070 3567 3194 3629 post
3250 3574 3467 3615 cumam
3509 3562 3713 3617 nulliun

2117 3644 2424 3699 convivium
2455 3652 2670 3699 restat:
2730 3646 2799 3700 de
2855 3647 3082 3717 prandio
3139 3647 3313 3715 multi,
3380 3658 3433 3703 et
3464 3649 3535 3705 de
3560 3666 3713 3706 ccena

2115 3732 2293 3787 nullus
2322 3733 2553 3801 ejicitur.

2190 3848 2359 3901 Vens.
2397 3848 2483 3902 1'7.
2513 3877 2581 3886 -—
2612 3849 2681 3902 Et
2710 3850 2867 3904 misit
2898 3866 3141 3905 servum.
3199 3851 3341 3906 Hora
3387 3867 3563 3908 ctenae
3594 3851 3712 3907 finis

2117 3935 2299 3989 saeculi
2331 3954 2344 4001 ;
2378 3936 2522 3990 unde
2552 3938 2846 4006 Apostolus
2878 3956 2891 3991 :
2923 3939 3044 3992 Non
3077 3938 3279 3994 scimus
3309 3941 3372 3995 in
3403 3958 3543 4014 quos
3572 3943 3711 4011 ﬁnes

2117 4025 2455 4079 saeculorum
2484 4025 2828 4081 devenerunt
2852 4028 2904 4096 (I
2932 4027 3053 4083 Cor.
3087 4028 3168 4097 Χ).
3201 4028 3260 4082 In
3290 4029 3394 4084 hoc
3427 4028 3536 4085 fine
3553 4031 3712 4084 mitti-

2118 4119 2201 4165 tur
2228 4127 2440 4180 servus,
2500 4111 2555 4165 id
2586 4120 2665 4166 est
2694 4114 2828 4167 ordo
2870 4115 3289 4184 prazdieatorum
3335 4117 3404 4171 ad
3455 4118 3710 4175 invitatos

2119 4214 2216 4269 per
2245 4199 2424 4269 legem
2454 4208 2507 4254 et
2534 4202 2844 4270 prephetas,
2877 4210 2934 4255 ut
2961 4203 3181 4272 repulso
3213 4203 3430 4259 fastidio
3475 4207 3547 4261 ad
3576 4224 3707 4278 gus-

2119 4291 2335 4342 tandam
2366 4303 2579 4342 ccenam
2628 4305 2686 4342 se
2740 4299 3133 4360 praepararent,
3178 4293 3308 4363 quia
3359 4294 3543 4348 omnia
3597 4296 3709 4363 jam

2119 4384 2242 4429 sunt
2274 4384 2482 4445 parata.
2507 4376 2721 4431 Christo
2751 4378 2894 4432 enim
2936 4379 3233 4451 immolato,
3265 4380 3521 4436 introitus
3552 4385 3708 4454 regni

2032 4467 2083 4527 D
2119 4472 2284 4534 patet.

2184 4561 2352 4616 Vens.
2378 4563 2463 4614 18.
2484 4562 2635 4615 —Et
2677 4568 2983 4633 cmperunt,
2999 4572 3104 4619 etc.
3131 4564 3256 4619 Ideo
3274 4575 3560 4630 excusant,
3595 4568 3712 4638 quia

2110 4648 2314 4703 nemini
2354 4648 2731 4705 intercluditur
2787 4667 3032 4722 regnum,
3065 4651 3169 4705 nisi
3205 4668 3371 4724 quem
3421 4670 3536 4708 sum
3565 4655 3713 4710 vocis

2112 4736 2383 4808 professio
2416 4737 2725 4792 excluserit.
2746 4738 2981 4793 Excusat
2994 4748 3170 4794 autem
3193 4756 3251 4794 se
3272 4741 3453 4795 omnis
3483 4743 3575 4813 qui
3598 4743 3716 4813 plus

2112 4833 2325 4880 terrena
2348 4841 2513 4896 quam
2543 4826 2783 4880 cmlestia
2839 4826 3033 4900 diligit,
3095 4828 3306 4883 etiamsi
3361 4830 3431 4884 ad
3468 4830 3716 4886 coelestia

2114 4929 2173 4968 se
2205 4913 2429 4968 tendere
2461 4913 2621 4968 dicat.
2689 4916 2889 4970 Villam
2945 4918 3076 4971 emi.
3113 4915 3270 4983 Villa,
3302 4915 3355 4970 id
3387 4926 3472 4971 est
3503 4927 3717 4973 terrena

2115 5001 2433 5056 substantia.
2466 5000 2590 5055 Exit
2622 5019 2757 5074 ergo
2798 5002 2986 5058 videre
3042 5003 3245 5070 villam,
3273 5005 3365 5076 qui
3410 5005 3535 5060 sola
3565 5014 3716 5061 exte-

2113 5090 2255 5144 riora
2285 5090 2483 5161 cogitat
2513 5100 2735 5161 propter
2779 5091 3160 5159 substantiam,
3221 5100 3274 5147 et
3316 5094 3421 5148 hoc
3471 5102 3557 5148 est
3578 5093 3717 5167 quod
3757 5120 3771 5135 ο

2115 5178 2184 5233 ab
2204 5177 2532 5231 amatoribus
2560 5179 2747 5233 mundi
2793 5179 2945 5250 prius
2974 5179 3252 5252 qumritur,
3317 5181 3534 5239 scilicet
3580 5183 3714 5237 sub-

2115 5265 2309 5320 stantia
2340 5266 2603 5334 corporis.

2187 5380 2458 5457 (Auc.)In
2486 5390 2667 5452 empta
2714 5381 2860 5453 villa,
2914 5382 3213 5439 dominatio
3270 5390 3491 5439 notatur
3529 5394 3586 5440 et
3621 5400 3715 5439 su-

2113 5469 2319 5541 perbia.
2358 5469 2570 5523 Habere
2600 5470 2744 5525 enim
2802 5470 3001 5538 villam,
3054 5480 3183 5537 etc.,
3230 5488 3404 5544 usque
3452 5474 3526 5528 ad
3565 5488 3718 5528 amor

2115 5575 2295 5615 rerum
2338 5566 2676 5613 terrenarum
2734 5558 2911 5614 viscus
2958 5567 3042 5614 est
3096 5559 3454 5631 spiritualium
3498 5577 3711 5633 penna-

2115 5664 2249 5704 rum.
