3932 6178
331 231 427 284 311

861 221 1265 280 WALAF'RIDI
1303 220 1545 278 STRABI
1582 218 1782 275 FULD.
1823 216 1999 276 MON.
2040 215 2192 272 OPP.
2233 215 2411 272 PARS
2449 215 2492 270 Ι.
2526 244 2595 256 -
2631 213 3102 271 THEOLOGICA.

3531 216 3637 268 312

344 367 622 424 rationalis
671 375 936 424 creaturae
965 383 1226 422 numerus
1271 371 1532 436 pereunte
1571 362 1791 418 homine
1820 369 1936 417 erat

2053 357 2140 396 sua
2170 349 2434 413 potestate
2480 340 2586 407 uti,
2639 348 2696 394 ut
2735 339 2886 436 pullo
2917 339 3203 405 formante,
3235 337 3386 393 nullo
3417 344 3643 409 regente

345 457 662 528 diminutus,
711 457 904 529 quaerit
947 457 1004 512 in
1045 463 1190 511 terra
1218 453 1494 510 hominem
1521 459 1579 508 ut
1609 466 1818 506 summa
1845 451 1934 506 in-

346 552 612 618 tegretur.

417 635 611 691 Nonne
658 631 925 696 dimittit.
952 631 1121 700 Quasi
1166 629 1311 686 dicat
1341 627 1760 699 :Murmuratis,
1813 628 1937 701 quia

345 730 667 793 peccatores
696 720 901 791 recipio
920 760 935 788 ,
987 719 1084 774 sed
1113 733 1217 790 ego
1246 732 1356 772 non
1385 717 1511 774 veni
1551 717 1658 772 nisi
1687 724 1745 772 ut
1770 716 1935 771 aber-

346 817 533 865 rantes
578 808 853 881 colligam,
901 806 1040 875 sicut
1068 806 1444 878 unusquisque
1491 813 1733 862 vestrum
1771 806 1935 860 aber-

345 905 556 954 rantem
585 911 745 953 ovem
772 893 1038 951 reducere
1065 894 1292 950 laborat.

417 1011 588 1066 Vens.
613 1013 666 1064 5.
688 1039 757 1052 -
779 1011 1026 1083 Imponit
1041 1011 1105 1065 in
1130 1010 1452 1066 humerum.
1480 1008 1654 1065 Ovem
1673 1009 1729 1064 in
1748 1009 1940 1064 hume-

345 1100 422 1154 ris
440 1099 640 1170 posuit;
661 1098 774 1170 qui,
795 1099 1085 1153 humanam
1104 1105 1354 1152 naturam
1371 1096 1694 1168 suscipiens,
1717 1103 1939 1168 peccata

343 1194 531 1244 nostra
575 1187 694 1258 ipse
740 1186 979 1258 portavit
1010 1203 1027 1242 :
1058 1184 1203 1242 unde
1249 1185 1465 1241 humeri
1511 1185 1712 1240 Christi
1759 1185 1939 1241 crucis

345 1274 571 1331 brachia
617 1283 772 1343 sunt,
820 1274 935 1330 illic
961 1283 1185 1346 peccata
1214 1282 1403 1330 nostra
1431 1273 1714 1346 deposuit,
1763 1273 1820 1329 in
1847 1273 1938 1330 illa

344 1363 547 1422 nobilis
574 1363 803 1436 patibuli
831 1362 1050 1420 cervice
1083 1361 1370 1435 requievit.

415 1477 590 1535 Vens.
614 1482 668 1533 6.
680 1480 833 1535 —Et
853 1479 1102 1534 veniens.
1125 1477 1395 1548 Reparato
1414 1476 1634 1532 homine
1651 1475 1722 1532 ad
1741 1475 1940 1532 coelum

344 1565 491 1622 redit
517 1573 728 1638 pastor,
759 1564 835 1620 ibi
864 1564 1186 1638 angelorum
1207 1567 1405 1622 choros
1423 1565 1648 1622 invenit.
1683 1565 1789 1634 Qui
1807 1565 1942 1620 ami-

343 1655 415 1724 ci,
449 1655 575 1726 quia
601 1653 658 1709 in
687 1653 977 1710 stabilitate
1023 1669 1123 1709 sua
1167 1653 1499 1710 voluntatem
1530 1655 1647 1722 ejus
1675 1654 1929 1710 continue

346 1741 694 1810 custodiunt;
727 1741 819 1814 qui
848 1749 902 1798 et
929 1741 1111 1812 vicini,
1136 1742 1261 1814 quia
1289 1742 1535 1798 claritate
1563 1742 1789 1798 visionis
1817 1744 1934 1812 ejus

347 1830 618 1886 fruuntur.
649 1831 720 1885 Et
745 1837 900 1897 nota,
946 1829 1092 1902 quod
1127 1845 1239 1886 non
1267 1829 1398 1886 dicit
1429 1847 1444 1886 :
1475 1830 1940 1903 Congratulamini

347 1918 438 1975 ovi
479 1919 744 1989 inventae,
792 1917 892 1975 sed
937 1918 1102 1990 mihi,
1133 1917 1262 1990 quia
1290 1918 1549 1991 gaudium
1579 1919 1694 1987 ejus
1723 1926 1806 1975 est
1833 1918 1942 1975 vita

346 2014 554 2064 nostra.

418 2095 591 2152 Vens.
621 2095 677 2152 '1.
708 2123 778 2136 —
806 2095 940 2152 Dico
965 2093 1133 2152 vobis.
1166 2094 1228 2150 In
1254 2095 1556 2168 nonaginta
1583 2109 1799 2166 novem,
1817 2096 1939 2164 jus-

348 2193 529 2240 torum
546 2198 809 2240 numerus
827 2182 1149 2258 intelligitur
1171 2200 1186 2251 ;
1215 2182 1272 2239 in
1292 2199 1399 2239 una
1419 2199 1540 2251 ove,
1563 2192 1937 2256 peccatorum.

353 2273 650 2331 Gaudium.
699 2270 927 2346 Angeli,
977 2271 1103 2344 quia
1132 2271 1448 2342 rationales,
1480 2272 1720 2345 gaudent
1749 2272 1819 2329 de
1849 2289 1940 2328 re-

346 2361 634 2418 conciliato
665 2360 771 2416 sibi
797 2359 1046 2432 homine,
1078 2361 1226 2434 quod
1253 2359 1494 2418 incendit
1520 2376 1624 2417 nos
1652 2361 1722 2417 ad
1748 2361 1940 2432 probi-

346 2458 511 2506 tatem
564 2469 577 2505 :
626 2464 856 2524 agamus
899 2449 1048 2523 quod
1093 2449 1201 2506 illis
1230 2457 1449 2524 gratum
1477 2450 1576 2522 sit,
1627 2466 1862 2523 quorum
1887 2458 1943 2506 et

346 2538 604 2596 aﬁ‘ectare
633 2538 1018 2612 patrocinium,
1051 2547 1103 2595 et
1130 2537 1398 2597 offensam
1428 2539 1623 2596 timere
1651 2539 1934 2596 debemus.

355 2629 532 2698 Quam
558 2643 747 2702 super.
781 2627 841 2685 Si
885 2627 944 2683 in
971 2626 1267 2701 nonaginta
1295 2642 1494 2684 novem
1517 2627 1678 2696 justis
1710 2627 1802 2701 qui
1831 2643 1940 2683 non

346 2723 669 2775 erraverunt
713 2731 818 2771 nec
863 2714 1112 2789 indigent
1138 2715 1483 2788 poenitentia,
1527 2715 1710 2789 angeli
1739 2715 1942 2772 intelli-

347 2813 571 2880 guntur,
597 2805 775 2874 majus
793 2803 1009 2861 videtur
1037 2802 1235 2875 impios
1260 2802 1559 2872 justificare
1592 2820 1756 2876 quam
1767 2805 1943 2874 justos

351 2910 545 2952 creare
592 2900 646 2950 et
689 2907 1055 2962 conservare,
1106 2892 1231 2964 quia
1269 2891 1370 2948 etsi
1399 2901 1688 2964 utrumque
1717 2893 1944 2964 aequalis

348 2983 624 3055 potentiae,
645 2981 737 3039 hic
762 2981 982 3052 majoris
1000 2980 1394 3038 misericordia-3
1421 2989 1473 3036 et
1499 2981 1719 3052 majoris
1740 2981 1941 3054 gaudii.

423 3098 594 3154 Vens.
628 3102 681 3153 8.
709 3123 782 3138 —
808 3096 925 3153 Aut
951 3111 1073 3168 qua:
1099 3097 1326 3153 mulier.
1361 3094 1558 3151 Mulier
1581 3138 1596 3166 ,
1646 3095 1702 3150 id
1731 3104 1811 3151 est
1840 3096 1940 3151 Dei

349 3186 640 3259 sapientia,
672 3185 866 3242 decem
897 3184 1189 3241 drachmas
1221 3184 1424 3254 habuit,
1457 3199 1580 3241 cum
1611 3184 1858 3240 homines
1890 3193 1943 3240 et

351 3273 579 3348 angelos
607 3273 676 3330 ad
703 3272 998 3346 imaginem
1029 3288 1181 3328 suam
1211 3273 1433 3329 creavit.
1467 3272 1575 3330 Sed
1606 3289 1765 3328 unam
1809 3289 1941 3343 per-

353 3363 524 3432 didit,
573 3375 700 3419 cum
747 3363 911 3419 homo
939 3377 971 3416 a
1000 3361 1350 3417 similitudine
1393 3361 1666 3417 Creatoris
1692 3360 1938 3417 recessit.

352 3451 461 3508 Sed
481 3451 583 3508 Dei
603 3450 871 3524 sapientia
898 3451 1179 3507 lucernam
1206 3450 1274 3506 ad
1298 3451 1651 3522 quaerendum
1672 3450 1941 3519 accendit,

352 3555 478 3598 cum
505 3539 562 3596 in
590 3554 757 3597 carne
785 3538 1056 3611 apparuit,
1079 3538 1206 3611 quia
1236 3539 1459 3595 lucerna
1490 3546 1573 3594 est
1593 3539 1683 3592 lux
1711 3538 1767 3593 in
1787 3546 1941 3605 testa,

352 3631 409 3686 id
459 3637 540 3686 est
585 3629 815 3686 verbum
861 3629 917 3684 in
963 3643 1148 3685 carne.
1200 3627 1361 3696 Quod
1406 3627 1481 3683 ibi
1526 3628 1668 3682 inter
1699 3627 1945 3682 homines

355 3719 572 3788 claruit,
606 3719 828 3775 domum
858 3719 1068 3788 evertit,
1103 3718 1227 3789 quia
1277 3717 1638 3774 conscientias
1668 3717 1946 3772 hominum

352 3807 421 3865 de
452 3817 606 3865 reatu
639 3823 736 3864 suo
764 3808 1124 3880 perturbavit,
1160 3815 1214 3862 et
1241 3807 1321 3863 sic
1349 3807 1611 3862 drachma
1659 3807 1947 3877 reperitur,

353 3897 484 3955 dum
549 3897 605 3953 in
669 3897 888 3953 homine
935 3894 1230 3951 similitudo
1287 3894 1596 3950 Conditoris
1642 3903 1946 3965 reparatur.

355 3988 572 4044 Haben:
619 3985 916 4041 drachma:
948 3985 1156 4040 decem.
1207 3983 1547 4054 Angelorum
1590 3990 1643 4037 et
1671 3983 1951 4036 hominum

362 4081 633 4141 naturam,
669 4087 833 4143 quam
863 4071 931 4126 ad
961 4070 1323 4126 aeternitatem
1343 4070 1610 4125 Dominus
1655 4069 1956 4126 consistere

354 4161 541 4230 voluit,
573 4160 645 4216 ad
675 4174 831 4214 suam
861 4157 1268 4214 similitudinem
1299 4158 1522 4214 creavit.
1572 4159 1778 4214 Decem
1823 4175 1958 4230 ergo

352 4249 642 4305 drachmas
668 4247 865 4303 mulier
893 4247 1102 4313 habuit,
1135 4262 1257 4302 cum
1286 4261 1481 4302 novem
1529 4245 1815 4302 ordinibus
1853 4261 1951 4302 an-

349 4338 602 4412 gelorum
633 4337 848 4393 additus
877 4344 959 4392 est
985 4336 1172 4404 homo,
1202 4342 1263 4391 ut
1289 4334 1652 4406 compleretur
1697 4335 1942 4391 decimus

2037 431 2203 486 vivat.
2235 433 2427 495 Pater,
2459 429 2549 485 da.
2582 415 2876 484 Dimidium
2906 428 3290 499 patrimonium
3316 427 3642 498 petentibus

2039 520 2215 586 datur,
2264 534 2366 574 nec
2416 525 2498 573 est
2551 517 2709 588 culpa
2737 517 2911 588 patris
2957 517 3047 588 qui
3074 517 3166 571 dat
3193 515 3637 571 adolescentiori.

2035 607 2200 663 Nulla
2229 605 2283 661 in
2312 621 2484 680 regno
2515 605 2617 662 Dei
2647 604 2859 660 inﬁrma
2887 612 3051 674 aetas,
3081 620 3183 661 nec
3214 603 3353 660 ﬁdes
3384 611 3640 674 gravatur

2037 695 2193 752 annis
2213 735 2228 764 ,
2280 695 2384 750 nisi
2431 695 2551 765 ipse
2581 701 2730 750 certe
2761 709 2819 747 se
2844 693 3172 762 judicaverit
3197 692 3519 748 inidoneum
3551 690 3641 763 qui

2035 784 2229 856 poscit.
2261 783 2319 840 Si
2346 783 2448 838 iste
2479 799 2588 838 non
2626 782 2946 837 recessisset
2977 797 3005 835 a
3035 789 3220 852 patre,
3273 778 3640 851 impedimen-

2039 880 2150 930 tum
2179 872 2445 928 nescisset
2472 871 2666 942 aztatis,
2717 870 2813 925 sed
2844 880 3088 942 pertegre
3135 868 3415 942 profectus
3446 868 3642 924 merito

2037 961 2422 1033 patrimonium
2442 967 2638 1016 vastat.
2663 961 2734 1015 Et
2762 960 2971 1014 divisit.
2994 958 3269 1015 Fidelibus
3301 974 3416 1013 suae
3449 957 3644 1029 gratiae

2038 1051 2448 1122 protectionem,
2473 1065 2645 1120 quam
2665 1047 3072 1113 desiderabant,
3095 1047 3456 1118 impertiendo
3481 1064 3496 1100 :
3523 1043 3642 1100 inﬁ-

2040 1138 2251 1193 delibus
2281 1154 2410 1193 vero
2441 1137 2771 1191 naturalibus
2805 1137 2978 1190 solum
3006 1136 3212 1208 ingenii
3258 1151 3369 1209 quo
3395 1134 3644 1190 contenti

2042 1234 2213 1294 erant,
2245 1224 2571 1281 beneficium
2597 1224 2971 1281 concedendo.

2111 1341 2284 1398 Vens.
2317 1343 2404 1394 13.
2435 1369 2506 1380 -
2533 1341 2654 1396 Non
2693 1342 2823 1412 post
2867 1337 3098 1394 multos.
3128 1335 3252 1392 Non
3298 1334 3473 1391 multo
3520 1343 3646 1407 post

2041 1429 2430 1486 institutionem
2448 1427 2673 1483 humani
2692 1426 2931 1501 generis,
2949 1425 3154 1498 placuit
3179 1425 3373 1480 animae
3403 1424 3642 1480 liberum

2044 1517 2324 1575 arbitrium
2371 1517 2514 1572 ferre
2559 1531 2776 1582 secum,
2829 1515 2983 1588 quasi
3025 1514 3314 1587 quamdam
3341 1511 3645 1586 potentiam

2044 1613 2250 1660 natura:
2297 1622 2427 1675 suae,
2478 1613 2532 1659 et
2578 1604 2833 1660 deserere
2880 1619 3006 1658 eum
3056 1618 3089 1658 a
3135 1618 3241 1674 quo
3288 1602 3512 1658 condita
3542 1610 3643 1670 est,

1955 1699 2008 1760 B
2045 1692 2323 1750 confidens
2352 1693 2559 1748 viribus
2589 1691 2723 1747 suis.
2756 1693 2822 1747 Et
2851 1693 2951 1745 has
2981 1691 3127 1746 vires
3154 1697 3305 1746 tanto
3338 1690 3501 1746 citius
3523 1705 3648 1746 con-

2035 1790 2210 1837 sumat
2255 1789 2454 1855 quanto
2501 1781 2752 1837 datorem
2797 1780 3019 1835 deserit.
3073 1779 3199 1835 Haec
3256 1785 3339 1835 est
3392 1778 3636 1850 prodiga

2037 1871 2167 1940 vita,
2201 1886 2320 1942 quae
2351 1876 2496 1924 amat
2519 1869 2749 1924 fundere
2774 1877 2826 1923 et
2855 1867 3078 1939 spatiari
3095 1867 3151 1921 in
3165 1866 3380 1938 pompis
3412 1867 3648 1923 exterio-

2042 1958 2228 2027 ribus,
2276 1957 2593 2031 relinquens
2637 1974 2761 2012 cum
2809 1955 2902 2029 qui
2931 1955 3038 2011 sibi
3065 1961 3149 2011 est
3177 1955 3425 2011 interior.

2109 2073 2285 2130 Vens.
2319 2075 2408 2129 14.
2450 2100 2502 2112 -
2554 2074 2626 2128 Et
2672 2074 2791 2145 ipse
2819 2073 3004 2144 accpit.
3053 2069 3195 2140 Quia
3233 2070 3366 2126 nihil
3397 2070 3537 2126 satis
3566 2080 3648 2128 est

2037 2161 2284 2233 prodigae
2309 2159 2607 2232 voluptati,
2657 2161 2782 2232 quia
2813 2161 3062 2231 voluptas
3113 2175 3327 2231 semper
3353 2159 3525 2216 habet
3552 2157 3633 2216 fa-

2039 2267 2182 2306 mem
2209 2249 2333 2317 sui;
2363 2250 2558 2305 merito
2580 2264 2716 2320 ergo
2737 2255 2881 2322 eget,
2909 2248 3001 2321 qui
3021 2249 3309 2304 thesauros
3336 2248 3641 2319 sapientiae,

2041 2339 2456 2411 divitiarumque
2487 2338 2790 2394 caelestium
2836 2336 3174 2394 altitudinem
3223 2335 3465 2409 reliquit.

2116 2456 2283 2511 Vens.
2316 2457 2402 2510 15.
2433 2483 2503 2495 -
2528 2455 2632 2513 Uni
2658 2454 2888 2510 civium.
2921 2453 3073 2509 Unus
3093 2451 3293 2509 civium
3322 2451 3413 2508 ille
3445 2460 3532 2507 est
3552 2453 3646 2525 qui

2042 2541 2496 2614 concupiscentiis
2525 2541 2760 2598 terrenis
2789 2541 2984 2597 merito
3032 2540 3314 2613 pravitatis
3354 2557 3470 2598 suae
3500 2557 3643 2613 prae-

2041 2633 2251 2704 positus
2276 2631 2531 2704 princeps
2560 2630 2750 2686 mundi
2778 2637 3024 2688 vocatur.
3059 2629 3163 2698 Qui
3206 2631 3263 2684 in
3293 2630 3480 2687 villam
3511 2630 3643 2685 mit-

2041 2721 2124 2788 tit,
2175 2719 2304 2792 quia
2349 2718 2633 2791 cupiditati
2661 2719 2955 2775 mundialis
3003 2717 3320 2774 substantiae
3366 2719 3643 2791 subjugat.

2043 2811 2247 2866 Porcos
2275 2807 2468 2880 pascit,
2501 2824 2624 2864 cum
2655 2822 2723 2864 ea
2752 2808 2949 2879 quibus
2968 2807 3233 2863 immundi
3263 2806 3483 2878 spiritus
3504 2823 3639 2881 gau-

2043 2896 2192 2965 dent,
2229 2900 2501 2968 Operatur.
2540 2899 2607 2955 Ut
2630 2901 2888 2969 pasceret
2915 2912 3132 2970 porcos.
3166 2897 3373 2953 Porcus
3401 2894 3646 2952 immun-

2043 2987 2173 3043 dum
2201 2985 2424 3052 animal,
2459 2986 2606 3058 quod
2624 2985 2879 3041 sordibus
2899 2984 3234 3053 delectatur;
3267 2985 3348 3041 sic
3367 2984 3644 3056 diabolus,

2044 3076 2135 3147 qui
2183 3075 2242 3131 in
2287 3074 2447 3131 idolis
2495 3090 2691 3131 cruore
2738 3075 3014 3146 pecudum
3057 3073 3318 3145 pascitur,
3369 3081 3422 3129 et
3468 3083 3647 3130 morte

2042 3163 2215 3235 ipsius
2261 3162 2518 3220 hominis.
2571 3162 2713 3218 Misit
2759 3179 2895 3236 ergo
2942 3163 2995 3218 in
3026 3161 3244 3233 villam,
3287 3161 3346 3218 id
3375 3171 3457 3218 est
3484 3179 3649 3219 suum

2045 3251 2172 3308 fecit
2201 3250 2483 3319 famulum,
2513 3259 2571 3307 ut
2599 3260 2852 3324 pasceret
2881 3265 3098 3323 porcos,
3131 3250 3419 3307 immolans
3451 3251 3502 3307 ei
3531 3252 3647 3308 ani-

2044 3357 2192 3396 mam
2217 3355 2394 3397 suam.

2116 3429 2289 3484 Vens.
2338 3429 2425 3501 16.
2465 3455 2536 3468 -
2569 3427 2638 3483 Et
2667 3427 2948 3501 cupiebat.
2998 3426 3165 3483 Cibus
3207 3426 3518 3484 daemonum
3565 3438 3647 3486 est

2047 3517 2305 3584 ebrietas,
2340 3497 2626 3572 fornicatio
2657 3525 2710 3572 et
2736 3497 3078 3586 hujusmodi,
3130 3533 3250 3588 quae
3288 3515 3492 3572 blanda
3523 3525 3650 3573 sunt

2048 3613 2101 3661 et
2128 3605 2197 3660 ad
2228 3605 2311 3661 sui
2340 3622 2497 3660 usum
2527 3613 2845 3676 provocant.
2875 3605 3066 3675 Neque
3099 3605 3203 3659 alia
3231 3619 3363 3660 cura
3385 3612 3468 3661 est
3495 3605 3651 3661 luxu-

2049 3694 2206 3749 riosis
2236 3693 2343 3749 nisi
2372 3703 2428 3749 ut
2458 3701 2701 3749 ventrem
2734 3709 2889 3748 suum
2919 3692 3202 3764 impleant,
3230 3694 3478 3762 Quorum
3509 3694 3648 3751 deus

2049 3787 2246 3839 venter
2274 3786 2363 3838 est
2390 3783 2619 3852 (Philip.
2647 3782 2754 3853 Ill.)
2787 3781 2895 3836 Sed
2927 3781 3004 3836 eis
3035 3797 3145 3837 non
3173 3789 3354 3853 potest
3385 3784 3644 3852 saturari,

2051 3871 2180 3943 quia
2223 3871 2493 3941 voluptas,
2545 3887 2760 3942 semper
2789 3870 2950 3925 habet
2981 3870 3178 3926 famem
3210 3870 3314 3926 sui.
3358 3873 3529 3927 Nemo
3559 3873 3652 3928 illi

2051 3958 2237 4014 dabat.
2271 3957 2407 4026 Quia
2436 3959 2681 4014 diabolus
2712 3975 2834 4014 cum
2865 3958 3100 4030 aliquem
3133 3975 3290 4014 suum
3321 3959 3471 4028 facit,
3504 3959 3649 4014 ultra

2051 4047 2123 4102 ad
2152 4047 2407 4102 vitiorum
2437 4047 2822 4103 abundantiam
2848 4063 2960 4104 non
2986 4054 3262 4120 procurat,
3315 4047 3496 4103 sciens
3525 4064 3651 4106 esse

2046 4137 2162 4205 jam
2190 4143 2486 4192 mortuum.

2124 4249 2295 4305 Vens.
2329 4251 2416 4306 i7.
2438 4279 2508 4292 —
2534 4249 2742 4318 Quanti
2768 4249 3130 4307 mercenarii.
3155 4249 3263 4319 Qui
3288 4249 3484 4307 futurae
3503 4268 3649 4310 mer-

2055 4337 2206 4393 cedis
2253 4338 2428 4392 intuiti
2476 4338 2642 4410 digna
2686 4339 2907 4408 operari
2951 4345 3239 4412 satagunt,
3319 4341 3650 4410 quotidianis

351 4426 650 4484 electorum
667 4440 948 4482 numerus.
974 4423 1080 4493 Qui
1107 4438 1210 4479 nec
1229 4431 1353 4495 post
1370 4423 1582 4494 culpam
1612 4440 1643 4479 a
1681 4423 1938 4480 Creatore
1961 4412 2013 4471 D
2051 4442 2302 4496 supernae
2331 4427 2516 4497 gratiae
2536 4425 2854 4482 reficiuntur
2874 4427 3164 4482 alimentis.
3189 4427 3299 4483 Sed
3321 4427 3465 4483 fame
3485 4429 3646 4500 perit,

349 4516 533 4588 periit,
563 4515 692 4588 quia
721 4531 845 4572 eum
875 4513 1140 4586 sapientia
1171 4512 1273 4569 Dei
1302 4528 1401 4584 per
1419 4527 1639 4568 carnem
1669 4512 1946 4568 miraculis

352 4619 683 4673 coruscans,
731 4620 798 4658 ex
845 4602 1047 4658 lumine
1093 4609 1248 4658 testae
1294 4600 1583 4672 reparavit.
1653 4602 1944 4658 Convocat.

359 4692 566 4748 Amicae
595 4698 648 4748 et
674 4690 868 4747 vicinae
897 4707 1148 4762 supernae
1175 4697 1499 4763 potestates,
1523 4706 1645 4762 quae
1665 4696 1812 4744 tanto
1833 4689 1948 4746 Deo

347 4783 497 4850 juxta
543 4786 697 4847 sunt,
767 4785 967 4852 quanto
1013 4795 1136 4834 eum
1192 4779 1422 4835 vicinius
1488 4779 1942 4849 contemplemur.

361 4869 513 4938 Quas
540 4874 718 4935 vocat,
748 4865 877 4923 dum
905 4882 1004 4938 per
1034 4867 1380 4924 exibitionem
1412 4866 1603 4941 gratiae
1631 4865 1944 4922 hominibus

354 4957 618 5030 impensae
681 4955 751 5013 ad
815 4969 1060 5012 amorem
1105 4955 1189 5011 sui
1249 4955 1622 5012 vehementius
1676 4955 1942 5011 accendit.

425 5056 597 5112 Vens.
633 5059 720 5112 11.
751 5085 820 5097 -
849 5057 1016 5114 Homo
1062 5055 1310 5129 quidam.
1360 5054 1587 5111 Duabus
1649 5053 1948 5126 praemissis

351 5143 652 5218 parabolis,
703 5151 963 5217 quantum
1008 5143 1128 5215 ipse
1175 5159 1302 5200 cum
1347 5142 1560 5216 angelis
1608 5144 1844 5216 gaudeat
1873 5142 1943 5198 de

351 5231 731 5305 poenitentium
777 5232 948 5288 salute
992 5231 1248 5288 insinuat.
1299 5233 1361 5288 In
1396 5233 1499 5288 hac
1526 5231 1686 5288 tertia
1715 5248 1826 5288 non
1857 5247 1946 5287 so-

350 5323 465 5378 lum
494 5319 752 5395 gaudium
801 5321 1034 5377 ostendit
1081 5321 1180 5378 sed
1227 5321 1392 5378 etiam
1418 5337 1668 5378 murmur
1697 5320 1944 5378 inviden-

349 5411 487 5468 tium
517 5410 887 5483 reprehendit.

420 5509 594 5565 Vens.
631 5513 715 5566 12.
749 5539 820 5551 -
845 5509 915 5565 Et
946 5505 1114 5574 dixit,
1150 5513 1256 5562 etc.
1292 5506 1440 5562 Sicut
1468 5506 1616 5562 Deus
1646 5521 1757 5563 non
1784 5506 1945 5562 habet

349 5598 517 5656 alium
544 5613 578 5654 a
626 5615 731 5672 quo
778 5597 1062 5664 formetur,
1098 5611 1132 5652 a
1161 5611 1268 5669 quo
1296 5603 1545 5668 negatur,
1591 5596 1669 5652 sic
1699 5595 1801 5650 iste
1831 5594 1945 5653 vult

2051 4515 2143 4587 qui
2175 4523 2330 4572 extra
2357 4515 2576 4570 domum
2604 4515 2792 4586 patris,
2823 4515 2879 4570 id
2910 4523 2992 4570 est
3022 4516 3139 4571 sine
3170 4513 3278 4571 tide
3305 4517 3521 4585 vivens,
3571 4517 3651 4575 vi-

2048 4610 2154 4659 tam
2185 4605 2402 4659 beatam
2428 4604 2486 4659 in
2510 4603 2657 4658 inani
2686 4603 3033 4675 philosophia
3077 4604 3322 4676 inquirit.

2117 4700 2290 4757 Vens.
2345 4703 2432 4756 18.
2462 4729 2532 4741 -
2559 4702 2749 4765 Pater,
2797 4702 3043 4773 peccavi.
3092 4700 3210 4757 Etsi
3253 4703 3403 4758 Deus
3464 4704 3649 4760 omnia

2047 4788 2229 4859 novit,
2279 4803 2473 4845 vocem
2521 4796 2703 4845 tamen
2748 4796 3028 4860 exspectat
3073 4789 3458 4848 confessionis.
3519 4791 3648 4849 Sine

2045 4875 2291 4948 periculo
2310 4877 2512 4949 prodas
2541 4878 2686 4949 quod
2717 4877 2824 4933 scis
2838 4877 2949 4946 jam
2980 4894 3102 4932 esse
3131 4879 3451 4952 cognitum:
3475 4879 3646 4936 habes

2047 4979 2271 5021 causam
2298 4973 2357 5021 ut
2401 4981 2503 5037 pro
2552 4974 2603 5021 te
2646 4965 2970 5021 interveniat
2997 4965 3279 5034 Christus,
3326 4983 3434 5024 nec
3463 4985 3568 5039 pro
3599 4977 3647 5025 te

2045 5055 2212 5128 gratis
2232 5062 2476 5111 mortuus
2497 5053 2594 5121 sit;
2619 5054 2783 5110 habet
2802 5062 2855 5110 et
2869 5068 3100 5110 causam
3115 5055 3440 5126 ignoscendi
3463 5058 3642 5126 Pater,

2048 5144 2171 5215 quia
2200 5143 2348 5214 quod
2375 5142 2488 5198 vult
2513 5142 2680 5197 Filius
2711 5142 2824 5199 vult
2855 5151 2910 5197 et
2956 5145 3137 5200 Pater.

2115 5238 2287 5294 Vens.
2320 5240 2408 5292 19.
2439 5268 2508 5278 -
2538 5240 2645 5294 Fac
2674 5254 2764 5295 me
2783 5281 2799 5305 ,
2835 5245 2939 5295 etc.
2970 5238 3057 5294 Ad
3087 5238 3206 5294 Filii
3240 5238 3500 5296 aﬂ‘e’ctum
3533 5242 3640 5315 qui,

2045 5326 2228 5381 omnia
2249 5343 2371 5398 quae
2391 5325 2565 5382 Patris
2585 5335 2708 5382 sunt
2731 5342 2827 5381 sua
2847 5342 2970 5382 esse
2991 5342 3102 5382 non
3124 5326 3374 5399 ambigit,
3397 5330 3644 5402 aspirare

2044 5429 2155 5472 non
2182 5415 2481 5486 praesumit,
2516 5415 2613 5470 sed
2640 5414 2966 5471 mercenarii
2999 5423 3197 5471 statum
3224 5417 3340 5486 jam
3370 5434 3475 5489 pro
3506 5437 3647 5476 mer-

2044 5503 2180 5561 cede
2209 5505 2506 5560 serviturus
2536 5504 2848 5570 desiderat,
2881 5503 2979 5558 sed
3007 5519 3110 5561 nec
3138 5505 3284 5560 hunc
3331 5506 3498 5561 etiam
3541 5507 3641 5564 nisi

2042 5601 2272 5666 paterna
2299 5591 2619 5667 dignatione
2651 5609 2710 5649 se
2740 5593 3045 5666 promereri
3074 5608 3239 5667 posse
3285 5601 3534 5652 testatur.
