3932 6178
149 312 239 365 313
1092 297 1364 356 GLOSSA
1400 296 1815 355 ORDINARIA.
1849 325 1919 340 -
1955 296 2221 355 EVANG.
2254 296 2407 354 LUC.

3337 301 3440 356 314

203 428 420 504 (Alam)
449 426 629 485 Distat
658 426 800 482 inter
848 439 1068 480 servum
1091 465 1106 491 ,
1140 422 1544 478 mercenarium
1572 430 1627 477 et
1656 420 1725 476 ﬁ-
1756 424 1813 485 A
1838 420 2104 478 invidiam
2162 422 2338 477 nescit
2405 422 2575 493 patris
2622 421 2958 478 voluntatem
2981 463 2995 489 ,
3044 430 3097 477 et
3145 420 3279 478 foris
3308 430 3434 492 stat,

145 520 280 577 lium.
314 519 515 575 Servus
536 560 550 583 ,
584 523 713 582 etc.,
774 530 948 587 usque
979 512 1050 569 ad
1082 511 1228 586 quod
1284 519 1410 584 post
1476 510 1725 568 osculum

143 608 299 683 patris
326 604 753 680 generosissime
784 602 1137 675 dedignatur.

206 725 369 779 Vnus.
401 724 493 779 20.
518 749 590 762 —
614 721 754 777 Cum
783 722 980 775 autem
1009 717 1192 773 adhuc
1225 716 1383 787 longe
1414 719 1579 781 esset,
1615 723 1721 770 etc.

148 818 439 884 Antequam
466 808 804 881 intelligeret
823 808 1020 873 Deum,
1045 804 1145 862 sed
1165 814 1348 860 tamen
1360 820 1486 860 cum
1500 803 1623 872 jam
1636 804 1725 874 pie

145 917 255 957 eum
284 905 577 971 quaereret,
610 904 793 952 tamen
820 894 1067 950 nondum
1097 894 1300 967 dignus
1341 892 1601 964 operibus
1632 907 1726 946 re-

145 989 400 1059 diret,per
427 985 669 1042 Verbum
698 984 1042 1040 incarnatum
1062 982 1324 1052 anticipat
1342 980 1440 1037 ﬁlii
1468 980 1725 1036 reditum.

146 1082 271 1133 Ante
300 1076 371 1131 ad
389 1083 569 1130 terras
597 1073 746 1130 venit
770 1088 937 1145 quam
958 1072 1050 1127 ille
1081 1072 1153 1126 ad
1183 1071 1406 1126 domum
1436 1068 1733 1125 Confessio-

148 1166 221 1221 nis
244 1208 257 1232 ,
288 1166 469 1236 ipsum
518 1163 751 1219 verbum
798 1177 910 1217 non
954 1162 1248 1225 deserens,
1309 1161 1408 1215 sed
1455 1158 1512 1213 in
1558 1158 1729 1213 verbo

143 1270 298 1326 usque
329 1253 406 1308 ad
432 1250 937 1325 peregrinationem
965 1256 1212 1305 nostram
1260 1246 1728 1304 condescendens.

140 1341 437 1409 Brachium,
470 1341 527 1396 id
583 1347 669 1396 est
721 1339 894 1395 ﬁlium
931 1339 989 1394 in
1036 1336 1349 1409 amplexum
1405 1335 1732 1393 revertentis

139 1430 448 1487 humiliavit.
507 1419 670 1485 Patér
728 1444 893 1500 super
948 1426 1047 1483 ﬁlii
1103 1427 1305 1484 collum
1352 1425 1569 1491 cecidit,
1604 1424 1734 1479 dum

141 1520 246 1575 leve
267 1520 469 1592 jugum
499 1534 611 1574 suae
639 1517 950 1574 dilectionis
978 1516 1084 1573 sibi
1110 1515 1389 1587 imposuit,
1420 1520 1475 1571 et
1502 1512 1725 1570 oscula-

140 1616 214 1663 tus
255 1616 338 1664 est
385 1623 535 1675 eum,
568 1614 628 1662 ut
671 1606 1056 1663 ostenderetur
1103 1605 1249 1679 quod
1298 1603 1428 1660 alibi
1474 1603 1716 1659 dicitur:

143 1696 427 1754 Osculetur
474 1713 566 1753 me
619 1696 808 1753 osculo
837 1696 950 1752 oris
980 1697 1071 1751 sui
1118 1694 1309 1765 (Cant.
1360 1693 1423 1764 ι).
1463 1690 1722 1758 Rediens,

1831 512 2081 583 quamvis
2111 528 2214 582 per
2248 526 2533 583 praecones
2565 520 2810 584 rogetur.

1841 612 1853 626 '
1906 601 2076 654 Vnus.
2124 604 2211 656 28.
2267 630 2335 640 —
2383 602 2738 673 Indignatus.
2793 600 3222 673 Indignabautur
3265 600 3439 656 Judaei

1831 696 1883 745 et
1917 689 2413 761 conquerebantur,
2450 689 2575 760 quia
2603 691 2762 744 Iesus
2791 705 2915 745 cum
2962 690 3219 761 gentibus
3249 690 3441 760 epula-

1834 784 2007 833 retur.
2042 777 2113 832 Et
2141 778 2319 834 adhuc
2347 777 2416 833 de
2445 778 2689 851 gentium
2737 777 2910 833 salute
2960 777 3312 852 indignantur
3339 793 3443 834 nec

1837 866 2028 921 volunt
2057 865 2304 922 introire.
2339 866 2447 921 Sed
2478 881 2601 922 cum
2633 866 2914 939 plenitudo
2944 866 3188 939 gentium
3241 866 3441 923 introi-

1834 955 1965 1021 erit,
2001 954 2313 1026 egredietur
2350 963 2503 1025 pater
2549 955 2618 1010 ad
2666 955 2971 1027 rogandum
3000 955 3188 1025 Israel,
3224 956 3440 1027 quando

1831 1043 2116 1097 manifesta
2147 1043 2250 1097 erit
2287 1044 2497 1099 vacatio
2533 1044 2868 1099 Iudaeorum.

1910 1132 2079 1189 Vnus.
2133 1135 2221 1189 29.
2255 1162 2324 1172 —
2353 1134 2492 1188 Ecce
2542 1137 2623 1188 tot
2672 1135 2863 1188 annis.
2908 1132 3121 1203 (HIER.)
3163 1133 3435 1188 Justitiam

1833 1220 1973 1293 legis
2018 1229 2273 1290 secutus,
2320 1220 2543 1289 justitia:
2591 1221 2691 1275 Dei
2720 1237 2831 1275 non
2861 1228 2943 1277 est
2974 1221 3271 1289 subjectus.
3305 1221 3441 1291 Qum

1835 1308 1982 1364 enim
2065 1310 2240 1378 major
2297 1316 2381 1364 est
2447 1308 2654 1378 justitia
2736 1308 2835 1365 Dei
2916 1325 3077 1381 quam
3142 1310 3435 1382 ignoscere

1833 1398 2224 1470 paenitentibus
2244 1399 2273 1453 ‘P

1906 1487 2241 1543 Mandatum
2274 1491 2454 1554 tuum,
2491 1494 2596 1544 etc.
2650 1486 2819 1555 Quasi
2860 1501 2971 1543 non
3019 1488 3088 1542 sit
3131 1484 3433 1558 praeterire,

1835 1566 1994 1631 saluti
2022 1576 2246 1631 alterius
2275 1576 2541 1644 invidere,
2574 1576 2661 1632 vel
2692 1577 2761 1631 de
2774 1575 2980 1645 justitia
3000 1592 3060 1631 se
3073 1576 3298 1645 jactare.

1910 1665 2081 1721 Vens.
2099 1668 2187 1720 30.
2207 1694 2278 1705 --
2301 1664 2567 1721 Occidisti
2594 1665 2687 1721 illi
2703 1665 2970 1722 vitulum.
2995 1664 3333 1721 Conﬁtentur
3350 1682 3445 1722 ve-

408 1752 693 1842 chaﬁmﬁs
722 1800 756 1840 a
782 1791 940 1855 patre
969 1752 1186 1856 accipit,
1222 1783 1352 1839 dum
1377 1752 1480 1854 ﬁer
1500 1752 1805 1854 mtiw'lB
1836 1753 1984 1856 uisse
2014 1753 2323 1856 Christum,
2344 1755 2442 1856 sed
2474 1752 2675 1856 invidia
2706 1769 2817 1809 non
2851 1754 2967 1810 vult
2984 1754 3219 1856 salvari.
3254 1752 3345 1810 Sic
3372 1753 3442 1809 de

145 1873 464 1930 certiﬁcatur
491 1874 562 1930 de
591 1872 954 1947 indulgentia.

203 1991 365 2046 Vnus.
405 1993 498 2049 22.
527 2019 601 2032 —
632 1991 754 2047 Cito
804 1990 1075 2062 proferte,
1140 1995 1245 2043 etc.
1308 1986 1462 2043 Stola
1514 1960 1694 2057 prima
1722 2029 1735 2054 ,

148 2079 294 2135 vestis
312 2079 665 2180 innocentiae,
784 2093 895 2150 qua
920 2075 1131 2176 primus
1158 2074 1622 2180 homp‘conditus,‘
1640 2074 1741 2130 sed
1837 2074 1942 2163 ωε
1966 2074 2330 2164 έυβεὼώίὼ
2359 2074 2587 2180 digs‘ipm

148 2176 255 2240 post
304 2166 534 2239 culpam
564 2184 625 2223 se
652 2166 859 2222 nudum
913 2165 1083 2231 novit,
1116 2173 1169 2221 et
1221 2163 1499 2236 pellicium
1524 2206 1538 2231 ,
1570 2164 1627 2218 id
1655 2171 1739 2220 est

143 2256 349 2312 mortale
385 2255 624 2327 sumpsit
653 2255 1048 2311 indumentum.
1091 2253 1408 2309 Annulum.
1442 2252 1504 2308 Id
1533 2260 1617 2309 est
1659 2252 1737 2308 si-

148 2345 431 2418 gnaculum
458 2342 609 2413 ﬁdei,
642 2359 752 2417 quo
781 2344 1068 2417 signantur
1095 2341 1369 2415 promissa
1393 2341 1451 2396 in
1480 2341 1737 2397 cordibus

154 2433 504 2489 credentium.
536 2434 605 2489 In
652 2449 851 2490 manu.
900 2432 963 2487 Id
1005 2439 1090 2487 est
1143 2429 1463 2502 operatione
1492 2446 1509 2485 :
1538 2437 1597 2485 ut
1637 2446 1738 2501 per

147 2536 296 2593 opera
321 2520 472 2577 ﬁdes
501 2520 787 2587 clarescat,
820 2527 875 2577 et
901 2535 1003 2591 per
1021 2518 1185 2574 ﬁdem
1215 2532 1385 2589 opera
1429 2515 1733 2573 ﬁrmentur.

146 2610 205 2663 Et
228 2611 639 2667 calceamenta.
671 2610 734 2665 Id
763 2615 847 2664 est
884 2607 1133 2680 exempla
1160 2607 1407 2678 priorum
1449 2607 1653 2662 munite
1681 2606 1739 2662 in

149 2696 306 2753 oﬂicio
335 2698 705 2771 praedicandi,
737 2705 799 2753 ut
824 2705 880 2753 et
906 2713 1046 2770 opus
1074 2702 1299 2753 ornetur
1318 2696 1458 2752 bene
1477 2694 1732 2764 vivendo,

154 2793 198 2841 et
222 2801 410 2844 cursus
440 2787 519 2845 ad
547 2795 754 2844 aeterna
782 2786 1167 2859 praeparando.

209 2919 367 2976 Vens.
397 2924 498 2978 23.
532 2950 603 2962 —
629 2921 903 2978 Adducite
946 2920 1213 2977 vitulum.
1244 2916 1544 2974 Praedicate
1572 2915 1735 2973 Chri-

154 3016 276 3063 stum
303 3018 356 3065 et
383 3018 629 3066 mortem
658 3011 775 3079 ejus
803 3008 1094 3076 insinuate,
1129 3015 1190 3063 ut
1217 3014 1271 3063 et
1300 3007 1466 3063 corde
1522 3007 1731 3074 credat,

1838 1843 2026 1898 Iudaeo
2055 1849 2107 1897 et
2136 1843 2345 1915 gentili.
2383 1842 2729 1898 Generaliter
2759 1850 2938 1898 autem
2967 1843 3036 1898 de
3059 1843 3206 1911 justo
3236 1850 3290 1898 et
3308 1856 3443 1914 pec-

1838 1939 2031 1987 catore
2082 1939 2263 2002 potest
2309 1931 2501 2002 accipi.
2551 1933 2847 1988 Devoravit
2894 1932 3296 1999 substantiam,
3330 1939 3437 1988 etc.

1836 2019 2154 2076 Meretrices
2184 2028 2309 2075 sunt
2354 2020 2770 2091 superstitiones
2817 2021 3102 2093 gentilium
3123 2061 3138 2087 ,
3171 2035 3297 2077 cum
3326 2020 3445 2091 qui-

2594 2151 2607 2179 ,
2641 2110 2751 2180 qui,
2777 2108 2970 2165 relicto
2997 2108 3271 2165 connubio
3292 2108 3447 2165 verbi

1839 2197 1959 2266 Dei,
1994 2212 2121 2253 cum
2178 2199 2438 2254 Daemone
2460 2198 2584 2253 feda
2612 2198 2909 2268 cupiditate
2947 2197 3266 2255 fornicatur.
3307 2199 3439 2268 Fili,

1840 2290 1905 2342 tu
1935 2302 2183 2359 semper,
2218 2294 2323 2342 etc.
2374 2287 2499 2342 Non
2543 2286 2698 2357 quasi
2742 2286 3098 2342 mentientem
3143 2285 3442 2359 redarguit,

1838 2374 1936 2429 sed
1993 2389 2181 2430 secum
2238 2375 2703 2446 perseverantiam
2760 2375 2877 2445 ejus
2913 2374 3243 2446 approbans,
3278 2381 3331 2429 et
3376 2373 3447 2429 ad

1839 2462 2259 2533 perfruitionem
2288 2463 2516 2534 potioris
2546 2463 2921 2519 exsultationis
2948 2464 3203 2519 invitans.
3240 2462 3445 2518 Omnia

1835 2568 1980 2619 mea,
2014 2559 2122 2608 etc.
2157 2553 2218 2606 In
2246 2559 2456 2607 aeterna
2484 2552 2834 2622 beatitudine,
2858 2560 2912 2608 et
2942 2551 3185 2608 omnium
3204 2549 3441 2623 singula,

1837 2648 1891 2696 et
1920 2640 2258 2713 singulorum
2287 2640 2488 2696 omnia.

2442 2833 2667 2891 CAPUT
2723 2832 2870 2891 XVI.

1909 3005 2077 3062 Vnus.
2114 3008 2165 3059 1.
2199 3033 2268 3046 -
2297 3006 2379 3061 Ad
2414 3006 2739 3079 discipulos.
2775 3004 2918 3076 Quia
2945 3005 3205 3064 Pharisaei
3225 3005 3449 3078 superbi

151 3096 365 3154 occisum
394 3100 688 3166 imitando,
721 3106 774 3155 et
801 3114 899 3155 ore
925 3097 1193 3171 percipiat
1236 3096 1513 3169 passionis
1541 3110 1734 3153 sacra-
1764 3145 1811 3171 η
1836 3102 1890 3150 et
1916 3093 2064 3150 avari
2094 3093 2234 3150 sicut
2262 3096 2573 3166 petentibus
2622 3096 2855 3165 veniam,
2889 3095 2966 3152 ita
3019 3096 3310 3169 egentibus
3340 3112 3444 3167 pe-

150 3196 365 3243 mentum
400 3189 482 3245 ad
530 3188 990 3245 emendationem.

211 3302 369 3361 Vens.
392 3307 494 3362 2L.
516 3335 588 3346 —
607 3306 677 3361 Et
706 3307 994 3377 cmperunt
1033 3303 1274 3376 epulari.
1306 3301 1431 3356 Non
1461 3300 1638 3357 solum
1667 3297 1738 3355 ﬁ-

150 3388 253 3458 lius,
283 3409 382 3465 pro
429 3409 546 3467 quo
594 3393 796 3450 vitulus
844 3391 1059 3449 occisus
1089 3399 1208 3458 est,
1231 3390 1495 3456 reﬁcitur,
1556 3389 1656 3446 sed
1686 3397 1740 3445 et

76 3502 81 3513 π
152 3485 286 3549 pater
312 3492 364 3539 et
393 3481 550 3540 servi
579 3482 716 3552 ejus,
754 3481 882 3555 quia
925 3480 1151 3537 refectio
1180 3480 1279 3536 Dei
1312 3487 1366 3535 et
1423 3485 1741 3536 sanctorum

162 3577 231 3622 Est
279 3573 426 3630 salus
455 3580 834 3645 peccatorum.
884 3569 955 3625 Et
983 3577 1133 3637 nota,
1167 3569 1312 3643 quod
1373 3577 1494 3640 post
1552 3569 1740 3624 datam

153 3664 323 3720 stolam
350 3661 642 3725 annulum,
684 3652 1132 3716 Calceamentum
1154 3700 1168 3728 ,
1200 3658 1400 3714 vitulus
1430 3656 1741 3713 immolatur

164 3754 273 3825 quia
312 3751 417 3807 nisi
468 3750 593 3822 quis
623 3765 779 3820 spem
817 3749 1012 3819 primae
1042 3747 1467 3803 immortalitatis
1492 3747 1722 3815 indueri,

156 3840 243 3896 nisi
272 3841 471 3897 annulo
502 3837 629 3894 ﬁdei
652 3852 822 3909 opera
840 3836 1230 3909 prmmunierit,
1254 3837 1358 3892 nisi
1376 3836 1553 3908 ipsam
1573 3836 1738 3891 ﬁdem

156 3929 440 3986 conﬁtendo
473 3926 881 4000 praedicaverit,
916 3926 1229 3984 coelestibus
1257 3941 1367 3982 non
1394 3932 1575 3998 potest
1603 3925 1741 3983 inte-

157 4033 288 4076 resse
325 4015 710 4076 sacramentis.

207 4160 367 4217 Vzas.
398 4165 494 4219 25.
535 4189 607 4201 -
643 4161 783 4215 Erat
828 4162 1023 4215 autem
1082 4160 1257 4229 filius.
1307 4156 1495 4223 Filius,
1549 4156 1607 4212 id
1660 4163 1744 4213 est

1764 3145 1814 3209 C

1838 3183 2055 3241 cuuiam
2085 3184 2395 3256 negabant;
2429 3185 2555 3239 ideo
2593 3185 2844 3241 Salvator
2879 3200 3024 3241 nunc
3054 3185 3122 3240 ad
3142 3184 3283 3255 illos,
3306 3199 3454 3242 nunc

1838 3271 1946 3327 illis
1973 3271 2315 3341 audentibus,
2348 3272 2417 3328 ad
2448 3272 2745 3344 discipulos
2774 3274 2842 3329 de
2874 3274 3073 3345 pietate
3103 3274 3268 3330 verba
3296 3272 3444 3330 facit.

1909 3362 2080 3417 Homo
2109 3362 2356 3434 quidam.
2390 3361 2615 3418 Villicus
2645 3363 2885 3434 proprie,
2939 3362 3082 3419 villae
3112 3369 3315 3432 custos,
3350 3362 3450 3419 sed

1840 3449 2060 3521 ponitur
2087 3449 2176 3506 hic
2204 3466 2305 3521 pro
2354 3465 2659 3520 oeconomo,
2695 3450 2750 3508 id
2780 3459 2864 3507 est
2912 3451 3316 3522 dispensatore,
3353 3450 3446 3523 qui

1840 3538 2149 3594 universam
2206 3539 2559 3594 substantiam
2616 3540 2811 3596 domus
2868 3540 3164 3611 dispensat.
3228 3541 3288 3594 In
3344 3541 3451 3597 hoc

1858 3627 2058 3698 quippe
2106 3627 2482 3697 dispensatore
2500 3669 2513 3696 ,
2548 3645 2657 3683 non
2688 3628 2869 3684 omnia
2898 3628 2966 3683 ad
2996 3628 3319 3683 imitandum
3346 3628 3450 3685 de-

1846 3715 2037 3771 bemus
2078 3732 2323 3783 sumere,
2368 3716 2576 3773 scilicet
2623 3724 2681 3772 ut
2710 3717 3083 3773 fraudulenter
3112 3733 3245 3789 erga
3274 3718 3449 3773 Deum

1841 3821 2085 3877 agamus.
2120 3804 2229 3860 Sed
2260 3806 2568 3861 econtrario
2600 3805 2720 3862 istae
2747 3805 3126 3861 similitudines
3146 3805 3362 3874 dantur,
3388 3813 3446 3860 ut

1839 3894 2210 3966 intelligamus
2241 3892 2286 3948 si
2314 3892 2525 3948 laudari
2560 3893 2734 3966 potuit
2763 3910 2797 3949 a
2824 3893 3057 3950 Domino
3087 3893 3180 3965 qui
3200 3892 3448 3956 fraudem

1842 3982 2095 4052 faciebat,
2136 3991 2336 4053 quanto
2383 3983 2561 4056 magis
2608 3982 2791 4054 placet
2843 3983 2959 4039 Deo
2992 3981 3085 4055 qui
3142 3982 3447 4040 secundum

1844 4072 1959 4140 ejus
1986 4079 2321 4144 praeceptum
2352 4089 2519 4143 opera
2547 4071 2638 4127 illa
2669 4072 2816 4129 facit.

1917 4162 2086 4217 Vens.
2123 4165 2175 4215 6.
2209 4191 2281 4202 —-
2313 4164 2553 4218 Centum
2599 4162 2783 4219 cados.
2835 4159 3014 4218 Cadus
3063 4160 3254 4219 Graece
3276 4201 3291 4231 ,
3324 4177 3445 4217 am-

152 4250 363 4320 pOpulus
391 4248 568 4305 Israel
599 4248 692 4319 qui
720 4261 825 4302 nec
852 4246 924 4302 ad
963 4246 1192 4303 colenda
1242 4246 1391 4301 idola
1435 4246 1741 4319 elongave-
1844 4249 2016 4321 phora
2060 4249 2258 4306 dicitur
2304 4250 2509 4321 Latine,
2544 4252 2829 4308 continens
2877 4258 2987 4307 tres
3017 4267 3200 4306 urnas.
3236 4251 3448 4307 Chorus

151 4345 236 4392 rat.
264 4338 454 4411 Neque
484 4337 543 4393 in
573 4337 738 4392 domo
769 4343 907 4405 erat,
968 4336 1095 4409 quia
1124 4334 1387 4390 interiora
1414 4334 1578 4407 legis
1634 4349 1744 4391 non
1844 4338 2040 4393 modiis
2071 4338 2291 4411 triginta
2321 4338 2596 4411 impletur.
2651 4340 2979 4412 Simpliciter
3010 4339 3091 4396 sic
3136 4346 3316 4411 potest
3360 4353 3451 4395 ac-

151 4427 458 4496 penetrabat
490 4442 504 4481 :
538 4423 760 4481 litterali
791 4441 978 4490 sensu,
1020 4430 1328 4491 contentus,
1362 4431 1582 4479 terrena
1604 4438 1741 4495 ope-
1847 4426 1991 4499 cipi;
2026 4422 2272 4499 quisquis
2302 4428 2657 4502 indigentiam
2684 4430 2957 4501 pauperis,
2991 4428 3077 4485 vel
3107 4444 3173 4484 ex
3201 4426 3441 4497 dimidia,

151 4528 293 4581 rans,
322 4522 552 4571 terrena
582 4522 927 4585 exspectans.
958 4512 1057 4569 Hic
1085 4521 1171 4569 est
1198 4512 1291 4585 qui
1337 4528 1534 4584 agrum
1578 4512 1727 4578 emit,
1759 4508 1811 4569 D
1844 4514 1932 4571 vel
1962 4531 2028 4571 ex
2061 4517 2250 4588 quinta
2277 4526 2434 4589 parte
2463 4518 2681 4576 alleviat
2720 4515 3113 4574 misericordiae
3160 4531 3272 4573 sua:
3296 4531 3446 4574 mer-

150 4609 195 4658 et
221 4602 455 4676 quinque
480 4604 619 4677 juga
649 4603 833 4669 boum,
865 4602 1007 4676 legis
1053 4617 1220 4657 onere
1250 4617 1476 4673 pressus
1498 4641 1513 4670 ,
1548 4606 1727 4657 terre-
1829 4604 1963 4660 cede
2001 4602 2289 4661 donandus
2318 4614 2419 4662 est.

147 4691 219 4745 nis
244 4693 498 4748 sensibus
528 4690 745 4761 fruitur,
778 4699 832 4747 et
858 4707 1085 4748 uxorem
1116 4690 1267 4746 duxit
1295 4691 1351 4745 in
1379 4688 1578 4745 aﬂ'ectu
1608 4703 1729 4745 car-

1904 4712 2073 4767 Vnns.
2108 4715 2159 4766 8.
2194 4742 2263 4752 --
2309 4714 2379 4768 Et
2415 4712 2666 4769 laudavit
2687 4711 3055 4768 Dominus.Si
3082 4711 3446 4784 dispensator

148 4778 237 4834 nis.
265 4782 484 4838 Etcum
509 4783 750 4837 veniret.
773 4779 1187 4851 Appropinquat
1206 4778 1348 4834 ﬁlius
1369 4780 1591 4834 domum
1607 4791 1731 4834 cum

1852 4798 2002 4870 niqui
2052 4816 2376 4857 mammona;
2424 4801 2638 4857 Domini
2696 4817 2830 4857 voce
2861 4801 3116 4857 laudatur
3177 4778 3325 4875 quod
3379 4802 3450 4860 de

354 4870 412 4923 in
440 4868 649 4965 ΡοέΨο
679 4868 781 4965 in".
804 4867 1158 4965 ερίτίιυεέίῐεπ
1186 4867 1377 4965 legem.
1395 4866 1728 4965 ίτξίθηίὲξθηδν
1830 4910 1889 4949 re
1919 4866 2102 4965 iniqua
2123 4892 2224 4945 sibi
2240 4890 2504 4960 justitiam
2541 4890 2886 4962 praeparavit,
2920 4899 2973 4946 et
2999 4866 3445 4963 passusdispen-

149 4953 348 5052 labores
376 4958 600 5052 servilis
630 4956 1135 5052 operis‘improbat,
1168 4964 1223 5052 et
1249 4955 1512 5052 EccleS_i€B
1567 4955 1733 5052 Ῑίδθξξ
1841 4953 2030 5052 ἀίιιιῐι,⁸
2048 4989 2228 5036 tamen
2241 4953 2437 5035 laudat
2462 4953 2804 5051 prudentiam
2834 4953 2973 5049 ejus,
3000 4953 3117 5035 non
3144 4980 3292 5052 quod
3304 4953 3424 5037 .ad-

147 5049 293 5100 tatem
322 5046 661 5103 considerat.
694 5045 860 5101 Audit
906 5045 1285 5117 symphoniam
1314 5051 1369 5101 et
1398 5045 1646 5114 chorum,
1678 5045 1732 5100 id

1851 5045 2058 5129 versum
2096 5069 2389 5125 Dominum
2419 5045 2791 5125 fraudulenter
2817 5045 3012 5142 egerit,
3037 5069 3135 5125 sed
3155 5045 3303 5141 quod
3322 5085 3424 5141 pro

152 5140 224 5187 est
277 5134 475 5205 spiritu
529 5134 725 5206 plenos
779 5133 1007 5190 vocibus
1061 5133 1317 5213 consonis
1372 5133 1732 5207 Evangelium

1851 5179 1894 5218 se
1940 5160 2239 5232 prudenter
2286 5157 2523 5215 fecerit:
2573 5165 2774 5230 quanto
2815 5133 3007 5232 magis,
3050 5133 3298 5214 Christus
3322 5133 3442 5232 -qui

152 5223 462 5321 Ρηδίίξδτθλ
502 5223 698 5321 ,Υοοαι
752 5238 919 5321 ξίθυτη
972 5221 1286 5321 δίε-,εθῖἶίδν
1321 5236 1449 5321 cum.
1474 5222 1637 5321 sum“
1665 5221 1737 5321 ad
1837 5221 2046 5306 nullum
2076 5248 2334 5304 damnum
2381 5221 2649 5304 sustinere
2678 5254 2877 5319 potest,
2906 5221 2965 5304 at
3022 5264 3227 5321 pronus
3256 5221 3445 5306 est

153 5307 435 5382 legendum
466 5311 705 5383 aliquem
736 5311 804 5367 de
831 5311 1133 5383 prophetis.
1163 5311 1235 5368 Et
1262 5327 1388 5366 eum
1435 5311 1738 5385 interrogat

150 5396 333 5454 dumin
365 5416 436 5456 eo
466 5407 743 5456 scrutatur
772 5417 895 5472 quae
924 5400 1030 5455 sint
1058 5400 1177 5457 haec
1204 5399 1345 5457 festa
1372 5399 1659 5458 Ecclesiae.
1682 5400 1740 5456 in

159 5487 336 5556 quibus
364 5505 429 5545 se
460 5505 586 5544 esse
615 5504 726 5544 non
755 5489 920 5544 videt.

1838 5338 2190 5398 clementiam
2212 5378 2226 5406 ,
2258 5336 2500 5392 laudabit
2537 5335 2855 5409 discipulos,
2891 5338 2937 5392 si
2967 5337 3023 5392 in
3052 5337 3157 5393 sibi
3206 5338 3448 5396 creditos

1837 5428 2225 5485 misericordes
2252 5426 2468 5482 fuerint.
2499 5428 2635 5482 Filii
2663 5428 2832 5500 hujus
2865 5430 3077 5486 sweuli.
3104 5430 3271 5503 Cujus
3297 5430 3451 5503 quis-

1841 5534 1947 5589 que
1993 5534 2160 5588 opera
2205 5516 2336 5590 agit,
2374 5517 2491 5584 ejus
2538 5523 2592 5571 et
2622 5514 2765 5571 ﬁlius
2812 5516 3049 5588 dicitur;
3082 5522 3228 5579 unde
3262 5539 3277 5579 :
3310 5526 3446 5582 Filii

216 5603 381 5660 Vnus.
416 5606 511 5662 26.
550 5634 619 5645 -
657 5604 1046 5677 Interrogavit.
1078 5603 1149 5658 Et
1176 5619 1321 5660 nunc
1352 5602 1540 5677 quaerit
1570 5602 1742 5659 Israel
1839 5608 2007 5678 hujus
2029 5607 2241 5673 sreculi,
2278 5605 2333 5661 id
2364 5613 2448 5662 est
2476 5606 2862 5675 tenebrarum;
2896 5614 2951 5663 et
2979 5606 3075 5665 ﬁlii
3094 5610 3254 5681 lucis,
3280 5620 3442 5670 teter-

152 5702 245 5745 cur
270 5691 417 5750 Deus
448 5693 664 5751 laetetur
683 5693 738 5749 in
758 5693 1128 5766 assumptione
1148 5692 1411 5768 gentium,
1436 5701 1490 5750 et
1518 5699 1745 5765 propter
1846 5710 1935 5751 nae
1981 5695 2122 5751 vitae.
