3932 6178
479 324 582 378 315

1084 320 1487 377 WALAFRIDI
1517 317 1762 375 STRABI
1792 318 1992 375 FULD.
2025 317 2198 375 MON.
2233 318 2386 375 OPP.
2427 319 2604 378 PARS
2633 322 2692 375 1..
2714 351 2777 362 —
2807 321 3279 379 THEOLOGICA.

3674 327 3770 379 316

555 447 724 503 Vnns.
760 450 813 501 9.
848 476 917 487 —
944 447 1135 503 Facite
1164 446 1329 501 vobis.
1377 446 1677 499 Mammona
1737 442 1923 516 lingua
1972 443 2072 514 Sy-
2102 443 2312 507 Atium
2342 444 2657 515 contemnit,
2682 444 2820 502 sicut
2836 445 3099 501 Dominus
3119 445 3303 502 irritus
3319 455 3452 503 esta
3474 448 3772 507 Phariseis.

483 551 673 591 rerum
701 535 903 590 divitia:
933 534 1248 606 iniquitatis,
1284 534 1409 604 quia
1438 532 1505 587 de
1536 531 1814 605 iniquitate
1846 532 2090 588 collectas

485 631 628 679 sunt.
664 623 721 678 Si
760 638 896 694 ergo
939 622 1197 694 iniquitas
1246 622 1385 677 bene
1412 620 1730 691 dispensata
1778 620 2005 675 vertitur
2034 621 2088 675 in

476 712 762 781 justitiam,
796 718 996 782 quanto
1043 710 1217 784 magis
1266 708 1441 781 epulae
1488 708 1659 764 divini
1710 708 1997 775 sermonis,
2036 707 2092 763 in

483 817 591 872 quo
620 800 764 855 nulla
795 806 878 855 est
905 798 1179 870 iniquitas,
1213 799 1418 853 bonum
1448 797 1880 870 dispensatorem
1911 796 2092 852 levant

483 889 540 943 in
568 889 785 944 cmlum.

554 1004 723 1059 Vans.
759 1006 844 1058 10.
879 1034 948 1044 —
980 1004 1084 1072 Qui
1111 1002 1314 1072 ﬁdelis.
1350 1003 1411 1056 In
1440 1000 1669 1073 pecunia
1706 1015 1831 1057 cum
1849 1016 2087 1071 paupere

487 1091 879 1164 participanda.
942 1094 1013 1149 Et
1041 1094 1105 1149 in
1150 1093 1358 1164 majori
1401 1090 1702 1146 Adbaarens
1734 1090 1999 1158 Creatori,
2035 1098 2090 1145 et

481 1194 606 1236 cum
640 1196 707 1236 eo
739 1180 964 1252 spiritus
1003 1197 1143 1236 unus
1187 1178 1432 1236 effectus.
1482 1178 1591 1235 Sed
1649 1178 1741 1251 qui
1770 1177 2089 1249 temporalia

480 1285 604 1339 quae
636 1270 884 1340 possidet
930 1286 1042 1325 non
1082 1270 1223 1324 bene
1268 1268 1566 1339 dispensat,
1614 1275 1947 1323 aeternorum
1978 1264 2084 1321 sibi

479 1357 713 1429 gloriam
743 1358 812 1413 de
843 1374 952 1430 qua
980 1366 1151 1413 tumet
1182 1364 1425 1414 evacuat.

551 1474 723 1529 Vnns.
759 1477 845 1528 11.
878 1503 949 1513 —
977 1474 1037 1530 Si
1064 1489 1209 1545 ergo,
1243 1482 1347 1529 etc.
1382 1471 1487 1541 Qui
1535 1486 1645 1527 non
1686 1472 1776 1527 dat
1824 1471 2082 1528 fratribus

477 1562 547 1616 ad
577 1562 838 1617 utendum
868 1562 1015 1634 quod
1044 1578 1074 1616 a
1104 1562 1219 1616 Deo
1247 1577 1349 1633 pro
1388 1560 1640 1617 omnibus
1687 1568 1771 1617 est
1817 1569 2077 1631 creatum,

484 1649 705 1721 iniquus
727 1650 826 1705 erit
845 1650 902 1705 in
921 1650 1186 1722 spirituali
1203 1650 1432 1721 pecunia
1443 1649 1753 1719 dividenda,
1775 1658 1835 1705 ut
1853 1665 1963 1705 non
1978 1666 2079 1721 pro

476 1739 821 1807 necessitate,
855 1740 953 1794 sed
979 1755 1082 1810 pro
1124 1738 1374 1810 personis
1412 1738 1713 1794 doctrinam
1743 1731 1961 1793 Domini
1989 1739 2077 1793 di-

477 1827 645 1883 vidat.

549 1915 724 1972 Vens.
759 1920 846 1974 12.
869 1947 939 1956 —
960 1918 1030 1971 Et
1058 1917 1109 1972 si
1138 1918 1200 1971 in
1231 1917 1437 1971 alieno.
1490 1914 1547 1970 Si
1576 1915 1822 1971 carnales
1868 1915 2083 1971 divitias

477 2020 599 2076 qua:
629 2005 886 2060 labuntur
916 2021 1027 2059 non
1057 2005 1198 2059 bene
1227 2003 1555 2074 dispensatis
1578 2046 1592 2073 ,
1625 2019 1785 2058 veras
1813 2011 1867 2058 et
1924 2012 2079 2059 aeter-

482 2108 583 2149 nas
614 2093 829 2148 divitias
861 2094 983 2165 quis
1014 2093 1167 2148 dabit
1187 2093 1342 2148 vobis
1363 2093 1391 2147 ?

548 2182 719 2236 Vens.
758 2186 843 2237 13.
877 2183 1046 2238 Nemo
1077 2198 1290 2237 servus.
1324 2179 1641 2251 Corripiens
1669 2180 1953 2235 avaritiam
2001 2180 2084 2235 di-

477 2270 553 2327 cit
582 2278 850 2326 amatores
880 2270 1128 2341 pecuniaa
1161 2272 1334 2325 Deum
1364 2285 1550 2325 amore
1570 2285 1682 2324 non
1720 2284 1883 2339 posse
1907 2288 1921 2336 ;
1992 2268 2086 2340 qui

480 2374 617 2431 ergo
665 2360 839 2414 Deum
888 2367 1029 2414 amat
1060 2359 1349 2430 pecuniam
1391 2358 1686 2414 contemnit
1739 2376 1752 2412 :
1800 2373 1911 2413 non
1940 2358 2085 2413 valet

480 2448 627 2503 enim
655 2447 815 2503 simul
846 2448 1153 2503 transitoria
1181 2456 1235 2503 et
1262 2455 1465 2503 aeterna
1494 2447 1742 2520 diligere.

547 2538 658 2592 Aut
691 2539 797 2592 uni
842 2537 1165 2592 adhaerebit.
1199 2536 1390 2606 (Auc.)
1428 2537 1552 2591 Non
1599 2536 1820 2607 quidem
1868 2535 2078 2609 diliget.

473 2625 647 2681 Nemo
679 2624 822 2679 enim
854 2624 1049 2697 diligit,
1085 2632 1188 2680 etc.
1223 2641 1397 2697 usque
1427 2625 1499 2680 ad
1520 2633 1572 2679 et
1600 2624 1669 2679 de
1699 2624 1937 2680 bonitate
1959 2624 2078 2692 ejus

473 2721 527 2768 et
555 2713 875 2783 impunitate
907 2714 1011 2767 sibi
1042 2713 1329 2768 blanditur.

546 2803 666 2857 Non
688 2804 950 2874 potestis,
985 2810 1089 2857 etc.
1143 2802 1266 2856 Non
1319 2801 1393 2855 ait
1450 2801 1652 2856 habere
1707 2800 1941 2871 divitias,
1976 2802 2074 2855 sed

474 2889 697 2945 servire.
734 2889 911 2943 Servit
942 2890 1035 2961 qui
1065 2890 1299 2945 custodit
1330 2898 1385 2943 ut
1442 2906 1672 2955 servus;
1707 2889 1805 2943 sed
1836 2890 1927 2960 qui
1958 2905 2076 2944 ser—

472 2978 655 3033 vitutis
703 2978 941 3033 excussit
990 2978 1211 3051 jugum,
1246 2977 1518 3033 distribuit
1548 2986 1605 3032 ut
1646 2977 1926 3032 Dominus".
1962 2976 2070 3045 Qui

2193 531 2384 587 Omnis
2432 534 2525 604 qui
2572 534 2681 589 vim
2725 532 2885 601 facit,
2937 534 3244 590 vehementi
3292 535 3471 591 studio
3501 548 3771 611 properat,

2190 636 2299 676 non
2328 622 2563 693 torpenti
2622 622 2871 678 lentescit
2922 620 3138 679 aﬂ‘ectu.
3184 624 3281 678 Est
3311 640 3447 696 ergo
3502 624 3628 681 ﬁdei
3653 627 3771 683 reli-

2190 710 2353 780 giosa
2401 710 2674 780 violentia,
2709 711 2970 784 segnities
2999 711 3312 768 criminosa.
3346 712 3633 770 Faciamus
3658 730 3777 787 ergo

2190 798 2299 853 vim
2328 807 2576 868 naturae,
2611 807 2670 864 ut
2699 815 2810 855 non
2856 800 2927 856 ad
2974 806 3191 857 terrena
3239 800 3559 873 demergat,
3593 802 3686 859 sed
3711 804 3772 859 ad

2189 903 2420 957 superna
2450 904 2508 944 se
2530 888 2722 962 erigat.

2262 976 2429 1032 Vnus.
2465 980 2550 1032 17.
2573 1008 2643 1017 —
2664 978 2910 1034 Facilius
2939 982 3045 1033 est.
3079 977 3340 1047 Quamvis
3366 977 3569 1048 dicam,
3592 980 3704 1036 Lee:
3719 986 3769 1037 et

2181 1065 2468 1137 propheta:
2511 1082 2686 1138 usque
2715 1066 2787 1122 ad
2822 1068 3135 1133 Joannem,
3169 1074 3350 1122 tamen
3396 1082 3511 1122 non
3547 1068 3771 1138 pradico

2186 1152 2325 1223 legis
2353 1153 2779 1210 destructionem
2814 1171 2827 1208 :
2861 1153 2989 1226 quia
3010 1153 3220 1211 facilius
3240 1163 3322 1211 est
3338 1155 3580 1211 maxima
3599 1157 3771 1229 mundi

2186 1240 2449 1296 elementa
2479 1258 2640 1313 quam
2669 1242 2891 1297 minima
2916 1242 3057 1315 legis
3084 1249 3355 1315 praecepta
3381 1244 3641 1315 transire,
3665 1246 3771 1317 quia

2185 1329 2344 1385 etiam
2373 1329 2466 1385 illa
2496 1346 2619 1401 quas
2648 1330 2788 1386 levia
2816 1330 2901 1386 vel
2931 1331 3311 1402 superstitiosa
3347 1332 3609 1388 videntur
3629 1374 3645 1403 ,
3675 1349 3770 1389 non

2181 1427 2372 1474 vacant
2398 1434 2433 1474 a
2461 1419 2815 1474 sacramentis
2856 1418 3232 1490 spiritualibus
3267 1420 3490 1492 quando
3518 1422 3700 1477 omnia
3727 1431 3773 1478 et

2181 1507 2236 1562 in
2265 1507 2565 1579 Evangelio
2593 1507 2998 1579 recapitulatur.

2253 1596 2422 1651 Vens.
2457 1600 2543 1652 18.
2577 1626 2647 1637 -
2678 1596 2892 1665 Omnis,
2926 1603 3031 1651 etc.
3065 1596 3438 1668 (Anna.)Non
3458 1612 3625 1654 omne
3664 1613 3774 1654 con-

2174 1684 2384 1757 jugium
2412 1692 2496 1739 est
2531 1700 2561 1739 a
2604 1686 2738 1740 Deo.
2776 1685 2895 1740 Non
2915 1685 3058 1740 enim
3107 1686 3405 1759 gentilibus
3453 1686 3769 1742 Christianae

2099 1804 2153 1864 B
2182 1772 2523 1864 copulantur,
2556 1787 2681 1864 cum
2711 1774 2797 1828 lex
2827 1773 3134 1845 prohibeat.
3178 1774 3284 1831 Ubi
3313 1782 3398 1830 est
3442 1774 3626 1846 impar
3649 1790 3771 1831 oon-

2179 1861 2411 1933 jugium,
2444 1861 2530 1916 lex
2562 1862 2661 1917 Dei
2690 1877 2801 1918 non
2830 1869 2931 1917 est.

2254 1977 2426 2033 Vens.
2461 1981 2546 2033 19.
2581 2008 2651 2018 —
2679 1979 2850 2036 Homo
2879 1978 3128 2051 quidam.
3152 1976 3352 2034 Contra
3369 1976 3647 2033 desirores
3664 1993 3771 2034 ava-

2183 2080 2277 2120 ros
2307 2064 2454 2137 quod
2500 2066 2785 2137 proposuit
2831 2066 3081 2138 exemplo
3117 2066 3344 2135 astruit,
3378 2066 3596 2123 scilicet
3640 2067 3771 2139 quod

2183 2152 2338 2209 dives
2364 2154 2505 2224 apud
2534 2152 2737 2210 inferos
2765 2163 3068 2226 torquetur,
3104 2155 3198 2226 qui
3226 2155 3490 2210 Lazarum
3519 2171 3634 2211 non
3661 2154 3773 2211 fecit

2184 2240 2288 2296 sibi
2318 2242 2570 2312 amicum,
2603 2259 2633 2297 a
2655 2258 2762 2315 quo
2790 2250 2978 2313 posset
3006 2242 3179 2314 recipi
3206 2242 3261 2297 in
3290 2250 3497 2299 eterna
3524 2244 3769 2299 tabem-

2184 2329 2323 2398 cula,
2355 2338 2409 2385 et
2436 2330 2613 2404 magis
2643 2331 2856 2387 videtur
2882 2331 3125 2386 narratio
3154 2346 3320 2403 quam
3357 2332 3645 2401 parabole.

2257 2419 2364 2487 Qui
2418 2420 2762 2475 induebatur
2804 2436 3079 2493 purpura,
3113 2428 3220 2476 etc.
3272 2419 3509 2492 (Gaza)
3540 2421 3771 2491 Purpura

2183 2507 2336 2562 color
2366 2507 2504 2579 regii
2534 2506 2748 2562 habitus
2777 2516 2878 2576 est,
2913 2507 3139 2564 conchis
3165 2507 3409 2575 marinis,
3445 2514 3585 2578 etc.,
3618 2525 3771 2582 usque

2182 2596 2253 2651 ad
2299 2596 2423 2667 quia
2467 2596 2682 2653 viscera
2711 2596 2925 2667 pietatis
2974 2596 3289 2668 ignoravit,
3334 2596 3464 2668 quia
3508 2604 3769 2668 praecepta

2182 2684 2357 2755 pretio
2405 2684 2675 2739 redimere
2722 2684 2911 2739 noluit.

2254 2800 2421 2853 Vans.
2446 2802 2535 2855 20.
2569 2830 2639 2839 —-
2668 2801 2737 2855 Et
2758 2804 2883 2856 erat
2912 2800 3159 2873 quidam.
3196 2799 3253 2856 Si
3284 2799 3412 2871 quia
3439 2801 3771 2872 reprehensi-

2181 2886 2309 2941 bilia
2337 2887 2393 2941 in
2421 2887 2749 2958 pauperibus
2768 2888 3037 2958 videmus,
3058 2887 3346 2959 despicere
3366 2904 3479 2944 non
3495 2889 3768 2958 debemus,

2184 2975 2310 3045 quia
2339 2975 2575 3030 fortasse
2620 2992 2758 3047 quos
2779 2992 2995 3032 morum
3043 2975 3331 3032 inﬁrmitas
3358 2976 3633 3047 vulnerat,
3662 2994 3769 3033 me-

471 3066 638 3122 servit
665 3082 1008 3134 mammonae,
1040 3067 1118 3121 illi
1147 3067 1331 3139 utique
1370 3067 1535 3120 servit
1572 3066 1665 3137 qui
1710 3065 1904 3121 merito
1961 3082 2074 3121 suae
2177 3063 2357 3119 dicina
2388 3064 2728 3135 paupertatis
2756 3073 2929 3121 curat.
2988 3067 3270 3122 Ulceribus
3313 3066 3545 3138 plenus.
3602 3067 3756 3135 Hujus

470 3154 844 3225 perversitatis
876 3157 1037 3210 rebus
1067 3155 1185 3209 istis
1230 3156 1558 3227 prmpositus
1604 3154 1859 3225 princeps
1887 3155 2074 3209 muudi
2100 3163 2149 3224 α
2179 3151 2364 3207 ulcera
2393 3152 2548 3207 dives
2579 3151 2893 3208 fastidiosus
2929 3153 3203 3223 exhorret,
3235 3169 3307 3209 ne
3336 3154 3482 3209 inter
3506 3155 3767 3225 pretiosas

469 3259 501 3297 a
532 3244 766 3300 Domino
796 3243 1009 3300 dicitur.

540 3360 712 3415 Vnns.
749 3363 833 3416 14.
868 3392 937 3400 -
967 3359 1281 3415 Audiebant
1337 3363 1550 3414 autem.
1584 3357 1839 3413 Monebat
1898 3358 2084 3412 Domi-

469 3464 572 3503 nus
600 3449 808 3505 scribas
839 3456 892 3503 et
924 3447 1225 3503 Pharisaeos
1254 3463 1365 3501 non
1394 3446 1630 3517 superbe
1678 3462 1875 3517 sapere
1900 3489 1913 3512 ,
1967 3462 2077 3500 non

468 3538 538 3592 de
569 3551 668 3591 sua
691 3535 898 3605 justitia
926 3551 1258 3607 praesumere
1290 3536 1388 3590 sed
1410 3542 1729 3605 peccatores
1752 3534 2081 3605 pmnitentes

468 3625 747 3696 suscipere
781 3643 795 3679 :
828 3633 880 3680 et
910 3640 1006 3679 sua
1035 3640 1156 3695 qua:
1188 3623 1324 3679 forte
1356 3623 1659 3679 inciderent
1685 3623 2080 3694 peccata,elee-

469 3714 715 3786 mosynis
746 3713 1037 3769 redimere.
1072 3714 1178 3768 Sed
1211 3712 1288 3767 illi
1336 3721 1736 3784 praeceptorem
1767 3712 2080 3767 misericor-

467 3802 591 3870 diae,
645 3802 999 3872 humilitatis,
1042 3809 1095 3857 et
1140 3801 1522 3873 parcimonize,
1570 3800 1862 3868 derident,
1921 3793 2079 3871 quasi

466 3891 646 3946 minus
675 3891 825 3945 utilia
855 3898 909 3945 et
938 3906 1214 3961 nunquam
1244 3889 1494 3946 facienda
1514 3888 1708 3944 noxius
1748 3890 2049 3958 imperaret
2067 3942 2080 3965 ,

467 3979 559 4034 vel
612 3986 760 4034 certe
816 3977 988 4044 utilia,
1025 3977 1121 4032 sed
1181 3994 1211 4030 a
1269 3994 1328 4031 se
1351 3978 1463 4045 jam
1493 3976 1731 4047 perfecta
1762 3976 2070 4045 superfluus

467 4066 763 4137 ingereret.

543 4152 818 4206 Vnns.15.
846 4153 912 4206 Et
941 4153 1042 4216 ait,
1077 4160 1181 4207 etc.
1216 4153 1354 4206 Dum
1375 4160 1694 4223 peccatores
1733 4152 1891 4223 quasi
1924 4150 2078 4205 infir-

466 4257 587 4297 mos
618 4249 672 4295 et
701 4242 1086 4312 desperatores
1137 4240 1481 4296 contemnitis
1506 4285 1518 4306 ,
1554 4249 1609 4295 et
1654 4256 1752 4295 vos
1800 4240 2079 4311 perfectos

467 4330 524 4385 in
552 4330 809 4386 omnibus
840 4337 1160 4401 cunctaeque
1199 4328 1504 4401 fragilitatis
1534 4338 1806 4399 expertes,
1841 4330 2077 4385 eleemo-

473 4436 728 4492 synarum
759 4419 1002 4476 remedio
1052 4434 1161 4473 non
1220 4434 1387 4492 egere
1434 4417 1676 4474 creditis.
1712 4418 1821 4474 Sed
1847 4420 1966 4474 haec
1996 4425 2077 4472 tu-

2184 3240 2392 3310 epulas,
2426 3248 2898 3313 unguentatosque
2927 3240 3206 3310 convivas,
3257 3240 3491 3297 fetorem
3539 3243 3767 3300 ulcerum

2182 3328 2548 3384 lambentibus
2587 3330 2813 3385 canibus
2859 3330 3139 3385 sustineat.

2255 3431 2424 3485 Vans.
2456 3434 2545 3487 21.
2568 3462 2638 3471 -—
2661 3432 2922 3503 Cupiens.
2957 3433 3018 3486 In
3047 3447 3158 3486 una
3187 3449 3245 3488 re
3282 3431 3393 3488 duo
3429 3432 3646 3502 judicia
3686 3431 3773 3488 Dei

2184 3518 2472 3589 explentur
2505 3537 2518 3573 :
2554 3535 2619 3574 ex
2650 3519 2858 3576 visione
2888 3520 3143 3591 pauperis
3172 3520 3324 3577 diviti
3355 3536 3467 3576 non
3504 3520 3769 3577 miseranti

2183 3607 2433 3662 cumulus
2461 3607 2823 3663 damnationis
2852 3608 3086 3663 infertur
3110 3627 3124 3675 ;
3157 3617 3212 3664 et
3240 3625 3455 3665 rursum
3485 3626 3553 3666 ex
3573 3610 3766 3666 visione

2181 3695 2382 3765 divitis,
2416 3704 2650 3750 tentatus
2682 3696 2921 3767 quotidie
2949 3713 3157 3767 pauper
3202 3698 3483 3768 probatur,
3519 3715 3685 3770 quem
3709 3697 3765 3753 ad

2182 3785 2443 3852 majorem
2491 3785 2662 3855 ipsius
2722 3785 3101 3856 probationem
3169 3794 3467 3857 paupertas
3512 3786 3675 3842 simul
3723 3794 3767 3840 et

2180 3872 2468 3944 (egritudo,
2502 3881 2556 3928 et
2584 3873 2701 3928 visa
2729 3872 2911 3928 divitis
2940 3874 3118 3944 copia,
3153 3881 3206 3930 et
3234 3874 3384 3930 nulla
3412 3874 3518 3930 sibi
3538 3873 3769 3931 adhibita

2181 3961 2481 4015 consolatio
2512 3959 2768 4017 afﬁciunt.
2817 3963 3014 4018 Canes.
3046 3961 3233 4019 Potest
3260 3963 3315 4017 in
3362 3962 3553 4035 lingua
3582 3978 3768 4019 canum

2180 4049 2368 4121 lingua
2416 4047 2712 4120 significari
2760 4050 3092 4104 adulantium
3142 4050 3235 4121 qui
3291 4050 3517 4106 vulnera
3546 4051 3765 4123 lingunt,

2180 4137 2306 4191 dum
2338 4137 2479 4191 mala
2509 4154 2629 4208 quas
2658 4138 2713 4191 in
2742 4138 2901 4193 nobis
2944 4126 3401 4209 reprehendimus
3428 4140 3678 4211 improbo
3697 4138 3770 4194 fa-

2179 4241 2309 4280 vore
2338 4225 2577 4280 laudant.

2252 4341 2419 4395 Vnns.
2442 4344 2605 4396 22.—
2638 4342 2702 4396 In
2731 4343 2924 4396 sinum
2955 4341 3209 4397 Abrahae.
3244 4340 3408 4397 Sinus
3438 4343 3669 4398 Abrabze
3696 4350 3771 4397 est

2179 4428 2395 4498 requies
2437 4429 2722 4484 beatorum
2768 4444 3090 4500 pauperum,
3136 4446 3367 4501 quorum
3418 4439 3504 4486 est
3550 4447 3770 4504 regnum

467 4509 634 4564 moris
662 4509 887 4565 altitudo
919 4524 1079 4580 quam
1130 4508 1276 4576 juste
1319 4506 1621 4561 damnanda
1671 4506 1759 4573 sit,
1793 4506 1940 4562 videt
1985 4506 2075 4561 ille
2096 4517 2146 4577 Ι)
2177 4516 2461 4587 coriorum,
2496 4518 2552 4571 in
2583 4532 2690 4588 quo
2709 4525 2833 4588 post
2854 4519 2996 4573 hanc
3017 4518 3187 4573 vitam
3207 4519 3563 4589 recipiuntur.
3597 4520 3775 4590 Sepul-

466 4597 558 4667 qui
588 4597 853 4652 illuminat
900 4597 1221 4653 abscondita
1270 4597 1614 4652 tenebrarum
1639 4637 1652 4663 ,
1689 4603 1743 4650 et
1772 4594 2079 4650 manifestat

466 4685 692 4739 consilia
722 4685 988 4740 cordium.

539 4798 710 4853 Vens.
748 4801 834 4852 16.
857 4828 923 4838 —
944 4800 1061 4855 Lex
1088 4805 1144 4855 et
1169 4801 1475 4872 prophetat
1535 4798 1915 4870 Disputantcm
1947 4812 2076 4853 con-

466 4895 549 4942 tra
576 4885 966 4959 philargyriam
996 4887 1334 4957 deridebant,
1389 4887 1543 4959 quasi
1603 4886 1933 4943 contrarium
1962 4884 2077 4959 legi

466 4982 521 5029 et
549 4975 829 5045 prophetis
861 4992 874 5029 :
909 4991 1033 5029 cum
1075 4975 1131 5029 in
1160 4976 1284 5048 lege
1314 4977 1467 5031 multi
1516 4976 1712 5031 divites
1742 4976 1859 5031 Deo
1890 4976 2074 5047 placu-

466 5070 642 5128 erunt,
668 5070 720 5117 et
740 5079 863 5118 cum
880 5062 966 5118 lex
988 5051 1110 5118 suis.
1125 5064 1573 5119 observatoribus
1590 5066 1731 5120 bona
1772 5073 1930 5120 terra:
1949 5082 2076 5136 pro-

465 5149 655 5214 mittat,
690 5151 885 5221 quibus
914 5152 1149 5207 occurrit
1196 5154 1402 5208 docens
1449 5154 1755 5208 distantiam
1784 5170 1907 5209 esse
1938 5154 2077 5209 inter

464 5239 645 5311 legem
676 5247 729 5293 et
757 5239 1114 5311 Evangelium
1149 5258 1162 5294 :
1201 5241 1324 5311 quia
1356 5242 1408 5294 in
1442 5242 1564 5314 lege
1594 5243 1905 5297 carnalibus
1949 5259 2073 5313 pr0'

463 5335 587 5398 pter
640 5334 838 5380 terram
870 5326 1254 5398 praecipiuntur
1302 5328 1547 5395 minora,
1584 5338 1637 5384 et
1666 5331 1719 5383 in
1766 5331 2071 5402 Evangelio

466 5414 836 5486 spiritualibus
869 5424 1094 5486 propter
1126 5417 1323 5471 cmlum
1355 5418 1743 5489 przecipiuntur
1772 5420 1996 5486 majora.

532 5515 603 5568 Et
642 5516 846 5569 omnis.
910 5515 1103 5586 Magna
1138 5515 1217 5568 vis
1266 5526 1348 5570 est
1391 5532 1514 5572 cum
1563 5519 1630 5571 de
1655 5527 1801 5573 terra
1853 5519 2071 5591 genitus

463 5603 659 5657 caelum
691 5602 881 5674 quaerit
911 5603 1195 5673 possidere
1227 5621 1323 5675 per
1352 5605 1631 5669 virtutem,
1668 5607 1813 5677 quod
1844 5624 1954 5662 non
1974 5624 2070 5679 po-

467 5690 562 5744 tuit
593 5700 777 5746 tenere
811 5709 909 5762 per
943 5701 1208 5755 naturam,
1236 5709 1356 5747 cum
1398 5693 1613 5763 linguas
1639 5696 1797 5748 etiam
1823 5697 2071 5763 deriden-

2180 4614 2293 4659 tura
2315 4604 2511 4659 inferni
2534 4622 2817 4675 pomarum
2845 4605 3187 4675 profunditas
3217 4616 3319 4674 est,
3357 4625 3482 4678 quas
3513 4608 3774 4678 superbos

2180 4702 2231 4748 et
2260 4694 2717 4749 immisericordes
2754 4703 2877 4764 post
2908 4696 3045 4749 hanc
3067 4695 3231 4749 vitam
3269 4704 3448 4750 vorat.
3482 4697 3551 4751 Et
3594 4696 3774 4769 sepul-

2181 4788 2273 4837 tus
2303 4787 2406 4837 est.
2441 4782 2502 4836 In
2530 4782 2652 4855 lege
2682 4798 2792 4837 non
2823 4782 3051 4852 tenacia,
3086 4784 3183 4837 sed
3213 4783 3402 4854 rapina
3429 4783 3720 4840 damnatur
3759 4802 3774 4848 ς

2179 4871 2231 4924 in
2262 4870 2563 4942 Evangelio
2593 4871 2747 4925 dives
2777 4871 2922 4942 quod
2953 4887 3052 4926 sua
3081 4887 3189 4927 non
3220 4872 3371 4926 dedit
3401 4879 3705 4944 torquetur.

2251 4987 2419 5041 Vsus.
2467 4990 2556 5042 23.
2590 5017 2658 5026 —
2689 4988 2926 5043 Elevans
2958 4991 3171 5043 autem.
3205 4989 3251 5042 A
3279 4987 3447 5061 longe
3479 4988 3663 5043 vident
3691 4988 3777 5041 in—

2181 5073 2389 5141 ﬁdeles,
2422 5074 2549 5129 dum
2581 5074 2635 5127 in
2665 5073 2772 5130 imo
2817 5075 2978 5145 positi
3025 5084 3151 5130 ante
3197 5075 3343 5131 diem
3368 5076 3557 5145 judicii
3586 5074 3780 5129 fideles

2181 5178 2343 5232 super
2370 5179 2428 5216 se
2459 5163 2514 5215 in
2542 5163 2732 5233 requie
2772 5163 3092 5231 attendunt,
3128 5178 3361 5234 quorum
3393 5163 3593 5234 gaudia
3654 5172 3781 5234 post

2180 5250 2535 5320 contemplari
2567 5267 2673 5305 non
2712 5259 2958 5321 possunt.
2992 5251 3179 5324 Longe
3209 5260 3294 5307 est
3322 5253 3473 5323 quod
3502 5250 3782 5322 conspici-

2179 5346 2291 5407 unt,
2326 5339 2453 5409 quia
2481 5338 2610 5395 illuc
2637 5356 2735 5410 per
2763 5339 3013 5394 meritum
3044 5356 3156 5394 non
3197 5339 3492 5412 attingunt.

2256 5434 2397 5489 Vidit
2448 5434 2743 5490 Abraham.
2799 5434 3005 5505 (Gneo.
3093 5434 3441 5489 Credendum
3492 5442 3595 5501 est,
3634 5433 3784 5506 quod

2178 5530 2302 5577 ante
2334 5522 2743 5577 retributionem
2774 5522 2998 5576 extremi
3034 5522 3222 5591 judicii
3253 5523 3437 5590 injusti
3469 5524 3521 5576 in
3566 5522 3783 5593 requie,

2178 5620 2305 5679 etc.,
2340 5628 2510 5683 usque
2540 5612 2613 5666 ad
2653 5619 2705 5664 et
2735 5611 2802 5663 de
2848 5610 3061 5664 illorum
3097 5626 3257 5681 perna
3287 5618 3612 5682 torquentur
3645 5625 3786 5682 quos

2180 5699 2436 5753 inutiliter
2484 5709 2817 5754 amaverunt.
