  <div class='ocr_page' id='page_1' title='image "/cluster/home/n/w/nwhite01/storage/ocr_20150623/114/hvd.32044052819893/164.png"; bbox 0 0 3932 6178; ppageno 0'>
   <div class='ocr_carea' id='block_1_1' title="bbox 230 340 323 396">
    <p class='ocr_par' dir='ltr' id='par_1_1' title="bbox 230 340 323 396">
     <span class='ocr_line' id='line_1_1' title="bbox 230 340 323 396; baseline -0.032 0"><span class='ocrx_word' id='word_1_1' title='bbox 230 340 323 396; x_wconf 70' lang='grc'>317</span> 
     </span>
    </p>
   </div>
   <div class='ocr_carea' id='block_1_2' title="bbox 1093 338 2433 406">
    <p class='ocr_par' dir='ltr' id='par_1_2' title="bbox 1093 338 2433 406">
     <span class='ocr_line' id='line_1_2' title="bbox 1093 338 2433 406; baseline 0.007 -11"><span class='ocrx_word' id='word_1_2' title='bbox 1093 338 1365 397; x_wconf 86' lang='lat' dir='ltr'>GLOSSA</span> <span class='ocrx_word' id='word_1_3' title='bbox 1402 340 1814 400; x_wconf 81' lang='lat' dir='ltr'>ORDINARIA.</span> <span class='ocrx_word' id='word_1_4' title='bbox 1854 374 1923 386; x_wconf 94' lang='lat'>—</span> <span class='ocrx_word' id='word_1_5' title='bbox 1960 345 2226 403; x_wconf 86' lang='lat' dir='ltr'>EVANG.</span> <span class='ocrx_word' id='word_1_6' title='bbox 2272 349 2433 406; x_wconf 89' lang='lat' dir='ltr'>LUC.</span> 
     </span>
    </p>
   </div>
   <div class='ocr_carea' id='block_1_3' title="bbox 3431 363 3534 414">
    <p class='ocr_par' dir='ltr' id='par_1_3' title="bbox 3431 363 3534 414">
     <span class='ocr_line' id='line_1_3' title="bbox 3431 363 3534 414; baseline 0.01 -1"><span class='ocrx_word' id='word_1_7' title='bbox 3431 363 3534 414; x_wconf 72' lang='lat'>318</span> 
     </span>
    </p>
   </div>
   <div class='ocr_carea' id='block_1_4' title="bbox 304 462 3539 555">
    <p class='ocr_par' dir='ltr' id='par_1_4' title="bbox 304 462 3539 555">
     <span class='ocr_line' id='line_1_4' title="bbox 304 462 3539 555; baseline 0.007 -39"><span class='ocrx_word' id='word_1_8' title='bbox 304 462 478 517; x_wconf 68' lang='lat' dir='ltr'>Vitas.</span> <span class='ocrx_word' id='word_1_9' title='bbox 510 463 603 520; x_wconf 62' lang='grc' dir='ltr'>ει.</span> <span class='ocrx_word' id='word_1_10' title='bbox 635 491 705 503; x_wconf 89' lang='grc'><strong>-</strong></span> <span class='ocrx_word' id='word_1_11' title='bbox 739 464 807 521; x_wconf 85' lang='lat' dir='ltr'>Ut</span> <span class='ocrx_word' id='word_1_12' title='bbox 835 463 1109 535; x_wconf 81' lang='lat' dir='ltr'>intingat.</span> <span class='ocrx_word' id='word_1_13' title='bbox 1144 462 1249 533; x_wconf 88' lang='lat' dir='ltr'>Qui</span> <span class='ocrx_word' id='word_1_14' title='bbox 1280 464 1452 521; x_wconf 84' lang='lat' dir='ltr'>micas</span> <span class='ocrx_word' id='word_1_15' title='bbox 1488 466 1749 521; x_wconf 82' lang='lat' dir='ltr'>cadentes</span> <span class='ocrx_word' id='word_1_16' title='bbox 1779 467 1919 531; x_wconf 86' lang='lat' dir='ltr'>deA</span> <span class='ocrx_word' id='word_1_17' title='bbox 1950 478 2107 539; x_wconf 86' lang='lat' dir='ltr'>tacet,</span> <span class='ocrx_word' id='word_1_18' title='bbox 2144 472 2283 529; x_wconf 89' lang='lat' dir='ltr'>sicut</span> <span class='ocrx_word' id='word_1_19' title='bbox 2314 475 2406 546; x_wconf 87' lang='lat' dir='ltr'>qui</span> <span class='ocrx_word' id='word_1_20' title='bbox 2434 476 2718 547; x_wconf 86' lang='lat' dir='ltr'>peenitenti</span> <span class='ocrx_word' id='word_1_21' title='bbox 2746 494 2856 533; x_wconf 90' lang='lat' dir='ltr'>non</span> <span class='ocrx_word' id='word_1_22' title='bbox 2885 479 3150 554; x_wconf 83' lang='lat' dir='ltr'>indulget.</span> <span class='ocrx_word' id='word_1_23' title='bbox 3177 482 3248 536; x_wconf 86' lang='lat' dir='ltr'>Et</span> <span class='ocrx_word' id='word_1_24' title='bbox 3276 483 3327 536; x_wconf 89' lang='lat' dir='ltr'>si</span> <span class='ocrx_word' id='word_1_25' title='bbox 3351 485 3539 555; x_wconf 72' lang='lat' dir='ltr'>poeni-</span> 
     </span>
    </p>
   </div>
   <div class='ocr_carea' id='block_1_5' title="bbox 238 551 1845 629">
    <p class='ocr_par' dir='ltr' id='par_1_5' title="bbox 238 551 1845 629">
     <span class='ocr_line' id='line_1_5' title="bbox 238 551 1845 629; baseline 0.003 -22"><span class='ocrx_word' id='word_1_26' title='bbox 238 565 422 607; x_wconf 88' lang='lat' dir='ltr'>mensa</span> <span class='ocrx_word' id='word_1_27' title='bbox 474 551 685 606; x_wconf 83' lang='lat' dir='ltr'>Lazaro</span> <span class='ocrx_word' id='word_1_28' title='bbox 732 566 844 607; x_wconf 92' lang='lat' dir='ltr'>non</span> <span class='ocrx_word' id='word_1_29' title='bbox 891 552 1070 623; x_wconf 87' lang='lat' dir='ltr'>dedit,</span> <span class='ocrx_word' id='word_1_30' title='bbox 1102 552 1171 607; x_wconf 91' lang='lat' dir='ltr'>de</span> <span class='ocrx_word' id='word_1_31' title='bbox 1218 561 1462 610; x_wconf 83' lang='lat' dir='ltr'>extremo</span> <span class='ocrx_word' id='word_1_32' title='bbox 1510 555 1627 623; x_wconf 87' lang='lat' dir='ltr'>ejus</span> <span class='ocrx_word' id='word_1_33' title='bbox 1671 555 1845 629; x_wconf 84' lang='lat' dir='ltr'>digito</span> 
     </span>
    </p>
   </div>
   <div class='ocr_carea' id='block_1_6' title="bbox 231 639 1518 715">
    <p class='ocr_par' dir='ltr' id='par_1_6' title="bbox 231 639 1518 715">
     <span class='ocr_line' id='line_1_6' title="bbox 231 639 1518 715; baseline 0.001 -18"><span class='ocrx_word' id='word_1_34' title='bbox 231 640 335 697; x_wconf 80' lang='lat' dir='ltr'>vita</span> <span class='ocrx_word' id='word_1_35' title='bbox 363 654 475 694; x_wconf 88' lang='lat' dir='ltr'>non</span> <span class='ocrx_word' id='word_1_36' title='bbox 507 639 676 710; x_wconf 87' lang='lat' dir='ltr'>dedit,</span> <span class='ocrx_word' id='word_1_37' title='bbox 707 640 765 694; x_wconf 93' lang='lat' dir='ltr'>in</span> <span class='ocrx_word' id='word_1_38' title='bbox 795 639 1012 697; x_wconf 89' lang='lat' dir='ltr'>inferno</span> <span class='ocrx_word' id='word_1_39' title='bbox 1048 641 1277 697; x_wconf 88' lang='lat' dir='ltr'>minima</span> <span class='ocrx_word' id='word_1_40' title='bbox 1306 643 1518 715; x_wconf 83' lang='lat' dir='ltr'>quaerit.</span> 
     </span>
    </p>
   </div>
   <div class='ocr_carea' id='block_1_7' title="bbox 299 745 1841 824">
    <p class='ocr_par' dir='ltr' id='par_1_7' title="bbox 299 745 1841 824">
     <span class='ocr_line' id='line_1_7' title="bbox 299 745 1841 824; baseline 0.006 -24"><span class='ocrx_word' id='word_1_41' title='bbox 299 745 471 800; x_wconf 69' lang='lat' dir='ltr'>Vens.</span> <span class='ocrx_word' id='word_1_42' title='bbox 506 749 597 805; x_wconf 79' lang='lat'><strong>25.</strong></span> <span class='ocrx_word' id='word_1_43' title='bbox 641 777 711 787; x_wconf 96' lang='lat'><strong><em>—</em></strong></span> <span class='ocrx_word' id='word_1_44' title='bbox 761 747 903 816; x_wconf 80' lang='lat' dir='ltr'>Quia</span> <span class='ocrx_word' id='word_1_45' title='bbox 950 750 1234 821; x_wconf 80' lang='lat' dir='ltr'>recepisti.</span> <span class='ocrx_word' id='word_1_46' title='bbox 1285 749 1475 822; x_wconf 75' lang='grc' dir='ltr'>(Αυα.)</span> <span class='ocrx_word' id='word_1_47' title='bbox 1522 752 1667 807; x_wconf 90' lang='lat' dir='ltr'>Nota</span> <span class='ocrx_word' id='word_1_48' title='bbox 1695 754 1841 824; x_wconf 90' lang='lat' dir='ltr'>quod</span> 
     </span>
    </p>
   </div>
   <div class='ocr_carea' id='block_1_8' title="bbox 229 834 1839 910">
    <p class='ocr_par' dir='ltr' id='par_1_8' title="bbox 229 834 1839 910">
     <span class='ocr_line' id='line_1_8' title="bbox 229 834 1839 910; baseline 0.004 -20"><span class='ocrx_word' id='word_1_49' title='bbox 229 834 377 890; x_wconf 86' lang='lat' dir='ltr'>dives</span> <span class='ocrx_word' id='word_1_50' title='bbox 405 834 513 891; x_wconf 90' lang='lat' dir='ltr'>iste</span> <span class='ocrx_word' id='word_1_51' title='bbox 544 834 752 907; x_wconf 90' lang='lat' dir='ltr'>aliquid</span> <span class='ocrx_word' id='word_1_52' title='bbox 781 835 911 891; x_wconf 92' lang='lat' dir='ltr'>boni</span> <span class='ocrx_word' id='word_1_53' title='bbox 940 836 1145 908; x_wconf 84' lang='lat' dir='ltr'>habuit,</span> <span class='ocrx_word' id='word_1_54' title='bbox 1179 853 1245 892; x_wconf 86' lang='lat' dir='ltr'>ex</span> <span class='ocrx_word' id='word_1_55' title='bbox 1280 855 1384 910; x_wconf 85' lang='lat' dir='ltr'>quo</span> <span class='ocrx_word' id='word_1_56' title='bbox 1434 839 1637 894; x_wconf 92' lang='lat' dir='ltr'>bonum</span> <span class='ocrx_word' id='word_1_57' title='bbox 1684 849 1839 897; x_wconf 91' lang='lat' dir='ltr'>tran-</span> 
     </span>
    </p>
   </div>
   <div class='ocr_carea' id='block_1_9' title="bbox 228 922 1839 1002">
    <p class='ocr_par' dir='ltr' id='par_1_9' title="bbox 228 922 1839 1002">
     <span class='ocr_line' id='line_1_9' title="bbox 228 922 1839 1002; baseline 0.007 -25"><span class='ocrx_word' id='word_1_58' title='bbox 228 922 473 979; x_wconf 88' lang='lat' dir='ltr'>sitorium</span> <span class='ocrx_word' id='word_1_59' title='bbox 503 924 560 978; x_wconf 94' lang='lat' dir='ltr'>in</span> <span class='ocrx_word' id='word_1_60' title='bbox 590 925 693 980; x_wconf 90' lang='lat' dir='ltr'>hac</span> <span class='ocrx_word' id='word_1_61' title='bbox 722 924 835 981; x_wconf 91' lang='lat' dir='ltr'>vita</span> <span class='ocrx_word' id='word_1_62' title='bbox 864 925 1094 996; x_wconf 84' lang='lat' dir='ltr'>recepit,</span> <span class='ocrx_word' id='word_1_63' title='bbox 1127 932 1182 981; x_wconf 89' lang='lat' dir='ltr'>et</span> <span class='ocrx_word' id='word_1_64' title='bbox 1210 926 1447 983; x_wconf 82' lang='lat' dir='ltr'>Lazarus</span> <span class='ocrx_word' id='word_1_65' title='bbox 1476 927 1680 1002; x_wconf 90' lang='lat' dir='ltr'>aliquid</span> <span class='ocrx_word' id='word_1_66' title='bbox 1708 929 1839 990; x_wconf 87' lang='lat' dir='ltr'>mali</span> 
     </span>
    </p>
   </div>
   <div class='ocr_carea' id='block_1_10' title="bbox 228 1012 1266 1088">
    <p class='ocr_par' dir='ltr' id='par_1_10' title="bbox 228 1012 1266 1088">
     <span class='ocr_line' id='line_1_10' title="bbox 228 1012 1266 1088; baseline 0.003 -22"><span class='ocrx_word' id='word_1_67' title='bbox 228 1012 433 1082; x_wconf 87' lang='lat' dir='ltr'>habuit,</span> <span class='ocrx_word' id='word_1_68' title='bbox 468 1012 568 1068; x_wconf 90' lang='lat' dir='ltr'>sed</span> <span class='ocrx_word' id='word_1_69' title='bbox 600 1012 748 1086; x_wconf 84' lang='lat' dir='ltr'>ignis</span> <span class='ocrx_word' id='word_1_70' title='bbox 778 1013 963 1085; x_wconf 88' lang='lat' dir='ltr'>inopia</span> <span class='ocrx_word' id='word_1_71' title='bbox 990 1015 1266 1088; x_wconf 83' lang='lat' dir='ltr'>purgavit.</span> 
     </span>
    </p>
   </div>
   <div class='ocr_carea' id='block_1_11' title="bbox 294 1125 1834 1204">
    <p class='ocr_par' dir='ltr' id='par_1_11' title="bbox 294 1125 1834 1204">
     <span class='ocr_line' id='line_1_11' title="bbox 294 1125 1834 1204; baseline 0.005 -22"><span class='ocrx_word' id='word_1_72' title='bbox 294 1125 466 1182; x_wconf 59' lang='grc' dir='ltr'>νεεδ.</span> <span class='ocrx_word' id='word_1_73' title='bbox 500 1130 590 1183; x_wconf 87' lang='lat'><strong>26.</strong></span> <span class='ocrx_word' id='word_1_74' title='bbox 615 1129 776 1182; x_wconf 84' lang='lat' dir='ltr'>—Et</span> <span class='ocrx_word' id='word_1_75' title='bbox 802 1129 866 1183; x_wconf 81' lang='lat' dir='ltr'>in</span> <span class='ocrx_word' id='word_1_76' title='bbox 898 1128 986 1183; x_wconf 82' lang='lat' dir='ltr'>his</span> <span class='ocrx_word' id='word_1_77' title='bbox 1033 1130 1307 1186; x_wconf 79' lang='lat' dir='ltr'>omnibus.</span> <span class='ocrx_word' id='word_1_78' title='bbox 1342 1131 1492 1187; x_wconf 82' lang='lat' dir='ltr'>Sicut</span> <span class='ocrx_word' id='word_1_79' title='bbox 1550 1134 1771 1204; x_wconf 88' lang='lat' dir='ltr'>reprobi</span> <span class='ocrx_word' id='word_1_80' title='bbox 1800 1150 1834 1188; x_wconf 90' lang='lat' dir='ltr'>a</span> 
     </span>
    </p>
   </div>
   <div class='ocr_carea' id='block_1_12' title="bbox 225 1214 1832 1291">
    <p class='ocr_par' dir='ltr' id='par_1_12' title="bbox 225 1214 1832 1291">
     <span class='ocr_line' id='line_1_12' title="bbox 225 1214 1832 1291; baseline 0.006 -24"><span class='ocrx_word' id='word_1_81' title='bbox 225 1214 399 1286; x_wconf 84' lang='lat' dir='ltr'>poenis</span> <span class='ocrx_word' id='word_1_82' title='bbox 449 1215 520 1269; x_wconf 89' lang='lat' dir='ltr'>ad</span> <span class='ocrx_word' id='word_1_83' title='bbox 568 1215 804 1287; x_wconf 83' lang='lat' dir='ltr'>gloriam</span> <span class='ocrx_word' id='word_1_84' title='bbox 858 1224 1176 1273; x_wconf 88' lang='lat' dir='ltr'>sanctorum</span> <span class='ocrx_word' id='word_1_85' title='bbox 1219 1219 1456 1275; x_wconf 91' lang='lat' dir='ltr'>transire</span> <span class='ocrx_word' id='word_1_86' title='bbox 1498 1220 1705 1291; x_wconf 90' lang='lat' dir='ltr'>volunt,</span> <span class='ocrx_word' id='word_1_87' title='bbox 1754 1223 1832 1277; x_wconf 91' lang='lat' dir='ltr'>ita</span> 
     </span>
    </p>
   </div>
   <div class='ocr_carea' id='block_1_13' title="bbox 222 1302 1829 1381">
    <p class='ocr_par' dir='ltr' id='par_1_13' title="bbox 222 1302 1829 1381">
     <span class='ocr_line' id='line_1_13' title="bbox 222 1302 1829 1381; baseline 0.005 -24"><span class='ocrx_word' id='word_1_88' title='bbox 222 1302 347 1372; x_wconf 85' lang='lat' dir='ltr'>justi</span> <span class='ocrx_word' id='word_1_89' title='bbox 378 1317 485 1373; x_wconf 90' lang='lat' dir='ltr'>per</span> <span class='ocrx_word' id='word_1_90' title='bbox 512 1303 950 1360; x_wconf 89' lang='lat' dir='ltr'>misericordiam</span> <span class='ocrx_word' id='word_1_91' title='bbox 978 1313 1160 1360; x_wconf 85' lang='lat' dir='ltr'>mente</span> <span class='ocrx_word' id='word_1_92' title='bbox 1190 1305 1273 1362; x_wconf 91' lang='lat' dir='ltr'>ire</span> <span class='ocrx_word' id='word_1_93' title='bbox 1302 1307 1491 1363; x_wconf 89' lang='lat' dir='ltr'>volunt</span> <span class='ocrx_word' id='word_1_94' title='bbox 1517 1309 1588 1364; x_wconf 87' lang='lat' dir='ltr'>ad</span> <span class='ocrx_word' id='word_1_95' title='bbox 1618 1310 1829 1381; x_wconf 88' lang='lat' dir='ltr'>positos</span> 
     </span>
    </p>
   </div>
   <div class='ocr_carea' id='block_1_14' title="bbox 221 1390 1827 1471">
    <p class='ocr_par' dir='ltr' id='par_1_14' title="bbox 221 1390 1827 1471">
     <span class='ocr_line' id='line_1_14' title="bbox 221 1390 1827 1471; baseline 0.006 -26"><span class='ocrx_word' id='word_1_96' title='bbox 221 1390 275 1445; x_wconf 92' lang='lat' dir='ltr'>in</span> <span class='ocrx_word' id='word_1_97' title='bbox 305 1390 621 1463; x_wconf 86' lang='lat' dir='ltr'>tormentis,</span> <span class='ocrx_word' id='word_1_98' title='bbox 638 1399 698 1447; x_wconf 91' lang='lat' dir='ltr'>ut</span> <span class='ocrx_word' id='word_1_99' title='bbox 726 1407 824 1448; x_wconf 90' lang='lat' dir='ltr'>eos</span> <span class='ocrx_word' id='word_1_100' title='bbox 844 1392 1118 1461; x_wconf 89' lang='lat' dir='ltr'>liberent;</span> <span class='ocrx_word' id='word_1_101' title='bbox 1152 1395 1251 1450; x_wconf 90' lang='lat' dir='ltr'>sed</span> <span class='ocrx_word' id='word_1_102' title='bbox 1280 1411 1391 1451; x_wconf 92' lang='lat' dir='ltr'>non</span> <span class='ocrx_word' id='word_1_103' title='bbox 1406 1406 1638 1468; x_wconf 89' lang='lat' dir='ltr'>possunt</span> <span class='ocrx_word' id='word_1_104' title='bbox 1660 1442 1673 1465; x_wconf 91' lang='lat'>,</span> <span class='ocrx_word' id='word_1_105' title='bbox 1699 1400 1827 1471; x_wconf 89' lang='lat' dir='ltr'>quia</span> 
     </span>
    </p>
   </div>
   <div class='ocr_carea' id='block_1_15' title="bbox 214 1479 1824 1547">
    <p class='ocr_par' dir='ltr' id='par_1_15' title="bbox 214 1479 1824 1547">
     <span class='ocr_line' id='line_1_15' title="bbox 214 1479 1824 1547; baseline 0.006 -14"><span class='ocrx_word' id='word_1_106' title='bbox 214 1479 489 1547; x_wconf 88' lang='lat' dir='ltr'>justorum</span> <span class='ocrx_word' id='word_1_107' title='bbox 520 1479 718 1536; x_wconf 71' lang='lat' dir='ltr'>animae</span> <span class='ocrx_word' id='word_1_108' title='bbox 748 1489 801 1536; x_wconf 89' lang='lat' dir='ltr'>et</span> <span class='ocrx_word' id='word_1_109' title='bbox 830 1481 877 1535; x_wconf 91' lang='lat' dir='ltr'>si</span> <span class='ocrx_word' id='word_1_110' title='bbox 906 1481 962 1535; x_wconf 91' lang='lat' dir='ltr'>in</span> <span class='ocrx_word' id='word_1_111' title='bbox 991 1489 1202 1539; x_wconf 79' lang='lat' dir='ltr'>naturae</span> <span class='ocrx_word' id='word_1_112' title='bbox 1232 1500 1345 1539; x_wconf 67' lang='lat' dir='ltr'>suae</span> <span class='ocrx_word' id='word_1_113' title='bbox 1374 1484 1614 1541; x_wconf 88' lang='lat' dir='ltr'>bonitate</span> <span class='ocrx_word' id='word_1_114' title='bbox 1659 1487 1824 1543; x_wconf 89' lang='lat' dir='ltr'>mise-</span> 
     </span>
    </p>
   </div>
   <div class='ocr_carea' id='block_1_16' title="bbox 1946 563 3540 642">
    <p class='ocr_par' dir='ltr' id='par_1_16' title="bbox 1946 563 3540 642">
     <span class='ocr_line' id='line_1_16' title="bbox 1946 563 3540 642; baseline 0.006 -26"><span class='ocrx_word' id='word_1_115' title='bbox 1946 564 2209 619; x_wconf 79' lang='lat' dir='ltr'>tentiam.</span> <span class='ocrx_word' id='word_1_116' title='bbox 2245 563 2419 619; x_wconf 84' lang='lat' dir='ltr'>Aliter</span> <span class='ocrx_word' id='word_1_117' title='bbox 2450 565 2604 620; x_wconf 82' lang='lat' dir='ltr'>fratri</span> <span class='ocrx_word' id='word_1_118' title='bbox 2648 567 2951 639; x_wconf 86' lang='lat' dir='ltr'>poenitenti,</span> <span class='ocrx_word' id='word_1_119' title='bbox 2984 569 3144 624; x_wconf 88' lang='lat' dir='ltr'>aliter</span> <span class='ocrx_word' id='word_1_120' title='bbox 3173 569 3392 626; x_wconf 90' lang='lat' dir='ltr'>inimico</span> <span class='ocrx_word' id='word_1_121' title='bbox 3420 587 3540 642; x_wconf 92' lang='lat' dir='ltr'>per-</span> 
     </span>
    </p>
   </div>
   <div class='ocr_carea' id='block_1_17' title="bbox 1943 651 3539 727">
    <p class='ocr_par' dir='ltr' id='par_1_17' title="bbox 1943 651 3539 727">
     <span class='ocr_line' id='line_1_17' title="bbox 1943 651 3539 727; baseline 0.006 -23"><span class='ocrx_word' id='word_1_122' title='bbox 1943 651 2189 722; x_wconf 90' lang='lat' dir='ltr'>sequenti</span> <span class='ocrx_word' id='word_1_123' title='bbox 2217 653 2434 708; x_wconf 88' lang='lat' dir='ltr'>veniam</span> <span class='ocrx_word' id='word_1_124' title='bbox 2481 654 2609 710; x_wconf 87' lang='lat' dir='ltr'>dare</span> <span class='ocrx_word' id='word_1_125' title='bbox 2652 656 3021 727; x_wconf 83' lang='lat' dir='ltr'>praecipimur.</span> <span class='ocrx_word' id='word_1_126' title='bbox 3072 658 3249 713; x_wconf 88' lang='lat' dir='ltr'>Fratri</span> <span class='ocrx_word' id='word_1_127' title='bbox 3278 673 3539 715; x_wconf 89' lang='lat' dir='ltr'>concessa</span> 
     </span>
    </p>
   </div>
   <div class='ocr_carea' id='block_1_18' title="bbox 1941 739 3539 818">
    <p class='ocr_par' dir='ltr' id='par_1_18' title="bbox 1941 739 3539 818">
     <span class='ocr_line' id='line_1_18' title="bbox 1941 739 3539 818; baseline 0.008 -26"><span class='ocrx_word' id='word_1_128' title='bbox 1941 739 2264 795; x_wconf 86' lang='lat' dir='ltr'>remissione</span> <span class='ocrx_word' id='word_1_129' title='bbox 2294 742 2444 798; x_wconf 85' lang='lat' dir='ltr'>socia</span> <span class='ocrx_word' id='word_1_130' title='bbox 2473 744 2733 800; x_wconf 88' lang='lat' dir='ltr'>charitate</span> <span class='ocrx_word' id='word_1_131' title='bbox 2761 746 3240 813; x_wconf 89' lang='lat' dir='ltr'>communicamus,</span> <span class='ocrx_word' id='word_1_132' title='bbox 3272 763 3539 818; x_wconf 87' lang='lat' dir='ltr'>persecu-</span> 
     </span>
    </p>
   </div>
   <div class='ocr_carea' id='block_1_19' title="bbox 1938 829 3538 906">
    <p class='ocr_par' dir='ltr' id='par_1_19' title="bbox 1938 829 3538 906">
     <span class='ocr_line' id='line_1_19' title="bbox 1938 829 3538 906; baseline 0.006 -25"><span class='ocrx_word' id='word_1_133' title='bbox 1938 829 2044 882; x_wconf 90' lang='lat' dir='ltr'>tori</span> <span class='ocrx_word' id='word_1_134' title='bbox 2074 829 2278 885; x_wconf 89' lang='lat' dir='ltr'>malum</span> <span class='ocrx_word' id='word_1_135' title='bbox 2307 831 2467 885; x_wconf 92' lang='lat' dir='ltr'>nobis</span> <span class='ocrx_word' id='word_1_136' title='bbox 2498 832 2719 898; x_wconf 87' lang='lat' dir='ltr'>volenti,</span> <span class='ocrx_word' id='word_1_137' title='bbox 2753 833 2839 889; x_wconf 87' lang='lat' dir='ltr'>vel</span> <span class='ocrx_word' id='word_1_138' title='bbox 2868 835 2915 888; x_wconf 90' lang='lat' dir='ltr'>si</span> <span class='ocrx_word' id='word_1_139' title='bbox 2940 843 3120 906; x_wconf 90' lang='lat' dir='ltr'>potest</span> <span class='ocrx_word' id='word_1_140' title='bbox 3138 834 3373 906; x_wconf 84' lang='lat' dir='ltr'>facienti,</span> <span class='ocrx_word' id='word_1_141' title='bbox 3398 836 3538 893; x_wconf 88' lang='lat' dir='ltr'>bona</span> 
     </span>
    </p>
   </div>
   <div class='ocr_carea' id='block_1_20' title="bbox 1938 916 3038 994">
    <p class='ocr_par' dir='ltr' id='par_1_20' title="bbox 1938 916 3038 994">
     <span class='ocr_line' id='line_1_20' title="bbox 1938 916 3038 994; baseline 0.007 -23"><span class='ocrx_word' id='word_1_142' title='bbox 1938 916 2189 987; x_wconf 83' lang='lat' dir='ltr'>volumus</span> <span class='ocrx_word' id='word_1_143' title='bbox 2218 926 2271 974; x_wconf 87' lang='lat' dir='ltr'>et</span> <span class='ocrx_word' id='word_1_144' title='bbox 2300 919 2529 976; x_wconf 85' lang='lat' dir='ltr'>facimus</span> <span class='ocrx_word' id='word_1_145' title='bbox 2551 923 2698 993; x_wconf 91' lang='lat' dir='ltr'>quod</span> <span class='ocrx_word' id='word_1_146' title='bbox 2726 938 3038 994; x_wconf 87' lang='lat' dir='ltr'>possumus.</span> 
     </span>
    </p>
   </div>
   <div class='ocr_carea' id='block_1_21' title="bbox 2005 1034 3537 1109">
    <p class='ocr_par' dir='ltr' id='par_1_21' title="bbox 2005 1034 3537 1109">
     <span class='ocr_line' id='line_1_21' title="bbox 2005 1034 3537 1109; baseline 0.003 -21"><span class='ocrx_word' id='word_1_147' title='bbox 2005 1034 2177 1091; x_wconf 76' lang='lat' dir='ltr'>Vens.</span> <span class='ocrx_word' id='word_1_148' title='bbox 2209 1036 2262 1090; x_wconf 77' lang='grc'>4.</span> <span class='ocrx_word' id='word_1_149' title='bbox 2296 1064 2365 1074; x_wconf 91' lang='lat'><strong><em>—</em></strong></span> <span class='ocrx_word' id='word_1_150' title='bbox 2393 1037 2626 1108; x_wconf 79' lang='lat' dir='ltr'>Septies.</span> <span class='ocrx_word' id='word_1_151' title='bbox 2662 1036 2811 1093; x_wconf 88' lang='lat' dir='ltr'>Solet</span> <span class='ocrx_word' id='word_1_152' title='bbox 2840 1038 3170 1094; x_wconf 86' lang='lat' dir='ltr'>universitas</span> <span class='ocrx_word' id='word_1_153' title='bbox 3227 1039 3537 1109; x_wconf 70' lang='lat' dir='ltr'>septenario</span> 
     </span>
    </p>
   </div>
   <div class='ocr_carea' id='block_1_22' title="bbox 1932 1123 3536 1198">
    <p class='ocr_par' dir='ltr' id='par_1_22' title="bbox 1932 1123 3536 1198">
     <span class='ocr_line' id='line_1_22' title="bbox 1932 1123 3536 1198; baseline 0.004 -21"><span class='ocrx_word' id='word_1_154' title='bbox 1932 1123 2233 1196; x_wconf 89' lang='lat' dir='ltr'>designari.</span> <span class='ocrx_word' id='word_1_155' title='bbox 2265 1123 2585 1195; x_wconf 74' lang='lat' dir='ltr'>Prascipitur</span> <span class='ocrx_word' id='word_1_156' title='bbox 2615 1141 2751 1198; x_wconf 91' lang='lat' dir='ltr'>ergo</span> <span class='ocrx_word' id='word_1_157' title='bbox 2780 1135 2836 1180; x_wconf 89' lang='lat' dir='ltr'>ut</span> <span class='ocrx_word' id='word_1_158' title='bbox 2865 1127 3049 1181; x_wconf 88' lang='lat' dir='ltr'>omnia</span> <span class='ocrx_word' id='word_1_159' title='bbox 3076 1136 3299 1198; x_wconf 90' lang='lat' dir='ltr'>peccata</span> <span class='ocrx_word' id='word_1_160' title='bbox 3355 1127 3536 1183; x_wconf 90' lang='lat' dir='ltr'>dimit-</span> 
     </span>
    </p>
   </div>
   <div class='ocr_carea' id='block_1_23' title="bbox 1931 1212 3179 1285">
    <p class='ocr_par' dir='ltr' id='par_1_23' title="bbox 1931 1212 3179 1285">
     <span class='ocr_line' id='line_1_23' title="bbox 1931 1212 3179 1285; baseline 0.003 -18"><span class='ocrx_word' id='word_1_161' title='bbox 1931 1218 2133 1281; x_wconf 84' lang='lat' dir='ltr'>tantur,</span> <span class='ocrx_word' id='word_1_162' title='bbox 2157 1212 2244 1268; x_wconf 90' lang='lat' dir='ltr'>vel</span> <span class='ocrx_word' id='word_1_163' title='bbox 2276 1228 2495 1283; x_wconf 87' lang='lat' dir='ltr'>semper</span> <span class='ocrx_word' id='word_1_164' title='bbox 2548 1214 2832 1285; x_wconf 78' lang='lat' dir='ltr'>pcenitenti</span> <span class='ocrx_word' id='word_1_165' title='bbox 2862 1215 3179 1271; x_wconf 87' lang='lat' dir='ltr'>dimittatur.</span> 
     </span>
    </p>
   </div>
   <div class='ocr_carea' id='block_1_24' title="bbox 2000 1302 3531 1376">
    <p class='ocr_par' dir='ltr' id='par_1_24' title="bbox 2000 1302 3531 1376">
     <span class='ocr_line' id='line_1_24' title="bbox 2000 1302 3531 1376; baseline 0.002 -20"><span class='ocrx_word' id='word_1_166' title='bbox 2000 1302 2171 1356; x_wconf 75' lang='lat' dir='ltr'>Vnus.</span> <span class='ocrx_word' id='word_1_167' title='bbox 2198 1304 2248 1355; x_wconf 78' lang='grc'>5.</span> <span class='ocrx_word' id='word_1_168' title='bbox 2267 1331 2336 1340; x_wconf 91' lang='grc'><strong><em>-</em></strong></span> <span class='ocrx_word' id='word_1_169' title='bbox 2350 1302 2596 1373; x_wconf 84' lang='lat' dir='ltr'>Adauge.</span> <span class='ocrx_word' id='word_1_170' title='bbox 2620 1302 2754 1357; x_wconf 89' lang='lat' dir='ltr'>Cum</span> <span class='ocrx_word' id='word_1_171' title='bbox 2774 1319 2938 1375; x_wconf 88' lang='lat' dir='ltr'>supra</span> <span class='ocrx_word' id='word_1_172' title='bbox 2954 1303 3181 1359; x_wconf 87' lang='lat' dir='ltr'>dixisset</span> <span class='ocrx_word' id='word_1_173' title='bbox 3202 1306 3465 1375; x_wconf 84' lang='lat' dir='ltr'>(Luc.va</span> <span class='ocrx_word' id='word_1_174' title='bbox 3461 1306 3490 1376; x_wconf 91' lang='lat'><em>)</em></span> <span class='ocrx_word' id='word_1_175' title='bbox 3516 1323 3531 1359; x_wconf 89' lang='lat'><strong>:</strong></span> 
     </span>
    </p>
   </div>
   <div class='ocr_carea' id='block_1_25' title="bbox 1930 1390 3529 1464">
    <p class='ocr_par' dir='ltr' id='par_1_25' title="bbox 1930 1390 3529 1464">
     <span class='ocr_line' id='line_1_25' title="bbox 1930 1390 3529 1464; baseline 0.002 -18"><span class='ocrx_word' id='word_1_176' title='bbox 1930 1390 2036 1457; x_wconf 84' lang='lat' dir='ltr'>Qui</span> <span class='ocrx_word' id='word_1_177' title='bbox 2066 1390 2252 1458; x_wconf 77' lang='lat' dir='ltr'>ﬁdelis</span> <span class='ocrx_word' id='word_1_178' title='bbox 2285 1394 2370 1445; x_wconf 85' lang='lat' dir='ltr'>est</span> <span class='ocrx_word' id='word_1_179' title='bbox 2399 1391 2463 1445; x_wconf 86' lang='lat' dir='ltr'>in</span> <span class='ocrx_word' id='word_1_180' title='bbox 2492 1391 2751 1459; x_wconf 85' lang='lat' dir='ltr'>minimo,</span> <span class='ocrx_word' id='word_1_181' title='bbox 2773 1399 2878 1448; x_wconf 88' lang='lat' dir='ltr'>etc.</span> <span class='ocrx_word' id='word_1_182' title='bbox 2914 1392 3163 1462; x_wconf 83' lang='lat' dir='ltr'>Apostoli</span> <span class='ocrx_word' id='word_1_183' title='bbox 3192 1392 3284 1464; x_wconf 86' lang='lat' dir='ltr'>qui</span> <span class='ocrx_word' id='word_1_184' title='bbox 3315 1393 3370 1447; x_wconf 91' lang='lat' dir='ltr'>in</span> <span class='ocrx_word' id='word_1_185' title='bbox 3390 1393 3529 1457; x_wconf 88' lang='lat' dir='ltr'>alie-</span> 
     </span>
    </p>
   </div>
   <div class='ocr_carea' id='block_1_26' title="bbox 1924 1478 3530 1554">
    <p class='ocr_par' dir='ltr' id='par_1_26' title="bbox 1924 1478 3530 1554">
     <span class='ocr_line' id='line_1_26' title="bbox 1924 1478 3530 1554; baseline 0.002 -20"><span class='ocrx_word' id='word_1_186' title='bbox 1924 1495 1996 1534; x_wconf 93' lang='lat' dir='ltr'>no</span> <span class='ocrx_word' id='word_1_187' title='bbox 2026 1486 2081 1533; x_wconf 91' lang='lat' dir='ltr'>et</span> <span class='ocrx_word' id='word_1_188' title='bbox 2117 1478 2174 1533; x_wconf 92' lang='lat' dir='ltr'>in</span> <span class='ocrx_word' id='word_1_189' title='bbox 2195 1478 2450 1547; x_wconf 91' lang='lat' dir='ltr'>minimo,</span> <span class='ocrx_word' id='word_1_190' title='bbox 2485 1478 2541 1533; x_wconf 93' lang='lat' dir='ltr'>id</span> <span class='ocrx_word' id='word_1_191' title='bbox 2575 1487 2658 1533; x_wconf 88' lang='lat' dir='ltr'>est</span> <span class='ocrx_word' id='word_1_192' title='bbox 2714 1480 2771 1533; x_wconf 92' lang='lat' dir='ltr'>in</span> <span class='ocrx_word' id='word_1_193' title='bbox 2811 1487 3153 1535; x_wconf 88' lang='lat' dir='ltr'>terrenorum</span> <span class='ocrx_word' id='word_1_194' title='bbox 3217 1489 3530 1554; x_wconf 86' lang='lat' dir='ltr'>contemptu</span> 
     </span>
    </p>
   </div>
   <div class='ocr_carea' id='block_1_27' title="bbox 222 1563 3531 1643">
    <p class='ocr_par' dir='ltr' id='par_1_27' title="bbox 222 1563 3531 1643">
     <span class='ocr_line' id='line_1_27' title="bbox 222 1563 3531 1643; baseline 0.003 -27"><span class='ocrx_word' id='word_1_195' title='bbox 222 1566 517 1622; x_wconf 69' lang='lat' dir='ltr'>riam-diam</span> <span class='ocrx_word' id='word_1_196' title='bbox 563 1568 794 1639; x_wconf 72' lang='lat' dir='ltr'>habent,</span> <span class='ocrx_word' id='word_1_197' title='bbox 817 1570 932 1639; x_wconf 79' lang='lat' dir='ltr'>jam</span> <span class='ocrx_word' id='word_1_198' title='bbox 976 1577 1162 1626; x_wconf 76' lang='lat' dir='ltr'>tamen</span> <span class='ocrx_word' id='word_1_199' title='bbox 1206 1572 1446 1627; x_wconf 68' lang='lat' dir='ltr'>auctoris</span> <span class='ocrx_word' id='word_1_200' title='bbox 1492 1574 1577 1628; x_wconf 76' lang='lat' dir='ltr'>sui</span> <span class='ocrx_word' id='word_1_201' title='bbox 1599 1574 1822 1643; x_wconf 53' lang='lat' dir='ltr'>justum;</span> <span class='ocrx_word' id='word_1_202' title='bbox 1923 1563 2139 1623; x_wconf 86' lang='lat' dir='ltr'>fuerant</span> <span class='ocrx_word' id='word_1_203' title='bbox 2164 1565 2376 1636; x_wconf 86' lang='lat' dir='ltr'>ﬁdeles,</span> <span class='ocrx_word' id='word_1_204' title='bbox 2410 1567 2466 1621; x_wconf 92' lang='lat' dir='ltr'>in</span> <span class='ocrx_word' id='word_1_205' title='bbox 2495 1584 2593 1622; x_wconf 91' lang='lat' dir='ltr'>suo</span> <span class='ocrx_word' id='word_1_206' title='bbox 2624 1576 2676 1622; x_wconf 92' lang='lat' dir='ltr'>et</span> <span class='ocrx_word' id='word_1_207' title='bbox 2703 1568 2894 1637; x_wconf 87' lang='lat' dir='ltr'>majori</span> <span class='ocrx_word' id='word_1_208' title='bbox 2927 1567 3087 1624; x_wconf 86' lang='lat' dir='ltr'>ﬁdem</span> <span class='ocrx_word' id='word_1_209' title='bbox 3118 1570 3397 1639; x_wconf 88' lang='lat' dir='ltr'>postulant</span> <span class='ocrx_word' id='word_1_210' title='bbox 3425 1586 3531 1625; x_wconf 89' lang='lat' dir='ltr'>au-</span> 
     </span>
    </p>
   </div>
   <div class='ocr_carea' id='block_1_28' title="bbox 219 1653 3521 1733">
    <p class='ocr_par' dir='ltr' id='par_1_28' title="bbox 219 1653 3521 1733">
     <span class='ocr_line' id='line_1_28' title="bbox 219 1653 3521 1733; baseline 0.001 -23"><span class='ocrx_word' id='word_1_211' title='bbox 219 1654 543 1725; x_wconf 67' lang='lat' dir='ltr'>conjunctee,</span> <span class='ocrx_word' id='word_1_212' title='bbox 580 1665 729 1711; x_wconf 88' lang='lat' dir='ltr'>tanta</span> <span class='ocrx_word' id='word_1_213' title='bbox 759 1658 1081 1714; x_wconf 87' lang='lat' dir='ltr'>rectitudine</span> <span class='ocrx_word' id='word_1_214' title='bbox 1101 1660 1569 1733; x_wconf 81' lang='lat' dir='ltr'>constringuntur,</span> <span class='ocrx_word' id='word_1_215' title='bbox 1593 1671 1651 1717; x_wconf 93' lang='lat' dir='ltr'>ut</span> <span class='ocrx_word' id='word_1_216' title='bbox 1670 1664 1821 1719; x_wconf 88' lang='lat' dir='ltr'>nulla</span> <span class='ocrx_word' id='word_1_217' title='bbox 1920 1656 2060 1730; x_wconf 85' lang='lat' dir='ltr'>geri,</span> <span class='ocrx_word' id='word_1_218' title='bbox 2093 1663 2153 1709; x_wconf 91' lang='lat' dir='ltr'>ut</span> <span class='ocrx_word' id='word_1_219' title='bbox 2182 1655 2274 1727; x_wconf 92' lang='lat' dir='ltr'>qui</span> <span class='ocrx_word' id='word_1_220' title='bbox 2311 1672 2377 1710; x_wconf 86' lang='lat' dir='ltr'>ex</span> <span class='ocrx_word' id='word_1_221' title='bbox 2424 1653 2531 1710; x_wconf 88' lang='lat' dir='ltr'>ﬁde</span> <span class='ocrx_word' id='word_1_222' title='bbox 2554 1656 2671 1724; x_wconf 91' lang='lat' dir='ltr'>jam</span> <span class='ocrx_word' id='word_1_223' title='bbox 2718 1657 2918 1711; x_wconf 85' lang='lat' dir='ltr'>habent</span> <span class='ocrx_word' id='word_1_224' title='bbox 2947 1658 3171 1712; x_wconf 89' lang='lat' dir='ltr'>exordia</span> <span class='ocrx_word' id='word_1_225' title='bbox 3200 1658 3432 1727; x_wconf 88' lang='lat' dir='ltr'>virtutis,</span> <span class='ocrx_word' id='word_1_226' title='bbox 3464 1658 3521 1714; x_wconf 91' lang='lat' dir='ltr'>in</span> 
     </span>
    </p>
   </div>
   <div class='ocr_carea' id='block_1_29' title="bbox 217 1743 1386 1817">
    <p class='ocr_par' dir='ltr' id='par_1_29' title="bbox 217 1743 1386 1817">
     <span class='ocr_line' id='line_1_29' title="bbox 217 1743 1386 1817; baseline 0.005 -20"><span class='ocrx_word' id='word_1_227' title='bbox 217 1743 280 1798; x_wconf 83' lang='lat' dir='ltr'>ad</span> <span class='ocrx_word' id='word_1_228' title='bbox 309 1744 588 1815; x_wconf 88' lang='lat' dir='ltr'>reprobos</span> <span class='ocrx_word' id='word_1_229' title='bbox 616 1746 999 1817; x_wconf 91' lang='lat' dir='ltr'>compassione</span> <span class='ocrx_word' id='word_1_230' title='bbox 1044 1756 1386 1804; x_wconf 88' lang='lat' dir='ltr'>moveantur.</span> 
     </span>
    </p>
   </div>
   <div class='ocr_carea' id='block_1_30' title="bbox 1917 1743 3459 1815">
    <p class='ocr_par' dir='ltr' id='par_1_30' title="bbox 1917 1743 3459 1815">
     <span class='ocr_line' id='line_1_30' title="bbox 1917 1743 3459 1815; baseline 0.001 -12"><span class='ocrx_word' id='word_1_231' title='bbox 1917 1746 2111 1803; x_wconf 87' lang='lat' dir='ltr'>eadem</span> <span class='ocrx_word' id='word_1_232' title='bbox 2140 1743 2448 1815; x_wconf 87' lang='lat' dir='ltr'>proﬁciant,</span> <span class='ocrx_word' id='word_1_233' title='bbox 2481 1744 2658 1799; x_wconf 91' lang='lat' dir='ltr'>donec</span> <span class='ocrx_word' id='word_1_234' title='bbox 2687 1746 2757 1799; x_wconf 89' lang='lat' dir='ltr'>ad</span> <span class='ocrx_word' id='word_1_235' title='bbox 2787 1744 3185 1815; x_wconf 78' lang='lat' dir='ltr'>perfectionem</span> <span class='ocrx_word' id='word_1_236' title='bbox 3216 1746 3459 1804; x_wconf 79' lang='lat' dir='ltr'>veniant.</span> 
     </span>
    </p>
   </div>
   <div class='ocr_carea' id='block_1_31' title="bbox 286 1854 3534 1938">
    <p class='ocr_par' dir='ltr' id='par_1_31' title="bbox 286 1854 3534 1938">
     <span class='ocr_line' id='line_1_31' title="bbox 286 1854 3534 1938; baseline -0.001 -19"><span class='ocrx_word' id='word_1_237' title='bbox 286 1860 464 1915; x_wconf 64' lang='lat' dir='ltr'>Vnus.</span> <span class='ocrx_word' id='word_1_238' title='bbox 497 1862 589 1919; x_wconf 87' lang='lat'><strong>2‘7.</strong></span> <span class='ocrx_word' id='word_1_239' title='bbox 623 1890 693 1901; x_wconf 89' lang='lat'>—</span> <span class='ocrx_word' id='word_1_240' title='bbox 719 1864 865 1935; x_wconf 87' lang='lat' dir='ltr'>Rogo</span> <span class='ocrx_word' id='word_1_241' title='bbox 894 1880 1040 1936; x_wconf 83' lang='lat' dir='ltr'>ergo.</span> <span class='ocrx_word' id='word_1_242' title='bbox 1088 1865 1385 1938; x_wconf 86' lang='lat' dir='ltr'>Postquam</span> <span class='ocrx_word' id='word_1_243' title='bbox 1429 1867 1642 1923; x_wconf 86' lang='lat' dir='ltr'>ardenti</span> <span class='ocrx_word' id='word_1_244' title='bbox 1671 1869 1741 1924; x_wconf 80' lang='lat' dir='ltr'>de</span> <span class='ocrx_word' id='word_1_245' title='bbox 1771 1885 1832 1924; x_wconf 78' lang='lat' dir='ltr'>se</span> <span class='ocrx_word' id='word_1_246' title='bbox 1856 1854 1911 1914; x_wconf 92' lang='lat' dir='ltr'>B</span> <span class='ocrx_word' id='word_1_247' title='bbox 1998 1863 2171 1917; x_wconf 71' lang='lat' dir='ltr'>Vens.</span> <span class='ocrx_word' id='word_1_248' title='bbox 2205 1862 2256 1913; x_wconf 88' lang='lat'>6.</span> <span class='ocrx_word' id='word_1_249' title='bbox 2289 1889 2357 1898; x_wconf 93' lang='lat'>—</span> <span class='ocrx_word' id='word_1_250' title='bbox 2388 1859 2583 1916; x_wconf 85' lang='lat' dir='ltr'>Arbori</span> <span class='ocrx_word' id='word_1_251' title='bbox 2612 1876 2787 1916; x_wconf 91' lang='lat' dir='ltr'>moro.</span> <span class='ocrx_word' id='word_1_252' title='bbox 2822 1861 2927 1915; x_wconf 90' lang='lat' dir='ltr'>Per</span> <span class='ocrx_word' id='word_1_253' title='bbox 2954 1875 3170 1916; x_wconf 89' lang='lat' dir='ltr'>morum</span> <span class='ocrx_word' id='word_1_254' title='bbox 3200 1860 3382 1916; x_wconf 92' lang='lat' dir='ltr'>colore</span> <span class='ocrx_word' id='word_1_255' title='bbox 3412 1877 3534 1915; x_wconf 89' lang='lat' dir='ltr'>san-</span> 
     </span>
    </p>
   </div>
   <div class='ocr_carea' id='block_1_32' title="bbox 225 1948 1833 2029">
    <p class='ocr_par' dir='ltr' id='par_1_32' title="bbox 225 1948 1833 2029">
     <span class='ocr_line' id='line_1_32' title="bbox 225 1948 1833 2029; baseline 0.007 -28"><span class='ocrx_word' id='word_1_256' title='bbox 225 1963 347 2019; x_wconf 85' lang='lat' dir='ltr'>spes</span> <span class='ocrx_word' id='word_1_257' title='bbox 401 1948 619 2004; x_wconf 82' lang='lat' dir='ltr'>tollitur</span> <span class='ocrx_word' id='word_1_258' title='bbox 640 1991 654 2019; x_wconf 92' lang='lat'>,</span> <span class='ocrx_word' id='word_1_259' title='bbox 686 1950 902 2006; x_wconf 88' lang='lat' dir='ltr'>animus</span> <span class='ocrx_word' id='word_1_260' title='bbox 947 1953 1016 2007; x_wconf 88' lang='lat' dir='ltr'>ad</span> <span class='ocrx_word' id='word_1_261' title='bbox 1051 1954 1393 2026; x_wconf 90' lang='lat' dir='ltr'>pr0pinquos</span> <span class='ocrx_word' id='word_1_262' title='bbox 1422 1956 1676 2027; x_wconf 89' lang='lat' dir='ltr'>recurrit,</span> <span class='ocrx_word' id='word_1_263' title='bbox 1708 1957 1833 2029; x_wconf 89' lang='lat' dir='ltr'>quia</span> 
     </span>
    </p>
   </div>
   <div class='ocr_carea' id='block_1_33' title="bbox 220 2037 1834 2116">
    <p class='ocr_par' dir='ltr' id='par_1_33' title="bbox 220 2037 1834 2116">
     <span class='ocr_line' id='line_1_33' title="bbox 220 2037 1834 2116; baseline 0.007 -25"><span class='ocrx_word' id='word_1_264' title='bbox 220 2037 592 2107; x_wconf 90' lang='lat' dir='ltr'>reproborum</span> <span class='ocrx_word' id='word_1_265' title='bbox 621 2047 859 2095; x_wconf 91' lang='lat' dir='ltr'>mentem</span> <span class='ocrx_word' id='word_1_266' title='bbox 888 2055 1053 2111; x_wconf 86' lang='lat' dir='ltr'>poena</span> <span class='ocrx_word' id='word_1_267' title='bbox 1086 2058 1186 2097; x_wconf 89' lang='lat' dir='ltr'>sua</span> <span class='ocrx_word' id='word_1_268' title='bbox 1216 2044 1544 2116; x_wconf 85' lang='lat' dir='ltr'>quandoque</span> <span class='ocrx_word' id='word_1_269' title='bbox 1573 2045 1834 2102; x_wconf 88' lang='lat' dir='ltr'>inutiliter</span> 
     </span>
    </p>
   </div>
   <div class='ocr_carea' id='block_1_34' title="bbox 219 2125 1831 2205">
    <p class='ocr_par' dir='ltr' id='par_1_34' title="bbox 219 2125 1831 2205">
     <span class='ocr_line' id='line_1_34' title="bbox 219 2125 1831 2205; baseline 0.006 -25"><span class='ocrx_word' id='word_1_270' title='bbox 219 2125 397 2180; x_wconf 83' lang='lat' dir='ltr'>erudit</span> <span class='ocrx_word' id='word_1_271' title='bbox 429 2125 503 2181; x_wconf 89' lang='lat' dir='ltr'>ad</span> <span class='ocrx_word' id='word_1_272' title='bbox 535 2126 876 2196; x_wconf 88' lang='lat' dir='ltr'>charitatem,</span> <span class='ocrx_word' id='word_1_273' title='bbox 908 2136 969 2183; x_wconf 91' lang='lat' dir='ltr'>ut</span> <span class='ocrx_word' id='word_1_274' title='bbox 991 2129 1106 2198; x_wconf 90' lang='lat' dir='ltr'>jam</span> <span class='ocrx_word' id='word_1_275' title='bbox 1136 2138 1264 2187; x_wconf 90' lang='lat' dir='ltr'>tunc</span> <span class='ocrx_word' id='word_1_276' title='bbox 1294 2132 1458 2187; x_wconf 90' lang='lat' dir='ltr'>etiam</span> <span class='ocrx_word' id='word_1_277' title='bbox 1506 2149 1635 2189; x_wconf 88' lang='lat' dir='ltr'>suos</span> <span class='ocrx_word' id='word_1_278' title='bbox 1665 2135 1831 2205; x_wconf 90' lang='lat' dir='ltr'>spiri-</span> 
     </span>
    </p>
   </div>
   <div class='ocr_carea' id='block_1_35' title="bbox 217 2213 1833 2294">
    <p class='ocr_par' dir='ltr' id='par_1_35' title="bbox 217 2213 1833 2294">
     <span class='ocr_line' id='line_1_35' title="bbox 217 2213 1833 2294; baseline 0.007 -27"><span class='ocrx_word' id='word_1_279' title='bbox 217 2214 436 2269; x_wconf 82' lang='lat' dir='ltr'>tualiler</span> <span class='ocrx_word' id='word_1_280' title='bbox 463 2213 715 2288; x_wconf 81' lang='lat' dir='ltr'>diligant,</span> <span class='ocrx_word' id='word_1_281' title='bbox 746 2215 840 2287; x_wconf 88' lang='lat' dir='ltr'>qui</span> <span class='ocrx_word' id='word_1_282' title='bbox 869 2216 959 2273; x_wconf 91' lang='lat' dir='ltr'>hic</span> <span class='ocrx_word' id='word_1_283' title='bbox 986 2218 1117 2273; x_wconf 88' lang='lat' dir='ltr'>dum</span> <span class='ocrx_word' id='word_1_284' title='bbox 1145 2227 1372 2290; x_wconf 88' lang='lat' dir='ltr'>peccata</span> <span class='ocrx_word' id='word_1_285' title='bbox 1393 2220 1704 2294; x_wconf 85' lang='lat' dir='ltr'>diligerent,</span> <span class='ocrx_word' id='word_1_286' title='bbox 1729 2239 1833 2280; x_wconf 90' lang='lat' dir='ltr'>nec</span> 
     </span>
    </p>
   </div>
   <div class='ocr_carea' id='block_1_36' title="bbox 216 2302 1834 2381">
    <p class='ocr_par' dir='ltr' id='par_1_36' title="bbox 216 2302 1834 2381">
     <span class='ocr_line' id='line_1_36' title="bbox 216 2302 1834 2381; baseline 0.007 -24"><span class='ocrx_word' id='word_1_287' title='bbox 216 2317 272 2357; x_wconf 88' lang='lat' dir='ltr'>se</span> <span class='ocrx_word' id='word_1_288' title='bbox 329 2302 621 2357; x_wconf 87' lang='lat' dir='ltr'>amabant.</span> <span class='ocrx_word' id='word_1_289' title='bbox 685 2303 946 2361; x_wconf 87' lang='lat' dir='ltr'>Servatur</span> <span class='ocrx_word' id='word_1_290' title='bbox 1001 2322 1138 2379; x_wconf 87' lang='lat' dir='ltr'>ergo</span> <span class='ocrx_word' id='word_1_291' title='bbox 1192 2307 1345 2364; x_wconf 88' lang='lat' dir='ltr'>diviti</span> <span class='ocrx_word' id='word_1_292' title='bbox 1401 2310 1471 2365; x_wconf 89' lang='lat' dir='ltr'>ad</span> <span class='ocrx_word' id='word_1_293' title='bbox 1509 2327 1746 2381; x_wconf 69' lang='lat' dir='ltr'>pmnam,</span> <span class='ocrx_word' id='word_1_294' title='bbox 1779 2320 1834 2369; x_wconf 90' lang='lat' dir='ltr'>et</span> 
     </span>
    </p>
   </div>
   <div class='ocr_carea' id='block_1_37' title="bbox 227 2390 1831 2467">
    <p class='ocr_par' dir='ltr' id='par_1_37' title="bbox 227 2390 1831 2467">
     <span class='ocr_line' id='line_1_37' title="bbox 227 2390 1831 2467; baseline 0.006 -21"><span class='ocrx_word' id='word_1_295' title='bbox 227 2390 477 2463; x_wconf 88' lang='lat' dir='ltr'>cognitio</span> <span class='ocrx_word' id='word_1_296' title='bbox 520 2392 783 2463; x_wconf 87' lang='lat' dir='ltr'>pauperis</span> <span class='ocrx_word' id='word_1_297' title='bbox 814 2409 978 2465; x_wconf 88' lang='lat' dir='ltr'>quem</span> <span class='ocrx_word' id='word_1_298' title='bbox 1023 2396 1290 2467; x_wconf 83' lang='lat' dir='ltr'>despexit,</span> <span class='ocrx_word' id='word_1_299' title='bbox 1320 2405 1376 2453; x_wconf 93' lang='lat' dir='ltr'>et</span> <span class='ocrx_word' id='word_1_300' title='bbox 1416 2400 1685 2455; x_wconf 86' lang='lat' dir='ltr'>memoria</span> <span class='ocrx_word' id='word_1_301' title='bbox 1711 2400 1831 2457; x_wconf 88' lang='lat' dir='ltr'>fra-</span> 
     </span>
    </p>
   </div>
   <div class='ocr_carea' id='block_1_38' title="bbox 232 2480 1831 2562">
    <p class='ocr_par' dir='ltr' id='par_1_38' title="bbox 232 2480 1831 2562">
     <span class='ocr_line' id='line_1_38' title="bbox 232 2480 1831 2562; baseline 0.007 -28"><span class='ocrx_word' id='word_1_302' title='bbox 232 2487 373 2534; x_wconf 89' lang='lat' dir='ltr'>trum</span> <span class='ocrx_word' id='word_1_303' title='bbox 410 2494 557 2552; x_wconf 88' lang='lat' dir='ltr'>quos</span> <span class='ocrx_word' id='word_1_304' title='bbox 584 2480 825 2553; x_wconf 88' lang='lat' dir='ltr'>reliquit,</span> <span class='ocrx_word' id='word_1_305' title='bbox 855 2491 915 2538; x_wconf 91' lang='lat' dir='ltr'>ut</span> <span class='ocrx_word' id='word_1_306' title='bbox 942 2483 1011 2538; x_wconf 91' lang='lat' dir='ltr'>de</span> <span class='ocrx_word' id='word_1_307' title='bbox 1041 2484 1156 2540; x_wconf 87' lang='lat' dir='ltr'>visa</span> <span class='ocrx_word' id='word_1_308' title='bbox 1185 2486 1429 2558; x_wconf 89' lang='lat' dir='ltr'>despecti</span> <span class='ocrx_word' id='word_1_309' title='bbox 1459 2488 1656 2562; x_wconf 88' lang='lat' dir='ltr'>gloria,</span> <span class='ocrx_word' id='word_1_310' title='bbox 1689 2490 1831 2545; x_wconf 89' lang='lat' dir='ltr'>etde</span> 
     </span>
    </p>
   </div>
   <div class='ocr_carea' id='block_1_39' title="bbox 213 2567 1829 2648">
    <p class='ocr_par' dir='ltr' id='par_1_39' title="bbox 213 2567 1829 2648">
     <span class='ocr_line' id='line_1_39' title="bbox 213 2567 1829 2648; baseline 0.008 -27"><span class='ocrx_word' id='word_1_311' title='bbox 213 2583 376 2639; x_wconf 59' lang='lat' dir='ltr'>pinna</span> <span class='ocrx_word' id='word_1_312' title='bbox 434 2567 704 2624; x_wconf 88' lang='lat' dir='ltr'>inutiliter</span> <span class='ocrx_word' id='word_1_313' title='bbox 749 2578 1048 2627; x_wconf 90' lang='lat' dir='ltr'>amatorum</span> <span class='ocrx_word' id='word_1_314' title='bbox 1084 2574 1317 2645; x_wconf 90' lang='lat' dir='ltr'>amplius</span> <span class='ocrx_word' id='word_1_315' title='bbox 1377 2584 1716 2648; x_wconf 88' lang='lat' dir='ltr'>torqueatur.</span> <span class='ocrx_word' id='word_1_316' title='bbox 1762 2580 1829 2636; x_wconf 83' lang='lat' dir='ltr'>Ut</span> 
     </span>
    </p>
   </div>
   <div class='ocr_carea' id='block_1_40' title="bbox 211 2654 1828 2735">
    <p class='ocr_par' dir='ltr' id='par_1_40' title="bbox 211 2654 1828 2735">
     <span class='ocr_line' id='line_1_40' title="bbox 211 2654 1828 2735; baseline 0.007 -24"><span class='ocrx_word' id='word_1_317' title='bbox 211 2659 433 2713; x_wconf 77' lang='lat' dir='ltr'>mittas.</span> <span class='ocrx_word' id='word_1_318' title='bbox 471 2654 849 2715; x_wconf 57' lang='lat' dir='ltr'>Serius‘dives</span> <span class='ocrx_word' id='word_1_319' title='bbox 881 2660 983 2715; x_wconf 90' lang='lat' dir='ltr'>iste</span> <span class='ocrx_word' id='word_1_320' title='bbox 1029 2662 1292 2735; x_wconf 89' lang='lat' dir='ltr'>magister</span> <span class='ocrx_word' id='word_1_321' title='bbox 1319 2663 1507 2735; x_wconf 89' lang='lat' dir='ltr'>incipit</span> <span class='ocrx_word' id='word_1_322' title='bbox 1536 2681 1678 2735; x_wconf 90' lang='lat' dir='ltr'>esse,</span> <span class='ocrx_word' id='word_1_323' title='bbox 1702 2681 1828 2722; x_wconf 90' lang='lat' dir='ltr'>cum</span> 
     </span>
    </p>
   </div>
   <div class='ocr_carea' id='block_1_41' title="bbox 201 2745 1681 2822">
    <p class='ocr_par' dir='ltr' id='par_1_41' title="bbox 201 2745 1681 2822">
     <span class='ocr_line' id='line_1_41' title="bbox 201 2745 1681 2822; baseline 0.006 -23"><span class='ocrx_word' id='word_1_324' title='bbox 201 2749 310 2815; x_wconf 85' lang='lat' dir='ltr'>jam</span> <span class='ocrx_word' id='word_1_325' title='bbox 338 2761 453 2801; x_wconf 88' lang='lat' dir='ltr'>nec</span> <span class='ocrx_word' id='word_1_326' title='bbox 482 2745 737 2803; x_wconf 85' lang='lat' dir='ltr'>discendi</span> <span class='ocrx_word' id='word_1_327' title='bbox 769 2754 982 2820; x_wconf 90' lang='lat' dir='ltr'>tempus</span> <span class='ocrx_word' id='word_1_328' title='bbox 1024 2750 1245 2822; x_wconf 88' lang='lat' dir='ltr'>habeat,</span> <span class='ocrx_word' id='word_1_329' title='bbox 1279 2767 1383 2808; x_wconf 91' lang='lat' dir='ltr'>nec</span> <span class='ocrx_word' id='word_1_330' title='bbox 1429 2753 1681 2810; x_wconf 90' lang='lat' dir='ltr'>docendi.</span> 
     </span>
    </p>
   </div>
   <div class='ocr_carea' id='block_1_42' title="bbox 269 2860 1826 2941">
    <p class='ocr_par' dir='ltr' id='par_1_42' title="bbox 269 2860 1826 2941">
     <span class='ocr_line' id='line_1_42' title="bbox 269 2860 1826 2941; baseline 0.006 -25"><span class='ocrx_word' id='word_1_331' title='bbox 269 2860 451 2916; x_wconf 71' lang='lat' dir='ltr'>Vens.</span> <span class='ocrx_word' id='word_1_332' title='bbox 487 2864 578 2915; x_wconf 76' lang='grc'>31.</span> <span class='ocrx_word' id='word_1_333' title='bbox 613 2890 683 2902; x_wconf 88' lang='grc'><strong>-</strong></span> <span class='ocrx_word' id='word_1_334' title='bbox 711 2863 771 2918; x_wconf 87' lang='lat' dir='ltr'>Si</span> <span class='ocrx_word' id='word_1_335' title='bbox 801 2863 1049 2935; x_wconf 75' lang='lat' dir='ltr'>Moysen.</span> <span class='ocrx_word' id='word_1_336' title='bbox 1086 2864 1192 2934; x_wconf 89' lang='lat' dir='ltr'>Qui</span> <span class='ocrx_word' id='word_1_337' title='bbox 1237 2867 1406 2923; x_wconf 87' lang='lat' dir='ltr'>verba</span> <span class='ocrx_word' id='word_1_338' title='bbox 1452 2867 1597 2941; x_wconf 90' lang='lat' dir='ltr'>legis</span> <span class='ocrx_word' id='word_1_339' title='bbox 1643 2869 1826 2941; x_wconf 89' lang='lat' dir='ltr'>despi-</span> 
     </span>
    </p>
   </div>
   <div class='ocr_carea' id='block_1_43' title="bbox 208 2947 1825 3027">
    <p class='ocr_par' dir='ltr' id='par_1_43' title="bbox 208 2947 1825 3027">
     <span class='ocr_line' id='line_1_43' title="bbox 208 2947 1825 3027; baseline 0.007 -24"><span class='ocrx_word' id='word_1_340' title='bbox 208 2947 370 3019; x_wconf 87' lang='lat' dir='ltr'>ciunt,</span> <span class='ocrx_word' id='word_1_341' title='bbox 410 2949 802 3020; x_wconf 72' lang='lat' dir='ltr'>Redemptoris</span> <span class='ocrx_word' id='word_1_342' title='bbox 839 2962 1115 3024; x_wconf 86' lang='lat' dir='ltr'>praecepta</span> <span class='ocrx_word' id='word_1_343' title='bbox 1143 2954 1237 3027; x_wconf 90' lang='lat' dir='ltr'>qui</span> <span class='ocrx_word' id='word_1_344' title='bbox 1265 2971 1333 3011; x_wconf 88' lang='lat' dir='ltr'>ex</span> <span class='ocrx_word' id='word_1_345' title='bbox 1380 2953 1609 3013; x_wconf 77' lang='lat' dir='ltr'>mortuis</span> <span class='ocrx_word' id='word_1_346' title='bbox 1640 2974 1825 3013; x_wconf 84' lang='lat' dir='ltr'>surre-</span> 
     </span>
    </p>
   </div>
   <div class='ocr_carea' id='block_1_44' title="bbox 209 3036 1827 3112">
    <p class='ocr_par' dir='ltr' id='par_1_44' title="bbox 209 3036 1827 3112">
     <span class='ocr_line' id='line_1_44' title="bbox 209 3036 1827 3112; baseline 0.007 -22"><span class='ocrx_word' id='word_1_347' title='bbox 209 3036 300 3107; x_wconf 79' lang='lat' dir='ltr'>xit,</span> <span class='ocrx_word' id='word_1_348' title='bbox 333 3045 551 3109; x_wconf 88' lang='lat' dir='ltr'>quanto</span> <span class='ocrx_word' id='word_1_349' title='bbox 581 3038 865 3095; x_wconf 87' lang='lat' dir='ltr'>subtiliora</span> <span class='ocrx_word' id='word_1_350' title='bbox 894 3049 1037 3112; x_wconf 88' lang='lat' dir='ltr'>sunt,</span> <span class='ocrx_word' id='word_1_351' title='bbox 1069 3051 1217 3099; x_wconf 90' lang='lat' dir='ltr'>tanto</span> <span class='ocrx_word' id='word_1_352' title='bbox 1262 3044 1381 3100; x_wconf 60' lang='lat' dir='ltr'>haec</span> <span class='ocrx_word' id='word_1_353' title='bbox 1427 3044 1701 3103; x_wconf 90' lang='lat' dir='ltr'>difﬁcilius</span> <span class='ocrx_word' id='word_1_354' title='bbox 1730 3046 1827 3101; x_wconf 90' lang='lat' dir='ltr'>im-</span> 
     </span>
    </p>
   </div>
   <div class='ocr_carea' id='block_1_45' title="bbox 203 3124 1821 3206">
    <p class='ocr_par' dir='ltr' id='par_1_45' title="bbox 203 3124 1821 3206">
     <span class='ocr_line' id='line_1_45' title="bbox 203 3124 1821 3206; baseline 0.007 -27"><span class='ocrx_word' id='word_1_355' title='bbox 203 3124 452 3197; x_wconf 88' lang='lat' dir='ltr'>plebunt,</span> <span class='ocrx_word' id='word_1_356' title='bbox 487 3134 547 3182; x_wconf 88' lang='lat' dir='ltr'>et</span> <span class='ocrx_word' id='word_1_357' title='bbox 591 3127 749 3196; x_wconf 90' lang='lat' dir='ltr'>cujus</span> <span class='ocrx_word' id='word_1_358' title='bbox 778 3128 924 3185; x_wconf 90' lang='lat' dir='ltr'>dicta</span> <span class='ocrx_word' id='word_1_359' title='bbox 978 3130 1207 3203; x_wconf 90' lang='lat' dir='ltr'>implere</span> <span class='ocrx_word' id='word_1_360' title='bbox 1235 3141 1490 3205; x_wconf 91' lang='lat' dir='ltr'>renuunt,</span> <span class='ocrx_word' id='word_1_361' title='bbox 1523 3134 1573 3191; x_wconf 86' lang='lat' dir='ltr'>ei</span> <span class='ocrx_word' id='word_1_362' title='bbox 1629 3138 1821 3206; x_wconf 89' lang='lat' dir='ltr'>procul</span> 
     </span>
    </p>
   </div>
   <div class='ocr_carea' id='block_1_46' title="bbox 206 3214 951 3273">
    <p class='ocr_par' dir='ltr' id='par_1_46' title="bbox 206 3214 951 3273">
     <span class='ocr_line' id='line_1_46' title="bbox 206 3214 951 3273; baseline 0.007 -5"><span class='ocrx_word' id='word_1_363' title='bbox 206 3214 369 3271; x_wconf 88' lang='lat' dir='ltr'>dubio</span> <span class='ocrx_word' id='word_1_364' title='bbox 399 3214 646 3272; x_wconf 87' lang='lat' dir='ltr'>credere</span> <span class='ocrx_word' id='word_1_365' title='bbox 674 3226 951 3273; x_wconf 89' lang='lat' dir='ltr'>recusant.</span> 
     </span>
    </p>
   </div>
   <div class='ocr_carea' id='block_1_47' title="bbox 787 3409 1210 3469">
    <p class='ocr_par' dir='ltr' id='par_1_47' title="bbox 787 3409 1210 3469">
     <span class='ocr_line' id='line_1_47' title="bbox 787 3409 1210 3469; baseline 0.007 -3"><span class='ocrx_word' id='word_1_366' title='bbox 787 3409 1013 3468; x_wconf 83' lang='lat' dir='ltr'>CAPUT</span> <span class='ocrx_word' id='word_1_367' title='bbox 1039 3412 1210 3469; x_wconf 86' lang='lat' dir='ltr'>XVII.</span> 
     </span>
    </p>
   </div>
   <div class='ocr_carea' id='block_1_48' title="bbox 284 3578 1833 3654">
    <p class='ocr_par' dir='ltr' id='par_1_48' title="bbox 284 3578 1833 3654">
     <span class='ocr_line' id='line_1_48' title="bbox 284 3578 1833 3654; baseline 0.006 -21"><span class='ocrx_word' id='word_1_368' title='bbox 284 3578 468 3635; x_wconf 73' lang='lat' dir='ltr'>Vna.</span> <span class='ocrx_word' id='word_1_369' title='bbox 499 3582 526 3633; x_wconf 75' lang='grc'><strong>1</strong></span> <span class='ocrx_word' id='word_1_370' title='bbox 540 3609 632 3633; x_wconf 93' lang='grc'>.-</span> <span class='ocrx_word' id='word_1_371' title='bbox 654 3581 727 3635; x_wconf 86' lang='lat' dir='ltr'>Et</span> <span class='ocrx_word' id='word_1_372' title='bbox 746 3582 833 3636; x_wconf 86' lang='lat' dir='ltr'>ait</span> <span class='ocrx_word' id='word_1_373' title='bbox 853 3580 926 3637; x_wconf 87' lang='lat' dir='ltr'>ad</span> <span class='ocrx_word' id='word_1_374' title='bbox 944 3581 1270 3654; x_wconf 81' lang='lat' dir='ltr'>discipulos.</span> <span class='ocrx_word' id='word_1_375' title='bbox 1295 3583 1587 3639; x_wconf 88' lang='lat' dir='ltr'>Sciendum</span> <span class='ocrx_word' id='word_1_376' title='bbox 1604 3601 1727 3641; x_wconf 83' lang='lat' dir='ltr'>cum</span> <span class='ocrx_word' id='word_1_377' title='bbox 1749 3588 1833 3644; x_wconf 94' lang='lat' dir='ltr'>Do</span> 
     </span>
    </p>
   </div>
   <div class='ocr_carea' id='block_1_49' title="bbox 204 3666 1836 3742">
    <p class='ocr_par' dir='ltr' id='par_1_49' title="bbox 204 3666 1836 3742">
     <span class='ocr_line' id='line_1_49' title="bbox 204 3666 1836 3742; baseline 0.006 -21"><span class='ocrx_word' id='word_1_378' title='bbox 204 3666 382 3722; x_wconf 87' lang='lat' dir='ltr'>minus</span> <span class='ocrx_word' id='word_1_379' title='bbox 414 3668 491 3723; x_wconf 88' lang='lat' dir='ltr'>de</span> <span class='ocrx_word' id='word_1_380' title='bbox 512 3666 896 3724; x_wconf 88' lang='lat' dir='ltr'>misericordia</span> <span class='ocrx_word' id='word_1_381' title='bbox 925 3668 1263 3742; x_wconf 88' lang='lat' dir='ltr'>loqueretur,</span> <span class='ocrx_word' id='word_1_382' title='bbox 1298 3672 1557 3729; x_wconf 69' lang='lat' dir='ltr'>Pharisaei</span> <span class='ocrx_word' id='word_1_383' title='bbox 1588 3675 1738 3731; x_wconf 85' lang='lat' dir='ltr'>avari</span> <span class='ocrx_word' id='word_1_384' title='bbox 1778 3676 1836 3731; x_wconf 93' lang='lat' dir='ltr'>in</span> 
     </span>
    </p>
   </div>
   <div class='ocr_carea' id='block_1_50' title="bbox 210 3755 1835 3830">
    <p class='ocr_par' dir='ltr' id='par_1_50' title="bbox 210 3755 1835 3830">
     <span class='ocr_line' id='line_1_50' title="bbox 210 3755 1835 3830; baseline 0.006 -21"><span class='ocrx_word' id='word_1_385' title='bbox 210 3755 473 3812; x_wconf 86' lang='lat' dir='ltr'>irrisione</span> <span class='ocrx_word' id='word_1_386' title='bbox 505 3757 953 3826; x_wconf 85' lang='lat' dir='ltr'>perseverabant,</span> <span class='ocrx_word' id='word_1_387' title='bbox 985 3758 1043 3812; x_wconf 92' lang='lat' dir='ltr'>in</span> <span class='ocrx_word' id='word_1_388' title='bbox 1072 3774 1181 3830; x_wconf 92' lang='lat' dir='ltr'>quo</span> <span class='ocrx_word' id='word_1_389' title='bbox 1219 3757 1451 3815; x_wconf 90' lang='lat' dir='ltr'>inﬁrmis</span> <span class='ocrx_word' id='word_1_390' title='bbox 1497 3762 1835 3819; x_wconf 91' lang='lat' dir='ltr'>auditoribus</span> 
     </span>
    </p>
   </div>
   <div class='ocr_carea' id='block_1_51' title="bbox 214 3845 1835 3924">
    <p class='ocr_par' dir='ltr' id='par_1_51' title="bbox 214 3845 1835 3924">
     <span class='ocr_line' id='line_1_51' title="bbox 214 3845 1835 3924; baseline 0.005 -25"><span class='ocrx_word' id='word_1_391' title='bbox 214 3845 566 3915; x_wconf 83' lang='lat' dir='ltr'>scandalum,</span> <span class='ocrx_word' id='word_1_392' title='bbox 599 3860 670 3900; x_wconf 92' lang='lat' dir='ltr'>ne</span> <span class='ocrx_word' id='word_1_393' title='bbox 699 3846 1062 3916; x_wconf 87' lang='lat' dir='ltr'>attenderent,</span> <span class='ocrx_word' id='word_1_394' title='bbox 1112 3846 1402 3904; x_wconf 86' lang='lat' dir='ltr'>faciebant.</span> <span class='ocrx_word' id='word_1_395' title='bbox 1436 3850 1550 3905; x_wconf 88' lang='lat' dir='ltr'>Hos</span> <span class='ocrx_word' id='word_1_396' title='bbox 1580 3867 1716 3924; x_wconf 88' lang='lat' dir='ltr'>ergo</span> <span class='ocrx_word' id='word_1_397' title='bbox 1744 3852 1835 3907; x_wconf 89' lang='lat' dir='ltr'>in-</span> 
     </span>
    </p>
   </div>
   <div class='ocr_carea' id='block_1_52' title="bbox 208 3933 1834 4008">
    <p class='ocr_par' dir='ltr' id='par_1_52' title="bbox 208 3933 1834 4008">
     <span class='ocr_line' id='line_1_52' title="bbox 208 3933 1834 4008; baseline 0.006 -22"><span class='ocrx_word' id='word_1_398' title='bbox 208 3933 397 3987; x_wconf 88' lang='lat' dir='ltr'>crebat</span> <span class='ocrx_word' id='word_1_399' title='bbox 427 3933 670 4004; x_wconf 89' lang='lat' dir='ltr'>loquens</span> <span class='ocrx_word' id='word_1_400' title='bbox 700 3934 980 4005; x_wconf 88' lang='lat' dir='ltr'>apostolis,</span> <span class='ocrx_word' id='word_1_401' title='bbox 1014 3935 1225 3992; x_wconf 89' lang='lat' dir='ltr'>scilicet</span> <span class='ocrx_word' id='word_1_402' title='bbox 1254 3938 1400 4008; x_wconf 90' lang='lat' dir='ltr'>quod</span> <span class='ocrx_word' id='word_1_403' title='bbox 1440 3938 1519 3993; x_wconf 92' lang='lat' dir='ltr'>illi</span> <span class='ocrx_word' id='word_1_404' title='bbox 1555 3955 1655 3995; x_wconf 90' lang='lat' dir='ltr'>suo</span> <span class='ocrx_word' id='word_1_405' title='bbox 1704 3940 1834 3997; x_wconf 90' lang='lat' dir='ltr'>vitio</span> 
     </span>
    </p>
   </div>
   <div class='ocr_carea' id='block_1_53' title="bbox 209 4018 1835 4100">
    <p class='ocr_par' dir='ltr' id='par_1_53' title="bbox 209 4018 1835 4100">
     <span class='ocr_line' id='line_1_53' title="bbox 209 4018 1835 4100; baseline 0.007 -26"><span class='ocrx_word' id='word_1_406' title='bbox 209 4018 512 4089; x_wconf 79' lang='lat' dir='ltr'>faciebant,</span> <span class='ocrx_word' id='word_1_407' title='bbox 549 4028 610 4076; x_wconf 89' lang='lat' dir='ltr'>ut</span> <span class='ocrx_word' id='word_1_408' title='bbox 637 4022 921 4078; x_wconf 88' lang='lat' dir='ltr'>evenirent</span> <span class='ocrx_word' id='word_1_409' title='bbox 948 4024 1211 4080; x_wconf 87' lang='lat' dir='ltr'>scandala</span> <span class='ocrx_word' id='word_1_410' title='bbox 1235 4041 1333 4096; x_wconf 89' lang='lat' dir='ltr'>per</span> <span class='ocrx_word' id='word_1_411' title='bbox 1361 4043 1421 4081; x_wconf 91' lang='lat' dir='ltr'>se</span> <span class='ocrx_word' id='word_1_412' title='bbox 1452 4044 1573 4099; x_wconf 73' lang='lat' dir='ltr'>quae</span> <span class='ocrx_word' id='word_1_413' title='bbox 1606 4044 1715 4084; x_wconf 92' lang='lat' dir='ltr'>non</span> <span class='ocrx_word' id='word_1_414' title='bbox 1736 4046 1835 4100; x_wconf 87' lang='lat' dir='ltr'>po-</span> 
     </span>
    </p>
   </div>
   <div class='ocr_carea' id='block_1_54' title="bbox 211 4110 1833 4173">
    <p class='ocr_par' dir='ltr' id='par_1_54' title="bbox 211 4110 1833 4173">
     <span class='ocr_line' id='line_1_54' title="bbox 211 4110 1833 4173; baseline 0.007 -11"><span class='ocrx_word' id='word_1_415' title='bbox 211 4115 391 4163; x_wconf 86' lang='lat' dir='ltr'>terant</span> <span class='ocrx_word' id='word_1_416' title='bbox 420 4124 543 4164; x_wconf 91' lang='lat' dir='ltr'>non</span> <span class='ocrx_word' id='word_1_417' title='bbox 571 4110 796 4165; x_wconf 89' lang='lat' dir='ltr'>evenire</span> <span class='ocrx_word' id='word_1_418' title='bbox 824 4110 882 4164; x_wconf 91' lang='lat' dir='ltr'>in</span> <span class='ocrx_word' id='word_1_419' title='bbox 911 4112 1117 4168; x_wconf 92' lang='lat' dir='ltr'>mundo</span> <span class='ocrx_word' id='word_1_420' title='bbox 1145 4114 1405 4169; x_wconf 71' lang='lat' dir='ltr'>aerumnis</span> <span class='ocrx_word' id='word_1_421' title='bbox 1447 4124 1501 4171; x_wconf 90' lang='lat' dir='ltr'>et</span> <span class='ocrx_word' id='word_1_422' title='bbox 1549 4117 1833 4173; x_wconf 87' lang='lat' dir='ltr'>erroribus</span> 
     </span>
    </p>
   </div>
   <div class='ocr_carea' id='block_1_55' title="bbox 211 4195 570 4266">
    <p class='ocr_par' dir='ltr' id='par_1_55' title="bbox 211 4195 570 4266">
     <span class='ocr_line' id='line_1_55' title="bbox 211 4195 570 4266; baseline 0.006 -16"><span class='ocrx_word' id='word_1_423' title='bbox 211 4195 570 4266; x_wconf 86' lang='lat' dir='ltr'>plenissimo.</span> 
     </span>
    </p>
   </div>
   <div class='ocr_carea' id='block_1_56' title="bbox 272 4303 1837 4384">
    <p class='ocr_par' dir='ltr' id='par_1_56' title="bbox 272 4303 1837 4384">
     <span class='ocr_line' id='line_1_56' title="bbox 272 4303 1837 4384; baseline 0.005 -26"><span class='ocrx_word' id='word_1_424' title='bbox 272 4303 454 4359; x_wconf 67' lang='lat' dir='ltr'>Vens.</span> <span class='ocrx_word' id='word_1_425' title='bbox 487 4307 547 4361; x_wconf 88' lang='lat'><strong>2.</strong></span> <span class='ocrx_word' id='word_1_426' title='bbox 582 4333 654 4345; x_wconf 92' lang='lat'><strong>-</strong></span> <span class='ocrx_word' id='word_1_427' title='bbox 682 4304 743 4361; x_wconf 88' lang='lat' dir='ltr'>Si</span> <span class='ocrx_word' id='word_1_428' title='bbox 776 4305 922 4378; x_wconf 87' lang='lat' dir='ltr'>lapis</span> <span class='ocrx_word' id='word_1_429' title='bbox 966 4307 1225 4378; x_wconf 83' lang='lat' dir='ltr'>molaris,</span> <span class='ocrx_word' id='word_1_430' title='bbox 1262 4317 1367 4365; x_wconf 91' lang='lat' dir='ltr'>etc.</span> <span class='ocrx_word' id='word_1_431' title='bbox 1418 4311 1729 4367; x_wconf 89' lang='lat' dir='ltr'>Secundum</span> <span class='ocrx_word' id='word_1_432' title='bbox 1762 4313 1837 4384; x_wconf 89' lang='lat' dir='ltr'>ri_</span> 
     </span>
    </p>
   </div>
   <div class='ocr_carea' id='block_1_57' title="bbox 206 4392 1837 4470">
    <p class='ocr_par' dir='ltr' id='par_1_57' title="bbox 206 4392 1837 4470">
     <span class='ocr_line' id='line_1_57' title="bbox 206 4392 1837 4470; baseline 0.008 -27"><span class='ocrx_word' id='word_1_433' title='bbox 206 4398 319 4445; x_wconf 86' lang='lat' dir='ltr'>tum</span> <span class='ocrx_word' id='word_1_434' title='bbox 353 4392 667 4462; x_wconf 62' lang='lat' dir='ltr'>provinciae</span> <span class='ocrx_word' id='word_1_435' title='bbox 696 4392 789 4448; x_wconf 91' lang='lat' dir='ltr'>ubi</span> <span class='ocrx_word' id='word_1_436' title='bbox 818 4402 939 4450; x_wconf 89' lang='lat' dir='ltr'>erat</span> <span class='ocrx_word' id='word_1_437' title='bbox 968 4394 1071 4450; x_wconf 89' lang='lat' dir='ltr'>ista</span> <span class='ocrx_word' id='word_1_438' title='bbox 1101 4396 1390 4453; x_wconf 90' lang='lat' dir='ltr'>criminum</span> <span class='ocrx_word' id='word_1_439' title='bbox 1417 4415 1599 4470; x_wconf 61' lang='lat' dir='ltr'>paena,</span> <span class='ocrx_word' id='word_1_440' title='bbox 1630 4408 1690 4455; x_wconf 93' lang='lat' dir='ltr'>ut</span> <span class='ocrx_word' id='word_1_441' title='bbox 1715 4401 1837 4457; x_wconf 87' lang='lat' dir='ltr'>alli-</span> 
     </span>
    </p>
   </div>
   <div class='ocr_carea' id='block_1_58' title="bbox 206 4480 1834 4561">
    <p class='ocr_par' dir='ltr' id='par_1_58' title="bbox 206 4480 1834 4561">
     <span class='ocr_line' id='line_1_58' title="bbox 206 4480 1834 4561; baseline 0.007 -27"><span class='ocrx_word' id='word_1_442' title='bbox 206 4487 337 4551; x_wconf 75' lang='lat' dir='ltr'>gnto</span> <span class='ocrx_word' id='word_1_443' title='bbox 400 4495 545 4535; x_wconf 78' lang='lat' dir='ltr'>saxo</span> <span class='ocrx_word' id='word_1_444' title='bbox 599 4480 658 4534; x_wconf 89' lang='lat' dir='ltr'>in</span> <span class='ocrx_word' id='word_1_445' title='bbox 712 4481 1045 4551; x_wconf 89' lang='lat' dir='ltr'>profundum</span> <span class='ocrx_word' id='word_1_446' title='bbox 1092 4484 1569 4561; x_wconf 89' lang='lat' dir='ltr'>demergerentur.</span> <span class='ocrx_word' id='word_1_447' title='bbox 1605 4490 1674 4543; x_wconf 91' lang='lat' dir='ltr'>Et</span> <span class='ocrx_word' id='word_1_448' title='bbox 1703 4505 1834 4545; x_wconf 87' lang='lat' dir='ltr'>vere</span> 
     </span>
    </p>
   </div>
   <div class='ocr_carea' id='block_1_59' title="bbox 1931 1946 3535 2024">
    <p class='ocr_par' dir='ltr' id='par_1_59' title="bbox 1931 1946 3535 2024">
     <span class='ocr_line' id='line_1_59' title="bbox 1931 1946 3535 2024; baseline -0.001 -19"><span class='ocrx_word' id='word_1_449' title='bbox 1931 1950 2134 2024; x_wconf 87' lang='lat' dir='ltr'>guineo</span> <span class='ocrx_word' id='word_1_450' title='bbox 2154 1948 2307 2016; x_wconf 88' lang='lat' dir='ltr'>cujus</span> <span class='ocrx_word' id='word_1_451' title='bbox 2337 1946 2544 2002; x_wconf 88' lang='lat' dir='ltr'>fructus</span> <span class='ocrx_word' id='word_1_452' title='bbox 2575 1956 2629 2002; x_wconf 88' lang='lat' dir='ltr'>et</span> <span class='ocrx_word' id='word_1_453' title='bbox 2656 1949 2894 2021; x_wconf 89' lang='lat' dir='ltr'>virgulta</span> <span class='ocrx_word' id='word_1_454' title='bbox 2930 1949 3145 2013; x_wconf 91' lang='lat' dir='ltr'>rubent,</span> <span class='ocrx_word' id='word_1_455' title='bbox 3176 1949 3535 2021; x_wconf 88' lang='lat' dir='ltr'>Evangelium</span> 
     </span>
    </p>
   </div>
   <div class='ocr_carea' id='block_1_60' title="bbox 1932 2026 3535 2109">
    <p class='ocr_par' dir='ltr' id='par_1_60' title="bbox 1932 2026 3535 2109">
     <span class='ocr_line' id='line_1_60' title="bbox 1932 2026 3535 2109; baseline -0.002 -12"><span class='ocrx_word' id='word_1_456' title='bbox 1932 2039 2115 2096; x_wconf 89' lang='lat' dir='ltr'>crucis</span> <span class='ocrx_word' id='word_1_457' title='bbox 2160 2037 2483 2108; x_wconf 89' lang='lat' dir='ltr'>exprimitur</span> <span class='ocrx_word' id='word_1_458' title='bbox 2505 2078 2519 2104; x_wconf 89' lang='lat'>,</span> <span class='ocrx_word' id='word_1_459' title='bbox 2556 2053 2677 2108; x_wconf 70' lang='lat' dir='ltr'>qua:</span> <span class='ocrx_word' id='word_1_460' title='bbox 2725 2026 2826 2107; x_wconf 78' lang='lat' dir='ltr'>per</span> <span class='ocrx_word' id='word_1_461' title='bbox 2854 2036 3016 2092; x_wconf 83' lang='lat' dir='ltr'>ﬁdem</span> <span class='ocrx_word' id='word_1_462' title='bbox 3063 2039 3436 2109; x_wconf 86' lang='lat' dir='ltr'>apostolorum</span> <span class='ocrx_word' id='word_1_463' title='bbox 3466 2039 3535 2093; x_wconf 91' lang='lat' dir='ltr'>de</span> 
     </span>
    </p>
   </div>
   <div class='ocr_carea' id='block_1_61' title="bbox 1931 2125 3532 2202">
    <p class='ocr_par' dir='ltr' id='par_1_61' title="bbox 1931 2125 3532 2202">
     <span class='ocr_line' id='line_1_61' title="bbox 1931 2125 3532 2202; baseline -0.002 -19"><span class='ocrx_word' id='word_1_464' title='bbox 1931 2137 2095 2202; x_wconf 89' lang='lat' dir='ltr'>gente</span> <span class='ocrx_word' id='word_1_465' title='bbox 2125 2127 2440 2182; x_wconf 68' lang='lat' dir='ltr'>Iudaeorum</span> <span class='ocrx_word' id='word_1_466' title='bbox 2470 2126 2548 2196; x_wconf 90' lang='lat' dir='ltr'>(in</span> <span class='ocrx_word' id='word_1_467' title='bbox 2578 2141 2684 2196; x_wconf 91' lang='lat' dir='ltr'>qua</span> <span class='ocrx_word' id='word_1_468' title='bbox 2721 2125 2869 2181; x_wconf 91' lang='lat' dir='ltr'>velut</span> <span class='ocrx_word' id='word_1_469' title='bbox 2897 2126 2952 2179; x_wconf 92' lang='lat' dir='ltr'>in</span> <span class='ocrx_word' id='word_1_470' title='bbox 3002 2126 3170 2197; x_wconf 88' lang='lat' dir='ltr'>stirpe</span> <span class='ocrx_word' id='word_1_471' title='bbox 3200 2126 3418 2198; x_wconf 87' lang='lat' dir='ltr'>generis</span> <span class='ocrx_word' id='word_1_472' title='bbox 3446 2135 3532 2181; x_wconf 88' lang='lat' dir='ltr'>te-</span> 
     </span>
    </p>
   </div>
   <div class='ocr_carea' id='block_1_62' title="bbox 1931 2213 3533 2284">
    <p class='ocr_par' dir='ltr' id='par_1_62' title="bbox 1931 2213 3533 2284">
     <span class='ocr_line' id='line_1_62' title="bbox 1931 2213 3533 2284; baseline -0.001 -13"><span class='ocrx_word' id='word_1_473' title='bbox 1931 2217 2163 2273; x_wconf 89' lang='lat' dir='ltr'>nebatur</span> <span class='ocrx_word' id='word_1_474' title='bbox 2205 2215 2436 2270; x_wconf 89' lang='lat' dir='ltr'>verbum</span> <span class='ocrx_word' id='word_1_475' title='bbox 2484 2213 2912 2284; x_wconf 66' lang='lat' dir='ltr'>praedicationis)</span> <span class='ocrx_word' id='word_1_476' title='bbox 2960 2224 3043 2269; x_wconf 90' lang='lat' dir='ltr'>est</span> <span class='ocrx_word' id='word_1_477' title='bbox 3088 2215 3364 2271; x_wconf 90' lang='lat' dir='ltr'>eradicata</span> <span class='ocrx_word' id='word_1_478' title='bbox 3395 2222 3450 2270; x_wconf 91' lang='lat' dir='ltr'>et</span> <span class='ocrx_word' id='word_1_479' title='bbox 3478 2215 3533 2269; x_wconf 91' lang='lat' dir='ltr'>in</span> 
     </span>
    </p>
   </div>
   <div class='ocr_carea' id='block_1_63' title="bbox 1929 2302 3528 2377">
    <p class='ocr_par' dir='ltr' id='par_1_63' title="bbox 1929 2302 3528 2377">
     <span class='ocr_line' id='line_1_63' title="bbox 1929 2302 3528 2377; baseline -0.001 -17"><span class='ocrx_word' id='word_1_480' title='bbox 1929 2321 2080 2360; x_wconf 90' lang='lat' dir='ltr'>mare</span> <span class='ocrx_word' id='word_1_481' title='bbox 2109 2304 2352 2377; x_wconf 89' lang='lat' dir='ltr'>gentium</span> <span class='ocrx_word' id='word_1_482' title='bbox 2382 2302 2902 2372; x_wconf 87' lang='lat' dir='ltr'>transplantata,cui</span> <span class='ocrx_word' id='word_1_483' title='bbox 2929 2303 3091 2358; x_wconf 90' lang='lat' dir='ltr'>etiam</span> <span class='ocrx_word' id='word_1_484' title='bbox 3120 2304 3375 2359; x_wconf 89' lang='lat' dir='ltr'>convenit</span> <span class='ocrx_word' id='word_1_485' title='bbox 3399 2304 3528 2359; x_wconf 79' lang='lat' dir='ltr'>sub-</span> 
     </span>
    </p>
   </div>
   <div class='ocr_carea' id='block_1_64' title="bbox 1924 2390 3523 2463">
    <p class='ocr_par' dir='ltr' id='par_1_64' title="bbox 1924 2390 3523 2463">
     <span class='ocr_line' id='line_1_64' title="bbox 1924 2390 3523 2463; baseline -0.001 -14"><span class='ocrx_word' id='word_1_486' title='bbox 1924 2394 2067 2462; x_wconf 87' lang='lat' dir='ltr'>jecta</span> <span class='ocrx_word' id='word_1_487' title='bbox 2095 2391 2356 2463; x_wconf 90' lang='lat' dir='ltr'>parabola</span> <span class='ocrx_word' id='word_1_488' title='bbox 2384 2392 2453 2445; x_wconf 90' lang='lat' dir='ltr'>de</span> <span class='ocrx_word' id='word_1_489' title='bbox 2501 2390 2766 2445; x_wconf 90' lang='lat' dir='ltr'>ministris</span> <span class='ocrx_word' id='word_1_490' title='bbox 2814 2391 2988 2446; x_wconf 88' lang='lat' dir='ltr'>verbi.</span> <span class='ocrx_word' id='word_1_491' title='bbox 3040 2392 3189 2446; x_wconf 88' lang='lat' dir='ltr'>Folia</span> <span class='ocrx_word' id='word_1_492' title='bbox 3219 2393 3360 2447; x_wconf 90' lang='lat' dir='ltr'>mori</span> <span class='ocrx_word' id='word_1_493' title='bbox 3407 2408 3523 2448; x_wconf 86' lang='lat' dir='ltr'>ser-</span> 
     </span>
    </p>
   </div>
   <div class='ocr_carea' id='block_1_65' title="bbox 1924 2478 3521 2553">
    <p class='ocr_par' dir='ltr' id='par_1_65' title="bbox 1924 2478 3521 2553">
     <span class='ocr_line' id='line_1_65' title="bbox 1924 2478 3521 2553; baseline -0.001 -17"><span class='ocrx_word' id='word_1_494' title='bbox 1924 2482 2072 2553; x_wconf 89' lang='lat' dir='ltr'>penti</span> <span class='ocrx_word' id='word_1_495' title='bbox 2102 2482 2348 2549; x_wconf 87' lang='lat' dir='ltr'>subjecta</span> <span class='ocrx_word' id='word_1_496' title='bbox 2367 2494 2558 2535; x_wconf 87' lang='lat' dir='ltr'>necem</span> <span class='ocrx_word' id='word_1_497' title='bbox 2590 2478 2864 2547; x_wconf 84' lang='lat' dir='ltr'>inferunt,</span> <span class='ocrx_word' id='word_1_498' title='bbox 2889 2487 2943 2534; x_wconf 90' lang='lat' dir='ltr'>et</span> <span class='ocrx_word' id='word_1_499' title='bbox 2979 2481 3211 2535; x_wconf 90' lang='lat' dir='ltr'>verbum</span> <span class='ocrx_word' id='word_1_500' title='bbox 3249 2482 3431 2537; x_wconf 92' lang='lat' dir='ltr'>crucis</span> <span class='ocrx_word' id='word_1_501' title='bbox 3462 2491 3521 2536; x_wconf 92' lang='lat' dir='ltr'>ut</span> 
     </span>
    </p>
   </div>
   <div class='ocr_carea' id='block_1_66' title="bbox 1928 2566 3515 2637">
    <p class='ocr_par' dir='ltr' id='par_1_66' title="bbox 1928 2566 3515 2637">
     <span class='ocr_line' id='line_1_66' title="bbox 1928 2566 3515 2637; baseline -0.001 -10"><span class='ocrx_word' id='word_1_502' title='bbox 1928 2579 2121 2627; x_wconf 88' lang='lat' dir='ltr'>cuncta</span> <span class='ocrx_word' id='word_1_503' title='bbox 2154 2568 2410 2624; x_wconf 89' lang='lat' dir='ltr'>salutaria</span> <span class='ocrx_word' id='word_1_504' title='bbox 2460 2566 2670 2623; x_wconf 88' lang='lat' dir='ltr'>confert</span> <span class='ocrx_word' id='word_1_505' title='bbox 2690 2608 2705 2637; x_wconf 92' lang='lat'>,</span> <span class='ocrx_word' id='word_1_506' title='bbox 2741 2575 2935 2623; x_wconf 90' lang='lat' dir='ltr'>cuncta</span> <span class='ocrx_word' id='word_1_507' title='bbox 2964 2568 3122 2623; x_wconf 90' lang='lat' dir='ltr'>noxia</span> <span class='ocrx_word' id='word_1_508' title='bbox 3142 2569 3300 2624; x_wconf 89' lang='lat' dir='ltr'>tollit.</span> <span class='ocrx_word' id='word_1_509' title='bbox 3343 2571 3515 2626; x_wconf 87' lang='lat' dir='ltr'>Fruc-</span> 
     </span>
    </p>
   </div>
   <div class='ocr_carea' id='block_1_67' title="bbox 1925 2656 3531 2734">
    <p class='ocr_par' dir='ltr' id='par_1_67' title="bbox 1925 2656 3531 2734">
     <span class='ocr_line' id='line_1_67' title="bbox 1925 2656 3531 2734; baseline -0.001 -20"><span class='ocrx_word' id='word_1_510' title='bbox 1925 2668 2011 2715; x_wconf 92' lang='lat' dir='ltr'>tus</span> <span class='ocrx_word' id='word_1_511' title='bbox 2031 2658 2170 2713; x_wconf 89' lang='lat' dir='ltr'>mori</span> <span class='ocrx_word' id='word_1_512' title='bbox 2193 2658 2247 2713; x_wconf 89' lang='lat' dir='ltr'>in</span> <span class='ocrx_word' id='word_1_513' title='bbox 2273 2656 2411 2734; x_wconf 75' lang='lat' dir='ltr'>ﬂore</span> <span class='ocrx_word' id='word_1_514' title='bbox 2448 2657 2614 2721; x_wconf 87' lang='lat' dir='ltr'>albet,</span> <span class='ocrx_word' id='word_1_515' title='bbox 2648 2656 2915 2712; x_wconf 84' lang='lat' dir='ltr'>formatus</span> <span class='ocrx_word' id='word_1_516' title='bbox 2943 2657 3199 2724; x_wconf 90' lang='lat' dir='ltr'>irrutilat,</span> <span class='ocrx_word' id='word_1_517' title='bbox 3221 2658 3531 2714; x_wconf 87' lang='lat' dir='ltr'>maturitate</span> 
     </span>
    </p>
   </div>
   <div class='ocr_carea' id='block_1_68' title="bbox 1926 2744 3523 2822">
    <p class='ocr_par' dir='ltr' id='par_1_68' title="bbox 1926 2744 3523 2822">
     <span class='ocr_line' id='line_1_68' title="bbox 1926 2744 3523 2822; baseline 0.001 -20"><span class='ocrx_word' id='word_1_518' title='bbox 1926 2747 2185 2822; x_wconf 86' lang='lat' dir='ltr'>nigrescit</span> <span class='ocrx_word' id='word_1_519' title='bbox 2217 2765 2231 2801; x_wconf 88' lang='lat'><strong>:</strong></span> <span class='ocrx_word' id='word_1_520' title='bbox 2264 2746 2343 2801; x_wconf 91' lang='lat' dir='ltr'>sic</span> <span class='ocrx_word' id='word_1_521' title='bbox 2392 2744 2644 2800; x_wconf 89' lang='lat' dir='ltr'>diabolus</span> <span class='ocrx_word' id='word_1_522' title='bbox 2674 2788 2687 2811; x_wconf 94' lang='lat'>,</span> <span class='ocrx_word' id='word_1_523' title='bbox 2720 2745 2855 2800; x_wconf 81' lang='lat' dir='ltr'>flore</span> <span class='ocrx_word' id='word_1_524' title='bbox 2904 2747 3170 2818; x_wconf 63' lang='lat' dir='ltr'>angelicae</span> <span class='ocrx_word' id='word_1_525' title='bbox 3215 2755 3424 2803; x_wconf 75' lang='lat' dir='ltr'>naturas</span> <span class='ocrx_word' id='word_1_526' title='bbox 3467 2756 3523 2803; x_wconf 89' lang='lat' dir='ltr'>et</span> 
     </span>
    </p>
   </div>
   <div class='ocr_carea' id='block_1_69' title="bbox 1919 2833 3520 2907">
    <p class='ocr_par' dir='ltr' id='par_1_69' title="bbox 1919 2833 3520 2907">
     <span class='ocr_line' id='line_1_69' title="bbox 1919 2833 3520 2907; baseline -0.002 -15"><span class='ocrx_word' id='word_1_527' title='bbox 1919 2843 2187 2907; x_wconf 86' lang='lat' dir='ltr'>potestate</span> <span class='ocrx_word' id='word_1_528' title='bbox 2234 2833 2500 2888; x_wconf 89' lang='lat' dir='ltr'>rutilantis</span> <span class='ocrx_word' id='word_1_529' title='bbox 2546 2834 2961 2904; x_wconf 79' lang='lat' dir='ltr'>praevaricando</span> <span class='ocrx_word' id='word_1_530' title='bbox 3008 2842 3191 2890; x_wconf 90' lang='lat' dir='ltr'>terror</span> <span class='ocrx_word' id='word_1_531' title='bbox 3245 2835 3520 2891; x_wconf 87' lang='lat' dir='ltr'>inhorruit</span> 
     </span>
    </p>
   </div>
   <div class='ocr_carea' id='block_1_70' title="bbox 1923 2921 2913 2995">
    <p class='ocr_par' dir='ltr' id='par_1_70' title="bbox 1923 2921 2913 2995">
     <span class='ocr_line' id='line_1_70' title="bbox 1923 2921 2913 2995; baseline -0.001 -15"><span class='ocrx_word' id='word_1_532' title='bbox 1923 2924 2112 2989; x_wconf 87' lang='lat' dir='ltr'>odore,</span> <span class='ocrx_word' id='word_1_533' title='bbox 2147 2922 2239 2995; x_wconf 89' lang='lat' dir='ltr'>qui</span> <span class='ocrx_word' id='word_1_534' title='bbox 2266 2939 2368 2994; x_wconf 91' lang='lat' dir='ltr'>per</span> <span class='ocrx_word' id='word_1_535' title='bbox 2396 2921 2561 2977; x_wconf 89' lang='lat' dir='ltr'>ﬁdem</span> <span class='ocrx_word' id='word_1_536' title='bbox 2593 2921 2913 2979; x_wconf 88' lang='lat' dir='ltr'>excluditur.</span> 
     </span>
    </p>
   </div>
   <div class='ocr_carea' id='block_1_71' title="bbox 1994 3038 3532 3107">
    <p class='ocr_par' dir='ltr' id='par_1_71' title="bbox 1994 3038 3532 3107">
     <span class='ocr_line' id='line_1_71' title="bbox 1994 3038 3532 3107; baseline 0 -12"><span class='ocrx_word' id='word_1_537' title='bbox 1994 3040 2164 3095; x_wconf 72' lang='lat' dir='ltr'>Vens.</span> <span class='ocrx_word' id='word_1_538' title='bbox 2196 3040 2251 3093; x_wconf 85' lang='lat'>&#39;7.</span> <span class='ocrx_word' id='word_1_539' title='bbox 2284 3068 2354 3078; x_wconf 93' lang='lat'>—</span> <span class='ocrx_word' id='word_1_540' title='bbox 2409 3038 2542 3106; x_wconf 83' lang='lat' dir='ltr'>Quis</span> <span class='ocrx_word' id='word_1_541' title='bbox 2592 3042 2806 3107; x_wconf 83' lang='lat' dir='ltr'>autem,</span> <span class='ocrx_word' id='word_1_542' title='bbox 2840 3045 2944 3094; x_wconf 88' lang='lat' dir='ltr'>etc.</span> <span class='ocrx_word' id='word_1_543' title='bbox 2998 3039 3203 3096; x_wconf 89' lang='lat' dir='ltr'>Servus</span> <span class='ocrx_word' id='word_1_544' title='bbox 3242 3054 3409 3095; x_wconf 86' lang='lat' dir='ltr'>arans</span> <span class='ocrx_word' id='word_1_545' title='bbox 3436 3049 3532 3095; x_wconf 89' lang='lat' dir='ltr'>aut</span> 
     </span>
    </p>
   </div>
   <div class='ocr_carea' id='block_1_72' title="bbox 1946 3126 3533 3200">
    <p class='ocr_par' dir='ltr' id='par_1_72' title="bbox 1946 3126 3533 3200">
     <span class='ocr_line' id='line_1_72' title="bbox 1946 3126 3533 3200; baseline 0.004 -18"><span class='ocrx_word' id='word_1_546' title='bbox 1946 3141 2182 3199; x_wconf 89' lang='lat' dir='ltr'>pascens</span> <span class='ocrx_word' id='word_1_547' title='bbox 2211 3128 2404 3183; x_wconf 93' lang='lat' dir='ltr'>doctor</span> <span class='ocrx_word' id='word_1_548' title='bbox 2432 3134 2516 3182; x_wconf 89' lang='lat' dir='ltr'>est</span> <span class='ocrx_word' id='word_1_549' title='bbox 2542 3126 2827 3194; x_wconf 83' lang='lat' dir='ltr'>Ecclesiae,</span> <span class='ocrx_word' id='word_1_550' title='bbox 2859 3127 2929 3182; x_wconf 89' lang='lat' dir='ltr'>de</span> <span class='ocrx_word' id='word_1_551' title='bbox 2968 3143 3077 3200; x_wconf 91' lang='lat' dir='ltr'>quo</span> <span class='ocrx_word' id='word_1_552' title='bbox 3105 3128 3304 3185; x_wconf 90' lang='lat' dir='ltr'>dicitur</span> <span class='ocrx_word' id='word_1_553' title='bbox 3325 3146 3339 3183; x_wconf 89' lang='lat'>:</span> <span class='ocrx_word' id='word_1_554' title='bbox 3363 3130 3533 3189; x_wconf 88' lang='lat' dir='ltr'>Nemo</span> 
     </span>
    </p>
   </div>
   <div class='ocr_carea' id='block_1_73' title="bbox 1838 3212 3533 3295">
    <p class='ocr_par' dir='ltr' id='par_1_73' title="bbox 1838 3212 3533 3295">
     <span class='ocr_line' id='line_1_73' title="bbox 1838 3212 3533 3295; baseline 0.002 -22"><span class='ocrx_word' id='word_1_555' title='bbox 1838 3212 1888 3274; x_wconf 87' lang='lat' dir='ltr'>C</span> <span class='ocrx_word' id='word_1_556' title='bbox 1910 3219 2156 3272; x_wconf 80' lang='lat' dir='ltr'>mittens</span> <span class='ocrx_word' id='word_1_557' title='bbox 2196 3233 2435 3272; x_wconf 81' lang='lat' dir='ltr'>manum</span> <span class='ocrx_word' id='word_1_558' title='bbox 2464 3216 2536 3271; x_wconf 88' lang='lat' dir='ltr'>ad</span> <span class='ocrx_word' id='word_1_559' title='bbox 2566 3219 2831 3272; x_wconf 83' lang='lat' dir='ltr'>aratrum</span> <span class='ocrx_word' id='word_1_560' title='bbox 2849 3220 2907 3272; x_wconf 88' lang='lat' dir='ltr'>et</span> <span class='ocrx_word' id='word_1_561' title='bbox 2932 3218 3217 3290; x_wconf 81' lang='lat' dir='ltr'>ascipiens</span> <span class='ocrx_word' id='word_1_562' title='bbox 3232 3223 3402 3295; x_wconf 62' lang='lat' dir='ltr'>retro,</span> <span class='ocrx_word' id='word_1_563' title='bbox 3437 3236 3533 3292; x_wconf 81' lang='lat' dir='ltr'>ap-</span> 
     </span>
    </p>
   </div>
   <div class='ocr_carea' id='block_1_74' title="bbox 1936 3304 3529 3378">
    <p class='ocr_par' dir='ltr' id='par_1_74' title="bbox 1936 3304 3529 3378">
     <span class='ocr_line' id='line_1_74' title="bbox 1936 3304 3529 3378; baseline 0.001 -18"><span class='ocrx_word' id='word_1_564' title='bbox 1936 3314 2026 3361; x_wconf 84' lang='lat' dir='ltr'>tus</span> <span class='ocrx_word' id='word_1_565' title='bbox 2057 3310 2148 3361; x_wconf 86' lang='lat' dir='ltr'>est</span> <span class='ocrx_word' id='word_1_566' title='bbox 2180 3321 2359 3378; x_wconf 82' lang='lat' dir='ltr'>regno</span> <span class='ocrx_word' id='word_1_567' title='bbox 2389 3306 2547 3376; x_wconf 85' lang='lat' dir='ltr'>(Luc.</span> <span class='ocrx_word' id='word_1_568' title='bbox 2579 3305 2665 3375; x_wconf 81' lang='lat' dir='ltr'>ix)</span> <span class='ocrx_word' id='word_1_569' title='bbox 2704 3304 2822 3360; x_wconf 92' lang='lat' dir='ltr'>Dei.</span> <span class='ocrx_word' id='word_1_570' title='bbox 2855 3305 2926 3359; x_wconf 92' lang='lat' dir='ltr'>Et</span> <span class='ocrx_word' id='word_1_571' title='bbox 2953 3305 3221 3361; x_wconf 90' lang='lat' dir='ltr'>Dominus</span> <span class='ocrx_word' id='word_1_572' title='bbox 3250 3308 3412 3363; x_wconf 89' lang='lat' dir='ltr'>Petro</span> <span class='ocrx_word' id='word_1_573' title='bbox 3440 3308 3529 3362; x_wconf 91' lang='lat' dir='ltr'>di-</span> 
     </span>
    </p>
   </div>
   <div class='ocr_carea' id='block_1_75' title="bbox 1936 3392 3532 3465">
    <p class='ocr_par' dir='ltr' id='par_1_75' title="bbox 1936 3392 3532 3465">
     <span class='ocr_line' id='line_1_75' title="bbox 1936 3392 3532 3465; baseline 0.001 -15"><span class='ocrx_word' id='word_1_574' title='bbox 1936 3394 2009 3450; x_wconf 89' lang='lat' dir='ltr'>cit</span> <span class='ocrx_word' id='word_1_575' title='bbox 2041 3411 2055 3449; x_wconf 90' lang='lat'><strong>:</strong></span> <span class='ocrx_word' id='word_1_576' title='bbox 2088 3397 2262 3451; x_wconf 88' lang='lat' dir='ltr'>Pasce</span> <span class='ocrx_word' id='word_1_577' title='bbox 2291 3410 2414 3452; x_wconf 86' lang='lat' dir='ltr'>oves</span> <span class='ocrx_word' id='word_1_578' title='bbox 2460 3410 2617 3449; x_wconf 84' lang='lat' dir='ltr'>meas</span> <span class='ocrx_word' id='word_1_579' title='bbox 2656 3392 2839 3465; x_wconf 83' lang='lat' dir='ltr'>(Joan.</span> <span class='ocrx_word' id='word_1_580' title='bbox 2864 3395 3011 3465; x_wconf 77' lang='lat' dir='ltr'>xxx).</span> <span class='ocrx_word' id='word_1_581' title='bbox 3063 3393 3168 3464; x_wconf 89' lang='lat' dir='ltr'>Qui</span> <span class='ocrx_word' id='word_1_582' title='bbox 3216 3410 3411 3450; x_wconf 89' lang='lat' dir='ltr'>servus</span> <span class='ocrx_word' id='word_1_583' title='bbox 3461 3396 3532 3451; x_wconf 87' lang='lat' dir='ltr'>de</span> 
     </span>
    </p>
   </div>
   <div class='ocr_carea' id='block_1_76' title="bbox 1934 3481 3531 3556">
    <p class='ocr_par' dir='ltr' id='par_1_76' title="bbox 1934 3481 3531 3556">
     <span class='ocr_line' id='line_1_76' title="bbox 1934 3481 3531 3556; baseline 0.001 -19"><span class='ocrx_word' id='word_1_584' title='bbox 1934 3499 2071 3556; x_wconf 89' lang='lat' dir='ltr'>agro</span> <span class='ocrx_word' id='word_1_585' title='bbox 2100 3483 2429 3555; x_wconf 86' lang='lat' dir='ltr'>regreditur,</span> <span class='ocrx_word' id='word_1_586' title='bbox 2463 3497 2589 3539; x_wconf 91' lang='lat' dir='ltr'>cum</span> <span class='ocrx_word' id='word_1_587' title='bbox 2625 3481 2939 3539; x_wconf 90' lang='lat' dir='ltr'>intermisso</span> <span class='ocrx_word' id='word_1_588' title='bbox 2967 3499 3136 3555; x_wconf 89' lang='lat' dir='ltr'>opere</span> <span class='ocrx_word' id='word_1_589' title='bbox 3182 3484 3531 3556; x_wconf 69' lang='lat' dir='ltr'>praedicandi,</span> 
     </span>
    </p>
   </div>
   <div class='ocr_carea' id='block_1_77' title="bbox 1935 3570 3531 3644">
    <p class='ocr_par' dir='ltr' id='par_1_77' title="bbox 1935 3570 3531 3644">
     <span class='ocr_line' id='line_1_77' title="bbox 1935 3570 3531 3644; baseline 0.003 -18"><span class='ocrx_word' id='word_1_590' title='bbox 1935 3572 2094 3644; x_wconf 90' lang='lat' dir='ltr'>quasi</span> <span class='ocrx_word' id='word_1_591' title='bbox 2120 3572 2190 3627; x_wconf 90' lang='lat' dir='ltr'>ad</span> <span class='ocrx_word' id='word_1_592' title='bbox 2230 3571 2435 3628; x_wconf 89' lang='lat' dir='ltr'>curiam</span> <span class='ocrx_word' id='word_1_593' title='bbox 2475 3570 2827 3628; x_wconf 83' lang='lat' dir='ltr'>conscientiae</span> <span class='ocrx_word' id='word_1_594' title='bbox 2876 3572 3096 3629; x_wconf 88' lang='lat' dir='ltr'>rediens</span> <span class='ocrx_word' id='word_1_595' title='bbox 3143 3588 3241 3629; x_wconf 88' lang='lat' dir='ltr'>sua</span> <span class='ocrx_word' id='word_1_596' title='bbox 3270 3574 3418 3630; x_wconf 89' lang='lat' dir='ltr'>dicta</span> <span class='ocrx_word' id='word_1_597' title='bbox 3443 3574 3531 3630; x_wconf 89' lang='lat' dir='ltr'>vel</span> 
     </span>
    </p>
   </div>
   <div class='ocr_carea' id='block_1_78' title="bbox 1933 3658 3533 3732">
    <p class='ocr_par' dir='ltr' id='par_1_78' title="bbox 1933 3658 3533 3732">
     <span class='ocr_line' id='line_1_78' title="bbox 1933 3658 3533 3732; baseline 0.001 -17"><span class='ocrx_word' id='word_1_598' title='bbox 1933 3660 2073 3717; x_wconf 85' lang='lat' dir='ltr'>facta</span> <span class='ocrx_word' id='word_1_599' title='bbox 2089 3667 2416 3732; x_wconf 88' lang='lat' dir='ltr'>pertractat,</span> <span class='ocrx_word' id='word_1_600' title='bbox 2451 3659 2539 3714; x_wconf 92' lang='lat' dir='ltr'>cui</span> <span class='ocrx_word' id='word_1_601' title='bbox 2558 3658 2823 3714; x_wconf 91' lang='lat' dir='ltr'>Dominus</span> <span class='ocrx_word' id='word_1_602' title='bbox 2850 3676 2960 3715; x_wconf 90' lang='lat' dir='ltr'>non</span> <span class='ocrx_word' id='word_1_603' title='bbox 2979 3661 3158 3716; x_wconf 87' lang='lat' dir='ltr'>statim</span> <span class='ocrx_word' id='word_1_604' title='bbox 3171 3662 3325 3731; x_wconf 92' lang='lat' dir='ltr'>jubet</span> <span class='ocrx_word' id='word_1_605' title='bbox 3343 3661 3411 3716; x_wconf 90' lang='lat' dir='ltr'>ab</span> <span class='ocrx_word' id='word_1_606' title='bbox 3430 3663 3533 3719; x_wconf 88' lang='lat' dir='ltr'>hac</span> 
     </span>
    </p>
   </div>
   <div class='ocr_carea' id='block_1_79' title="bbox 1935 3748 3530 3819">
    <p class='ocr_par' dir='ltr' id='par_1_79' title="bbox 1935 3748 3530 3819">
     <span class='ocr_line' id='line_1_79' title="bbox 1935 3748 3530 3819; baseline 0.003 -16"><span class='ocrx_word' id='word_1_607' title='bbox 1935 3750 2041 3804; x_wconf 90' lang='lat' dir='ltr'>vita</span> <span class='ocrx_word' id='word_1_608' title='bbox 2091 3750 2325 3804; x_wconf 87' lang='lat' dir='ltr'>transire</span> <span class='ocrx_word' id='word_1_609' title='bbox 2348 3789 2362 3817; x_wconf 93' lang='lat'>,</span> <span class='ocrx_word' id='word_1_610' title='bbox 2398 3755 2452 3803; x_wconf 71' lang='lat' dir='ltr'>et</span> <span class='ocrx_word' id='word_1_611' title='bbox 2479 3756 2686 3803; x_wconf 63' lang='lat' dir='ltr'>aeterna</span> <span class='ocrx_word' id='word_1_612' title='bbox 2732 3748 2913 3819; x_wconf 90' lang='lat' dir='ltr'>quiete</span> <span class='ocrx_word' id='word_1_613' title='bbox 2962 3748 3216 3819; x_wconf 84' lang='lat' dir='ltr'>refoveri,</span> <span class='ocrx_word' id='word_1_614' title='bbox 3250 3751 3350 3807; x_wconf 88' lang='lat' dir='ltr'>sed</span> <span class='ocrx_word' id='word_1_615' title='bbox 3380 3751 3530 3808; x_wconf 87' lang='lat' dir='ltr'>domi</span> 
     </span>
    </p>
   </div>
   <div class='ocr_carea' id='block_1_80' title="bbox 1933 3836 3525 3909">
    <p class='ocr_par' dir='ltr' id='par_1_80' title="bbox 1933 3836 3525 3909">
     <span class='ocr_line' id='line_1_80' title="bbox 1933 3836 3525 3909; baseline 0.001 -16"><span class='ocrx_word' id='word_1_616' title='bbox 1933 3852 2130 3909; x_wconf 89' lang='lat' dir='ltr'>parare</span> <span class='ocrx_word' id='word_1_617' title='bbox 2162 3837 2308 3909; x_wconf 90' lang='lat' dir='ltr'>quod</span> <span class='ocrx_word' id='word_1_618' title='bbox 2337 3843 2535 3904; x_wconf 72' lang='lat' dir='ltr'>ctenet,</span> <span class='ocrx_word' id='word_1_619' title='bbox 2567 3836 2621 3889; x_wconf 93' lang='lat' dir='ltr'>id</span> <span class='ocrx_word' id='word_1_620' title='bbox 2651 3844 2735 3890; x_wconf 90' lang='lat' dir='ltr'>est</span> <span class='ocrx_word' id='word_1_621' title='bbox 2765 3844 2889 3906; x_wconf 92' lang='lat' dir='ltr'>post</span> <span class='ocrx_word' id='word_1_622' title='bbox 2917 3836 3162 3892; x_wconf 90' lang='lat' dir='ltr'>laborem</span> <span class='ocrx_word' id='word_1_623' title='bbox 3206 3846 3410 3909; x_wconf 73' lang='lat' dir='ltr'>apertae</span> <span class='ocrx_word' id='word_1_624' title='bbox 3438 3840 3525 3896; x_wconf 90' lang='lat' dir='ltr'>lo-</span> 
     </span>
    </p>
   </div>
   <div class='ocr_carea' id='block_1_81' title="bbox 1935 3925 3516 3995">
    <p class='ocr_par' dir='ltr' id='par_1_81' title="bbox 1935 3925 3516 3995">
     <span class='ocr_line' id='line_1_81' title="bbox 1935 3925 3516 3995; baseline 0.001 -14"><span class='ocrx_word' id='word_1_625' title='bbox 1935 3926 2187 3995; x_wconf 89' lang='lat' dir='ltr'>cutionis,</span> <span class='ocrx_word' id='word_1_626' title='bbox 2210 3925 2587 3992; x_wconf 88' lang='lat' dir='ltr'>humilitatem,</span> <span class='ocrx_word' id='word_1_627' title='bbox 2620 3925 2859 3995; x_wconf 77' lang='lat' dir='ltr'>propriae</span> <span class='ocrx_word' id='word_1_628' title='bbox 2904 3926 3338 3982; x_wconf 89' lang='lat' dir='ltr'>conversationis</span> <span class='ocrx_word' id='word_1_629' title='bbox 3367 3928 3516 3983; x_wconf 83' lang='lat' dir='ltr'>exhi-</span> 
     </span>
    </p>
   </div>
   <div class='ocr_carea' id='block_1_82' title="bbox 1938 4013 3243 4084">
    <p class='ocr_par' dir='ltr' id='par_1_82' title="bbox 1938 4013 3243 4084">
     <span class='ocr_line' id='line_1_82' title="bbox 1938 4013 3243 4084; baseline 0.002 -17"><span class='ocrx_word' id='word_1_630' title='bbox 1938 4014 2084 4084; x_wconf 90' lang='lat' dir='ltr'>bere,</span> <span class='ocrx_word' id='word_1_631' title='bbox 2116 4015 2171 4068; x_wconf 92' lang='lat' dir='ltr'>in</span> <span class='ocrx_word' id='word_1_632' title='bbox 2200 4014 2291 4068; x_wconf 88' lang='lat' dir='ltr'>tali</span> <span class='ocrx_word' id='word_1_633' title='bbox 2323 4013 2468 4068; x_wconf 90' lang='lat' dir='ltr'>enim</span> <span class='ocrx_word' id='word_1_634' title='bbox 2495 4013 2833 4069; x_wconf 89' lang='lat' dir='ltr'>conscientia</span> <span class='ocrx_word' id='word_1_635' title='bbox 2863 4014 3012 4068; x_wconf 87' lang='lat' dir='ltr'>Deus</span> <span class='ocrx_word' id='word_1_636' title='bbox 3040 4022 3243 4069; x_wconf 87' lang='lat' dir='ltr'>coenat.</span> 
     </span>
    </p>
   </div>
   <div class='ocr_carea' id='block_1_83' title="bbox 2007 4125 3530 4183">
    <p class='ocr_par' dir='ltr' id='par_1_83' title="bbox 2007 4125 3530 4183">
     <span class='ocr_line' id='line_1_83' title="bbox 2007 4125 3530 4183; baseline 0.001 -1"><span class='ocrx_word' id='word_1_637' title='bbox 2007 4128 2176 4182; x_wconf 69' lang='lat' dir='ltr'>Vens.</span> <span class='ocrx_word' id='word_1_638' title='bbox 2212 4130 2263 4181; x_wconf 91' lang='lat'>8.</span> <span class='ocrx_word' id='word_1_639' title='bbox 2296 4156 2365 4166; x_wconf 90' lang='lat'>—-</span> <span class='ocrx_word' id='word_1_640' title='bbox 2394 4128 2465 4181; x_wconf 82' lang='lat' dir='ltr'>Et</span> <span class='ocrx_word' id='word_1_641' title='bbox 2514 4127 2787 4182; x_wconf 85' lang='lat' dir='ltr'>ministra</span> <span class='ocrx_word' id='word_1_642' title='bbox 2832 4126 2995 4181; x_wconf 85' lang='lat' dir='ltr'>mihi.</span> <span class='ocrx_word' id='word_1_643' title='bbox 3044 4125 3313 4183; x_wconf 86' lang='lat' dir='ltr'>Ministrat</span> <span class='ocrx_word' id='word_1_644' title='bbox 3342 4129 3530 4183; x_wconf 85' lang='lat' dir='ltr'>condi-</span> 
     </span>
    </p>
   </div>
   <div class='ocr_carea' id='block_1_84' title="bbox 1936 4214 3533 4286">
    <p class='ocr_par' dir='ltr' id='par_1_84' title="bbox 1936 4214 3533 4286">
     <span class='ocr_line' id='line_1_84' title="bbox 1936 4214 3533 4286; baseline 0.002 -18"><span class='ocrx_word' id='word_1_645' title='bbox 1936 4214 2041 4268; x_wconf 91' lang='lat' dir='ltr'>tori</span> <span class='ocrx_word' id='word_1_646' title='bbox 2074 4214 2167 4284; x_wconf 89' lang='lat' dir='ltr'>qui</span> <span class='ocrx_word' id='word_1_647' title='bbox 2198 4215 2315 4283; x_wconf 90' lang='lat' dir='ltr'>ejus</span> <span class='ocrx_word' id='word_1_648' title='bbox 2363 4221 2610 4269; x_wconf 89' lang='lat' dir='ltr'>naturam</span> <span class='ocrx_word' id='word_1_649' title='bbox 2660 4214 3020 4270; x_wconf 89' lang='lat' dir='ltr'>considerans</span> <span class='ocrx_word' id='word_1_650' title='bbox 3044 4256 3058 4285; x_wconf 92' lang='lat'>,</span> <span class='ocrx_word' id='word_1_651' title='bbox 3091 4222 3147 4271; x_wconf 90' lang='lat' dir='ltr'>et</span> <span class='ocrx_word' id='word_1_652' title='bbox 3192 4216 3308 4285; x_wconf 91' lang='lat' dir='ltr'>ejus</span> <span class='ocrx_word' id='word_1_653' title='bbox 3330 4217 3533 4286; x_wconf 86' lang='lat' dir='ltr'>judicia</span> 
     </span>
    </p>
   </div>
   <div class='ocr_carea' id='block_1_85' title="bbox 1934 4301 3529 4373">
    <p class='ocr_par' dir='ltr' id='par_1_85' title="bbox 1934 4301 3529 4373">
     <span class='ocr_line' id='line_1_85' title="bbox 1934 4301 3529 4373; baseline 0 -15"><span class='ocrx_word' id='word_1_654' title='bbox 1934 4301 2350 4373; x_wconf 88' lang='lat' dir='ltr'>pertimescens,</span> <span class='ocrx_word' id='word_1_655' title='bbox 2383 4303 2453 4358; x_wconf 92' lang='lat' dir='ltr'>de</span> <span class='ocrx_word' id='word_1_656' title='bbox 2484 4303 2599 4357; x_wconf 89' lang='lat' dir='ltr'>suis</span> <span class='ocrx_word' id='word_1_657' title='bbox 2628 4319 2686 4357; x_wconf 91' lang='lat' dir='ltr'>se</span> <span class='ocrx_word' id='word_1_658' title='bbox 2725 4302 3017 4358; x_wconf 88' lang='lat' dir='ltr'>virtutibus</span> <span class='ocrx_word' id='word_1_659' title='bbox 3049 4303 3312 4360; x_wconf 88' lang='lat' dir='ltr'>humiliat.</span> <span class='ocrx_word' id='word_1_660' title='bbox 3344 4304 3529 4360; x_wconf 88' lang='lat' dir='ltr'>Minis-</span> 
     </span>
    </p>
   </div>
   <div class='ocr_carea' id='block_1_86' title="bbox 1935 4390 2926 4447">
    <p class='ocr_par' dir='ltr' id='par_1_86' title="bbox 1935 4390 2926 4447">
     <span class='ocr_line' id='line_1_86' title="bbox 1935 4390 2926 4447; baseline 0.003 -3"><span class='ocrx_word' id='word_1_661' title='bbox 1935 4397 2019 4445; x_wconf 89' lang='lat' dir='ltr'>ter</span> <span class='ocrx_word' id='word_1_662' title='bbox 2047 4391 2192 4445; x_wconf 90' lang='lat' dir='ltr'>enim</span> <span class='ocrx_word' id='word_1_663' title='bbox 2222 4406 2256 4445; x_wconf 90' lang='lat' dir='ltr'>a</span> <span class='ocrx_word' id='word_1_664' title='bbox 2283 4390 2482 4446; x_wconf 91' lang='lat' dir='ltr'>minori</span> <span class='ocrx_word' id='word_1_665' title='bbox 2520 4399 2661 4446; x_wconf 89' lang='lat' dir='ltr'>statu</span> <span class='ocrx_word' id='word_1_666' title='bbox 2708 4390 2926 4447; x_wconf 90' lang='lat' dir='ltr'>dicitur.</span> 
     </span>
    </p>
   </div>
   <div class='ocr_carea' id='block_1_87' title="bbox 2006 4503 3525 4577">
    <p class='ocr_par' dir='ltr' id='par_1_87' title="bbox 2006 4503 3525 4577">
     <span class='ocr_line' id='line_1_87' title="bbox 2006 4503 3525 4577; baseline 0.005 -20"><span class='ocrx_word' id='word_1_667' title='bbox 2006 4503 2175 4559; x_wconf 72' lang='lat' dir='ltr'>Vens.</span> <span class='ocrx_word' id='word_1_668' title='bbox 2212 4508 2298 4559; x_wconf 78' lang='grc'>10.</span> <span class='ocrx_word' id='word_1_669' title='bbox 2331 4535 2399 4544; x_wconf 90' lang='grc'><strong>-</strong></span> <span class='ocrx_word' id='word_1_670' title='bbox 2426 4505 2515 4559; x_wconf 89' lang='lat' dir='ltr'>Sic</span> <span class='ocrx_word' id='word_1_671' title='bbox 2543 4508 2599 4559; x_wconf 83' lang='lat' dir='ltr'>et</span> <span class='ocrx_word' id='word_1_672' title='bbox 2642 4520 2755 4561; x_wconf 84' lang='lat' dir='ltr'>vos.</span> <span class='ocrx_word' id='word_1_673' title='bbox 2788 4503 3081 4575; x_wconf 92' lang='lat' dir='ltr'>Postquam</span> <span class='ocrx_word' id='word_1_674' title='bbox 3128 4506 3197 4561; x_wconf 89' lang='lat' dir='ltr'>ad</span> <span class='ocrx_word' id='word_1_675' title='bbox 3226 4506 3525 4577; x_wconf 85' lang='lat' dir='ltr'>perfectio-</span> 
     </span>
    </p>
   </div>
   <div class='ocr_carea' id='block_1_88' title="bbox 204 4567 1827 4663">
    <p class='ocr_par' dir='ltr' id='par_1_88' title="bbox 204 4567 1827 4648">
     <span class='ocr_line' id='line_1_88' title="bbox 204 4567 1827 4648; baseline 0.009 -28"><span class='ocrx_word' id='word_1_676' title='bbox 204 4567 397 4622; x_wconf 87' lang='lat' dir='ltr'>utilius</span> <span class='ocrx_word' id='word_1_677' title='bbox 427 4568 720 4623; x_wconf 83' lang='lat' dir='ltr'>innoxium</span> <span class='ocrx_word' id='word_1_678' title='bbox 746 4585 907 4640; x_wconf 62' lang='lat' dir='ltr'>pinna</span> <span class='ocrx_word' id='word_1_679' title='bbox 935 4572 1262 4645; x_wconf 87' lang='lat' dir='ltr'>gravissima</span> <span class='ocrx_word' id='word_1_680' title='bbox 1282 4575 1447 4631; x_wconf 90' lang='lat' dir='ltr'>vitam</span> <span class='ocrx_word' id='word_1_681' title='bbox 1463 4576 1639 4643; x_wconf 90' lang='lat' dir='ltr'>ﬁnire,</span> <span class='ocrx_word' id='word_1_682' title='bbox 1665 4593 1827 4648; x_wconf 89' lang='lat' dir='ltr'>quam</span> 
     </span>
    </p>
   </div>
   <div class='ocr_carea' id='block_1_89' title="bbox 1941 4567 3526 4663">
    <p class='ocr_par' dir='ltr' id='par_1_89' title="bbox 1941 4567 3526 4663">
     <span class='ocr_line' id='line_1_89' title="bbox 1941 4567 3526 4663; baseline 0.003 -15"><span class='ocrx_word' id='word_1_683' title='bbox 1941 4608 2062 4648; x_wconf 89' lang='lat' dir='ltr'>nem</span> <span class='ocrx_word' id='word_1_684' title='bbox 2093 4591 2219 4648; x_wconf 89' lang='lat' dir='ltr'>ﬁdei</span> <span class='ocrx_word' id='word_1_685' title='bbox 2248 4594 2563 4649; x_wconf 84' lang='lat' dir='ltr'>exhortatus</span> <span class='ocrx_word' id='word_1_686' title='bbox 2593 4600 2693 4661; x_wconf 90' lang='lat' dir='ltr'>est,</span> <span class='ocrx_word' id='word_1_687' title='bbox 2727 4608 2826 4662; x_wconf 86' lang='lat' dir='ltr'>per</span> <span class='ocrx_word' id='word_1_688' title='bbox 2874 4567 3035 4663; x_wconf 75' lang='lat' dir='ltr'>quam</span> <span class='ocrx_word' id='word_1_689' title='bbox 3064 4591 3198 4649; x_wconf 88' lang='lat' dir='ltr'>ﬁunt</span> <span class='ocrx_word' id='word_1_690' title='bbox 3226 4567 3526 4653; x_wconf 47' lang='lat' dir='ltr'>.mirabilia</span> 
     </span>
    </p>
   </div>
   <div class='ocr_carea' id='block_1_90' title="bbox 200 4653 1834 4735">
    <p class='ocr_par' dir='ltr' id='par_1_90' title="bbox 200 4653 1834 4735">
     <span class='ocr_line' id='line_1_90' title="bbox 200 4653 1834 4735; baseline 0.009 -28"><span class='ocrx_word' id='word_1_691' title='bbox 200 4653 474 4712; x_wconf 69' lang='lat' dir='ltr'>laedendo</span> <span class='ocrx_word' id='word_1_692' title='bbox 526 4655 756 4712; x_wconf 88' lang='lat' dir='ltr'>fratrem</span> <span class='ocrx_word' id='word_1_693' title='bbox 803 4667 1037 4715; x_wconf 90' lang='lat' dir='ltr'>mortem</span> <span class='ocrx_word' id='word_1_694' title='bbox 1086 4664 1306 4718; x_wconf 79' lang='lat' dir='ltr'>mcereri</span> <span class='ocrx_word' id='word_1_695' title='bbox 1367 4673 1704 4735; x_wconf 87' lang='lat' dir='ltr'>perpetuam.</span> <span class='ocrx_word' id='word_1_696' title='bbox 1756 4669 1834 4722; x_wconf 87' lang='lat' dir='ltr'>De</span> 
     </span>
    </p>
   </div>
   <div class='ocr_carea' id='block_1_91' title="bbox 210 4745 1836 4823">
    <p class='ocr_par' dir='ltr' id='par_1_91' title="bbox 210 4745 1836 4823">
     <span class='ocr_line' id='line_1_91' title="bbox 210 4745 1836 4823; baseline 0.007 -25"><span class='ocrx_word' id='word_1_697' title='bbox 210 4746 477 4815; x_wconf 77' lang='lat' dir='ltr'>pusillis.</span> <span class='ocrx_word' id='word_1_698' title='bbox 512 4745 636 4800; x_wconf 88' lang='lat' dir='ltr'>Non</span> <span class='ocrx_word' id='word_1_699' title='bbox 664 4753 843 4815; x_wconf 75' lang='lat' dir='ltr'>aetate,</span> <span class='ocrx_word' id='word_1_700' title='bbox 876 4748 974 4803; x_wconf 91' lang='lat' dir='ltr'>sed</span> <span class='ocrx_word' id='word_1_701' title='bbox 1004 4746 1112 4804; x_wconf 90' lang='lat' dir='ltr'>ﬁde</span> <span class='ocrx_word' id='word_1_702' title='bbox 1150 4758 1204 4805; x_wconf 90' lang='lat' dir='ltr'>et</span> <span class='ocrx_word' id='word_1_703' title='bbox 1231 4751 1431 4820; x_wconf 90' lang='lat' dir='ltr'>animo,</span> <span class='ocrx_word' id='word_1_704' title='bbox 1467 4752 1559 4823; x_wconf 90' lang='lat' dir='ltr'>qui</span> <span class='ocrx_word' id='word_1_705' title='bbox 1588 4754 1836 4810; x_wconf 91' lang='lat' dir='ltr'>occasio-</span> 
     </span>
    </p>
   </div>
   <div class='ocr_carea' id='block_1_92' title="bbox 211 4836 1834 4909">
    <p class='ocr_par' dir='ltr' id='par_1_92' title="bbox 211 4836 1834 4909">
     <span class='ocr_line' id='line_1_92' title="bbox 211 4836 1834 4909; baseline 0.008 -24"><span class='ocrx_word' id='word_1_706' title='bbox 211 4848 313 4888; x_wconf 87' lang='lat' dir='ltr'>nes</span> <span class='ocrx_word' id='word_1_707' title='bbox 365 4841 631 4904; x_wconf 71' lang='lat' dir='ltr'>quaerunt</span> <span class='ocrx_word' id='word_1_708' title='bbox 681 4836 955 4904; x_wconf 91' lang='lat' dir='ltr'>quomodo</span> <span class='ocrx_word' id='word_1_709' title='bbox 985 4838 1440 4909; x_wconf 89' lang='lat' dir='ltr'>scandalizentur,</span> <span class='ocrx_word' id='word_1_710' title='bbox 1472 4839 1596 4896; x_wconf 92' lang='lat' dir='ltr'>ideo</span> <span class='ocrx_word' id='word_1_711' title='bbox 1628 4856 1834 4898; x_wconf 90' lang='lat' dir='ltr'>consu-</span> 
     </span>
    </p>
   </div>
   <div class='ocr_carea' id='block_1_93' title="bbox 197 4918 1834 4992">
    <p class='ocr_par' dir='ltr' id='par_1_93' title="bbox 197 4918 1834 4992">
     <span class='ocr_line' id='line_1_93' title="bbox 197 4918 1834 4992; baseline 0.008 -19"><span class='ocrx_word' id='word_1_712' title='bbox 197 4918 314 4976; x_wconf 89' lang='lat' dir='ltr'>lere</span> <span class='ocrx_word' id='word_1_713' title='bbox 345 4928 579 4992; x_wconf 85' lang='lat' dir='ltr'>oportet</span> <span class='ocrx_word' id='word_1_714' title='bbox 618 4936 718 4976; x_wconf 89' lang='lat' dir='ltr'>vos</span> <span class='ocrx_word' id='word_1_715' title='bbox 746 4921 832 4976; x_wconf 90' lang='lat' dir='ltr'>his</span> <span class='ocrx_word' id='word_1_716' title='bbox 864 4939 931 4979; x_wconf 91' lang='lat' dir='ltr'>ne</span> <span class='ocrx_word' id='word_1_717' title='bbox 980 4926 1270 4982; x_wconf 91' lang='lat' dir='ltr'>occasione</span> <span class='ocrx_word' id='word_1_718' title='bbox 1300 4929 1476 4983; x_wconf 86' lang='lat' dir='ltr'>vestri</span> <span class='ocrx_word' id='word_1_719' title='bbox 1509 4930 1772 4986; x_wconf 89' lang='lat' dir='ltr'>recedant</span> <span class='ocrx_word' id='word_1_720' title='bbox 1800 4945 1834 4986; x_wconf 91' lang='lat' dir='ltr'>a</span> 
     </span>
    </p>
   </div>
   <div class='ocr_carea' id='block_1_94' title="bbox 208 5006 704 5064">
    <p class='ocr_par' dir='ltr' id='par_1_94' title="bbox 208 5006 704 5064">
     <span class='ocr_line' id='line_1_94' title="bbox 208 5006 704 5064; baseline 0.006 -3"><span class='ocrx_word' id='word_1_721' title='bbox 208 5006 316 5064; x_wconf 87' lang='lat' dir='ltr'>ﬁde</span> <span class='ocrx_word' id='word_1_722' title='bbox 349 5016 411 5064; x_wconf 86' lang='lat' dir='ltr'>et</span> <span class='ocrx_word' id='word_1_723' title='bbox 442 5024 478 5063; x_wconf 87' lang='lat' dir='ltr'>a</span> <span class='ocrx_word' id='word_1_724' title='bbox 509 5007 704 5064; x_wconf 89' lang='lat' dir='ltr'>salute.</span> 
     </span>
    </p>
   </div>
   <div class='ocr_carea' id='block_1_95' title="bbox 272 5122 1831 5202">
    <p class='ocr_par' dir='ltr' id='par_1_95' title="bbox 272 5122 1831 5202">
     <span class='ocr_line' id='line_1_95' title="bbox 272 5122 1831 5202; baseline 0.008 -26"><span class='ocrx_word' id='word_1_725' title='bbox 272 5122 466 5177; x_wconf 74' lang='lat' dir='ltr'>Vens.</span> <span class='ocrx_word' id='word_1_726' title='bbox 498 5125 550 5175; x_wconf 89' lang='lat'><strong>3.</strong></span> <span class='ocrx_word' id='word_1_727' title='bbox 585 5152 654 5162; x_wconf 93' lang='lat'><strong>—</strong></span> <span class='ocrx_word' id='word_1_728' title='bbox 683 5123 975 5180; x_wconf 77' lang='lat' dir='ltr'>Attendite</span> <span class='ocrx_word' id='word_1_729' title='bbox 1022 5126 1188 5182; x_wconf 85' lang='lat' dir='ltr'>vobis.</span> <span class='ocrx_word' id='word_1_730' title='bbox 1240 5127 1361 5197; x_wconf 88' lang='lat' dir='ltr'>Quo</span> <span class='ocrx_word' id='word_1_731' title='bbox 1410 5130 1602 5185; x_wconf 89' lang='lat' dir='ltr'>ordine</span> <span class='ocrx_word' id='word_1_732' title='bbox 1623 5171 1641 5202; x_wconf 94' lang='lat'>,</span> <span class='ocrx_word' id='word_1_733' title='bbox 1674 5146 1831 5188; x_wconf 87' lang='lat' dir='ltr'>scan-</span> 
     </span>
    </p>
   </div>
   <div class='ocr_carea' id='block_1_96' title="bbox 197 5209 1826 5289">
    <p class='ocr_par' dir='ltr' id='par_1_96' title="bbox 197 5209 1826 5289">
     <span class='ocr_line' id='line_1_96' title="bbox 197 5209 1826 5289; baseline 0.007 -25"><span class='ocrx_word' id='word_1_734' title='bbox 197 5209 329 5265; x_wconf 83' lang='lat' dir='ltr'>dala</span> <span class='ocrx_word' id='word_1_735' title='bbox 380 5209 673 5266; x_wconf 89' lang='lat' dir='ltr'>declinare</span> <span class='ocrx_word' id='word_1_736' title='bbox 705 5220 760 5267; x_wconf 90' lang='lat' dir='ltr'>et</span> <span class='ocrx_word' id='word_1_737' title='bbox 806 5230 889 5268; x_wconf 79' lang='lat' dir='ltr'>vae</span> <span class='ocrx_word' id='word_1_738' title='bbox 933 5222 1257 5287; x_wconf 90' lang='lat' dir='ltr'>perpetuum</span> <span class='ocrx_word' id='word_1_739' title='bbox 1296 5214 1503 5273; x_wconf 87' lang='lat' dir='ltr'>evitare</span> <span class='ocrx_word' id='word_1_740' title='bbox 1532 5220 1826 5289; x_wconf 89' lang='lat' dir='ltr'>possimus,</span> 
     </span>
    </p>
   </div>
   <div class='ocr_carea' id='block_1_97' title="bbox 201 5297 1825 5379">
    <p class='ocr_par' dir='ltr' id='par_1_97' title="bbox 201 5297 1825 5379">
     <span class='ocr_line' id='line_1_97' title="bbox 201 5297 1825 5379; baseline 0.007 -28"><span class='ocrx_word' id='word_1_741' title='bbox 201 5297 478 5353; x_wconf 84' lang='lat' dir='ltr'>insinuat.</span> <span class='ocrx_word' id='word_1_742' title='bbox 512 5299 623 5355; x_wconf 91' lang='lat' dir='ltr'>Sed</span> <span class='ocrx_word' id='word_1_743' title='bbox 654 5299 702 5354; x_wconf 88' lang='lat' dir='ltr'>si</span> <span class='ocrx_word' id='word_1_744' title='bbox 752 5316 851 5355; x_wconf 88' lang='lat' dir='ltr'>nos</span> <span class='ocrx_word' id='word_1_745' title='bbox 895 5304 1223 5358; x_wconf 88' lang='lat' dir='ltr'>attendimus</span> <span class='ocrx_word' id='word_1_746' title='bbox 1253 5322 1320 5360; x_wconf 89' lang='lat' dir='ltr'>ne</span> <span class='ocrx_word' id='word_1_747' title='bbox 1352 5324 1513 5377; x_wconf 90' lang='lat' dir='ltr'>quem</span> <span class='ocrx_word' id='word_1_748' title='bbox 1545 5307 1825 5379; x_wconf 74' lang='lat' dir='ltr'>laedamus,</span> 
     </span>
    </p>
   </div>
   <div class='ocr_carea' id='block_1_98' title="bbox 201 5387 1827 5464">
    <p class='ocr_par' dir='ltr' id='par_1_98' title="bbox 201 5387 1827 5464">
     <span class='ocr_line' id='line_1_98' title="bbox 201 5387 1827 5464; baseline 0.008 -24"><span class='ocrx_word' id='word_1_749' title='bbox 201 5387 247 5440; x_wconf 89' lang='lat' dir='ltr'>si</span> <span class='ocrx_word' id='word_1_750' title='bbox 277 5387 657 5458; x_wconf 72' lang='lat' dir='ltr'>pmnitentem</span> <span class='ocrx_word' id='word_1_751' title='bbox 689 5388 806 5442; x_wconf 87' lang='lat' dir='ltr'>zelo</span> <span class='ocrx_word' id='word_1_752' title='bbox 840 5389 1064 5457; x_wconf 75' lang='lat' dir='ltr'>justitiae</span> <span class='ocrx_word' id='word_1_753' title='bbox 1107 5393 1453 5464; x_wconf 89' lang='lat' dir='ltr'>corripimus,</span> <span class='ocrx_word' id='word_1_754' title='bbox 1488 5395 1534 5449; x_wconf 89' lang='lat' dir='ltr'>si</span> <span class='ocrx_word' id='word_1_755' title='bbox 1564 5412 1631 5451; x_wconf 88' lang='lat' dir='ltr'>ex</span> <span class='ocrx_word' id='word_1_756' title='bbox 1661 5398 1827 5453; x_wconf 91' lang='lat' dir='ltr'>corde</span> 
     </span>
    </p>
   </div>
   <div class='ocr_carea' id='block_1_99' title="bbox 206 5475 1823 5554">
    <p class='ocr_par' dir='ltr' id='par_1_99' title="bbox 206 5475 1823 5554">
     <span class='ocr_line' id='line_1_99' title="bbox 206 5475 1823 5554; baseline 0.008 -28"><span class='ocrx_word' id='word_1_757' title='bbox 206 5476 510 5543; x_wconf 69' lang='lat' dir='ltr'>paenitenti</span> <span class='ocrx_word' id='word_1_758' title='bbox 538 5475 883 5545; x_wconf 89' lang='lat' dir='ltr'>dimittimus,</span> <span class='ocrx_word' id='word_1_759' title='bbox 918 5494 1020 5534; x_wconf 91' lang='lat' dir='ltr'>nec</span> <span class='ocrx_word' id='word_1_760' title='bbox 1041 5480 1299 5548; x_wconf 88' lang='lat' dir='ltr'>jubemur</span> <span class='ocrx_word' id='word_1_761' title='bbox 1326 5483 1531 5552; x_wconf 91' lang='lat' dir='ltr'>passim</span> <span class='ocrx_word' id='word_1_762' title='bbox 1554 5486 1823 5554; x_wconf 90' lang='lat' dir='ltr'>peccanti,</span> 
     </span>
    </p>
   </div>
   <div class='ocr_carea' id='block_1_100' title="bbox 203 5564 1826 5645">
    <p class='ocr_par' dir='ltr' id='par_1_100' title="bbox 203 5564 1826 5645">
     <span class='ocr_line' id='line_1_100' title="bbox 203 5564 1826 5645; baseline 0.006 -27"><span class='ocrx_word' id='word_1_763' title='bbox 203 5564 300 5618; x_wconf 88' lang='lat' dir='ltr'>sed</span> <span class='ocrx_word' id='word_1_764' title='bbox 333 5564 733 5635; x_wconf 78' lang='lat' dir='ltr'>pcenitentiam</span> <span class='ocrx_word' id='word_1_765' title='bbox 762 5567 948 5638; x_wconf 88' lang='lat' dir='ltr'>agenti</span> <span class='ocrx_word' id='word_1_766' title='bbox 977 5567 1265 5624; x_wconf 88' lang='lat' dir='ltr'>dimittere.</span> <span class='ocrx_word' id='word_1_767' title='bbox 1307 5571 1550 5625; x_wconf 86' lang='lat' dir='ltr'>Primum</span> <span class='ocrx_word' id='word_1_768' title='bbox 1578 5589 1713 5645; x_wconf 91' lang='lat' dir='ltr'>ergo</span> <span class='ocrx_word' id='word_1_769' title='bbox 1743 5582 1826 5628; x_wconf 89' lang='lat' dir='ltr'>est</span> 
     </span>
    </p>
   </div>
   <div class='ocr_carea' id='block_1_101' title="bbox 202 5652 1825 5732">
    <p class='ocr_par' dir='ltr' id='par_1_101' title="bbox 202 5652 1825 5732">
     <span class='ocr_line' id='line_1_101' title="bbox 202 5652 1825 5732; baseline 0.005 -25"><span class='ocrx_word' id='word_1_770' title='bbox 202 5660 553 5720; x_wconf 83' lang='lat' dir='ltr'>peccantem</span> <span class='ocrx_word' id='word_1_771' title='bbox 584 5652 895 5725; x_wconf 89' lang='lat' dir='ltr'>increpare,</span> <span class='ocrx_word' id='word_1_772' title='bbox 921 5663 979 5710; x_wconf 94' lang='lat' dir='ltr'>ut</span> <span class='ocrx_word' id='word_1_773' title='bbox 1006 5664 1195 5727; x_wconf 89' lang='lat' dir='ltr'>postea</span> <span class='ocrx_word' id='word_1_774' title='bbox 1225 5659 1529 5730; x_wconf 68' lang='lat' dir='ltr'>pmnitenti,</span> <span class='ocrx_word' id='word_1_775' title='bbox 1552 5662 1825 5732; x_wconf 88' lang='lat' dir='ltr'>possimus</span> 
     </span>
    </p>
   </div>
   <div class='ocr_carea' id='block_1_102' title="bbox 202 5736 1824 5819">
    <p class='ocr_par' dir='ltr' id='par_1_102' title="bbox 202 5736 1824 5819">
     <span class='ocr_line' id='line_1_102' title="bbox 202 5736 1824 5819; baseline 0.008 -25"><span class='ocrx_word' id='word_1_776' title='bbox 202 5736 519 5796; x_wconf 85' lang='lat' dir='ltr'>dimittere.</span> <span class='ocrx_word' id='word_1_777' title='bbox 576 5742 659 5796; x_wconf 88' lang='lat' dir='ltr'>lta</span> <span class='ocrx_word' id='word_1_778' title='bbox 708 5744 853 5797; x_wconf 89' lang='lat' dir='ltr'>enim</span> <span class='ocrx_word' id='word_1_779' title='bbox 901 5753 1090 5817; x_wconf 87' lang='lat' dir='ltr'>peccat</span> <span class='ocrx_word' id='word_1_780' title='bbox 1142 5747 1233 5818; x_wconf 88' lang='lat' dir='ltr'>qui</span> <span class='ocrx_word' id='word_1_781' title='bbox 1281 5758 1601 5819; x_wconf 88' lang='lat' dir='ltr'>peccantem</span> <span class='ocrx_word' id='word_1_782' title='bbox 1635 5751 1824 5807; x_wconf 85' lang='lat' dir='ltr'>videns</span> 
     </span>
    </p>
   </div>
   <div class='ocr_carea' id='block_1_103' title="bbox 1935 4682 3528 4757">
    <p class='ocr_par' dir='ltr' id='par_1_103' title="bbox 1935 4682 3528 4757">
     <span class='ocr_line' id='line_1_103' title="bbox 1935 4682 3528 4757; baseline 0.003 -20"><span class='ocrx_word' id='word_1_783' title='bbox 1935 4698 2123 4753; x_wconf 89' lang='lat' dir='ltr'>opera,</span> <span class='ocrx_word' id='word_1_784' title='bbox 2155 4682 2320 4737; x_wconf 88' lang='lat' dir='ltr'>etiam</span> <span class='ocrx_word' id='word_1_785' title='bbox 2349 4690 2542 4737; x_wconf 90' lang='lat' dir='ltr'>contra</span> <span class='ocrx_word' id='word_1_786' title='bbox 2568 4696 2757 4736; x_wconf 88' lang='lat' dir='ltr'>rerum</span> <span class='ocrx_word' id='word_1_787' title='bbox 2785 4687 3038 4735; x_wconf 88' lang='lat' dir='ltr'>naturam</span> <span class='ocrx_word' id='word_1_788' title='bbox 3066 4691 3272 4752; x_wconf 90' lang='lat' dir='ltr'>monet,</span> <span class='ocrx_word' id='word_1_789' title='bbox 3294 4702 3365 4741; x_wconf 91' lang='lat' dir='ltr'>ne</span> <span class='ocrx_word' id='word_1_790' title='bbox 3404 4687 3528 4757; x_wconf 89' lang='lat' dir='ltr'>quis</span> 
     </span>
    </p>
   </div>
   <div class='ocr_carea' id='block_1_104' title="bbox 1936 4768 3527 4843">
    <p class='ocr_par' dir='ltr' id='par_1_104' title="bbox 1936 4768 3527 4843">
     <span class='ocr_line' id='line_1_104' title="bbox 1936 4768 3527 4843; baseline 0.003 -18"><span class='ocrx_word' id='word_1_791' title='bbox 1936 4771 2005 4825; x_wconf 91' lang='lat' dir='ltr'>de</span> <span class='ocrx_word' id='word_1_792' title='bbox 2038 4770 2151 4825; x_wconf 84' lang='lat' dir='ltr'>suis</span> <span class='ocrx_word' id='word_1_793' title='bbox 2182 4770 2439 4841; x_wconf 88' lang='lat' dir='ltr'>operibus</span> <span class='ocrx_word' id='word_1_794' title='bbox 2470 4769 2756 4843; x_wconf 89' lang='lat' dir='ltr'>glorietur,</span> <span class='ocrx_word' id='word_1_795' title='bbox 2789 4768 2887 4823; x_wconf 91' lang='lat' dir='ltr'>sed</span> <span class='ocrx_word' id='word_1_796' title='bbox 2916 4778 3120 4839; x_wconf 90' lang='lat' dir='ltr'>quanto</span> <span class='ocrx_word' id='word_1_797' title='bbox 3167 4770 3304 4829; x_wconf 87' lang='lat' dir='ltr'>ﬁdes</span> <span class='ocrx_word' id='word_1_798' title='bbox 3333 4783 3417 4830; x_wconf 89' lang='lat' dir='ltr'>est</span> <span class='ocrx_word' id='word_1_799' title='bbox 3445 4774 3527 4830; x_wconf 90' lang='lat' dir='ltr'>fo-</span> 
     </span>
    </p>
   </div>
   <div class='ocr_carea' id='block_1_105' title="bbox 1936 4857 3526 4923">
    <p class='ocr_par' dir='ltr' id='par_1_105' title="bbox 1936 4857 3526 4923">
     <span class='ocr_line' id='line_1_105' title="bbox 1936 4857 3526 4923; baseline 0.003 -10"><span class='ocrx_word' id='word_1_800' title='bbox 1936 4858 2012 4913; x_wconf 91' lang='lat' dir='ltr'>ris</span> <span class='ocrx_word' id='word_1_801' title='bbox 2060 4858 2348 4913; x_wconf 86' lang='lat' dir='ltr'>virtutibus</span> <span class='ocrx_word' id='word_1_802' title='bbox 2396 4857 2786 4923; x_wconf 87' lang='lat' dir='ltr'>excellentior,</span> <span class='ocrx_word' id='word_1_803' title='bbox 2822 4863 2967 4912; x_wconf 87' lang='lat' dir='ltr'>tanto</span> <span class='ocrx_word' id='word_1_804' title='bbox 3015 4861 3350 4917; x_wconf 90' lang='lat' dir='ltr'>conscientia</span> <span class='ocrx_word' id='word_1_805' title='bbox 3378 4863 3526 4918; x_wconf 89' lang='lat' dir='ltr'>intus</span> 
     </span>
    </p>
   </div>
   <div class='ocr_carea' id='block_1_106' title="bbox 1934 4935 3518 5021">
    <p class='ocr_par' dir='ltr' id='par_1_106' title="bbox 1934 4935 3518 5021">
     <span class='ocr_line' id='line_1_106' title="bbox 1934 4935 3518 5021; baseline 0.004 -21"><span class='ocrx_word' id='word_1_806' title='bbox 1934 4946 2003 5000; x_wconf 92' lang='lat' dir='ltr'>sit</span> <span class='ocrx_word' id='word_1_807' title='bbox 2021 4946 2296 5016; x_wconf 85' lang='lat' dir='ltr'>humilior,</span> <span class='ocrx_word' id='word_1_808' title='bbox 2331 4946 2459 5018; x_wconf 89' lang='lat' dir='ltr'>quia</span> <span class='ocrx_word' id='word_1_809' title='bbox 2491 4946 2720 5001; x_wconf 93' lang='lat' dir='ltr'>Domino</span> <span class='ocrx_word' id='word_1_810' title='bbox 2743 4945 2868 5013; x_wconf 88' lang='lat' dir='ltr'>jure</span> <span class='ocrx_word' id='word_1_811' title='bbox 2886 4935 3151 5003; x_wconf 79' lang='lat' dir='ltr'>debemus</span> <span class='ocrx_word' id='word_1_812' title='bbox 3172 4949 3518 5021; x_wconf 73' lang='lat' dir='ltr'>obsequium.</span> 
     </span>
    </p>
   </div>
   <div class='ocr_carea' id='block_1_107' title="bbox 1934 5035 3527 5096">
    <p class='ocr_par' dir='ltr' id='par_1_107' title="bbox 1934 5035 3527 5096">
     <span class='ocr_line' id='line_1_107' title="bbox 1934 5035 3527 5096; baseline 0.004 -6"><span class='ocrx_word' id='word_1_813' title='bbox 1934 5036 2091 5091; x_wconf 83' lang='lat' dir='ltr'>Servi</span> <span class='ocrx_word' id='word_1_814' title='bbox 2108 5036 2363 5090; x_wconf 82' lang='lat' dir='ltr'>inutiles.</span> <span class='ocrx_word' id='word_1_815' title='bbox 2400 5035 2457 5089; x_wconf 93' lang='lat' dir='ltr'>Si</span> <span class='ocrx_word' id='word_1_816' title='bbox 2484 5036 2649 5091; x_wconf 90' lang='lat' dir='ltr'>homo</span> <span class='ocrx_word' id='word_1_817' title='bbox 2695 5035 2763 5088; x_wconf 89' lang='lat' dir='ltr'>ab</span> <span class='ocrx_word' id='word_1_818' title='bbox 2808 5037 3029 5094; x_wconf 92' lang='lat' dir='ltr'>homine</span> <span class='ocrx_word' id='word_1_819' title='bbox 3060 5054 3221 5094; x_wconf 90' lang='lat' dir='ltr'>servo</span> <span class='ocrx_word' id='word_1_820' title='bbox 3267 5055 3378 5094; x_wconf 91' lang='lat' dir='ltr'>non</span> <span class='ocrx_word' id='word_1_821' title='bbox 3406 5040 3527 5096; x_wconf 88' lang='lat' dir='ltr'>uni-</span> 
     </span>
    </p>
   </div>
   <div class='ocr_carea' id='block_1_108' title="bbox 1934 5123 3526 5204">
    <p class='ocr_par' dir='ltr' id='par_1_108' title="bbox 1934 5123 3526 5204">
     <span class='ocr_line' id='line_1_108' title="bbox 1934 5123 3526 5204; baseline 0.006 -27"><span class='ocrx_word' id='word_1_822' title='bbox 1934 5123 2127 5193; x_wconf 87' lang='lat' dir='ltr'>forme,</span> <span class='ocrx_word' id='word_1_823' title='bbox 2162 5124 2260 5178; x_wconf 90' lang='lat' dir='ltr'>sed</span> <span class='ocrx_word' id='word_1_824' title='bbox 2300 5123 2583 5195; x_wconf 84' lang='lat' dir='ltr'>multiplex</span> <span class='ocrx_word' id='word_1_825' title='bbox 2626 5125 2989 5183; x_wconf 88' lang='lat' dir='ltr'>ministerium</span> <span class='ocrx_word' id='word_1_826' title='bbox 3020 5126 3209 5200; x_wconf 85' lang='lat' dir='ltr'>exigit,</span> <span class='ocrx_word' id='word_1_827' title='bbox 3262 5144 3368 5186; x_wconf 90' lang='lat' dir='ltr'>nec</span> <span class='ocrx_word' id='word_1_828' title='bbox 3396 5146 3526 5204; x_wconf 86' lang='lat' dir='ltr'>gra-</span> 
     </span>
    </p>
   </div>
   <div class='ocr_carea' id='block_1_109' title="bbox 1931 5212 3525 5291">
    <p class='ocr_par' dir='ltr' id='par_1_109' title="bbox 1931 5212 3525 5291">
     <span class='ocr_line' id='line_1_109' title="bbox 1931 5212 3525 5291; baseline 0.006 -25"><span class='ocrx_word' id='word_1_829' title='bbox 1931 5212 2063 5267; x_wconf 91' lang='lat' dir='ltr'>tiam</span> <span class='ocrx_word' id='word_1_830' title='bbox 2094 5213 2277 5282; x_wconf 90' lang='lat' dir='ltr'>habet,</span> <span class='ocrx_word' id='word_1_831' title='bbox 2312 5222 2512 5285; x_wconf 89' lang='lat' dir='ltr'>quanto</span> <span class='ocrx_word' id='word_1_832' title='bbox 2541 5215 2716 5288; x_wconf 90' lang='lat' dir='ltr'>magis</span> <span class='ocrx_word' id='word_1_833' title='bbox 2748 5232 2846 5272; x_wconf 88' lang='lat' dir='ltr'>vos</span> <span class='ocrx_word' id='word_1_834' title='bbox 2876 5217 2968 5288; x_wconf 92' lang='lat' dir='ltr'>qui</span> <span class='ocrx_word' id='word_1_835' title='bbox 2999 5216 3116 5271; x_wconf 88' lang='lat' dir='ltr'>sine</span> <span class='ocrx_word' id='word_1_836' title='bbox 3147 5232 3235 5271; x_wconf 89' lang='lat' dir='ltr'>me</span> <span class='ocrx_word' id='word_1_837' title='bbox 3267 5218 3401 5273; x_wconf 91' lang='lat' dir='ltr'>nihil</span> <span class='ocrx_word' id='word_1_838' title='bbox 3429 5236 3525 5291; x_wconf 89' lang='lat' dir='ltr'>po-</span> 
     </span>
    </p>
   </div>
   <div class='ocr_carea' id='block_1_110' title="bbox 1932 5301 3525 5376">
    <p class='ocr_par' dir='ltr' id='par_1_110' title="bbox 1932 5301 3525 5376">
     <span class='ocr_line' id='line_1_110' title="bbox 1932 5301 3525 5376; baseline 0.007 -22"><span class='ocrx_word' id='word_1_839' title='bbox 1932 5301 2104 5367; x_wconf 88' lang='lat' dir='ltr'>testis,</span> <span class='ocrx_word' id='word_1_840' title='bbox 2138 5318 2247 5356; x_wconf 93' lang='lat' dir='ltr'>non</span> <span class='ocrx_word' id='word_1_841' title='bbox 2277 5302 2437 5356; x_wconf 90' lang='lat' dir='ltr'>unius</span> <span class='ocrx_word' id='word_1_842' title='bbox 2468 5320 2623 5357; x_wconf 90' lang='lat' dir='ltr'>usum</span> <span class='ocrx_word' id='word_1_843' title='bbox 2653 5305 2837 5376; x_wconf 89' lang='lat' dir='ltr'>operis</span> <span class='ocrx_word' id='word_1_844' title='bbox 2883 5305 2969 5361; x_wconf 85' lang='lat' dir='ltr'>vel</span> <span class='ocrx_word' id='word_1_845' title='bbox 3009 5305 3214 5362; x_wconf 88' lang='lat' dir='ltr'>laboris</span> <span class='ocrx_word' id='word_1_846' title='bbox 3263 5323 3525 5365; x_wconf 88' lang='lat' dir='ltr'>exercere</span> 
     </span>
    </p>
   </div>
   <div class='ocr_carea' id='block_1_111' title="bbox 1930 5390 3526 5469">
    <p class='ocr_par' dir='ltr' id='par_1_111' title="bbox 1930 5390 3526 5469">
     <span class='ocr_line' id='line_1_111' title="bbox 1930 5390 3526 5469; baseline 0.006 -26"><span class='ocrx_word' id='word_1_847' title='bbox 1930 5390 2162 5459; x_wconf 90' lang='lat' dir='ltr'>debetis,</span> <span class='ocrx_word' id='word_1_848' title='bbox 2195 5392 2295 5447; x_wconf 88' lang='lat' dir='ltr'>sed</span> <span class='ocrx_word' id='word_1_849' title='bbox 2325 5408 2544 5464; x_wconf 90' lang='lat' dir='ltr'>semper</span> <span class='ocrx_word' id='word_1_850' title='bbox 2572 5394 2727 5449; x_wconf 89' lang='lat' dir='ltr'>novis</span> <span class='ocrx_word' id='word_1_851' title='bbox 2757 5395 2950 5450; x_wconf 89' lang='lat' dir='ltr'>studiis</span> <span class='ocrx_word' id='word_1_852' title='bbox 2970 5412 3172 5469; x_wconf 88' lang='lat' dir='ltr'>augere</span> <span class='ocrx_word' id='word_1_853' title='bbox 3197 5397 3399 5468; x_wconf 89' lang='lat' dir='ltr'>priora,</span> <span class='ocrx_word' id='word_1_854' title='bbox 3424 5413 3526 5453; x_wconf 92' lang='lat' dir='ltr'>nec</span> 
     </span>
    </p>
   </div>
   <div class='ocr_carea' id='block_1_112' title="bbox 1932 5479 2881 5551">
    <p class='ocr_par' dir='ltr' id='par_1_112' title="bbox 1932 5479 2881 5551">
     <span class='ocr_line' id='line_1_112' title="bbox 1932 5479 2881 5551; baseline 0.008 -20"><span class='ocrx_word' id='word_1_855' title='bbox 1932 5494 2029 5531; x_wconf 85' lang='lat' dir='ltr'>vos</span> <span class='ocrx_word' id='word_1_856' title='bbox 2044 5479 2280 5547; x_wconf 87' lang='lat' dir='ltr'>jactctis,</span> <span class='ocrx_word' id='word_1_857' title='bbox 2317 5480 2442 5551; x_wconf 89' lang='lat' dir='ltr'>quia</span> <span class='ocrx_word' id='word_1_858' title='bbox 2474 5481 2610 5536; x_wconf 88' lang='lat' dir='ltr'>bene</span> <span class='ocrx_word' id='word_1_859' title='bbox 2644 5484 2881 5539; x_wconf 86' lang='lat' dir='ltr'>servitis.</span> 
     </span>
    </p>
   </div>
   <div class='ocr_carea' id='block_1_113' title="bbox 2003 5578 3518 5653">
    <p class='ocr_par' dir='ltr' id='par_1_113' title="bbox 2003 5578 3518 5653">
     <span class='ocr_line' id='line_1_113' title="bbox 2003 5578 3518 5653; baseline 0.005 -20"><span class='ocrx_word' id='word_1_860' title='bbox 2003 5578 2152 5644; x_wconf 84' lang='lat' dir='ltr'>Quod</span> <span class='ocrx_word' id='word_1_861' title='bbox 2172 5579 2465 5635; x_wconf 76' lang='lat' dir='ltr'>debuimus</span> <span class='ocrx_word' id='word_1_862' title='bbox 2495 5584 2703 5651; x_wconf 80' lang='lat' dir='ltr'>facere.</span> <span class='ocrx_word' id='word_1_863' title='bbox 2740 5583 2845 5653; x_wconf 82' lang='lat' dir='ltr'>QUI</span> <span class='ocrx_word' id='word_1_864' title='bbox 2894 5586 3038 5639; x_wconf 87' lang='lat' dir='ltr'>venit</span> <span class='ocrx_word' id='word_1_865' title='bbox 3066 5584 3377 5639; x_wconf 88' lang='lat' dir='ltr'>ministrare</span> <span class='ocrx_word' id='word_1_866' title='bbox 3407 5601 3518 5641; x_wconf 91' lang='lat' dir='ltr'>non</span> 
     </span>
    </p>
   </div>
   <div class='ocr_carea' id='block_1_114' title="bbox 1930 5665 3521 5746">
    <p class='ocr_par' dir='ltr' id='par_1_114' title="bbox 1930 5665 3521 5746">
     <span class='ocr_line' id='line_1_114' title="bbox 1930 5665 3521 5746; baseline 0.009 -30"><span class='ocrx_word' id='word_1_867' title='bbox 1930 5665 2247 5733; x_wconf 85' lang='lat' dir='ltr'>ministrari,</span> <span class='ocrx_word' id='word_1_868' title='bbox 2282 5684 2381 5722; x_wconf 91' lang='lat' dir='ltr'>nos</span> <span class='ocrx_word' id='word_1_869' title='bbox 2413 5668 2691 5725; x_wconf 87' lang='lat' dir='ltr'>debitores</span> <span class='ocrx_word' id='word_1_870' title='bbox 2733 5672 2837 5726; x_wconf 89' lang='lat' dir='ltr'>sibi</span> <span class='ocrx_word' id='word_1_871' title='bbox 2867 5672 3009 5740; x_wconf 89' lang='lat' dir='ltr'>fecit,</span> <span class='ocrx_word' id='word_1_872' title='bbox 3046 5690 3112 5726; x_wconf 90' lang='lat' dir='ltr'>ne</span> <span class='ocrx_word' id='word_1_873' title='bbox 3161 5671 3363 5726; x_wconf 88' lang='lat' dir='ltr'>nostris</span> <span class='ocrx_word' id='word_1_874' title='bbox 3394 5689 3521 5746; x_wconf 88' lang='lat' dir='ltr'>ope-</span> 
     </span>
    </p>
   </div>
   <div class='ocr_carea' id='block_1_115' title="bbox 1929 5754 3519 5831">
    <p class='ocr_par' dir='ltr' id='par_1_115' title="bbox 1929 5754 3519 5831">
     <span class='ocr_line' id='line_1_115' title="bbox 1929 5754 3519 5831; baseline 0.009 -23"><span class='ocrx_word' id='word_1_875' title='bbox 1929 5754 2080 5809; x_wconf 85' lang='lat' dir='ltr'>ribus</span> <span class='ocrx_word' id='word_1_876' title='bbox 2111 5755 2467 5825; x_wconf 84' lang='lat' dir='ltr'>contidentes,</span> <span class='ocrx_word' id='word_1_877' title='bbox 2507 5759 2601 5813; x_wconf 90' lang='lat' dir='ltr'>sed</span> <span class='ocrx_word' id='word_1_878' title='bbox 2634 5760 2749 5825; x_wconf 85' lang='lat' dir='ltr'>ejus</span> <span class='ocrx_word' id='word_1_879' title='bbox 2782 5776 3007 5815; x_wconf 88' lang='lat' dir='ltr'>examen</span> <span class='ocrx_word' id='word_1_880' title='bbox 3038 5769 3319 5830; x_wconf 87' lang='lat' dir='ltr'>paventes,</span> <span class='ocrx_word' id='word_1_881' title='bbox 3370 5766 3519 5831; x_wconf 79' lang='lat' dir='ltr'>omni</span> 
     </span>
    </p>
   </div>
  </div>
