4006 6178
332 292 434 345 319

829 281 1232 341 WALAFRIDI
1268 280 1512 337 STRABI
1550 275 1750 335 FULD.
1791 270 1966 330 MON.
2007 268 2161 327 OPP.
2201 269 2379 327 PARS
2416 269 2460 325 Ι.
2500 297 2569 311 -
2604 264 3078 324 THEOLOGICA.

3533 267 3639 323 320

347 414 451 469 bus
496 410 735 483 impletis
784 426 907 482 quae
951 415 1229 481 praecepta
1275 413 1417 474 sunt,
1475 418 1574 459 nos
1622 398 1941 472 imperfecto
1968 395 2292 458 Aveniente
2329 394 2563 450 Domino
2605 392 3059 463 Hierosolymam,
3094 386 3380 446 confestim
3408 403 3641 462 regnum

342 518 466 558 esse
497 514 982 574 recognoscamus,
1019 496 1259 569 quandiu
1287 492 1706 565 peregrinamur
1736 506 1768 544 a
1799 490 1933 543 Deo.

420 591 592 646 Vnus.
630 593 722 645 11.
760 618 829 629 --
858 590 929 643 Et
956 590 1176 658 factum
1205 588 1310 640 cst.
1333 584 1461 637 Post
1490 580 1807 652 parabolam
1831 591 1940 649 qua

342 680 531 737 invitat
561 679 631 734 ad
658 676 1045 733 humanitatem
1075 681 1129 729 et
1173 669 1641 744 perseverantiam
1672 668 1729 722 in
1757 667 1940 722 diver-

342 769 417 824 sis
447 767 636 823 oﬁiciis
680 768 797 835 Dei,
851 762 1327 836 reprehenduntur
1354 759 1551 831 ingrati
1581 758 1649 814 de
1680 754 1940 828 impensis

346 855 646 912 beneﬁciis.

416 948 582 1000 Vnus.
619 947 704 1000 12.
730 941 1214 1007 —0ccurrerunt,
1241 935 1583 1009 etc.Leprosi
1614 941 1737 990 sunt
1767 934 1941 989 haere-

347 1034 456 1100 tici,
491 1033 583 1104 qui
611 1031 765 1104 quasi
794 1031 978 1086 varios
1005 1029 1221 1086 colores
1248 1028 1511 1083 habentes
1532 1025 1588 1079 in
1612 1023 1806 1079 eodem
1826 1038 1945 1078 cor-

348 1137 501 1194 pore,
537 1120 717 1175 varias
740 1126 940 1189 sectas,
990 1133 1136 1174 nunc
1183 1114 1452 1185 falsitatis,
1502 1128 1647 1169 nunc
1674 1111 1940 1177 veritatis,

352 1210 683 1280 permiscent
710 1209 767 1264 in
815 1209 1009 1264 eadem
1056 1204 1461 1279 prmdicatione.
1511 1203 1579 1258 Hi
1608 1210 1789 1257 autem
1818 1200 1947 1272 quia

352 1299 590 1354 vitantur
625 1305 678 1353 et
707 1298 776 1353 ab
807 1296 1059 1353 Ecclesia
1105 1300 1455 1351 removentur
1497 1292 1682 1365 longe,
1716 1304 1943 1346 necesse

350 1388 553 1442 habent
578 1395 638 1442 ut
664 1401 868 1459 magno
898 1385 1140 1442 clamore
1185 1382 1551 1454 interpellent.

425 1477 532 1545 Qui
558 1480 860 1539 steterunt,
895 1482 1000 1530 etc.
1035 1472 1141 1541 Qui
1173 1479 1366 1528 contra
1394 1471 1733 1542 Decalogum
1752 1481 1944 1539 pecca-

354 1571 569 1632 verunt,
593 1579 695 1620 nec
715 1562 949 1618 amando
970 1564 1143 1617 Deum
1161 1562 1252 1633 (de
1275 1576 1382 1632 quo
1410 1558 1554 1614 male
1576 1557 1853 1627 sentiunt),
1878 1571 1947 1609 ne

356 1653 685 1725 proximum,
718 1667 752 1707 a
781 1668 889 1723 quo
919 1651 1252 1719 dividuntur,
1287 1649 1387 1703 sub
1418 1647 1638 1705 denario
1669 1646 1740 1701 ad
1772 1647 1948 1700 Deum

2037 487 2154 556 ejus
2184 483 2643 540 manifestaretur.

2109 576 2227 631 Non
2258 576 2416 630 venit
2441 589 2683 645 regnum
2711 571 2829 635 Dei,
2866 576 2970 625 etc.
3008 566 3170 635 Quia,
3202 564 3418 638 quando
3438 565 3641 636 veniet,

2038 680 2218 735 neque
2262 664 2331 718 ab
2373 661 2607 735 angelis,
2653 675 2833 732 neque
2883 658 2954 713 ab
2985 656 3297 711 hominibus
3326 661 3505 725 potest
3534 654 3645 710 ob-

2041 751 2270 818 servari,
2304 750 2442 806 sicut
2464 747 2761 805 Dominicae
2782 745 3166 803 incarnationis
3187 751 3419 814 tempus,
3443 751 3496 799 et
3516 758 3647 814 pro-

2040 843 2326 913 phetarum
2354 837 2619 895 vaticiniis
2648 835 2950 908 praeﬁxum,
2971 842 3023 890 et
3044 833 3365 907 angelorum
3396 839 3479 887 est
3499 848 3645 903 pra;-

2039 939 2210 996 coniis
2236 936 2661 1001 manifestatum,
2692 934 2833 989 adeo
2880 941 2939 987 ut
2972 938 3271 1001 conceptus
3309 937 3420 996 est,
3453 937 3640 995 natus,

2042 1027 2359 1099 baptizatus,
2394 1024 2721 1096 praedicans,
2753 1021 3017 1085 moriens,
3040 1034 3359 1092 resurgens,
3382 1018 3450 1072 ad
3481 1017 3653 1074 caalos

2043 1116 2367 1181 ascendens,
2402 1112 2784 1170 comitantibus
2831 1109 3201 1164 indesinenter
3224 1151 3237 1175 ,
3270 1107 3358 1163 vel
3413 1106 3647 1178 angelo-

2044 1222 2187 1271 rum,
2220 1204 2309 1260 vel
2334 1202 2617 1259 hominum
2641 1243 2655 1268 ,
2686 1199 2775 1257 vel
2805 1206 2952 1255 certe
3000 1196 3391 1253 miraculorum
3430 1195 3497 1250 sit
3546 1194 3652 1251 de-

2045 1294 2283 1350 claratus
2322 1290 2557 1347 indiciis.

2115 1391 2286 1446 Vnus.
2319 1393 2410 1447 21.
2443 1418 2514 1428 -
2542 1389 2682 1443 Ecce
2711 1387 2867 1442 enim
2895 1398 3155 1455 regnum.
3188 1382 3312 1437 Non
3333 1379 3534 1452 poterit
3554 1380 3655 1435 ob-

2047 1478 2274 1548 servari,
2308 1477 2437 1549 quia
2483 1490 2717 1548 regnum
2761 1488 2946 1528 meum
2989 1486 3099 1526 non
3131 1478 3213 1526 est
3251 1469 3558 1540 corporale,
3593 1475 3658 1525 ut

2046 1568 2262 1641 putatis,
2297 1567 2395 1622 sed
2425 1563 2724 1636 spirituale,
2761 1560 2909 1634 quod
2940 1558 3049 1615 ﬁde
3073 1559 3189 1628 jam
3218 1557 3438 1628 incepit.

2118 1660 2367 1728 Regnum
2394 1655 2514 1709 Dei.
2547 1650 2649 1708 Vel
2680 1651 2759 1707 sic
2787 1657 2966 1721 potest
2994 1646 3171 1718 accipi
3220 1644 3504 1717 responsio
3531 1645 3646 1700 Do-

357 1743 591 1798 clamant
620 1749 673 1797 et
711 1747 986 1810 sanantur,
1013 1740 1141 1794 dum
1170 1739 1228 1793 in
1246 1737 1512 1794 Ecclesiae
1558 1735 1813 1792 societate
1842 1734 1947 1789 do-
1976 1752 2030 1814 Β
2051 1745 2184 1802 mini
2217 1763 2231 1800 ε
2262 1748 2512 1815 Regnum
2552 1740 2643 1796 ἀεί
2687 1742 2845 1796 intra,
2885 1737 2983 1795 ὐοε
3035 1740 3149 1804 εει,
3185 1734 3278 1807 qui
3324 1733 3659 1805 quandoque

358 1831 593 1887 ctrinam
629 1830 899 1902 integram
945 1843 1243 1899 veramque
1272 1833 1655 1898 assequuntur,
1692 1832 1744 1879 et
1765 1823 1947 1879 omnia
2046 1842 2314 1893 ventumx
2340 1832 2515 1886 Judex
2544 1827 2807 1898 omnium,
2837 1840 2982 1882 nunc
3013 1824 3174 1879 etiam
3220 1829 3416 1895 regna;
3444 1822 3502 1876 in
3531 1836 3663 1878 cor-

353 1920 657 1975 secundum
686 1918 979 1974 Catholicae
1016 1916 1143 1971 fidei
1173 1915 1419 1988 regulam
1447 1914 1745 1982 disserunt,
1779 1920 1833 1967 et
1862 1927 1948 1967 va-

361 2008 552 2064 rietate
583 2007 991 2063 mendaciorum
1036 2004 1194 2077 quasi
1221 2004 1375 2075 lepra
1422 2010 1622 2060 carent.
1657 2002 1765 2057 Sed
1810 2017 1952 2056 unus

364 2096 575 2171 gratias
603 2096 734 2168 agit,
764 2096 820 2150 id
850 2104 934 2150 est
982 2095 1073 2166 qui
1103 2096 1158 2150 in
1187 2094 1392 2149 unitate
1438 2091 1704 2148 Ecclesiae
1733 2107 1833 2161 per
1860 2092 1958 2144 hu-

363 2186 645 2241 militatem
674 2193 993 2251 remanent;
1029 2183 1122 2255 qui
1166 2199 1301 2238 vero
1358 2198 1459 2252 per
1488 2179 1801 2251 superbiam
1831 2179 1956 2234 elati

360 2273 673 2330 mundatori
702 2281 829 2329 sunt
865 2272 1084 2345 ingrati,
1115 2286 1311 2327 novem
1344 2278 1467 2325 sunt
1490 2311 1503 2338 ,
1538 2269 1663 2341 quia
1692 2284 1792 2339 per
1815 2267 1941 2323 uni-

368 2370 535 2420 tatem
584 2378 618 2419 a
645 2361 981 2434 perfectione
1012 2360 1226 2416 denarii
1257 2357 1533 2415 deﬁciunt.

436 2480 606 2535 Vnus.
633 2482 729 2534 t3.
754 2508 823 2519 —
844 2480 919 2534 Et
947 2480 1272 2552 levaverunt
1300 2491 1505 2531 vocem.
1540 2472 1676 2543 Quia
1706 2472 1760 2528 in
1786 2471 1968 2528 verbis

371 2568 671 2625 Salvatoris
702 2585 762 2623 se
793 2583 1003 2623 errasse
1028 2571 1383 2637 cognoscunt,
1408 2563 1652 2619 salvandi
1674 2568 1973 2633 praecepto-

374 2674 494 2714 rem
524 2664 741 2725 vocant,
775 2664 827 2711 et
855 2673 953 2728 per
980 2655 1346 2729 cognitionem
1369 2651 1724 2725 praeceptoris
1743 2650 1975 2705 redeunt

363 2747 434 2802 ad
455 2746 680 2802 formam
711 2746 916 2800 salutis.

442 2836 612 2890 Vnus.
647 2836 733 2890 14.
766 2864 835 2874 -
865 2835 966 2900 Ite,
1000 2840 1103 2888 etc.
1153 2829 1412 2903 Quisquis
1431 2827 1686 2884 haeretica
1715 2826 1979 2898 pravitate

373 2924 460 2980 vel
493 2923 687 2997 gentili
715 2922 1101 2994 superstitione
1135 2919 1223 2976 vel
1243 2913 1743 2989 Judaica‘perﬁdia,
1767 2915 1852 2971 vel
1873 2914 1981 2970 fra-

372 3022 525 3071 terno
550 3012 842 3067 schismate
870 3028 971 3082 per
1001 3009 1102 3065 Dei
1131 3008 1362 3081 gratiam
1404 3007 1694 3062 mundatus
1723 3004 1981 3078 caruerit,

2050 1924 2212 1981 dibus
2240 1921 2500 1977 ﬁdelium.
2533 1917 2643 1974 Sed
2671 1932 2795 1973 cum
2824 1913 3067 1970 haeretici
3096 1912 3319 1968 turbant
3346 1909 3661 1966 Eeclesiam

2051 2012 2238 2085 pravis
2269 2007 2637 2080 dogmatibus,
2671 2003 2987 2060 desiderant
3033 2000 3224 2057 ﬁdeles
3269 2005 3329 2055 ut
3371 1998 3665 2071 Dominus,

2057 2117 2163 2157 una
2191 2100 2280 2155 die
2308 2099 2377 2153 ad
2417 2106 2591 2152 terras
2620 2094 2860 2163 rediens,
2893 2092 2939 2147 si
2968 2089 3087 2145 ﬁeri
3133 2095 3338 2160 posset,
3372 2087 3666 2143 veritatem

2058 2188 2187 2245 ﬁdei
2214 2187 2505 2243 intimaret.
2539 2184 2647 2239 Sed
2676 2198 2788 2238 non
2823 2180 3101 2248 videbunt,
3135 2177 3259 2250 quia
3306 2176 3453 2248 quod
3486 2175 3666 2231 semel

2062 2277 2395 2350 Evangelico
2425 2274 2639 2347 fulgore
2667 2279 2750 2327 est
2777 2268 3095 2337 exhibitum,
3127 2281 3239 2322 non
3270 2272 3353 2320 est
3374 2280 3515 2336 opus
3540 2279 3667 2320 cor-

2066 2366 2245 2440 porali
2274 2364 2483 2421 visione
2516 2360 2733 2418 Domini
2761 2357 2989 2413 ﬁrmari.

2140 2484 2311 2539 Vnus.
2335 2484 2423 2539 22.
2457 2507 2526 2518 -
2561 2477 2792 2533 Venient
2821 2475 2960 2530 dies.
3004 2468 3190 2527 Noluit
3218 2468 3402 2524 dicere
3450 2464 3673 2538 quando

2072 2572 2300 2636 veniret,
2354 2568 2450 2624 sed
2497 2573 2785 2623 venturum
2828 2562 2983 2631 dixit,
3016 2568 3075 2615 ut
3117 2559 3384 2615 incuteret
3416 2554 3674 2610 omnibus

2074 2671 2345 2718 terrorem
2372 2653 2702 2711 imminentis
2724 2651 2934 2722 judicii,
2965 2664 3070 2705 nec
3089 2646 3435 2705 securitatem
3453 2642 3676 2700 afferret

2078 2747 2374 2806 dilationis.

2148 2837 2507 2895 Desideretis.
2540 2833 2668 2887 Post
2694 2844 2876 2902 meam
2901 2824 3300 2892 ascensionem,
3338 2820 3554 2895 quando
3575 2835 3679 2877 vos

2080 2929 2137 2983 in
2164 2928 2270 2982 hoc
2298 2923 2489 2981 exsilio
2518 2920 2707 2976 mundi
2736 2916 3158 2991 ingemiscentes
3187 2910 3566 2969 desiderabitis
3584 2925 3680 2964 me

2084 3018 2271 3073 videre
2300 3015 2356 3069 in
2384 3012 2558 3085 gloria
2586 3024 2730 3079 mea,
2780 3022 2902 3080 quae
2947 3004 3197 3061 voluntas
3244 2999 3534 3066 laudanda,
3564 3014 3683 3053 non

366 3118 595 3157 necesse
622 3109 780 3156 estut
806 3100 873 3154 ad
902 3098 1205 3156 Eeclesiam
1234 3097 1437 3173 veniat,
1475 3091 1964 3167 coloremqueﬁdei
1998 3114 2049 3177 ρ
2077 3114 2258 3161 tamen
2285 3103 2341 3158 in
2387 3103 2491 3157 hoc
2538 3099 2742 3154 mundo
2771 3093 3065 3168 implenda.
3113 3094 3295 3150 Unum
3329 3090 3495 3145 diem.
3527 3087 3681 3142 Bene

368 3206 556 3247 verum
590 3189 724 3245 aliis
755 3188 997 3244 similem
1032 3186 1305 3243 ostendat.

456 3304 626 3360 Vnus.
662 3307 749 3359 15.
780 3333 850 3344 -
876 3305 1025 3361 Unus
1053 3305 1264 3358 autem.
1298 3300 1449 3356 Unus
1486 3305 1667 3355 autem
1695 3313 1986 3372 regressus

388 3391 662 3463 signiﬁcat
679 3391 841 3447 unius
863 3391 1126 3447 Ecclesiae
1155 3390 1408 3446 devotam
1440 3388 1496 3442 in
1527 3387 1745 3443 Christo
1771 3387 1989 3442 humili-

380 3488 570 3549 tatem,
604 3481 697 3555 qui
721 3482 925 3537 cadens
953 3480 1023 3535 ad
1046 3479 1217 3552 pedes
1246 3480 1364 3548 ejus
1393 3477 1600 3550 gratias
1631 3491 1825 3548 agens,
1860 3475 1990 3548 quia

377 3570 644 3642 repressis
701 3569 1142 3643 praesumptionis
1189 3565 1609 3640 cogitationibus
1633 3607 1647 3632 ,
1707 3579 1868 3636 quam
1918 3564 1985 3618 sit

384 3659 633 3715 inﬁrmus
664 3657 848 3727 videt,
877 3657 1010 3713 nihil
1048 3657 1264 3714 virtutis
1309 3656 1410 3711 sibi
1453 3654 1667 3721 tribuit;
1697 3653 1839 3708 bona
1872 3668 1992 3725 quas

381 3748 498 3822 agit
527 3748 597 3803 de
627 3747 1009 3804 misericordia
1038 3745 1313 3818 intelligit.

452 3867 623 3922 Vnus.
660 3867 746 3919 16.
772 3893 841 3904 -
858 3865 933 3919 Et
958 3862 1161 3918 cecidit
1179 3862 1239 3916 in
1259 3861 1486 3931 faciem.
1513 3856 1670 3912 Cadit
1692 3856 1747 3911 in
1773 3854 1988 3920 faciem,

384 3955 477 4028 qui
497 3954 565 4011 de
594 3952 925 4025 perpetratis
970 3950 1131 4005 malis
1176 3947 1471 4004 erubescit.
1500 3946 1580 4000 Ibi
1632 3945 1777 4000 enim
1835 3943 1987 4000 cadit

384 4045 569 4110 homo,
601 4042 694 4096 ubi
733 4038 1099 4096 confunditur.
1152 4035 1255 4105 Qui
1303 4035 1359 4090 in
1407 4033 1600 4089 faciem
1630 4032 1796 4098 cadit,
1839 4031 1989 4087 videt

390 4147 500 4205 quo
532 4129 733 4195 cadat;
768 4127 861 4200 qui
892 4134 1043 4181 retro
1064 4123 1226 4191 cadit,
1257 4139 1367 4179 non
1416 4122 1582 4178 videt.
1614 4120 1749 4176 Boni
1776 4135 1911 4193 ergo
1940 4119 1998 4175 in

388 4228 586 4285 faciem
618 4226 839 4293 cadunt,
875 4223 1003 4296 quia
1032 4220 1319 4277 humiliant
1348 4237 1408 4276 se
1452 4219 1509 4289 in
1538 4218 1622 4274 his
1666 4217 1993 4285 visibilibus,

390 4325 449 4373 ut
478 4317 546 4372 ad
572 4312 868 4372 invisibilia
914 4311 1233 4383 erigantur;
1264 4308 1396 4366 mali
1446 4314 1595 4363 retro
1625 4306 1842 4374 cadunt,
1876 4305 2000 4377 quia

390 4407 592 4464 cadunt
618 4405 674 4460 in
705 4400 1084 4465 invisibilibus,
1117 4397 1211 4454 ubi
1243 4413 1354 4453 non
1384 4397 1569 4453 vident
1600 4396 1729 4468 quid
1779 4411 1876 4451 eos
1906 4410 1999 4450 se-

392 4503 607 4569 quatur.

468 4602 636 4656 Vnus.
684 4600 770 4653 19.
806 4626 875 4639 -—
940 4596 1134 4668 Surge.
1216 4592 1323 4662 Qui
1399 4590 1771 4648 inﬁrmitatem
1844 4603 1998 4645 suam

389 4702 700 4763 agnoscens
711 4685 985 4741 humiliter
1000 4692 1125 4740 ante
1141 4684 1319 4739 Deum
1342 4679 1727 4751 jacuit,divina
1747 4678 1995 4735 consola-

390 4779 538 4834 tione
586 4789 820 4849 surgere
871 4774 942 4829 ad
989 4773 1216 4829 fortiora
1266 4787 1455 4843 opera,
1494 4776 1547 4824 et
1574 4770 1655 4825 ire
1688 4766 1993 4824 crescendo

395 4883 571 4939 usque
598 4864 668 4920 ad
695 4861 1024 4936 perfectiora
1036 4862 1277 4930 jubetur.
1320 4860 1481 4914 Fides
1528 4861 1647 4913 tua.
1684 4856 1843 4911 Fides
1876 4871 1998 4927 quae

399 4957 468 5011 ad
497 4954 742 5027 agendas
772 4951 984 5025 gratias
1013 4948 1315 5019 inclinavit,
1368 4953 1593 5004 econtra
1621 4944 1849 5018 perﬁdia
1880 4943 2004 4998 illos

398 5044 619 5099 damnat
663 5041 755 5114 qui
785 5040 854 5096 de
904 5038 1143 5111 acceptis
1190 5034 1471 5092 beneﬁciis
1524 5042 1648 5091 sunt
1676 5032 1893 5106 ingrati.
1935 5033 2002 5087 Te

402 5133 622 5189 salvum
650 5132 807 5201 fecit.
841 5129 902 5184 In
933 5126 1200 5198 superiori
1228 5124 1493 5197 parabola
1512 5123 1823 5179 decernitur
1844 5120 2006 5176 ﬁdem

402 5236 500 5292 per
529 5218 889 5274 humilitatem
919 5216 1118 5271 debere
1150 5213 1361 5286 augeri.
1415 5214 1476 5267 In
1504 5212 1609 5266 ista
1655 5210 1843 5265 rebus“
1872 5207 2008 5279 ipsis

402 5307 687 5364 manifeste
718 5305 1040 5372 ostenditur,
1074 5319 1184 5359 non
1223 5302 1349 5358 ﬁdei
1392 5307 1602 5357 tantum
1648 5297 1893 5371 agnitam
1923 5311 2010 5351 ra-

403 5398 628 5464 tionem,
658 5396 755 5452 sed
795 5394 921 5450 ﬁdei
960 5400 1275 5449 exsecutam
1321 5389 1698 5463 operationem
1718 5402 1862 5453 esse,
1888 5400 2011 5457 quae

406 5486 616 5545 salvum
637 5485 803 5542 faciat
824 5483 1158 5541 credentem.

483 5603 655 5658 Vnus.
688 5603 778 5658 20.
802 5629 870 5640 -
890 5600 1296 5668 Interroyatus.
1332 5595 1462 5650 Ideo
1491 5593 1854 5664 interrogant,
1883 5588 2014 5660 quia

408 5691 549 5747 sicut
603 5691 780 5746 Lucas
840 5687 1069 5744 inferius
1118 5685 1353 5758 aperuit,
1414 5681 1799 5740 existimabant
1847 5676 2014 5750 quod,

2087 3208 2255 3250 unum
2283 3191 2432 3256 dicit,
2466 3188 2594 3262 quia
2618 3187 2674 3240 in
2703 3185 2798 3240 illa
2825 3183 3021 3256 gloria,
3053 3181 3123 3237 de
3152 3194 3260 3252 qua
3286 3177 3550 3250 propheta
3569 3174 3680 3230 ait:

2088 3282 2278 3339 Melior
2298 3283 2381 3336 est
2400 3278 2517 3335 dies
2536 3293 2654 3332 una
2681 3277 2744 3330 in
2765 3274 2931 3329 atriis
2963 3272 3076 3326 tuis
3103 3284 3272 3341 super
3290 3266 3479 3322 millia
3499 3263 3679 3336 (Psal.

2090 3369 2357 3439 Lxxxm),
2388 3366 2538 3421 nulla
2581 3372 2662 3420 est
2725 3361 3075 3418 tenebrarum
3136 3353 3459 3425 interruptio
3483 3395 3496 3420 ,
3530 3350 3689 3407 nulla

2092 3460 2282 3516 saltem
2310 3454 2573 3511 memoria
2601 3451 2835 3507 miseriae
2862 3448 2947 3506 vel
2979 3446 3204 3503 doloris.
3228 3443 3399 3513 Hujus
3416 3441 3523 3497 diei
3541 3455 3693 3511 prae-

2095 3547 2323 3605 sentiam
2352 3546 2554 3599 bonum
2584 3550 2667 3598 est
2694 3539 3031 3606 desiderare,
3062 3550 3172 3590 non
3199 3541 3384 3589 tamen
3410 3527 3689 3603 magnitu-

2097 3637 2223 3693 dine
2260 3632 2519 3690 desiderii
2583 3629 2740 3685 nobis
2782 3626 2991 3700 ﬁngere
3039 3622 3250 3679 somnia
3271 3663 3285 3691 ,
3319 3619 3475 3693 quasi
3520 3616 3694 3672 instet

2099 3725 2215 3781 dies
2244 3720 2480 3789 Domini,
2515 3718 2661 3792 quod
2690 3717 2756 3772 ab
2786 3714 3059 3787 aliquibus
3088 3710 3397 3768 faciendum
3416 3705 3689 3780 praedicit.

2169 3841 2339 3895 Vnus.
2371 3841 2460 3895 23.
2492 3864 2561 3875 -
2588 3835 2659 3889 Et
2712 3832 2919 3895 dicent,
2965 3836 3069 3883 etc.
3119 3825 3295 3881 Fuere
3325 3822 3544 3896 quidam
3585 3819 3688 3892 qui

2102 3934 2478 4000 computantes
2507 3918 2777 3980 curricula
2815 3925 3052 3983 aetatum,
3077 3910 3560 3972 consummationis
3582 3924 3692 3964 saa-

2103 4018 2247 4083 culi,
2282 4023 2494 4072 eertum
2539 4025 2758 4077 annum,
2790 4007 2937 4063 diem
2982 4013 3036 4062 et
3078 4006 3267 4060 horam
3312 4018 3371 4056 se
3426 4000 3681 4056 dicerent

2104 4105 2398 4163 invenisse.

2176 4196 2348 4251 Vnus.
2380 4191 2469 4249 24.
2500 4218 2571 4231 -
2600 4188 2741 4245 Nam
2770 4186 2937 4251 sicut,
2974 4189 3077 4238 etc.
3095 4178 3272 4236 Nolite
3302 4176 3411 4233 illis
3430 4174 3666 4233 credere
3685 4216 3703 4242 ,

2108 4283 2233 4356 quia
2264 4278 2536 4336 secundus
2564 4276 2827 4331 adventus
2875 4270 3190 4343 repentinus
3218 4267 3341 4335 erit,
3374 4272 3428 4321 et
3472 4264 3543 4318 ita
3569 4277 3709 4317 ma-

2108 4344 2357 4430 nifestus,
2393 4361 2539 4435 quod
2568 4358 2747 4415 nullus
2773 4356 2973 4428 poterit
3001 4356 3260 4427 ignorare
3288 4350 3358 4405 de
3404 4347 3505 4403 sub
3535 4344 3713 4415 oculo,

2039 4478 2093 4538 D
2114 4454 2242 4528 quia
2289 4433 2586 4508 discrimen
2626 4445 2818 4518 judicii
2846 4444 2948 4500 sub
2976 4443 3136 4508 coelo,
3179 4441 3285 4495 hoc
3315 4444 3417 4504 est,
3467 4436 3524 4491 in
3551 4433 3715 4490 aeris

2095 4543 2279 4601 medio
2299 4540 2528 4615 geritur.

2169 4651 2342 4707 Vnus.
2373 4649 2463 4704 25.
2511 4672 2579 4686 --
2619 4644 2877 4699 Primum
2922 4640 3152 4703 autem,
3186 4641 3291 4691 etc.
3342 4631 3594 4702 Loquens
3634 4627 3721 4685 de

2100 4737 2281 4814 gloria
2309 4736 2595 4798 adventus,
2641 4729 2829 4786 inserit
2875 4727 3039 4783 etiam
3068 4725 3137 4780 de
3183 4720 3460 4795 passione,
3492 4724 3721 4772 utcum

2101 4806 2425 4884 morientem
2473 4821 2716 4877 viderent
2782 4831 2945 4890 quem
2992 4820 3351 4886 regnaturum
3397 4806 3718 4872 audierant,

2102 4916 2350 4973 dolorem
2367 4910 2658 4984 passionis,
2684 4923 2781 4979 spe
2799 4903 3086 4978 promissae
3096 4898 3360 4958 claritatis
3369 4895 3722 4968 mitigarent.

2177 5031 2349 5086 Vnus.
2369 5030 2459 5086 26.
2483 5054 2553 5066 --
2580 5026 2648 5078 Et
2678 5024 2825 5078 sicut
2855 5022 3077 5091 factum
3107 5020 3209 5072 est.
3235 5012 3480 5069 Subitum
3502 5008 3726 5063 adven-

2107 5128 2194 5174 tus
2227 5118 2308 5172 sui
2339 5115 2482 5170 diem
2511 5111 2763 5184 pluribus
2793 5107 2987 5163 astruit
3018 5102 3301 5174 exemplis,
3335 5108 3387 5155 et
3416 5112 3577 5184 quem
3606 5094 3730 5184 ful-

2108 5204 2233 5279 guri
2262 5202 2391 5275 (cito
2420 5182 2605 5255 omnia
2631 5194 3012 5265 transvolanti)
3052 5193 3482 5262 comparaverat,
3516 5182 3731 5239 diebus

2109 5275 2246 5360 Noe,
2279 5291 2365 5347 vel
2395 5290 2529 5344 Loth
2559 5285 2859 5359 aequiperat
2878 5326 2892 5351 ,
2925 5280 3143 5355 quando
3167 5275 3483 5350 repentinus
3510 5278 3733 5327 morta-

2111 5383 2255 5439 libus
2288 5377 2602 5452 supervenit
2647 5372 2915 5429 interitus.

2185 5499 2356 5554 Vnus.
2379 5499 2470 5555 27.
2494 5524 2563 5536 -—
2582 5492 2861 5559 Edebant,
2895 5495 2998 5543 etc.
3031 5486 3155 5540 Non
3184 5478 3452 5539 connubia
3495 5475 3583 5533 vel
3614 5475 3738 5532 ali-

2113 5595 2296 5643 menta
2324 5585 2672 5649 damnantur,
2706 5594 2828 5635 cum
2854 5577 2912 5632 in
2929 5575 3012 5630 his
3060 5568 3425 5629 successionis
3451 5610 3463 5633 ,
3517 5563 3574 5619 in
3603 5562 3737 5619 illis

2122 5684 2331 5733 naturae
2357 5672 2537 5745 posita
2566 5670 2672 5727 sint
2702 5665 2965 5735 subsidia,
2994 5663 3092 5719 sed
3120 5659 3511 5718 immoderatus
3539 5651 3748 5710 licito-
