3932 6178
244 304 332 357 321

1019 297 1290 355 GLOSSA
1329 296 1738 355 ORDINARIA.
1778 326 1848 342 -—
1882 297 2148 356 EVANG.
2190 299 2343 356 LUC.

3427 304 3531 360 322

244 440 349 480 rum
386 438 519 479 usus
557 421 815 495 arguitur.
858 420 996 492 Quia
1034 423 1179 479 enim
1222 422 1308 478 his
1351 440 1410 485 se
1452 430 1591 479 totos
1633 423 1830 491 dando,
1862 424 2060 496 Aquia
2102 424 2362 493 majorum
2411 422 2637 480 consilio
2684 430 2960 496 reguntur,
2994 429 3052 479 ut
3079 423 3295 481 feminas
3322 440 3354 481 a
3381 425 3533 494 viris,

245 513 337 568 Dei
366 512 569 582 judicia
608 512 1041 579 contemnebant,
1085 513 1211 584 igne
1250 512 1335 567 vel
1374 529 1508 585 aqua
1546 513 1839 584 perierunt.

250 604 415 674 Usque
442 604 507 657 in
537 602 711 658 diem.
733 601 1039 673 Allegorice
1062 619 1075 655 :
1100 603 1215 656 Noe
1238 617 1415 656 arcam
1444 601 1689 671 mditicat,
1720 618 1841 656 cum

245 690 499 745 Dominus
519 688 708 745 fideles
731 690 785 744 in
807 689 1053 745 Ecclesia
1084 698 1399 762 congregat.
1438 689 1609 758 Quam
1640 698 1691 745 et
1720 707 1842 745 con-

245 788 557 833 summatam
586 779 888 851 ingreditur
918 796 1039 834 cum
1068 779 1203 833 hanc
1224 779 1278 833 in
1301 780 1387 833 die
1403 779 1589 847 judicii
1610 795 1844 851 prmsen-

245 867 310 923 tia
328 884 422 922 sua
444 867 691 923 illustrat.
717 868 823 923 Sed
853 868 978 922 dum
1011 885 1131 923 arca
1160 867 1467 933 aediﬁcatur,
1492 867 1661 939 iniqui
1692 868 1845 923 luxu-

240 956 452 1023 riantur,
470 965 523 1012 et
542 956 668 1011 dum
686 956 926 1022 intratur,
942 964 1141 1012 mterna
1158 957 1498 1012 damnatione
1514 957 1836 1028 plectuntur.

306 1072 483 1128 Vens.
524 1075 615 1129 28.
643 1103 713 1112 —
740 1073 1041 1139 Similiter,
1074 1081 1177 1129 etc.
1214 1071 1580 1129 Praatermisso
1609 1071 1844 1128 maximo

242 1159 633 1216 Sodomitarum
671 1160 899 1227 scelere,
941 1161 1055 1216 sola
1084 1177 1149 1216 ea
1178 1169 1561 1217 commemorat
1598 1178 1718 1233 quae
1758 1153 1849 1217 vel

238 1248 398 1318 levia,
449 1249 541 1305 vel
577 1249 725 1304 nulla
762 1266 886 1306 esse
924 1258 1254 1321 putarentur,
1297 1258 1355 1305 ut
1390 1249 1662 1321 intelligas
1702 1248 1846 1323 quali

239 1353 395 1410 poena
448 1338 707 1393 feriantur
753 1339 970 1406 illicita,
1013 1339 1061 1393 si
1098 1339 1239 1394 licita
1287 1346 1340 1394 et
1385 1355 1449 1394 ea
1497 1339 1615 1394 sine
1653 1338 1846 1412 quibus

241 1426 340 1483 vita
385 1442 500 1483 non
555 1427 781 1495 ducitur,
821 1427 1225 1484 immoderatius
1277 1436 1423 1499 acta,
1472 1427 1601 1501 igne
1639 1435 1692 1483 et
1730 1427 1846 1483 sul-

242 1515 408 1586 phure
436 1515 746 1587 punientur.

305 1605 470 1661 Loth.
514 1603 821 1675 Allegorice
863 1621 876 1658 :
917 1604 1074 1671 Loth,
1116 1603 1208 1677 qui
1245 1603 1619 1676 interpretatur
1666 1604 1844 1661 decli—

245 1710 407 1759 nans,
441 1700 528 1749 est
564 1693 798 1765 pepulus
837 1693 1146 1760 electorum,
1182 1694 1275 1766 qui
1312 1694 1437 1749 dum
1476 1694 1531 1748 in
1571 1694 1844 1762 Sodomis,

240 1780 289 1835 id
325 1789 412 1837 est
450 1780 592 1836 inter
633 1782 894 1853 reprobos
931 1790 988 1836 ut
1026 1783 1232 1838 advena
1270 1790 1521 1849 moratur,
1564 1790 1835 1854 quamtum
1865 1792 1920 1851 Β

242 1869 373 1925 valet
403 1870 618 1926 scelera
643 1886 829 1926 eorum
859 1870 1112 1926 declinat.
1141 1872 1388 1926 Exeunte
1418 1871 1577 1940 Loth,
1611 1871 1849 1927 Sodoma

239 1954 389 2027 perit,
416 1955 544 2027 quia
563 1955 628 2010 in
649 1956 1136 2013 consummatione
1155 1957 1353 2012 διεσαιί
1372 1957 1621 2012 exibunt
1637 1957 1843 2028 angeli,

243 2048 294 2100 et
320 2044 675 2117 separabunt
701 2045 882 2101 malos
906 2044 973 2100 de
1002 2044 1196 2101 medio
1210 2046 1521 2117 justorum,
1544 2048 1601 2100 et
1618 2046 1854 2100 mittent

245 2147 326 2190 eos
357 2128 435 2187 in
456 2132 753 2188 caminum
786 2133 933 2204 ignis
962 2132 1182 2204 (Matth.
1208 2132 1357 2203 xm).

297 2220 476 2276 Vens.
512 2224 603 2275 30.
632 2251 702 2261 —
731 2222 912 2277 Filius
953 2221 1216 2278 hominis.
1267 2219 1373 2289 Qui
1417 2220 1630 2277 interim
1675 2237 1847 2293 appa-

244 2325 360 2365 rens
400 2309 589 2364 omnia
627 2308 805 2376 videt,
847 2316 971 2364 tunc
1017 2325 1283 2381 apparens
1332 2309 1512 2365 omnia
1553 2309 1844 2379 judicabit,

238 2398 448 2468 quando
481 2406 709 2453 cunctos
732 2397 1057 2467 judiciorum
1094 2413 1310 2453 suorum
1355 2398 1551 2454 oblitos
1594 2398 1719 2453 huic
1747 2415 1850 2458 sa:-

241 2486 352 2541 culo
381 2485 735 2557 conspexerit
763 2486 1115 2558 mancipatos,
1151 2493 1208 2542 ut
1233 2486 1426 2542 merito
1466 2487 1698 2543 debeant
1726 2502 1847 2544 cum

240 2574 353 2645 ipso
380 2591 552 2647 quem
580 2574 880 2630 inhabitant
907 2576 1039 2631 orbe
1073 2574 1266 2631 deleri.

307 2690 481 2744 Vnus.
522 2692 611 2744 31.
640 2719 711 2730 -
742 2690 808 2745 In
836 2691 945 2746 illa
994 2690 1103 2747 die.
1157 2691 1447 2762 Hueusque
1477 2690 1547 2745 de
1574 2690 1677 2746 hoc
1704 2690 1848 2763 quod

242 2794 493 2850 regnum,
529 2777 585 2832 id
614 2786 697 2834 est
724 2778 984 2845 Christus,
1016 2795 1124 2834 non
1155 2794 1277 2835 cum
1322 2778 1717 2847 observatione,
1751 2779 1849 2834 sed

241 2865 549 2938 insperatus
589 2866 840 2923 adveniat
869 2884 881 2920 :
914 2884 1057 2922 nunc
1086 2877 1119 2921 a
1147 2867 1392 2939 qualibus
1437 2868 1556 2939 ipse
1585 2868 1848 2924 adventus

244 2956 550 3027 exspectari
600 2955 814 3012 debeat.
847 2956 907 3009 In
940 2963 1077 3011 tecto
1127 2964 1227 3026 est,
1275 2956 1366 3028 qui
1413 2956 1644 3013 carnalia
1683 2972 1849 3013 exce-

245 3044 372 3100 dens
395 3044 555 3101 velut
582 3044 639 3099 in
670 3061 795 3099 aura
822 3044 992 3100 libera
1018 3044 1363 3116 spiritualiter
1390 3046 1539 3103 vivit.
1573 3046 1713 3102 Vasa
1736 3046 1850 3115 ejus

1942 530 2059 584 qua":
2098 521 2276 568 tamen
2309 513 2362 567 in
2389 530 2552 567 unum
2592 513 2797 569 molunt
2842 514 3155 585 inquantum
3184 514 3253 569 de
3281 514 3392 569 suis
3430 531 3534 571 ne-

1941 597 2102 671 gotiis
2131 597 2391 653 Ecclesia)
2419 598 2607 652 usibus
2652 597 2982 653 deserviunt.
3028 598 3134 653 Sed
3173 598 3388 670 quidam
3417 606 3536 653 tan-

1940 695 2050 741 tum
2082 694 2301 758 propter
2329 694 2546 753 azterna,
2580 688 2677 760 qui
2715 687 2923 743 habent
2964 692 3236 761 tanquam
3275 704 3389 744 non
3430 690 3536 744 ha-

1940 776 2149 842 bentes,
2199 776 2418 846 quidam
2462 785 2680 847 pr0pter
2718 776 3048 847 temporalia,
3092 777 3188 849 qui
3217 778 3281 832 in
3318 778 3570 836 incerto-

1942 864 2271 920 divitiarum
2299 870 2533 938 sperant
2561 866 2611 936 (Ι
2640 868 2775 921 Tim.
2810 866 2911 935 γι).

2013 954 2185 1009 Vens.
2236 956 2321 1008 37.
2363 985 2433 994 -
2475 954 2578 1022 Qui
2628 955 2781 1009 dixit
2836 956 2976 1010 illis.
3019 956 3139 1010 Duo
3178 956 3539 1028 quaerentibus

1940 1059 2106 1098 unum
2142 1043 2465 1114 respondet,
2510 1051 2724 1098 sanctos
2773 1042 2975 1099 scilicet
3026 1060 3210 1099 secum
3257 1061 3541 1101 assumen-

1942 1130 2061 1197 dos,
2093 1130 2237 1185 aliud
2266 1130 2601 1200 subjiciendo
2631 1131 2823 1199 innuit,
2856 1132 3028 1188 malos
3063 1132 3269 1189 scilicet
3296 1148 3330 1189 a
3357 1150 3417 1190 se
3442 1150 3538 1190 re-

1941 1219 2128 1291 pulsos
2183 1236 2305 1275 cum
2361 1219 2577 1275 diabolo
2634 1220 2991 1276 damnandos.
3055 1223 3387 1295 Ubicunque,
3430 1230 3535 1280 etc.

1945 1308 2263 1381 Ubicunque
2292 1308 2446 1364 fuerit
2476 1308 2738 1364 Dominus
2783 1310 3152 1381 corporaliter,
3186 1311 3279 1366 illo
3310 1327 3543 1385 congre-

1943 1397 2212 1468 gabuntur
2249 1397 2436 1464 electi,
2477 1398 2570 1470 qui
2598 1384 2722 1467 ejus
2760 1399 3069 1470 passionem
3107 1400 3377 1456 humiliter
3413 1384 3542 1456 imi-

1943 1486 2107 1542 tando
2155 1494 2408 1559 tanquam
2455 1487 2524 1541 de
2570 1502 2733 1542 carne
2789 1488 2903 1557 ejus
2961 1495 3276 1557 saturantur,
3317 1506 3544 1562 quorum

1945 1590 2043 1646 per
2088 1574 2533 1632 resurrectionem
2583 1576 2927 1632 renovabitur
2953 1585 3010 1632 ut
3039 1578 3230 1650 aquilae
3268 1579 3540 1662 juventus.

2506 1745 2731 1803 CAPUT
2786 1745 2981 1802 XVIII.

2020 1885 2192 1941 Vens.
2222 1888 2277 1943 2.
2301 1916 2370 1927 -
2390 1887 2577 1945 Iudex
2604 1889 2855 1962 quidam.
2880 1889 3007 1945 Haec
3026 1889 3280 1960 parabole
3298 1890 3369 1946 ad
3390 1903 3547 1947 oran-

1950 1974 2077 2030 dum
2116 1982 2169 2030 et
2205 1975 2572 2043 credendum,
2615 1985 2667 2033 et
2703 1993 2815 2034 non
2851 1978 2921 2033 de
2958 1978 3145 2046 nobis,
3188 1979 3286 2036 sed
3324 1980 3393 2035 de
3430 1980 3548 2037 Deo

1950 2064 2391 2135 praesumendum
2421 2065 2679 2121 hortatur.

2020 2152 2191 2209 Vens.
2225 2156 2278 2208 3.
2312 2184 2382 2195 —
2416 2155 2587 2212 Vidua
2624 2160 2837 2211 autem.
2867 2155 2997 2212 Haec
3034 2156 3195 2212 vidua
3227 2164 3406 2229 potest
3442 2157 3547 2214 ha-

1949 2241 2077 2297 bere
2125 2242 2529 2298 similitudinem
2575 2244 2857 2315 Ecclesiae,
2899 2262 3020 2317 qua:
3066 2245 3304 2302 desolata
3338 2246 3549 2303 videtur

1949 2330 2127 2387 donec
2152 2330 2332 2387 veniat
2364 2332 2646 2399 Dominus,
2683 2333 2774 2405 qui
2805 2341 2983 2389 tamen
3031 2333 3086 2389 in
3132 2343 3341 2392 secreto
3390 2336 3549 2391 etiam

1948 2435 2090 2475 nunc
2120 2435 2303 2476 curam
2342 2421 2455 2489 ejus
2484 2421 2644 2493 gerit.
2695 2422 2923 2479 Vindice
2960 2440 3070 2479 me.
3112 2423 3244 2478 Cum
3276 2424 3407 2493 justi
3446 2440 3546 2496 pro

1946 2508 2382 2579 persecutoribus
2444 2525 2595 2565 orare
2655 2517 2992 2576 moneantur,
3036 2520 3214 2567 tamen
3270 2512 3339 2567 de
3394 2512 3552 2568 malis

1950 2596 2097 2652 salva
2139 2597 2344 2667 justitia
2392 2598 2531 2654 hanc
2576 2598 2865 2654 vindictam
2913 2608 3170 2671 expetunt
3203 2619 3216 2654 :
3249 2609 3306 2654 ut
3329 2609 3555 2672 pereant
3630 2675 3633 2678 ν

1948 2700 2138 2741 omnes
2166 2685 2311 2752 mali,
2336 2686 2423 2742 vel
2452 2687 2702 2743 conversi
2732 2688 2798 2742 ad
2823 2688 3101 2757 justitiam,
3127 2688 3213 2745 vel
3233 2689 3432 2744 amissa
3452 2705 3551 2761 per

1950 2773 2274 2845 supplicium
2301 2782 2567 2845 potestate
2598 2793 2756 2848 quam
2787 2793 2928 2833 nunc
2954 2785 3137 2833 contra
3169 2777 3342 2833 bonos
3372 2794 3548 2850 quan-

1948 2862 2040 2917 diu
2069 2864 2173 2919 hoc
2214 2862 2390 2935 ipsum
2438 2863 2596 2919 bonis
2645 2865 2860 2936 expedit
2898 2865 2986 2921 vel
3027 2866 3399 2937 temporaliter
3444 2867 3548 2922 ali-

1950 2951 2078 3023 quid
2108 2960 2353 3024 possunt.
2397 2951 2573 3023 Quem
2601 2952 2762 3009 ﬁnem
2792 2970 2913 3010 cum
2937 2955 3068 3024 justi
3096 2954 3282 3012 venire
3329 2955 3550 3012 deside-

1950 3048 2096 3111 rant,
2148 3041 2393 3114 quamvis
2430 3057 2529 3114 pro
2564 3042 2799 3099 inimicis
2848 3051 3028 3115 orent,
3070 3052 3247 3101 tamen
3295 3060 3405 3101 non
3451 3045 3554 3100 ab-

244 3132 295 3188 in
321 3134 516 3203 domo,
560 3141 686 3189 sunt
724 3133 1180 3206 concupiscentiae
1218 3134 1483 3202 carnales,
1528 3151 1662 3207 quas
1702 3134 1847 3206 prius
1870 3150 1920 3214 α
1958 3130 2121 3185 surde
2148 3130 2439 3186 vindictam
2466 3131 2785 3188 desiderare
2812 3132 3078 3189 dicuntur.

245 3230 538 3289 amaverat,
583 3222 682 3278 sed
722 3238 954 3294 superna
991 3230 1184 3294 petens
1212 3222 1267 3277 in
1296 3225 1501 3279 mundo
1538 3223 1842 3296 reliquerat,

244 3326 370 3381 quas
399 3310 729 3366 imminente
750 3310 953 3380 judicio
980 3327 1206 3367 necesse
1237 3319 1322 3367 est
1349 3328 1420 3367 ne
1445 3318 1667 3383 repetat.

308 3400 378 3454 Et
404 3402 513 3473 qui
540 3401 606 3455 in
633 3416 786 3472 agro.
830 3398 989 3468 Quod
1025 3400 1231 3456 dixerat
1263 3419 1276 3455 :
1308 3401 1447 3456 Eum
1486 3401 1577 3473 qui
1617 3401 1673 3456 in
1717 3416 1849 3473 agro

245 3494 319 3541 est
349 3496 502 3544 retro
533 3502 644 3544 non
673 3488 871 3544 debere
901 3489 1094 3555 redire,
1118 3502 1189 3545 ne
1209 3490 1278 3545 de
1306 3490 1390 3544 his
1421 3497 1623 3545 tantum
1651 3491 1849 3547 dictum

243 3576 539 3643 videretur,
578 3577 669 3649 qui
707 3585 890 3649 aperte
938 3579 1007 3633 de
1054 3595 1189 3651 agro
1235 3579 1456 3634 redituri
1498 3587 1638 3647 sunt,
1670 3579 1726 3635 id
1770 3587 1854 3634 est

243 3664 543 3721 Dominum
574 3666 750 3738 palam
795 3667 1072 3739 negaturi;
1121 3667 1357 3723 ostendit
1386 3668 1585 3724 multos
1609 3668 1701 3741 qui
1730 3684 1853 3724 cum

243 3752 431 3810 faciem
474 3756 538 3810 in
575 3755 843 3812 anteriora
878 3756 1127 3813 videntur
1174 3764 1387 3825 tenere,
1440 3757 1623 3814 animo
1675 3764 1852 3815 tamen

245 3851 380 3901 retro
407 3844 732 3916 respiciunt.

310 3959 490 4016 Vens.
532 3963 621 4017 32.
653 3990 724 4001 -
753 3961 1016 4018 Μεννηονεε
1059 3967 1252 4019 estote.
1288 3964 1437 4019 Uxor
1465 3962 1601 4018 Loth
1639 3961 1853 4037 signiﬁ-

245 4051 327 4100 cat
354 4044 484 4101 illos
534 4044 627 4117 qui
656 4044 713 4100 in
742 4045 1078 4103 tribulatione
1120 4055 1263 4102 retro
1305 4047 1620 4119 respiciunt,
1652 4056 1706 4104 et
1734 4066 1794 4104 se
1824 4064 1855 4103 a

246 4147 339 4203 Spe
367 4133 579 4190 divinae
617 4133 999 4205 promissionis
1028 4143 1291 4203 avertunt,
1324 4144 1375 4211 et
1402 4137 1525 4193 ideo
1564 4145 1732 4192 statua
1761 4153 1855 4192 sa-

245 4218 309 4275 lis
338 4222 488 4279 facta
521 4229 624 4290 est,
656 4223 783 4295 quia
814 4224 1157 4280 admonendo
1185 4226 1433 4281 homines
1464 4242 1532 4281 ne
1564 4226 1758 4282 similia
1787 4225 1855 4281 fa-

246 4309 405 4378 ciant,
445 4311 623 4367 corda
651 4326 837 4368 eorum
864 4314 1045 4368 condit
1076 4330 1144 4370 ne
1174 4314 1281 4369 sint
1318 4313 1465 4369 fatui.

313 4399 498 4455 Vens.
535 4402 624 4455 33.
648 4430 718 4440 —
742 4402 1087 4474 Quicunque.
1118 4402 1223 4473 Qui
1251 4402 1413 4459 vitam
1446 4403 1713 4460 carnalem
1740 4405 1860 4476 (ne-

2034 3219 2205 3274 Vnns.
2238 3224 2289 3274 8.
2321 3250 2391 3261 —
2423 3222 2835 3277 Verumtamen.
2870 3221 3006 3278 Dico
3028 3238 3115 3278 me
3142 3222 3403 3278 facturum
3428 3222 3553 3278 vin-

1948 3306 2146 3363 dictam
2188 3309 2487 3379 justorum,
2538 3310 2634 3366 sed
2673 3310 2750 3366 illi
2788 3318 2941 3365 erunt
2986 3310 3143 3367 valde
3192 3311 3386 3383 pauci,
3428 3311 3553 3385 quia

1947 3412 2069 3452 cum
2099 3396 2155 3450 in
2184 3396 2273 3452 die
2296 3397 2487 3467 judicii
2513 3396 2569 3452 in
2597 3397 2767 3453 forma
2799 3398 2921 3453 Filii
2950 3399 3186 3455 hominis
3233 3415 3551 3472 apparuero,

1954 3491 2100 3539 tanta
2138 3484 2237 3540 erit
2266 3485 2453 3541 raritas
2485 3486 2772 3556 justorum,
2804 3494 2862 3541 ut
2890 3503 2999 3543 non
3034 3496 3139 3543 tam
3168 3488 3237 3544 ob
3268 3488 3557 3545 clamorem

1951 3570 2197 3629 ﬁdelium
2224 3573 2419 3642 injuste
2468 3574 2918 3641 damnandorum,
2951 3593 3109 3647 quam
3141 3576 3210 3632 ob
3235 3593 3420 3633 eorum
3452 3586 3559 3633 tor-

1954 3676 2144 3731 porem
2167 3662 2310 3729 juste
2341 3662 2766 3719 damnandorum
2797 3662 2958 3719 totius
2998 3665 3107 3733 jam
3145 3666 3334 3720 mundi
3366 3665 3433 3720 sit
3462 3680 3558 3722 ac-

1954 3750 2244 3806 celeranda
2286 3750 2457 3805 ruina.
2491 3754 2688 3809 Putas.
2721 3753 2778 3807 In
2808 3752 2975 3807 verbo
3001 3753 3306 3823 increpatur
3334 3754 3552 3809 dubita-

1954 3838 2117 3894 tionis
2146 3836 2449 3910 inﬁdelitas,
2494 3857 2604 3895 non
2653 3841 2905 3911 opinatur
2950 3840 3237 3896 Divinitas.
3272 3841 3383 3897 Scit
3412 3841 3557 3897 enim

1952 3928 2130 3983 omnia
2159 3945 2258 4000 per
2295 3945 2456 4000 quem
2489 3937 2613 3984 sunt
2652 3929 2853 3997 omnia,
2902 3930 2999 3985 sed
3046 3929 3339 3993 dubitando
3371 3930 3555 3987 incre-

1954 4025 2049 4088 pat
2074 4016 2375 4073 infidelium
2402 4019 2587 4074 corda.
2714 4072 2717 4077 .

2028 4107 2198 4161 Vens.
2232 4110 2320 4163 10.
2344 4138 2413 4148 -
2437 4109 2556 4164 Duo
2590 4108 2865 4164 homines.
2900 4106 3042 4178 Quia
3069 4108 3337 4180 parabole
3363 4124 3467 4181 qua
3493 4108 3561 4164 ad

1955 4196 2219 4251 orandum
2259 4196 2521 4262 invitavit,
2556 4197 2626 4251 ita
2656 4197 2939 4267 conclusit,
2968 4204 3025 4252 ut
3055 4198 3276 4264 diceret,
3311 4198 3561 4255 veniente

1957 4284 2167 4354 Judice,
2196 4284 2412 4341 diﬂicile
2441 4285 2603 4342 fidem
2633 4285 2687 4340 in
2719 4294 2859 4341 terra
2898 4285 3298 4357 reperiendam.
3330 4288 3412 4341 Ne
3442 4287 3562 4358 quis

1952 4372 2055 4428 sibi
2098 4373 2167 4429 de
2198 4390 2535 4445 supervacua
2578 4374 2704 4431 ﬁdei
2738 4375 3068 4448 cognitione,
3103 4375 3190 4429 vel
3229 4374 3390 4430 etiam
3430 4390 3561 4431 con-

245 4487 428 4558 gando
464 4487 762 4560 Christum)
782 4488 838 4542 in
868 4461 1069 4545 mundo
1099 4490 1309 4547 salvare
1340 4491 1583 4561 voluerit,
1605 4491 1660 4546 in
1681 4461 1856 4547 futuro
2234 4463 2589 4576 P1219}???
2609 4480 2731 4576 cf:
2764 4462 3556 4576 1_]_‘:C_Lf’ar_ag°1§:“_iih§filglfs

244 4575 443 4645 perdet
476 4591 598 4630 eam
616 4576 749 4643 ;.vel
775 4577 864 4649 qui
884 4585 1139 4634 aeternam
1167 4579 1393 4635 salutem
1424 4580 1621 4636 animm
1650 4580 1860 4652 quaerit,

244 4673 354 4714 non
392 4659 612 4715 dubitet
638 4676 756 4716 eam
786 4662 914 4717 dare
942 4663 1009 4717 ad
1039 4670 1267 4719 mortem
1298 4665 1452 4733 hujus
1482 4664 1762 4736 temporis.

313 4775 496 4831 Vens.
528 4777 597 4831 34
626 4806 697 4817 -
724 4777 790 4831 In
820 4778 1137 4835 illanocte.
1174 4779 1236 4834 Id
1267 4787 1348 4836 est
1376 4780 1430 4834 in
1456 4779 1547 4834 illa
1576 4788 1682 4835 tam
1714 4789 1858 4837 tene-

247 4861 417 4920 brosa
449 4864 795 4921 tribulatione
817 4871 886 4922 ut
911 4868 973 4923 in
1002 4884 1249 4925 errorem
1271 4870 1641 4937 inducantur,
1667 4871 1719 4926 si
1736 4872 1864 4940 ﬁeri

234 4957 453 5025 potest,
492 4955 674 5010 etiam
706 4956 873 5011 electi
902 4956 1121 5025 (Matth.
1153 4957 1340 5029 xxiv).
1365 4959 1483 5016 Duo
1502 4960 1565 5014 in
1589 4960 1749 5017 lecto.
1778 4959 1859 5014 Illi

240 5043 454 5100 scilicet
490 5043 582 5114 qui
612 5043 776 5098 otium
813 5044 1036 5118 eligunt,
1070 5063 1246 5119 neque
1286 5048 1647 5115 saecularibus,
1681 5064 1860 5122 neque

241 5132 640 5188 ecclesiasticis
671 5134 908 5205 negotiis
939 5136 1203 5207 occupati.

309 5248 497 5304 Vens.
531 5251 621 5304 35.
643 5279 714 5290 -
734 5250 930 5307 Altera
957 5253 1329 5325 relinquetur.
1366 5254 1471 5324 Qui
1502 5256 1589 5312 vel
1619 5257 1859 5313 humana

239 5333 421 5405 laude,
459 5338 554 5392 vel
580 5338 821 5409 qualibet
864 5342 1207 5413 corruptione
1235 5350 1433 5399 statum
1464 5345 1586 5401 vitae
1616 5362 1724 5418 qua
1750 5345 1857 5401 im-

239 5424 400 5481 butus
434 5432 547 5490 est,
583 5426 801 5481 deserit.
844 5429 925 5484 De
964 5446 1069 5501 quo
1097 5431 1357 5487 Jeremias
1392 5450 1405 5487 :
1445 5435 1711 5491 Viderunt
1731 5452 1857 5492 eam

243 5514 451 5581 hostes,
497 5518 556 5570 et
587 5514 912 5573 deriserunt
939 5519 1171 5575 sabbata
1201 5523 1322 5593 ejus
1375 5522 1601 5591 (Thren.
1627 5524 1689 5593 1).
1721 5526 1858 5580 Due:

240 5608 435 5670 erant,
476 5611 584 5659 etc.
615 5603 751 5660 Duae
786 5604 1122 5679 differentiae,
1162 5610 1502 5682 sequentium
1540 5612 1728 5666 orbem
1765 5630 1856 5670 re-

239 5704 358 5751 rum
395 5690 710 5775 mobilium.
754 5692 887 5763 Quae
939 5694 1176 5755 femineo
1227 5714 1434 5771 genere
1480 5700 1850 5774 designantur,

1959 4550 2192 4606 ostendit
2232 4567 2266 4607 a
2306 4552 2423 4608 Deo
2460 4568 2569 4608 non
2609 4551 2734 4606 ﬁdei
2772 4552 2957 4618 verba,
3000 4552 3098 4607 sed
3136 4567 3307 4622 opera
3345 4552 3556 4607 exami-

1960 4641 2168 4707 nanda,
2206 4640 2350 4695 inter
2387 4657 2507 4712 quae
2543 4640 2779 4696 maxime
2817 4648 3011 4711 regnat
3050 4640 3353 4710 humilitas,
3397 4656 3558 4713 quam

1960 4729 2087 4801 quia
2134 4745 2243 4784 non
2287 4729 2488 4784 habent
2518 4729 2738 4800 superbi
2773 4730 2842 4785 de
2871 4745 2970 4784 sua
2992 4730 3199 4799 justitia
3222 4745 3563 4801 praesumen-

1960 4824 2062 4885 tes,
2094 4826 2148 4874 et
2176 4816 2417 4873 inﬁrmos
2462 4817 2844 4889 despicientes,
2890 4818 3043 4891 quasi
3089 4819 3249 4877 vacui
3281 4819 3406 4887 ﬁde,
3441 4835 3564 4876 cum

1959 4914 2112 4962 orant
2141 4923 2250 4962 non
2283 4907 2663 4963 exaudiuntur.

2030 4996 2199 5052 Vens.
2232 4999 2318 5050 11.
2349 5026 2420 5037 -
2456 4999 2605 5054 Deus
2633 4999 2839 5070 gratia,
2874 5004 2977 5053 etc.
3011 4997 3250 5067 Quatuor
3279 5006 3403 5054 sunt
3430 5014 3564 5071 spe-

1959 5083 2072 5140 cies
2099 5085 2324 5140 tumoris
2360 5104 2373 5139 :
2404 5101 2527 5142 cum
2558 5086 2646 5142 vel
2678 5086 2800 5158 quis
2823 5087 3028 5143 bonum
3053 5089 3197 5160 quod
3225 5088 3409 5157 habet,
3444 5103 3479 5144 a
3508 5104 3569 5145 se

1956 5172 2157 5229 habere
2188 5174 2418 5229 aestimat
2447 5192 2460 5229 :
2493 5183 2582 5231 aut
2610 5175 2657 5230 si
2686 5176 2867 5230 datum
2896 5192 2927 5231 a
2951 5178 3068 5233 Deo
3099 5177 3287 5245 credit,
3320 5193 3423 5250 pro
3449 5194 3564 5235 me-

1955 5261 2071 5316 ritis
2120 5263 2304 5317 datum
2351 5271 2533 5334 putat;
2583 5272 2677 5320 aut
2721 5280 2846 5321 cum
2887 5266 3052 5335 jactat
3084 5283 3144 5324 se
3173 5267 3376 5323 habere
3422 5267 3569 5340 quod

1955 5351 2292 5419 non'babet;
2324 5361 2412 5407 aut
2457 5369 2579 5409 cum
2626 5355 2900 5425 despectis
2949 5356 3162 5412 caeteris
3206 5356 3408 5429 appetit
3455 5355 3571 5410 sin-

1956 5439 2214 5511 gulariter
2241 5440 2414 5497 videri
2460 5443 2659 5499 habere
2707 5460 2828 5515 qua:
2873 5444 3053 5501 habet.
3104 5446 3218 5502 Hac
3268 5444 3569 5500 Pharisaaus

1954 5537 2108 5599 peste
2134 5530 2435 5601 laborabat,
2485 5532 2575 5603 qui
2620 5532 2744 5587 ideo
2774 5549 2883 5589 non
2908 5533 3228 5603 justiticatus
3257 5531 3563 5600 descendit,

1955 5618 2085 5690 quia
2110 5619 2300 5674 merita
2348 5620 2615 5677 bonorum
2665 5637 2892 5692 operum
2939 5623 3043 5679 sibi
3090 5618 3432 5693 singulariter
3460 5620 3567 5679 tri-

1952 5705 2145 5777 buens,
2178 5707 2469 5779 publicano
2496 5724 2557 5767 se
2584 5709 2832 5782 praetulit.
