4006 6178
366 220 468 277 323

943 221 1346 279 WALAFRIDI
1385 222 1627 280 STRABI
1665 222 1867 279 FULD.
1897 220 2071 278 MON.
2114 222 2266 280 OPP.
2308 226 2484 284 PARS
2521 227 2561 282 Ι.
2604 257 2673 270 -
2709 227 3179 287 THEOLOGICA.

3553 236 3657 292 324

428 343 598 400 Vnus.
635 347 720 402 12.
741 375 811 386 -
839 346 1039 419 Jejuno
1056 348 1158 404 ὺιε.
1191 348 1337 404 Ecce
1368 348 1676 403 Pharisaaus
1704 347 1775 402 ad
1804 346 1955 402 exhi-
1976 346 2034 407 A
2062 347 2150 416 tis,
2190 350 2288 406 sed
2333 351 2583 426 magistri
2633 352 2842 426 absque
2885 356 3002 411 Deo
3048 354 3288 412 excludit
3333 356 3652 415 bonitatem.

355 430 589 487 hendam
623 432 1027 505 abstinentiam,
1062 437 1129 490 ad
1170 436 1590 507 impetrandam,
1636 435 1958 491 misericor-

350 518 515 588 diam,
549 520 619 577 ad
649 522 972 579 referendas
1005 525 1121 580 Deo
1151 524 1358 597 gratias
1404 525 1622 579 oculum
1654 524 1839 592 habet,
1884 523 1959 580 ad

353 608 673 665 humilitatis
704 613 1003 668 custodiam
1033 629 1143 668 non
1171 614 1353 668 habet.
1388 613 1455 667 Et
1483 613 1610 685 quid
1640 613 1866 685 prodest
1909 615 1961 671 si

352 704 465 752 tota
495 697 690 755 civitas
719 700 1074 767 custodiatur,
1104 687 1175 756 et'
1187 717 1353 756 unum
1382 701 1635 758 foramen
1677 717 1779 774 per
1818 717 1959 774 quos

351 785 538 841 hostes
565 787 766 843 intrent
796 788 1175 859 relinquatur?

423 875 593 930 Vens.
619 879 703 930 13.
728 907 797 916 --
815 879 886 931 Et
912 878 1287 948 publicamus.
1312 877 1458 935 Sicut
1474 879 1715 946 humilis,
1733 894 1842 934 non
1861 895 1956 933 au-

351 962 440 1018 det
459 963 907 1035 appropinquare,
932 973 989 1020 ut
1006 966 1072 1020 ad
1093 983 1215 1021 eum
1232 968 1380 1022 Deus
1397 968 1787 1041 appropinquet
1809 986 1823 1022 :
1847 984 1957 1023 non

348 1051 539 1121 aspicit
562 1060 620 1106 ut
655 1053 983 1123 aspicietur;
1016 1055 1210 1125 premit
1243 1057 1647 1125 conscientiam,
1671 1057 1769 1112 sed
1800 1073 1956 1127 spem

349 1139 630 1205 sublevat;
662 1143 868 1211 percuti
896 1152 1103 1214 pectus,
1130 1161 1319 1214 poenas
1348 1145 1416 1199 de
1446 1161 1505 1200 se
1538 1144 1704 1217 exigit
1724 1153 1782 1199 ut
1805 1144 1956 1200 Deus

348 1235 567 1297 parcat;
613 1228 896 1285 confitetur
922 1240 975 1285 ut
1008 1233 1153 1286 Deus
1198 1233 1484 1303 ignoscat;
1524 1233 1758 1305 ignoscit
1806 1235 1955 1289 Deus

344 1316 489 1386 quod
517 1316 607 1372 ille
623 1319 869 1390 agnoscit
889 1322 1052 1388 Deus,
1076 1323 1374 1393 propitius.
1399 1322 1718 1376 Publicanus
1742 1322 1955 1376 humili-

345 1411 425 1458 ter
453 1420 617 1460 orans
634 1407 702 1460 ad
721 1407 841 1462 illos
860 1409 1091 1479 pertinet
1111 1409 1179 1464 de
1200 1409 1391 1481 quibus
1412 1410 1610 1465 dicitur
1630 1427 1647 1465 :
1669 1412 1814 1465 Deus
1845 1426 1953 1466 non

348 1491 505 1548 faciet
535 1493 829 1550 vindictam
854 1497 1146 1552 electorum
1171 1498 1239 1551 ad
1270 1514 1329 1553 se
1360 1498 1728 1554 clamantium.
1760 1499 1955 1554 Phari-

347 1596 491 1637 smus
520 1584 711 1638 merita
724 1585 994 1654 janctans,
1019 1586 1088 1640 ad
1109 1586 1236 1641 illos
1257 1586 1325 1641 de
1346 1586 1541 1658 quibus
1563 1588 1806 1642 subditur
1828 1605 1841 1641 :
1867 1589 1955 1643 Fi-

2130 438 2300 495 Vaas.
2327 443 2412 497 19.
2427 471 2496 482 -
2513 437 2677 497 Dixit
2698 447 2910 499 autem.
2929 442 3160 516 (Anam)
3180 445 3409 501 Versuta
3429 446 3658 503 interro-

2058 527 2222 599 gatio,
2258 537 2312 584 et
2340 529 2465 586 ideo
2495 539 2691 604 arguta
2718 532 3024 603 responsio.
3049 534 3305 589 Tentator
3324 534 3488 602 enim,
3521 545 3652 602 etc.,

2058 632 2233 690 usque
2264 618 2335 673 ad
2365 635 2488 674 cum
2519 618 2603 674 his
2632 620 2814 676 verbis
2844 619 3134 677 definiatur
3163 631 3356 679 contra
3400 632 3653 679 naturam

2057 720 2179 760 esse
2208 705 2362 761 dives
2392 707 2725 764 misericors.

2131 794 2395 851 Mandata
2419 798 2589 853 nosti.
2627 798 2757 853 Haec
2785 805 2869 853 est
2896 798 3123 870 puerilis
3150 799 3471 856 innocentiae
3498 800 3654 857 casti-

2056 889 2161 951 tas,
2192 899 2312 956 quae
2340 884 2500 939 nobis
2527 884 2786 941 imitanda
2812 887 3155 959 prOponitur,
3201 888 3247 943 si
3292 905 3521 962 regnum
3551 889 3656 944 Dei

2055 970 2268 1043 ingredi
2297 973 2566 1029 volumus.

2128 1060 2298 1115 Vnus.
2321 1066 2411 1118 23.
2434 1092 2505 1102 —
2530 1063 2693 1119 Dives
2722 1068 2865 1119 erat.
2896 1063 3093 1129 Nullus
3123 1064 3298 1133 dives,
3328 1065 3384 1121 id
3404 1072 3487 1121 est
3515 1081 3655 1121 con-

2055 1148 2193 1203 dens
2232 1149 2433 1205 divitiis
2464 1151 2596 1218 suis,
2656 1151 2893 1218 intrabit,
2918 1161 2975 1206 ut
3002 1155 3161 1208 Jesus
3190 1155 3490 1211 secundum
3519 1155 3656 1208 Mat-

2056 1238 2254 1294 thaaum
2283 1239 2521 1310 exponit.
2554 1241 2677 1295 Non
2707 1256 2844 1312 ergo
2875 1241 3070 1297 divites
3096 1250 3399 1309 manentes,
3431 1244 3529 1298 sed
3560 1244 3657 1314 qui

2055 1343 2178 1382 esse
2203 1327 2484 1383 desrerunt
2511 1328 2806 1384 intrabunt.

2126 1416 2298 1471 Vnus.
2332 1419 2424 1473 25.
2448 1447 2518 1458 -
2548 1418 2797 1473 Facilius
2825 1423 2911 1475 est
2942 1421 3120 1475 enim.
3142 1418 3388 1491 Mystice.
3420 1418 3660 1475 Facilius

2059 1512 2143 1559 est
2173 1505 2451 1560 Christum
2480 1506 2591 1577 pati
2618 1522 2720 1577 pro
2751 1507 3105 1563 dilectoribus
3132 1508 3337 1575 smculi,
3370 1523 3534 1580 quam
3564 1508 3657 1562 di-

2055 1592 2293 1649 lectores
2322 1594 2506 1651 sseculi
2535 1594 2603 1649 ad
2633 1595 2906 1650 Christum
2935 1597 3197 1653 converti.
3237 1597 3490 1652 Camelus
3519 1596 3661 1653 dici-

354 1670 465 1726 lius
486 1672 730 1728 hominis
751 1676 998 1741 veniens,
1015 1679 1185 1747 putas
1205 1676 1458 1731 inveniet
1476 1676 1645 1745 ﬁdem
1666 1678 1729 1732 in
1750 1681 1905 1732 terra
1929 1680 2024 1763 ΥΒ
2055 1690 2140 1736 tur
2169 1682 2431 1748 Christus,
2464 1683 2589 1755 quia
2619 1692 2814 1754 sponte
2844 1686 3177 1752 humiliatus,
3209 1684 3529 1740 inﬁrmitatis
3556 1700 3660 1740 no-

431 1786 599 1843 VERS.
627 1790 713 1844 14.
737 1820 804 1832 -
838 1790 978 1858 Quia
1007 1792 1212 1858 omnis,
1247 1799 1350 1846 etc.
1400 1790 1580 1845 Posita
1610 1791 1863 1846 Pharisaei
1895 1799 1948 1846 et

349 1879 626 1953 publicani
655 1878 1043 1945 controversia,
1076 1878 1294 1949 ponitur
1315 1879 1513 1948 judicis
1565 1879 1851 1946 sententia,
1889 1886 1948 1934 ut

346 1978 606 2026 caveatur
635 1968 910 2039 superbia.

419 2086 591 2141 Vens.
628 2086 716 2138 15.
747 2113 818 2123 -
846 2082 1158 2154 ΑΙῙενθὺατη
1184 2087 1396 2138 autem.
1430 2083 1559 2139 Post
1588 2083 1787 2139 dictam
1816 2099 1947 2139 con-

346 2174 686 2239 troversiam,
719 2180 841 2244 post
870 2172 1050 2227 datam
1082 2173 1403 2228 sententiam
1432 2173 1621 2227 humili
1665 2172 1943 2245 magistro,

349 2263 649 2320 offeruntur
677 2261 930 2327 infantes,
975 2268 1034 2315 ut
1070 2262 1385 2317 ostendatur
1432 2261 1576 2334 quod
1604 2261 1865 2317 innocens
1895 2269 1949 2316 et

348 2351 577 2423 simplex
609 2359 741 2406 aetas
770 2350 838 2403 ad
867 2349 1097 2421 gratiam
1134 2350 1426 2421 pertineat.
1479 2351 1767 2422 lncrepant
1808 2366 1947 2422 apo-

349 2440 493 2508 stoli,
524 2454 635 2495 non
663 2438 809 2511 quod
838 2437 1043 2494 nollent
1080 2437 1315 2494 infantes
1351 2454 1513 2493 manu
1560 2445 1613 2494 et
1640 2454 1774 2495 voce
1822 2438 1947 2495 Sal—

347 2528 554 2585 vatoris
585 2525 854 2593 benedici,
886 2526 985 2582 sed
1014 2526 1141 2599 quia
1168 2527 1407 2583 nondum
1439 2526 1667 2599 perfecti
1714 2528 1771 2581 in
1818 2524 1945 2591 ﬁde,

345 2617 605 2690 putabant
635 2631 761 2671 eum
787 2615 844 2669 in
871 2615 1277 2671 similitudinem
1310 2616 1589 2671 hominum
1617 2614 1814 2671 lassari
1840 2614 1948 2669 im-

346 2706 676 2777 portunitate
706 2703 1071 2760 offerentium.

413 2796 807 2868 Increpabant.
828 2794 943 2848 Hoc
956 2792 1193 2849 fortasse
1213 2793 1357 2859 ideo,
1373 2792 1499 2865 quia
1520 2792 1673 2863 prius
1690 2792 1950 2864 populum

346 2884 656 2940 Iudaeorum
677 2899 744 2938 ex
768 2897 875 2954 quo
897 2881 1195 2937 secundum
1214 2897 1433 2937 carnem
1454 2881 1833 2947 erant,salvari
1848 2898 1950 2938 vo-

350 2973 556 3039 lebant,
580 2971 677 3027 sed
708 2979 761 3026 et
780 2986 881 3042 pro
911 2970 1217 3025 Chananaea
1236 2969 1464 3025 muliere
1488 2970 1954 3041 supplicaverunt.

2053 1778 2176 1825 atrae
2204 1785 2374 1826 onera
2397 1772 2631 1826 sustulit.
2684 1774 2832 1828 Acus
2858 1774 3098 1844 punctio,
3134 1790 3235 1846 per
3262 1790 3424 1846 quam
3471 1789 3657 1846 angu-

2046 1859 2179 1915 stias
2210 1859 2483 1930 passionis
2512 1859 2805 1932 significat,
2837 1878 2940 1933 qua
2970 1862 3225 1933 passione
3244 1862 3391 1918 velut
3404 1877 3523 1932 acu,
3546 1877 3657 1918 na-

2046 1954 2184 2004 tura;
2214 1955 2420 2004 nostrae
2447 1950 2604 2020 quasi
2635 1950 2807 2005 scissa
2836 1950 3162 2007 vestimenta
3178 1950 3445 2007 resarcire
3458 1950 3661 2022 digna-

2046 2044 2133 2091 tus
2196 2045 2317 2103 est,
2376 2037 2433 2091 id
2496 2046 2579 2093 est
2632 2055 2893 2110 reparare
2947 2048 3074 2111 post
3126 2040 3363 2111 lapsum.
3420 2039 3592 2094 Aliter
3639 2057 3656 2093 :

2046 2124 2260 2180 facilius
2288 2133 2373 2180 est
2402 2125 2662 2198 gentilem
2691 2128 2953 2198 populum
2984 2128 3153 2199 gibbo
3179 2136 3530 2199 peccatorum
3558 2126 3661 2183 de-

2047 2213 2278 2269 formem
2302 2229 2404 2285 per
2432 2223 2722 2287 angustam
2755 2216 2882 2272 vitae
2914 2216 3056 2272 viam
3087 2216 3324 2288 ingredi,
3359 2232 3520 2289 quam
3550 2216 3657 2270 Ju-

2047 2302 2225 2357 daeum
2255 2302 2325 2357 de
2353 2303 2563 2358 meritis
2592 2303 2943 2376 gloriantem,
2984 2313 3038 2359 et
3064 2305 3133 2360 ad
3163 2305 3502 2361 subeundum
3532 2304 3661 2359 leve

2048 2406 2187 2446 onus
2214 2390 2416 2446 Christi
2445 2398 2507 2446 Se
2535 2392 2827 2448 humiliare
2855 2393 3151 2450 nolentem.

2120 2507 2294 2562 Vnus.
2325 2508 2415 2563 26.
2448 2537 2519 2547 -—
2553 2508 2684 2577 Quis
2710 2512 2942 2581 potest?
2972 2508 3286 2582 Intelligunt
3322 2509 3378 2565 in
3424 2525 3659 2566 numero

2050 2594 2276 2651 divitum
2306 2595 2645 2666 deputandos
2677 2611 2869 2652 omnes
2898 2597 2991 2669 qui
3033 2606 3220 2654 amant
3261 2598 3498 2665 divitias,
3550 2597 3658 2653 etsi

2049 2698 2159 2738 non
2187 2682 2388 2738 habent
2420 2701 2435 2738 :
2467 2683 2626 2739 aliter
2656 2684 2824 2754 enim,
2856 2701 2979 2741 cum
3009 2686 3079 2741 sit
3107 2687 3269 2741 turba
3305 2686 3483 2755 major
3509 2700 3657 2757 pau-

2051 2788 2261 2842 perum,
2295 2787 2405 2828 non
2434 2772 2681 2828 dicerent
2713 2791 2727 2828 :
2764 2773 2897 2841 Quis
2922 2779 3109 2847 potest
3138 2776 3326 2831 salvus
3354 2775 3484 2844 ﬁeri
3504 2778 3529 2830 ἵ

2124 2861 2295 2916 Vnus.
2327 2864 2419 2919 29.
2451 2891 2523 2903 —-
2550 2863 2739 2919 Nemo.
2775 2862 2882 2932 Qui
2911 2863 3148 2919 carnalia
3176 2880 3276 2935 pro
3308 2863 3541 2920 Domino
3571 2862 3660 2917 di-

2052 2949 2282 3016 miserit,
2312 2949 2608 3021 spiritualia
2638 2950 2888 3022 accipiet.
2907 2952 3123 3007 Marcus
3146 2951 3258 3007 ait:
3286 2954 3507 3009 Centies
3523 2955 3660 3008 tan-

352 3038 605 3118 Sciebant
626 3075 761 3131 ergo
780 3038 1120 3131 mysterium,
1138 3059 1281 3130 quod
1297 3038 1578 3130 utriusque
1590 3038 1775 3130 populi
1798 3073 1949 3115 voca-

2066 3042 2179 3094 tum
2206 3054 2379 3105 nunc,
2414 3046 2520 3095 etc.
2552 3038 2746 3109 (Marc.
2778 3040 2862 3111 χ),
2894 3038 2949 3094 id
2979 3048 3082 3111 est,
3113 3040 3169 3095 in
3195 3040 3297 3096 hac
3325 3040 3436 3097 vita
3462 3055 3661 3112 perse-

344 3149 419 3205 tio
435 3148 855 3215 deberetur,sed
882 3146 1117 3202 fortasse
1139 3147 1318 3203 adhuc
1338 3146 1657 3202 nesciebant
1678 3147 1948 3203 ordinem.

416 3263 587 3318 Vens.
625 3264 710 3317 16.
735 3292 805 3302 -
834 3263 1017 3319 Sinite
1045 3277 1267 3334 pueros.
1300 3261 1475 3316 Nemo
1507 3260 1797 3333 prohibeat
1827 3260 1952 3316 lan-

346 3351 544 3425 guidos
575 3350 760 3407 venire
792 3350 861 3404 ad
890 3349 1185 3405 medicum.
1221 3348 1319 3403 Isti
1348 3348 1403 3403 in
1435 3364 1591 3404 ramo
1618 3349 1754 3403 nihil
1783 3349 1960 3405 adhuc

336 3439 752 3505 commiserunt,
807 3438 907 3493 sed
935 3437 991 3492 in
1023 3437 1210 3494 radice
1238 3437 1540 3508 perierunt.
1594 3436 1701 3506 Qui
1746 3453 1845 3509 pro
1891 3452 1953 3492 se

349 3540 522 3597 agere
550 3539 660 3579 non
688 3530 936 3595 possunt,
983 3538 1205 3578 causam
1254 3538 1404 3576 suam
1452 3522 1753 3592 majoribus
1794 3537 1951 3579 com-

338 3613 622 3668 miserunt.
682 3612 893 3685 Tangat
946 3611 1194 3668 medicus
1225 3655 1238 3677 ,
1283 3619 1335 3666 et
1384 3611 1679 3668 benedieat
1717 3611 1950 3684 pusillis

340 3720 471 3759 cum
495 3703 800 3775 maioribus
821 3701 995 3773 (Psal.
1031 3702 1209 3772 cxm).
1251 3701 1472 3757 Talium
1502 3704 1589 3757 est
1618 3702 1793 3757 enim.
1826 3700 1952 3756 Non

340 3791 416 3847 ait
444 3792 691 3857 istorum,
719 3790 817 3847 sed
851 3790 942 3862 qui
973 3790 1176 3845 habent
1203 3805 1269 3844 ex
1302 3788 1481 3845 studio
1511 3788 1877 3846 innocentiam
1898 3794 1952 3844 et

340 3880 740 3952 simplicitatem
772 3895 936 3952 quam
978 3879 1069 3934 isti
1114 3879 1316 3934 habent
1358 3895 1455 3949 per
1502 3886 1773 3947 naturam,
1826 3877 1954 3949 quia

337 3985 446 4025 non
473 3977 604 4024 aetas
636 3976 848 4040 regnat,
883 3967 979 4023 sed
1019 3983 1219 4022 mores.
1274 3968 1404 4021 Non
1454 3966 1599 4022 enim
1644 3973 1728 4021 est
1775 3965 1950 4021 virtus

339 4074 449 4113 non
475 4073 639 4128 posse
667 4072 920 4126 peccare,
953 4056 1051 4110 sed
1080 4055 1246 4110 nolle.
1282 4054 1429 4110 Sicut
1456 4070 1595 4124 puer
1620 4070 1728 4109 non
1757 4070 1949 4125 perse-

340 4152 492 4201 verat
521 4144 575 4198 in
614 4144 716 4209 ira,
769 4144 933 4198 laesus
978 4159 1089 4198 non
1139 4142 1405 4208 meminit,
1456 4158 1566 4197 non
1615 4142 1953 4213 concupiscit

342 4233 651 4300 mulierem,
687 4248 796 4288 non
826 4232 1027 4303 cogitat
1058 4232 1143 4287 vel
1173 4231 1410 4303 loquitur
1448 4230 1670 4296 malum,
1725 4230 1802 4287 sic
1848 4247 1954 4287 vos

340 4322 450 4378 nisi
481 4321 642 4378 talem
675 4320 1039 4377 innocentiam
1060 4327 1114 4376 et
1133 4319 1298 4375 animi
1315 4319 1604 4390 puritatem
1623 4318 1944 4386 habueritis,

336 4426 446 4468 non
474 4410 743 4467 intrabitis
771 4410 827 4465 in
854 4426 1086 4481 regnum
1118 4409 1399 4465 caelorum.

409 4528 577 4583 Vnus.
614 4530 702 4581 17.
722 4556 790 4567 --
819 4528 1071 4599 Regnum
1098 4527 1214 4581 Dei.
1241 4525 1299 4579 Id
1321 4533 1401 4579 est
1421 4523 1726 4580 doctrinam
1744 4524 1927 4580 Evan-

336 4616 467 4687 gelii
498 4615 637 4672 sicut
667 4632 803 4686 puer
827 4616 1086 4684 jubemur
1115 4614 1384 4684 accipere.
1422 4614 1559 4668 Puer
1586 4612 1643 4667 in
1671 4612 1934 4669 discendo

336 4720 447 4760 non
479 4702 805 4760 contradicit
834 4703 1169 4759 doctoribus.
1222 4704 1343 4758 Non
1383 4702 1621 4757 rationes
1669 4709 1723 4757 et
1770 4700 1943 4756 verba

337 4791 615 4864 componit
643 4791 712 4845 ad
743 4792 1128 4857 resistendum,
1160 4791 1257 4848 sed
1289 4790 1522 4846 ﬁdeliter
1549 4788 1795 4860 suscipit,
1846 4788 1946 4844 ob-

335 4887 611 4953 temperat
642 4888 694 4935 et
722 4879 968 4951 quiescit.

410 4978 581 5032 Vnus.
616 4980 701 5031 18.
735 5004 806 5015 -
833 4977 903 5031 Et
932 4976 1305 5047 interrogavit
1332 4993 1482 5032 eum.
1507 4976 1728 5047 (ΒεοΑ.)
1748 4975 1944 5032 Audie-

338 5073 423 5120 rat
454 5064 543 5121 hic
573 5064 832 5136 princeps
853 5064 1059 5119 similes
1089 5080 1384 5134 puerorum
1410 5064 1609 5137 dignos
1641 5080 1785 5133 esse,
1808 5073 1939 5132 etc.,

338 5169 512 5227 usque
543 5153 616 5209 ad
644 5152 728 5207 his
759 5152 853 5226 qui
882 5152 1107 5224 perfecti
1126 5167 1250 5208 esse
1278 5152 1485 5222 volunt,
1504 5153 1789 5227 adjungit:
1817 5156 1945 5212 0m-

338 5245 439 5299 nia
468 5242 645 5298 vende
676 5246 733 5298 et
763 5242 836 5298 da
866 5242 1205 5315 pauperibus
1237 5242 1427 5310 (Marc.
1462 5242 1545 5311 χ).

412 5328 671 5402 Magister
699 5331 856 5393 bene,
890 5329 1032 5399 Quia
1061 5329 1265 5384 bonum
1310 5330 1637 5403 magistrum
1685 5330 1839 5398 dixit,
1889 5339 1943 5387 et

339 5435 448 5476 non
478 5420 653 5476 Deum
684 5419 770 5475 vel
803 5419 903 5475 Dei
934 5419 1128 5473 Filium
1158 5417 1441 5474 confessus
1473 5427 1556 5474 est
1584 5419 1717 5475 dicit
1746 5436 1941 5491 quam-

338 5510 422 5567 vis
451 5517 699 5566 sanctum
728 5508 1005 5564 hominem
1035 5508 1439 5579 comparatione
1469 5507 1570 5563 Dei
1597 5508 1802 5563 bonum
1833 5525 1943 5565 non

340 5616 482 5657 esse.
515 5599 765 5656 Christus
795 5605 980 5655 autem
1011 5614 1120 5654 non
1149 5597 1327 5656 renuit
1346 5597 1718 5655 testimonium
1739 5598 1944 5655 bonita-

2052 3126 2360 3182 cutionibus
2389 3126 2553 3197 plena
2581 3128 2843 3200 gaudium
2888 3128 3047 3200 regni
3077 3128 3388 3202 degustant,
3436 3136 3491 3185 et
3525 3143 3657 3184 om-

2053 3213 2205 3269 nium
2233 3214 2533 3271 electorum
2565 3215 2779 3271 sincera
2806 3215 3095 3273 dilectione
3124 3215 3391 3272 fruuntur.

2127 3330 2298 3386 Vnus.
2333 3334 2421 3385 30.
2453 3361 2524 3371 -—
2552 3332 2824 3404 Reeipiat,
2859 3338 2964 3388 etc.
3000 3330 3104 3401 Qui
3134 3347 3236 3404 pro
3265 3331 3498 3388 Domino
3525 3346 3655 3387 om-

2053 3434 2151 3474 nes
2185 3417 2404 3474 divitias
2434 3418 2714 3486 dimiserit,
2749 3427 2802 3474 et
2829 3419 3014 3475 carnis
3044 3418 3271 3477 affectus
3302 3427 3655 3491 contempse-

2052 3507 2140 3575 rit,
2172 3506 2342 3562 multo
2371 3506 2529 3579 plura
2557 3508 2781 3579 recipiet
2821 3507 2878 3562 in
2905 3508 3180 3580 praesenti,
3231 3516 3285 3564 et
3328 3525 3360 3563 a
3397 3507 3658 3564 fratribus

2053 3602 2106 3651 et
2134 3596 2415 3651 sororibus
2444 3596 2710 3668 propositi
2730 3596 2811 3651 sui
2831 3596 3040 3670 glutino
3071 3596 3338 3669 spirituali
3358 3596 3654 3670 colligatis,

2051 3684 2224 3740 multo
2253 3685 2636 3757 gratiosiorem
2663 3685 2721 3739 in
2747 3686 2853 3741 hac
2900 3685 3011 3742 vita
3038 3686 3267 3758 recipiet
3307 3685 3654 3742 charitatem.

2123 3800 2403 3856 Vnas.3l.
2436 3831 2506 3841 —
2536 3801 2876 3874 Assumpsit.
2921 3800 3232 3857 Praevidens
3280 3816 3347 3857 ex
3392 3799 3658 3871 passione

2053 3904 2154 3945 sua
2190 3888 2489 3960 discipulos
2536 3888 2954 3960 perturbandos,
3000 3889 3243 3961 praedicit
3282 3897 3335 3944 et
3375 3886 3657 3959 passionis

2050 3992 2289 4050 poenam,
2320 3984 2374 4031 et
2403 3976 2814 4033 resurrectionis
2842 3976 3095 4051 gloriam,
3145 3985 3203 4032 ut
3233 3993 3358 4033 cum
3402 3975 3655 4032 morien-

2050 4074 2158 4121 tem
2200 4074 2510 4133 cernerent,
2562 4074 2997 4122 resurrecturum
3043 4081 3155 4121 non
3200 4065 3527 4121 dubitarent.
3578 4065 3658 4120 Et

2052 4155 2620 4211 consummabantur.
2660 4155 2720 4209 In
2769 4155 2874 4210 hoc
2920 4154 3160 4210 ostendit
3203 4152 3467 4227 quidquid
3510 4166 3655 4224 pro-

2048 4244 2226 4314 phetae
2255 4243 2622 4313 praedixerunt
2650 4243 2720 4298 ad
2751 4259 2862 4298 suae
2882 4241 3304 4315 dispensationis
3331 4240 3656 4314 mysterium

2049 4330 2367 4387 intendisse.
2417 4332 2477 4386 In
2521 4346 2629 4403 quo
2675 4330 2909 4402 percutit
2957 4330 3275 4399 haereticos,
3326 4329 3417 4403 qui
3461 4329 3657 4384 dicunt

1952 4419 2009 4482 D
2038 4419 2310 4475 Christum
2340 4419 2450 4492 legi
2479 4427 2530 4474 et
2572 4419 2852 4491 prOphetis
2897 4419 3236 4476 contrarium
3282 4417 3635 4490 praedicasse,

2049 4516 2101 4564 et
2147 4509 2310 4563 alium
2357 4507 2595 4573 Veteris,
2645 4507 2812 4562 alium
2864 4507 3005 4565 Novi
3062 4523 3186 4563 esse
3229 4508 3401 4563 Deum
3444 4507 3648 4562 Testa-

2048 4597 2292 4653 tamenti.
2352 4595 2605 4653 Confutat
2661 4596 2825 4651 etiam
2885 4611 3221 4669 paganorum
3273 4593 3604 4651 dementiam
3637 4638 3657 4662 ,

2048 4686 2175 4758 quia
2204 4686 2322 4755 ejus
2351 4702 2569 4742 crucem
2612 4684 2859 4740 derident
2905 4701 3030 4739 cum
3069 4683 3328 4756 proximae
3376 4698 3485 4738 suae
3511 4697 3655 4753 pas-

2047 4774 2237 4840 sionis,
2269 4782 2323 4831 et
2349 4783 2564 4844 tempus
2584 4773 2739 4845 quasi
2768 4772 3074 4829 futurorum
3092 4773 3353 4844 praescius
3382 4770 3651 4841 ostendit,

2047 4871 2099 4918 et
2128 4863 2307 4919 locum
2337 4863 2492 4935 quasi
2521 4871 2751 4917 mortem
2782 4877 2890 4917 non
2920 4861 3117 4917 timens
3151 4861 3303 4917 adiit.

2119 4978 2288 5032 Vens.
2320 4979 2406 5032 34.
2426 5007 2497 5016 —-
2524 4978 2595 5032 Et
2623 4977 2755 5050 ipsi,
2788 4984 2891 5032 etc.
2914 4975 3178 5048 Discipuli
3207 4991 3513 5032 sermonem
3536 4975 3656 5031 Do-

2045 5065 2259 5121 minicae
2296 5064 2565 5137 passionis
2609 5065 2769 5121 toties
2810 5065 3131 5137 replicatam
3174 5064 3299 5120 ideo
3342 5063 3656 5135 intelligere

2045 5168 2156 5209 non
2182 5152 2385 5218 valent,
2417 5153 2545 5225 quia
2574 5168 2738 5225 quem
2765 5153 3001 5209 maxime
3029 5153 3214 5209 videre
3243 5152 3507 5217 desirant,
3525 5152 3658 5221 ejus

2045 5249 2273 5297 mortem
2303 5240 2489 5296 audire
2518 5256 2627 5296 non
2655 5249 2903 5313 possunt,
2926 5249 2981 5297 et
3007 5256 3169 5314 quem
3198 5256 3307 5297 non
3337 5240 3511 5296 solum
3538 5239 3657 5293 ho-

2045 5330 2247 5384 minem
2292 5328 2657 5398 innocentem,
2707 5331 2805 5386 sed
2848 5331 3012 5386 etiam
3066 5345 3254 5386 verum
3300 5330 3478 5385 Deum
3520 5343 3659 5384 esse

2046 5419 2240 5486 sciunt,
2272 5418 2409 5474 mori
2438 5434 2600 5489 posse
2630 5435 2740 5475 non
2771 5427 2977 5491 putant.

2119 5509 2288 5565 Vsus.
2330 5511 2418 5563 35.
2452 5538 2522 5549 ——
2556 5508 2763 5565 C(ecus.
2807 5508 2996 5564 Caecus
3044 5504 3314 5580 signiﬁcat
3354 5505 3664 5561 humanum

2046 5613 2243 5669 genus,
2276 5596 2422 5670 quod
2450 5613 2481 5652 a
2513 5613 2753 5669 superna
2778 5596 3020 5653 claritate
3046 5596 3330 5653 exclusum
3352 5593 3670 5651 damnatio-
