3932 6178
181 250 257 305 ais
706 314 709 315 ί
1099 213 1372 297 GLOSSA
1410 239 1823 297 onomanm.
1866 266 1934 279 -
1973 235 2244 294 EVANG.
2289 237 2441 294 LUC.

3316 239 3420 295 326

187 371 251 426 nis
273 383 366 423 suae
404 363 602 437 patitur
639 363 916 430 tenebras,
968 363 1067 420 sed
1096 379 1130 419 a
1156 363 1390 420 Domino
1420 364 1716 436 appropin-
1735 364 1796 427 Α
1821 378 1978 419 moro
2015 360 2159 418 foliis
2197 361 2410 429 similis,
2452 360 2550 416 sed
2591 360 2876 417 altitudine
2918 369 3207 433 prestans,
3249 370 3303 418 et
3339 363 3428 419 in-

187 463 340 531 quante
364 453 571 510 Iericho
601 461 846 509 curatur.
879 452 1105 509 Jericho
1139 454 1280 510 luna
1309 453 1718 530 interpretatur,

183 563 261 620 per
285 559 441 620 quam
483 540 730 599 defectus
784 540 1134 597 mortalitatis
1188 541 1528 614 intelligitur.
1580 542 1724 596 Dum

184 615 293 708 ergo
311 615 529 687 Verbum
559 630 660 686 Dei
685 628 1058 686 infirmitatem
1100 637 1303 687 nostra
1332 630 1513 687 carnis
1543 629 1723 686 susci-

181 724 254 796 pit,
279 722 417 778 homo
444 719 515 775 ad
542 719 931 792 cognoscenda
979 718 1137 774 redit.
1173 719 1361 776 Caecus
1393 719 1546 774 sedet
1570 720 1725 788 juxta

182 812 293 867 viam
314 810 429 867 dum
457 808 646 879 incipit
676 808 908 864 credere
938 807 995 862 in
1038 808 1240 879 ipsum,
1274 807 1368 880 qui
1405 807 1536 864 dicit
1571 823 1584 863 :
1622 811 1724 881 Ego

181 916 276 956 sum
299 900 376 954 via
402 897 581 969 (Joan.
603 896 750 969 xxv).
783 896 1078 964 Mendicat,
1112 896 1244 951 dum
1275 905 1455 970 rogat.

232 989 368 1042 Vsus.
406 989 492 1041 39.
524 1016 593 1025 —
620 987 692 1040 Et
731 987 828 1058 qui
867 987 1168 1058 prceibant,
1221 993 1326 1042 etc.
1379 984 1484 1055 Qui
1531 986 1718 1042 Jesum

178 1083 374 1148 praeeunt
401 1073 727 1140 venientem,
744 1073 1055 1148 signiﬁcant
1085 1090 1293 1131 ciccum
1321 1074 1627 1130 carnalium
1656 1075 1730 1131 vi-

175 1166 351 1230 tiorum,
380 1181 497 1235 quae
527 1163 794 1234 dissipant
823 1163 1214 1237 cogitationem
1242 1163 1478 1219 hominis
1508 1172 1560 1217 et
1602 1180 1729 1235 per-

174 1254 349 1308 turbant
375 1268 563 1308 vocem
593 1251 877 1319 orationis,
912 1269 981 1307 ne
1011 1253 1170 1307 Jesus
1209 1253 1279 1307 ad
1309 1251 1731 1311 illuminandum

172 1341 317 1397 venire
335 1340 496 1412 possit
519 1357 617 1397 cor
638 1340 896 1407 hominis,
913 1340 1009 1395 sed
1024 1341 1141 1409 jam
1163 1341 1403 1395 sentiens
1426 1359 1484 1397 se
1505 1340 1732 1413 gravari

170 1431 495 1501 phantasmate
515 1427 763 1500 priorum
780 1429 1113 1495 vitiorum,et
1129 1446 1321 1485 vocem
1336 1430 1600 1485 orationis
1618 1446 1731 1486 sua}

167 1518 387 1589 impediri,
409 1535 477 1572 ne
498 1534 600 1589 pro
622 1534 682 1572 se
704 1518 921 1573 exorari
942 1518 1134 1589 possit,
1176 1518 1458 1573 ardentius
1507 1518 1727 1575 clamat.

221 1607 359 1661 Vens.
392 1607 478 1661 40.
501 1636 572 1647 -
598 1606 768 1662 Stans
798 1610 1011 1673 autem,
1037 1614 1142 1664 etc.
1166 1606 1490 1673 Transiens,
1522 1624 1732 1664 caecum

1821 458 2155 524 terpretatur
2190 451 2331 520 ﬁcus
2369 453 2555 523 fatua,
2601 450 2657 505 id
2702 458 2784 506 est
2826 466 2980 507 crux.
3014 449 3149 520 Quae
3193 453 3429 509 creden-

1823 549 1906 596 tes
1936 548 1993 595 ut
2022 540 2159 596 ficus
2188 539 2382 611 pascit,
2416 540 2487 595 ab
2528 538 2841 595 infidelibus
2878 540 3141 596 irridetur
3171 550 3228 597 ut
3257 541 3426 599 fatua.

1825 627 2003 698 Quam
2048 628 2279 701 pusillus
2328 628 2595 695 ascendit,
2648 627 2780 683 dum
2830 628 3058 700 quilibet
3106 631 3327 686 humilis
3377 640 3432 687 et

1824 718 2066 789 propriae
2094 716 2423 772 inﬁrmitatis
2463 716 2740 783 conscius,
2772 717 2831 772 in
2858 718 3057 775 virtute
3089 721 3271 777 crucis
3301 719 3430 793 glo-

1826 806 2020 873 riatur,
2051 814 2105 861 et
2132 823 2232 878 per
2259 807 2403 862 hanc
2433 805 2767 861 laudabilem
2798 806 3103 863 fatuitatem
3132 818 3431 866 transeun-

1825 902 1935 950 tem
1965 912 2137 967 prope
2166 895 2460 950 Dominum
2504 896 2696 961 cernit,
2731 894 2860 967 quia
2888 895 2935 950 si
2964 897 3208 953 nondum
3236 899 3313 954 ita
3342 917 3433 957 so-

1831 984 1939 1039 lide
1968 992 2025 1039 ut
2055 992 2137 1039 est
2158 984 2293 1052 jam,
2327 992 2510 1039 tamen
2540 985 2758 1055 raptim,
2792 992 2846 1039 et
2892 986 3050 1057 quasi
3096 987 3153 1042 in
3200 994 3431 1051 transitu

1826 1072 1936 1129 luci
1965 1072 2245 1145 sapientiae
2274 1073 2513 1129 caelestis
2545 1073 2790 1129 intendit.

1908 1163 2048 1231 Quia
2076 1162 2211 1217 inde
2243 1166 2369 1217 erat
2400 1164 2777 1218 transiturus.
2810 1163 2998 1236 (1510.)
3030 1165 3128 1221 Illa
3159 1177 3316 1238 parte
3338 1173 3434 1230 ubi

1831 1266 2174 1322 sycomorus,
2207 1250 2292 1306 vel
2323 1250 2416 1304 ubi
2446 1251 2775 1319 crediturus,
2818 1260 2947 1320 etc.,
2979 1271 3153 1328 usque
3182 1259 3256 1314 ad
3285 1260 3437 1317 velut

1830 1338 1885 1393 in
1916 1338 2149 1395 fecunda
2179 1338 2462 1393 altitudine
2494 1340 2679 1411 Operis
2710 1341 3003 1398 eminebat.

1904 1424 2073 1478 Vens.
2096 1426 2319 1479 5.—Et
2356 1441 2487 1481 cum
2518 1427 2780 1481 venisset.
2803 1426 2909 1481 Per
2936 1429 3252 1497 praemissos
3282 1449 3431 1503 prae-

1832 1528 2001 1567 cones
2030 1511 2187 1567 verbi
2205 1512 2308 1579 sui,
2340 1512 2396 1566 in
2426 1514 2624 1585 quibus
2654 1521 2776 1568 erat
2806 1515 2967 1570 Jesus
2997 1524 3051 1571 et
3082 1517 3431 1593 loquebatur,

1832 1600 1979 1656 venit
1994 1601 2064 1655 ad
2078 1600 2338 1673 populum
2350 1602 2651 1667 nationum,
2673 1604 2763 1675 qui
2780 1604 3053 1674 passionis
3064 1607 3182 1676 ejus
3202 1609 3309 1664 tide
3319 1609 3435 1679 jam

174 1693 304 1760 audit,
334 1703 496 1761 stans,
529 1694 819 1761 illuminat,
851 1694 981 1767 quia
1009 1712 1111 1767 per
1145 1695 1542 1751 humanitatem
1574 1712 1730 1751 suam
1756 1726 1811 1786 B
1836 1688 2104 1786 sublimis.
2148 1690 2311 1786 Θίξεξῐη
2355 1690 2717 1786 ἀίν-ίῐιίιᾶῑεῑξι-
2738 1693 2857 1762 Θ]ῠὸ
2901 1710 3209 1786 agnoscere
3252 1698 3433 1766 ardet.

166 1791 325 1839 nostra:
338 1782 593 1839 czecitatis
608 1783 835 1839 vocibus
851 1783 1303 1855 compatitur,sed
1316 1800 1415 1855 per
1432 1784 1729 1855 potentiam
1756 1778 1807 1786 ’⁷
1832 1778 2135 1849 ευερίοὶθυε
2166 1778 2329 1845 Videt.
2362 1778 2489 1851 quia
2520 1797 2619 1850 Per
2649 1779 2812 1835 ﬁdem
2841 1796 2875 1836 εὶ
2902 1784 3135 1839 terrenis
3164 1785 3438 1842 elevatum

170 1871 425 1926 Divinitatis
446 1871 638 1926 lumen
660 1871 818 1928 nobis
840 1872 1034 1945 gratim
1053 1871 1531 1930 infundit.Adduci
1559 1875 1631 1929 ad
1650 1890 1727 1930 se.

167 1958 245 2027 Qui
263 1968 672 2030 praetereuntem
696 1960 1042 2032 aliquatenus
1065 1961 1354 2029 sentiebat,
1379 1963 1508 2017 dum
1531 1962 1585 2016 in
1606 1978 1732 2018 ora-

166 2047 279 2103 tione
296 2048 491 2120 patitur
512 2051 958 2120 phantasmatum
976 2050 1186 2115 turbas,
1202 2051 1577 2105 vehementius
1600 2051 1730 2105 insi-

162 2144 277 2190 stens
292 2136 518 2193 orationi
537 2138 757 2193 ducitur
772 2138 841 2192 ad
855 2145 1170 2204 stantem,et
1186 2138 1729 2211 recipitlumen,quia

162 2223 275 2278 Deus
295 2225 343 2279 in
356 2226 524 2281 corde
539 2225 701 2280 firmo
714 2224 979 2298 ﬁgitur,et
996 2227 1075 2282 sic
1091 2226 1183 2280 lux
1199 2227 1401 2281 amissa
1415 2235 1723 2298 reparatur.

215 2322 363 2377 Vens.
395 2324 485 2378 41.
521 2354 593 2363 -
629 2324 770 2393 Quid
818 2325 938 2391 tibi,
991 2332 1095 2381 etc.
1148 2325 1271 2379 Non
1320 2342 1387 2379 ex
1418 2324 1728 2398 ignorantia

160 2411 330 2480 quat-it,
360 2412 453 2466 sed
485 2411 617 2466 ideo
646 2419 705 2465 ut
734 2420 980 2485 rogetur,
1004 2420 1061 2467 ut
1088 2420 1327 2467 mentem
1348 2414 1726 2469 adorationem

160 2498 336 2553 excitet.
370 2498 533 2568 Quod
554 2500 887 2573 intelligens,
914 2517 1093 2557 caecus
1124 2502 1406 2575 subjungit
1430 2520 1443 2557 :
1467 2505 1721 2570 Domine,

155 2591 204 2640 ut
228 2589 442 2644 videam.
476 2589 608 2643 Non
635 2589 769 2660 petit
800 2605 980 2645 caecus
1010 2605 1207 2644 aurum
1236 2591 1325 2646 vel
1352 2590 1558 2664 aliquid
1587 2599 1725 2646 tem-

157 2676 324 2745 porale,
348 2677 440 2732 sed
460 2685 683 2732 tantum
702 2677 905 2733 lumen.
932 2679 1213 2735 Imitemur
1233 2696 1369 2753 ergo
1389 2697 1535 2747 eum,
1560 2697 1724 2754 quem

154 2772 299 2819 mente
318 2774 366 2820 et
385 2782 625 2838 corpore
648 2766 957 2822 audivimus
978 2776 1263 2835 sanatum;
1288 2777 1539 2841 petamus
1560 2785 1593 2824 a
1614 2770 1724 2825 Do-

154 2851 272 2907 mino
294 2854 462 2911 lucem
500 2863 729 2911 aeternae
758 2855 1003 2923 visionis,
1059 2865 1111 2912 et
1157 2857 1302 2914 dicet
1345 2859 1503 2914 nobis
1540 2875 1551 2914 :
1584 2861 1721 2916 Res-

161 2943 274 3010 pice,
294 2943 419 3020 ﬁdes
441 2949 545 3001 tua
570 2946 795 3000 salvum
818 2949 874 3001 te
900 2948 1060 3017 fecit.

209 3030 350 3087 Vens.
381 3035 466 3089 t3.
491 3064 568 3074 -—
592 3036 662 3089 Et
683 3037 984 3106 confestim
1005 3035 1167 3092 vidit.
1191 3035 1351 3093 Videt
1372 3043 1423 3091 et
1446 3037 1713 3109 sequitur,

1832 1865 1999 1938 elegit
2028 1866 2323 1940 eligentem
2353 1884 2432 1933 se,
2467 1876 2520 1922 et
2550 1876 2695 1923 amat
2728 1879 3002 1926 amantem
3024 1889 3102 1927 se.
3129 1876 3432 1933 Descende.

1831 1954 1990 2023 Quod
2028 1955 2366 2011 descendere
2403 1957 2472 2011 de
2512 1973 2823 2028 sycomoro,
2866 1967 2919 2014 et
2950 1959 3030 2016 sic
3060 1960 3113 2015 in
3144 1962 3309 2019 domo
3338 1981 3435 2035 pa-

1830 2059 1956 2098 rare
1985 2045 2325 2100 mansionem
2339 2045 2582 2114 jubetur,
2606 2046 2712 2103 hoc
2733 2055 2815 2102 est
2836 2049 2983 2120 quod
3004 2052 3299 2121 Apostolus
3319 2054 3395 2108 ait
3418 2069 3433 2109 :

1829 2134 1952 2189 Etsi
1961 2135 2317 2205 cognovimus
2327 2135 2637 2191 secundum
2649 2153 2881 2193 carnem
2895 2138 3307 2206 Christum,sed
3318 2144 3436 2211 iam

1829 2233 1946 2273 non
1960 2219 2302 2275 novimus.Si
2313 2222 2466 2275 enim
2486 2225 2746 2276 mortuus
2760 2226 2844 2277 est
2861 2239 2937 2278 ea:
2952 2224 3314 2293 inﬁrmitate,
3336 2227 3436 2282 sed

1817 2308 1947 2377 jam
1990 2308 2127 2362 vivit
2173 2323 2247 2362 ex
2287 2310 2501 2364 virtute
2533 2311 2635 2365 Dei
2664 2310 2741 2379 (II
2759 2311 2878 2367 Cor.
2900 2328 2953 2377 v,
2986 2314 3131 2383 xm).
3183 2315 3427 2371 Manere.

1834 2394 2091 2449 Manebat
2125 2394 2413 2466 aliquando
2443 2396 2713 2453 Dominus
2740 2399 2796 2453 in
2823 2398 3272 2472 domofprincipis
3300 2404 3438 2459 Pha-

1829 2483 2135 2549 risaeorum,
2158 2483 2214 2537 id
2244 2491 2327 2538 est
2356 2484 2413 2538 in
2440 2485 2756 2541 Judazorum
2780 2487 3077 2561 Synagoga
3106 2489 3361 2546 docebat.

1898 2572 2064 2627 Vens.
2085 2575 2138 2628 ’7.
2166 2574 2696 2630 —Murmurabant.
2713 2574 3059 2632 Manifestum
3090 2586 3173 2633 est
3213 2579 3436 2635 Judaeos

1827 2676 2048 2732 semper
2082 2660 2328 2734 gentium
2367 2662 2571 2728 odisse,
2606 2662 2700 2718 vel
2738 2679 2848 2719 non
2894 2664 3227 2722 intellexisse
3277 2667 3432 2724 salu-

1826 2755 1956 2804 tem.
2000 2750 2156 2806 Unde
2197 2757 2251 2805 et
2287 2750 2554 2805 adversus
2597 2752 2817 2807 Petrum
2855 2752 3083 2810 dicitur:
3120 2756 3303 2824 Quare
3330 2760 3428 2814 in-

1827 2838 2017 2894 troisti
2037 2838 2109 2894 ad
2127 2843 2319 2910 gentes
2336 2842 2687 2912 praeputium
2716 2842 2980 2898 habentes
2997 2842 3142 2914 (Act.
3178 2844 3283 2917 ιχ).

1897 2926 2065 2982 Vens.
2088 2931 2139 2982 8.
2172 2957 2242 2968 —
2261 2928 2431 2984 Stans
2461 2933 2675 2995 autem,
2708 2937 2813 2986 etc.
2847 2930 2983 2986 Aliis
3032 2932 3421 2989 calumnianti-

1824 3013 1928 3069 bus
1974 3015 2253 3072 hominem
2268 3016 2654 3087 'peccatorem,
2687 3018 2805 3090 ipse
2853 3027 2908 3075 et
2951 3020 3211 3077 Zachaeus
3249 3028 3426 3091 stans,

152 3117 225 3187 qui
249 3085 438 3176 boum—’1'
641 3085 1713 3197 εξεξλξξξέέξ
1739 3085 1788 3149 C
1818 3102 1875 3158 id
1905 3112 1987 3159 est
2012 3104 2070 3159 in
2102 3120 2169 3161 ea
2207 3085 2374 3177 quam
2401 3115 2645 3178 coeperat
2681 3085 2810 3164 fidei
2848 3108 3078 3166 veritate
3107 3085 3431 3182 persistens,

152 3214 324 3262 sentem
341 3210 423 3265 vel
451 3218 883 3282 praetereuntem
929 3212 1189 3269 imitatur.
1222 3213 1293 3268 Et
1330 3214 1419 3270 hic
1450 3214 1572 3269 talis
1602 3231 1712 3270 non

148 3293 292 3350 solum
317 3314 413 3368 pro
458 3299 760 3372 impetrato
804 3301 863 3355 in
908 3302 1085 3356 Deum
1131 3301 1367 3373 proficit,
1419 3303 1517 3357 sed
1547 3303 1713 3358 etiam

148 3382 255 3438 alios
280 3387 343 3441 ad
368 3386 599 3444 laudem
630 3388 732 3444 Dei
762 3390 1029 3446 accendit.
1062 3392 1134 3446 Et
1162 3393 1347 3447 omnis
1374 3392 1548 3464 plebs.
1573 3392 1715 3447 Lau-

146 3468 219 3525 dat
240 3473 381 3544 plebs
409 3477 597 3533 Deum
642 3493 754 3534 non
800 3477 979 3533 solum
1025 3495 1127 3549 pro
1166 3479 1457 3551 impetrato
1485 3497 1715 3537 munere

146 3556 271 3625 lucis,
290 3564 381 3619 sed
400 3572 454 3620 et
474 3582 585 3637 pro
604 3566 802 3622 merito
823 3566 949 3622 ﬁdei
969 3567 1335 3640 impetrantis,
1355 3569 1483 3640 quia
1501 3586 1610 3626 non
1632 3586 1718 3626 so-

141 3642 229 3702 lum
251 3649 424 3709 laudat
444 3654 603 3727 quod
625 3662 879 3726 potenter
899 3664 951 3712 et
967 3656 1403 3714 misericorditer
1421 3657 1710 3725 illuminat,

144 3737 219 3792 sed
243 3742 358 3810 quia
385 3743 696 3800 clamorem
728 3743 858 3801 fidei
889 3744 1120 3803 ﬁrmiter
1148 3746 1438 3803 clamantis
1471 3748 1710 3803 exaudit.

709 3895 936 3953 CAPUT
966 3897 1119 3953 XIX.

196 4009 343 4070 Vens.
366 4020 413 4083 t,
436 4020 491 4074 2.
518 4047 596 4059 -—
613 4021 687 4074 Et
714 4020 1025 4091 ingressus,
1060 4028 1165 4077 etc.
1198 4021 1344 4078 Ecce
1358 4023 1601 4079 camelus
1629 4024 1724 4083 de.

138 4100 284 4166 posita
308 4105 526 4161 sarcina
559 4106 717 4179 gibbi
749 4123 851 4177 per
890 4108 1141 4164 foramen
1178 4126 1310 4166 acus
1339 4112 1554 4180 transit,
1588 4114 1721 4168 dum

1814 3208 1927 3247 non
1955 3194 2134 3249 solum
2169 3211 2229 3250 se
2260 3211 2327 3251 ex
2346 3204 2639 3267 peccatore
2672 3213 3021 3266 conversum,
3046 3199 3145 3255 sed
3165 3200 3333 3255 etiam
3354 3200 3432 3256 in-

1814 3285 1900 3335 ter
1924 3280 2246 3340 innocentes
2274 3285 2473 3356 probat
2512 3295 2918 3353 conversatum,
2964 3303 3086 3344 cum
3102 3288 3267 3345 etiam
3299 3297 3426 3346 ante

1816 3371 2234 3427 conversionem
2279 3373 2602 3430 innocenter
2628 3374 2780 3442 vixit,
2813 3384 2868 3431 et
2909 3377 3004 3449 qui
3031 3385 3156 3434 ante
3190 3394 3428 3436 conver-

1817 3457 2029 3514 sionem
2057 3460 2362 3528 dimidium,
2395 3470 2519 3533 post
2548 3464 2966 3520 conversionem
2995 3474 3174 3536 potest
3203 3468 3339 3524 dare
3368 3476 3430 3524 et

1816 3553 2009 3602 totum.
2042 3549 2101 3604 Si
2139 3551 2290 3622 quid,
2324 3559 2428 3607 etc.
2473 3551 2714 3607 Primum
2761 3560 2844 3608 est
2891 3555 3193 3610 secundum
3244 3556 3425 3631 legem

1817 3636 2072 3703 reddere,
2107 3637 2306 3693 deinde
2338 3640 2485 3711 quod
2521 3648 2769 3696 remanet
2802 3643 3138 3713 pauperibus
3172 3661 3407 3718 erogare

1819 3724 1975 3780 Hunc
2003 3723 2240 3782 fructum
2270 3726 2395 3783 vita:
2422 3728 2750 3799 publicanus
2777 3730 2846 3785 de
2880 3746 3170 3801 sycomoro
3202 3750 3301 3804 per
3332 3750 3427 3790 sa-

1816 3812 2057 3883 pientem
2079 3813 2361 3870 stultitiam
2381 3815 2515 3889 legit
2537 3818 2684 3889 quod
2705 3826 2863 3889 rapta
2884 3817 3081 3886 reddit,
3116 3822 3427 3894 pr0pinqua

1820 3901 2094 3973 relinquit,
2128 3903 2365 3959 visibilia
2394 3906 2712 3972 contemnit,
2748 3907 2865 3976 ejus
2899 3924 3063 3980 quem
3084 3910 3327 3965 nondum
3346 3911 3426 3966 vi-

1818 3988 1909 4045 det
1938 3990 2094 4063 sequi
2120 3991 2354 4065 vestigia
2382 3994 2739 4066 concupiscit.

1892 4096 2128 4153 Vans.9.
2154 4129 2223 4139 —
2251 4101 2430 4156 Filius
2462 4103 2558 4157 sit.
2590 4102 2714 4159 Non
2753 4119 2939 4170 carne,
2992 4104 3091 4160 sed
3118 4104 3247 4169 ﬁde,
3302 4106 3431 4179 quia

137 4195 410 4263 ωηιρωριο
448 4209 626 4250 censu
672 4194 968 4263 fraudium,
1011 4207 1304 4270 angustam
1342 4208 1558 4271 ponam
1599 4218 1722 4274 qua,
1822 4183 2266 4243 sicut'Abraham
2292 4189 2449 4258 jussu
2480 4191 2580 4245 Dei
2620 4193 2854 4262 patriam
2901 4194 2973 4250 ob
3022 4211 3177 4265 spem
3233 4194 3431 4250 futurae

140 4273 259 4331 ducit
285 4281 351 4335 ad
380 4282 555 4338 vitam
588 4284 856 4341 ascendit.
904 4287 973 4341 Et
1018 4287 1147 4359 quia
1175 4288 1465 4345 devotione
1494 4273 1630 4346 fidei
1650 4292 1721 4347 ad

1835 4274 2154 4331 aareditatis
2182 4277 2442 4346 deseruit,
2494 4280 2573 4336 sic
2620 4289 2673 4335 et
2719 4280 2819 4336 iste
2869 4284 2960 4354 qui
3007 4284 3326 4339 thesaurum
3374 4283 3430 4337 in

139 4361 399 4424 videndum
430 4371 804 4439 Salvatorem,
839 4375 987 4447 quod
1018 4385 1216 4432 natura
1248 4376 1429 4434 minus
1458 4379 1718 4446 habebat,

1835 4362 1975 4418 att-lis
2004 4364 2237 4436 acquirit
2267 4383 2383 4437 spe.

133 4465 331 4540 ascensu
355 4460 584 4516 arboris
606 4462 844 4534 supplet,
861 4464 1008 4533 iuste
1041 4466 1187 4537 quod
1209 4482 1410 4540 rogare
1430 4483 1542 4523 non
1562 4469 1726 4525 ηυδε·
1753 4448 1807 4509 D
1900 4452 2067 4508 Vens.
2109 4457 2195 4509 10.
2228 4484 2299 4495 —
2336 4458 2512 4523 Venit,
2565 4465 2668 4515 etc.
2721 4457 2901 4514 Etiam
2955 4462 3426 4519 murmurantibus

134 4536 222 4607 bat,
268 4545 583 4605 Dominicaa
634 4552 998 4623 susceptionis
1046 4536 1484 4611 benedictionem
1529 4557 1726 4628 accipit
1824 4554 1925 4594 sue
1943 4543 2207 4612 mysteria
2227 4559 2337 4599 non
2357 4544 2688 4618 dedignatur
2713 4563 3006 4618 exponere.
3033 4550 3179 4623 quod
3201 4561 3428 4624 propter

137 4644 281 4698 quam
301 4634 685 4693 desiderabat.
710 4640 956 4710 Mystice,
989 4643 1269 4709 Zachaeus,
1294 4645 1386 4716 qui
1407 4644 1722 4716 interpreta-

1835 4629 2197 4699 prenitentiam
2226 4641 2579 4703 peccatorum
2608 4635 3013 4707 suspiciendam
3040 4639 3276 4696 maxime
3306 4641 3426 4713 ipse

138 4723 215 4770 tur
231 4723 617 4793 justiﬁcatus,
653 4727 925 4801 significat
955 4733 1244 4787 credentes
1273 4749 1337 4787 ex
1358 4733 1613 4806 gentibus
1635 4734 1728 4806 qui

127 4821 211 4873 per
230 4814 659 4884 occupationem
682 4819 1066 4889 temporalium
1087 4821 1337 4893 depressi
1355 4830 1530 4889 erant,
1556 4830 1609 4878 et
1629 4822 1724 4877 mi-

126 4893 251 4963 nimi,
284 4902 381 4956 sed
406 4918 442 4957 a
475 4905 720 4961 Domino
753 4907 1095 4965 sanctiﬁcati.

178 4987 239 5041 Et
264 4991 385 5062 ipse
414 4993 602 5050 dives.
639 4992 776 5064 Quis
807 4996 877 5051 de
908 5014 968 5053 se
997 4998 1273 5071 desperet,
1297 5015 1422 5057 cum
1444 5001 1589 5057 venit
1617 5001 1721 5059 iste

124 5072 368 5171 aii-Deum
399 5083 495 5143 cui
528 5098 732 5139 census
763 5101 829 5141 ex
858 5084 1095 5143 fraude?
1123 5089 1228 5144 Per
1272 5090 1417 5146 hunc
1466 5100 1715 5171 apparet,

124 5162 229 5230 quia
255 5182 364 5224 non
395 5171 591 5226 omnis
622 5172 778 5228 dives
808 5188 1031 5232 avarus.

178 5260 330 5349 Vens.
360 5271 414 5321 3.
436 5298 512 5309 —
534 5271 666 5325 Prae
695 5272 879 5328 turba.
914 5272 1048 5343 Quae
1078 5274 1258 5342 turba,
1304 5275 1408 5331 nisi
1450 5276 1717 5349 imperitae

1822 4717 1878 4771 in
1907 4727 2111 4774 terram
2142 4721 2370 4788 venerit,
2402 4723 2495 4776 ubi
2524 4732 2576 4778 et
2607 4741 2665 4779 se
2686 4725 2926 4796 appellat
2949 4726 3143 4782 Filium
3162 4729 3422 4785 hominis.

1821 4815 1880 4861 ut
1910 4807 2148 4865 insinuet
2176 4810 2336 4866 nobis
2365 4811 2832 4883 dispensationem
2866 4832 2979 4871 sua:
3008 4817 3248 4889 pietatis.

1892 4925 2061 4982 Vens.
2088 4928 2400 4983 tt.—Hcec
2432 4928 2573 4995 illis,
2614 4936 2718 4986 etc.
2755 4929 3021 5004 Suscepta
3053 4941 3107 4990 et
3147 4950 3420 5003 commen,

1819 5011 1948 5068 data
1994 5015 2313 5085 paenitentia
2358 5016 2637 5088 publicani
2683 5018 2885 5087 divitis,
2920 5037 3038 5093 'per
3096 5024 3423 5096 parabolam

1818 5102 1980 5159 docet
1996 5104 2100 5158 sibi
2129 5105 2308 5177 magis
2336 5106 2705 5178 paenitentiam
2735 5117 3109 5181 peccatorum,
3147 5130 3311 5186 quam
3326 5115 3423 5186 ju-

1818 5191 2021 5246 stitiam
2067 5192 2294 5265 placere
2344 5196 2729 5267 superborum,
2779 5191 3013 5273 latisque
3060 5201 3116 5256 in
3162 5204 3421 5276 gentibus

1816 5280 1886 5335 de
1933 5280 2247 5352 ignorantia
2274 5284 2417 5357 legis
2446 5285 2758 5358 humilibus,
2819 5306 2982 5361 quam
3014 5291 3071 5345 in
3126 5291 3331 5349 Iudaeis
3351 5293 3422 5349 de

121 5348 335 5409 confusio
366 5356 772 5425 multitudinis,
791 5379 912 5434 quae
933 5362 1195 5420 verticem
1218 5365 1498 5436 sapientia:
1528 5348 1715 5423 videre
1808 5348 2023 5434 justitia
2052 5369 2194 5443 legis
2232 5348 2677 5445 superbientibus
2689 5393 2748 5433 se
2762 5348 3281 5453 esseregnaturum.

119 5440 301 5508 nequit?
318 5445 601 5503 Zachazus
623 5464 759 5522 ergo
779 5467 889 5506 non
911 5451 968 5506 in
989 5453 1275 5520 turba,sed
1296 5454 1518 5525 plebem
1539 5463 1715 5511 trans-

117 5537 313 5593 gressus
340 5535 621 5591 Messium
650 5554 814 5609 quem
845 5540 1124 5596 desiderat
1157 5541 1370 5614 aspicit.

170 5615 328 5676 Vens.
356 5625 413 5679 4.
445 5655 522 5667 -
550 5625 933 5698 Sycomorum.
985 5630 1319 5702 Sycomorus
1366 5632 1535 5689 arbor
1604 5641 1706 5702 est,

1884 5461 1960 5515 Eo
1990 5462 2150 5533 quod.
2182 5462 2307 5518 Non
2355 5463 2532 5519 solum
2581 5466 2674 5539 qui
2715 5467 2845 5537 justi
2891 5479 3269 5541 perseverant,
3321 5468 3418 5523 sed

1812 5546 1980 5603 etiam
2009 5550 2102 5621 qui
2128 5550 2198 5606 de
2236 5550 2501 5622 injustitia
2548 5564 2940 5614 convertuntur
2986 5558 3056 5614 ad
3098 5557 3240 5613 filios
3281 5570 3416 5627 pro-

1810 5636 2092 5696 missionis
2120 5641 2415 5712 pertinent.
