4006 6178
428 272 533 329 327

958 269 1363 328 WALAFRIDI
1400 270 1643 328 STRABI
1671 269 1879 328 FULD.
1927 267 2100 328 MON.
2132 267 2285 326 OPP.
2328 266 2505 325 PARS
2532 268 2574 323 Ι.
2615 295 2687 310 -
2710 265 3184 325 THEOLOGICA.

3628 269 3743 324 328

505 395 677 452 Vnus.
699 397 788 454 l2.
808 424 878 437 -——
894 396 1100 452 Nobilis
1118 398 1275 453 abiit.
1302 396 1400 452 Hic
1421 403 1503 451 est
1524 395 1724 451 nobilis
1745 395 1834 452 cui
1857 411 2039 452 caecus
2066 395 2124 457 Α
2143 411 2236 450 sus
2258 401 2359 461 est,
2384 395 2473 451 cui
2492 394 2756 449 Dominus
2775 370 2960 449 mnam
2981 409 3149 449 unam
3168 391 3529 464 eamdemque
3550 390 3738 462 ﬁdem,

432 485 751 541 clamabat:
811 486 1070 541 Miserere
1098 488 1231 553 mei,
1270 487 1357 554 ﬁli
1394 486 1591 551 David,
1646 494 1700 540 et
1751 485 1840 541 cui
1889 486 2034 541 tubae

434 575 745 632 clamabant
779 590 792 630 :
826 577 1089 630 Hosanna
1131 576 1247 643 ﬁlio
1293 576 1471 630 David
1506 592 1519 630 :
1567 576 1892 631 benedictus
1939 577 2036 648 qui

436 667 590 720 venit
620 667 683 720 in
712 666 940 719 nomine
968 666 1193 719 Domini
1222 680 1328 719 rex
1358 665 1553 729 Israel,
1588 664 1680 735 qui
1711 665 2035 720 constitutus

434 760 517 808 est
547 769 580 808 a
610 755 769 807 Patre
792 770 905 819 rex,
932 752 1020 807 cui
1039 753 1179 807 datte
1203 760 1324 806 sunt
1348 760 1539 825 gentes
1560 753 1615 805 in
1635 752 2030 809 haereditatem.

434 844 836 914 Longinquam.
871 843 1187 896 Excaecatos
1216 842 1436 896 Iudaeos
1468 842 1804 913 relinquens,
1838 843 2037 897 transit

433 932 504 985 ad
533 929 917 984 illuminandas
966 937 1179 1002 gentes,
1233 948 1355 1000 qum
1384 931 1549 1003 longe
1591 931 1743 1002 (quia
1773 948 1806 985 a
1836 930 2035 986 finibus

433 1020 618 1089 terrae)
649 1018 887 1074 clamant
916 1019 986 1073 ad
1008 1020 1321 1085 Dominum,
1348 1020 1435 1075 vel
1458 1019 1586 1091 quia
1610 1022 1768 1092 longe
1788 1038 1823 1075 a
1840 1037 2037 1093 pecca-

435 1109 645 1163 toribus
673 1109 829 1163 salus
851 1108 1027 1179 (Psal.
1052 1110 1285 1179 cxvm):
1314 1110 1481 1176 Deus,
1522 1109 1615 1180 qui
1649 1109 1851 1181 ubique
1888 1126 2036 1181 prte-

432 1211 580 1263 sens,
614 1196 779 1269 longe
809 1197 880 1251 ab
909 1196 995 1250 his
1026 1197 1119 1268 qui
1139 1196 1287 1253 idola
1307 1197 1511 1266 colunt,
1547 1198 1645 1254 sed
1666 1205 1719 1254 et
1740 1198 1844 1270 ipsi
1864 1216 2037 1271 prope

432 1284 559 1341 facti
590 1294 715 1340 sunt
742 1285 799 1340 in
829 1286 1115 1359 sanguine.

504 1402 674 1457 Vens.
712 1405 798 1456 13.
831 1433 901 1441 -
937 1404 1149 1458 Vocatis
1171 1407 1365 1458 autem
1396 1403 1604 1459 decem.
1642 1404 1815 1459 Vocat
1844 1403 2038 1459 decem

434 1506 645 1557 servos,
677 1490 808 1545 dum
838 1490 1003 1562 elegit
1033 1491 1330 1561 discipulos
1351 1490 1532 1547 littera
1561 1492 1824 1565 Decalogi
1854 1491 2037 1546 imbu-

433 1587 541 1636 tos.
587 1580 693 1634 Dat
741 1578 932 1634 decem
980 1596 1157 1646 mnas,
1209 1580 1341 1634 dum
1398 1587 1521 1650 post
1578 1581 2038 1637 resurrectionem

435 1668 629 1739 surgit,
665 1676 716 1723 et
745 1668 920 1739 aperit
970 1685 1210 1735 sensum,
1262 1676 1321 1723 ut
1368 1668 1724 1738 spiritualiter
1769 1669 2039 1741 intelligat

2136 502 2258 556 quae
2287 484 2690 541 circumcisioni
2720 485 2928 540 credita
2948 492 3048 549 est,
3076 484 3147 539 ad
3167 482 3579 554 praedicandum
3599 499 3746 539 com-

2134 573 2299 628 misit.
2335 573 2470 643 Quze
2501 574 2739 646 quinque
2782 589 2938 628 muas
2978 572 3125 639 facit,
3175 572 3303 644 quia
3346 578 3537 643 gentes
3576 572 3745 643 quin-

2137 679 2242 734 que
2275 663 2527 717 sensibus
2558 662 2806 734 corporis
2849 660 3208 733 mancipatas,
3243 660 3312 715 ad
3343 660 3580 733 gratiam
3613 659 3749 717 fidei

2137 752 2470 824 evangelicae
2508 754 2793 808 convertit.
2838 753 2903 808 In
2951 752 3200 817 sudario,
3253 758 3357 806 etc.
3409 752 3470 803 In
3517 750 3745 807 sudario

2136 841 2427 911 pecuniam
2449 841 2681 911 reponit,
2708 840 2801 912 qui
2820 841 2890 895 ad
2920 840 3331 911 praedicandum
3351 838 3603 905 idoneus,
3633 838 3745 893 offi-

2137 928 2283 985 cium
2311 929 2646 1000 praedicandi
2676 930 2761 985 vel
2783 930 3062 1000 suscipere
3094 928 3291 994 renuit,
3315 928 3400 984 vel
3424 936 3742 998 susceptum

2136 1034 2248 1073 non
2278 1019 2417 1073 bene
2450 1018 2612 1091 gerit,
2644 1018 2743 1073 sed
2772 1026 3033 1089 percepta
3069 1018 3215 1072 dona
3252 1018 3353 1072 sub
3382 1016 3493 1072 otio
3522 1025 3745 1088 tempo-

2138 1107 2214 1161 ris
2245 1108 2531 1164 abscondit
2561 1123 2769 1175 secum,
2801 1107 3017 1163 dicens:
3061 1105 3268 1163 Sufﬁcit
3304 1105 3437 1161 mihi
3465 1114 3523 1161 ut
3554 1106 3622 1161 de
3654 1122 3743 1163 me

2139 1196 2407 1252 rationem
2439 1197 2686 1262 reddam,
2720 1213 2820 1252 cur
2860 1197 2981 1251 aliis
3024 1194 3337 1267 praedicem,
3381 1195 3467 1251 vel
3506 1195 3576 1250 de
3620 1196 3744 1251 aliis

2139 1301 2313 1359 OOgar
2340 1286 2574 1341 reddere
2605 1286 2913 1340 rationem?
2942 1300 3067 1341 cum
3088 1285 3252 1339 etiam
3282 1284 3428 1355 apud
3458 1284 3634 1340 Deum
3667 1284 3744 1338 illi

2140 1383 2265 1429 sunt
2293 1374 2692 1430 inexcusabiles
2725 1375 2922 1446 quibus
2964 1374 3051 1428 lex
3093 1374 3223 1428 data
3264 1389 3374 1428 non
3416 1381 3517 1441 est,
3561 1390 3743 1445 neque

2139 1464 2324 1519 audito
2346 1464 2647 1537 Evangelia
2668 1463 3029 1530 dormierunt,
3056 1462 3183 1534 quia
3202 1479 3303 1534 per
3317 1470 3627 1519 creaturam
3644 1479 3745 1534 po-

2139 1560 2319 1608 terant
2350 1554 2666 1607 Creatorem
2694 1568 3054 1625 cognoscere.

2212 1650 2383 1705 VERS.
2407 1654 2495 1706 21.
2515 1681 2585 1690 —
2615 1651 2771 1705 Metis
2803 1650 2962 1722 quod.
2995 1648 3146 1704 Metit
3177 1648 3321 1703 enim
3351 1650 3495 1704 Deus
3516 1649 3609 1704 ubi
3631 1665 3747 1704 non

432 1737 573 1828 legis
600 1756 747 1812 dicta
775 1737 901 1811 llIna
930 1757 1122 1813 decem
1172 1737 1466 1812 drachmas
1500 1759 1778 1829 appendit.
1821 1760 1889 1813 Et
1919 1737 2042 1814 oin-
2072 1738 2551 1829 BsemiDaYitrid
2599 1746 2680 1829 est
2730 1739 2895 1829 etiam
2943 1755 3038 1793 eos
3085 1737 3376 1829 irnpietatis
3422 1754 3546 1829 reos
3593 1744 3747 1829 tenet

432 1845 519 1901 nis
541 1845 837 1916 Scriptura:
859 1861 1061 1911 sermo,
1087 1845 1216 1917 quia
1239 1846 1363 1902 vitae
1385 1846 1624 1903 coelestis
1644 1847 2038 1918 perfectionem

435 1934 702 2008 suggerit,
737 1935 893 2006 quasi
941 1935 1241 1990 centenarii
1291 1937 1506 1990 numeri
1554 1937 1799 2007 pondere
1841 1936 2033 2008 fulget.

434 2025 829 2096 Negotiamini.
881 2024 1065 2079 Verba
1112 2023 1251 2095 legis
1299 2024 1530 2095 mystica
1587 2020 2038 2097 interpretatione

436 2112 685 2169 discussa
713 2112 929 2183 populis
959 2111 1171 2179 offerte,
1225 2120 1278 2168 et
1326 2114 1396 2167 ab
1427 2114 1506 2169 eis
1536 2114 1938 2171 confessionem
1968 2114 2037 2170 fi-

434 2201 543 2269 dei,
577 2218 901 2274 morumque
931 2202 1261 2273 probitatem
1291 2202 1536 2274 recipite.

508 2333 678 2388 Vnus.
716 2334 973 2387 15.—Et
1003 2336 1226 2403 factum
1259 2337 1363 2388 est.
1389 2332 1642 2402 Quotidie
1675 2332 1925 2389 Christus
1955 2348 2042 2390 ac-

436 2429 595 2494 cepto
616 2436 791 2493 regno
810 2436 844 2476 a
864 2422 1026 2476 Patre
1047 2421 1206 2488 redit,
1241 2422 1370 2493 quia
1390 2423 1795 2494 peregrinantis
1814 2422 1871 2477 in
1891 2430 2042 2478 terra

436 2510 698 2568 Ecclesiae
745 2526 964 2581 semper
1002 2517 1203 2565 statum
1249 2511 1534 2582 conspicit.
1570 2512 1706 2568 Huic
1747 2527 1909 2568 servo
1939 2527 2041 2583 pe-

439 2598 666 2657 cuniam
685 2598 1032 2672 negotiaturo
1054 2600 1386 2668 commodat,
1404 2600 1458 2654 in
1480 2600 1655 2656 altero
1672 2600 1898 2656 modum
1919 2616 2045 2656 con-

441 2688 697 2745 summati
727 2689 912 2759 operis
942 2689 1233 2744 examinat.
1270 2691 1425 2745 Hunc
1454 2690 1757 2760 prudenter
1784 2690 2045 2745 laboran-

437 2785 549 2834 tem
577 2777 831 2849 ampliori
861 2777 1040 2848 gratia
1069 2778 1255 2845 donat,
1300 2778 1454 2833 illum
1497 2779 1782 2833 luxuriosa
1821 2785 2043 2835 sectan-

437 2875 567 2933 tem,
620 2866 784 2921 etiam
831 2866 979 2938 quod
1028 2866 1256 2922 dederat
1303 2867 1500 2938 privat.
1557 2869 1616 2921 In
1658 2867 1866 2936 judicio
1911 2883 2045 2923 vero

437 2954 594 3011 multi
622 2955 716 3027 qui
744 2954 815 3011 ad
843 2954 1153 3011 docendum
1182 2956 1365 3011 idonei
1395 2956 1740 3025 videbantur,
1776 2957 1848 3011 ob
1877 2956 2047 3029 negli.

436 3038 680 3113 gentiam
708 3055 865 3094 suam
894 3039 1035 3094 inter
1066 3040 1318 3096 indoctos
1349 3040 1768 3110 reputabuntur.
1805 3038 2047 3108 Quidam

2140 1828 2338 1901 quibus
2367 1828 2508 1901 legis
2539 1828 2768 1883 verbum
2801 1828 2889 1883 vel
2916 1827 3201 1901 Evangelii
3243 1842 3355 1881 non
3390 1826 3741 1883 ministravit.

2139 1918 2358 1973 Timens
2389 1933 2525 1990 ergo
2554 1916 2861 1987 periculum
2882 1916 3094 1987 judicii,
3118 1916 3464 1989 requiescam
3483 1916 3553 1971 ab
3575 1916 3747 1972 admi-

2139 2006 2461 2061 nistratione
2491 2005 2665 2061 verbi.

2211 2106 2382 2159 Vens.
2406 2108 2494 2163 22.
2518 2135 2587 2144 —
2617 2104 2855 2170 Sciebas,
2889 2110 2993 2160 etc.
3027 2102 3187 2173 Quod
3215 2111 3501 2176 putaverat
3532 2120 3635 2175 pro
3658 2122 3751 2161 ex-

2141 2192 2424 2250 cusatione
2454 2192 2656 2247 dixisse
2686 2180 2917 2248 vertitur
2945 2192 3001 2246 in
3039 2192 3275 2264 culpam.
3319 2193 3376 2248 Si
3412 2209 3500 2247 me
3538 2192 3615 2247 ita
3643 2192 3750 2248 du-

2140 2299 2265 2337 rum
2294 2289 2346 2337 et
2376 2281 2656 2337 crudelem
2686 2297 2943 2347 noveras,
2990 2296 3160 2352 quare
3200 2281 3305 2335 ista
3343 2280 3603 2355 cogitatio
3632 2297 3748 2336 non

2140 2370 2369 2427 incussit
2398 2370 2495 2425 tibi
2521 2370 2796 2438 timorem,
2827 2377 2886 2425 ut
2924 2371 3095 2427 scires
3132 2386 3222 2426 me
3263 2385 3389 2426 mea
3426 2369 3747 2444 diligentius

2143 2459 2526 2532 qumsiturum.

2215 2577 2386 2631 Vnus.
2410 2579 2497 2633 23.
2517 2605 2587 2615 —
2616 2577 2942 2631 Pecuniam.
2975 2574 3039 2630 Id
3075 2582 3157 2631 est
3187 2574 3564 2648 evangelicum
3592 2591 3747 2646 prm-

2143 2664 2472 2721 dicationem
2499 2663 2815 2736 paratisque
2845 2663 3087 2719 ﬁdelium
3107 2664 3367 2720 cordibus
3395 2681 3506 2720 non
3530 2664 3749 2720 intima-

2143 2755 2230 2809 sti.
2265 2755 2452 2831 Meam
2470 2753 2544 2809 ad
2573 2770 2847 2809 mensam.
2880 2754 3004 2808 Non
3033 2760 3201 2809 tuam.
3233 2754 3387 2810 Unde
3409 2752 3743 2826 Apostolus:

2143 2843 2203 2899 Si
2217 2845 2340 2916 quis
2369 2844 2636 2916 loquitur,
2656 2845 2817 2915 quasi
2836 2859 3119 2899 sermones
3133 2842 3457 2915 Dei(IPetr.
3477 2842 3580 2913 iv).
3603 2844 3749 2899 Cum

2144 2934 2355 2988 usuris.
2382 2930 2488 2999 Qui
2502 2931 2658 2987 verbi
2677 2930 2965 3001 pecuniam
2981 2947 3015 2986 a
3034 2931 3261 2987 doctore
3281 2931 3410 2987 emit
3439 2931 3743 2998 credendo,

2145 3036 2373 3077 necesse
2404 3028 2486 3075 est
2534 3028 2592 3074 ut
2640 3035 2767 3076 cum
2813 3020 2995 3075 usuris
3044 3020 3219 3076 solvat
3267 3019 3568 3091 operando.
3616 3019 3741 3085 Vel,

435 3107 782 3200 simplicioris
812 3128 1211 3184 observationis
1240 3107 1587 3184 devotionem
1608 3128 1751 3183 inter
1779 3107 2040 3199 apostoli-
2062 3122 2112 3186 C
2146 3109 2215 3165 de
2232 3116 2473 3200 flccellto
2501 3108 2659 3200 Velim
2678 3107 2866 3200 ίθηίξτθ
2888 3122 3085 3200 Ἐλευῗξξε
3106 3108 3284 3177 δοῙνίῐτ
3309 3108 3401 3181 qui
3422 3125 3488 3165 ex
3508 3124 3575 3165 θο
3595 3107 3748 3180 Ψιοά

436 3233 532 3274 cos
570 3232 785 3272 summa
829 3217 1057 3288 praemia
1101 3217 1423 3288 percipient.
1481 3218 1585 3287 Qui
1633 3219 1788 3273 enim
1832 3220 2039 3289 recipit

434 3308 770 3380 prophetam
814 3309 879 3363 in
925 3308 1155 3363 nomine
1197 3307 1505 3380 prophetae,
1556 3306 1875 3364 mercedem
1899 3323 2036 3379 pro-

436 3397 621 3468 pheta:
648 3397 891 3469 accipiet
919 3396 1139 3467 (Matth.
1174 3395 1250 3467 x).

508 3531 679 3587 Vens.
716 3534 801 3587 16.
836 3561 905 3572 -
941 3533 1098 3587 Venit
1145 3534 1358 3586 autem.
1410 3529 1622 3585 Primus
1653 3547 1864 3596 servus,
1898 3528 2035 3585 ordo

438 3619 725 3677 doctorum
752 3618 809 3673 in
823 3618 1241 3676 circumcisione
1272 3619 1492 3685 missus,
1530 3619 1623 3692 qui
1653 3634 1822 3674 unam
1849 3634 2037 3673 mnam

439 3709 817 3781 negotiaturus
847 3710 1076 3780 accepit,
1104 3708 1231 3781 quia
1251 3724 1418 3763 unum
1440 3711 1635 3776 Deum,
1660 3725 1827 3764 unam
1848 3708 2032 3775 ﬁdem,

437 3816 607 3854 unum
634 3799 907 3870 baptisma
952 3799 1152 3854 missus
1200 3806 1282 3854 est
1330 3798 1652 3869 praedicare.
1705 3798 1814 3853 Sed
1843 3797 2037 3853 decem

437 3887 671 3961 achirit
698 3887 828 3943 dum
857 3888 1119 3960 populum
1138 3888 1241 3943 sub
1259 3887 1383 3961 lege
1405 3888 1759 3944 constitutum
1787 3886 2036 3943 docendo

439 3977 658 4033 sibimet
686 3977 941 4033 associat.

512 4102 681 4156 Vnus.
718 4102 805 4156 17.
838 4131 906 4142 -
935 4102 1000 4156 In
1049 4100 1264 4157 modico
1311 4102 1479 4171 fuisti
1526 4100 1730 4169 ﬁdelis.
1763 4099 2038 4157 Modicum

441 4197 524 4245 est
553 4188 819 4261 quidquid
862 4189 917 4243 in
964 4189 1221 4260 praesenti
1268 4189 1600 4260 percipimus
1648 4188 1919 4245 donorum
1965 4190 2037 4245 ad

441 4278 910 4351 comparationem
932 4278 1257 4333 futurorum.
1291 4280 1378 4334 Ea:
1395 4283 1562 4351 parte
1583 4281 1736 4334 enim
1756 4282 2039 4351 cognosci-

440 4386 587 4436 mus,
622 4373 678 4425 et
707 4385 779 4425 ex
806 4372 971 4441 parte
989 4369 1391 4440 prophetamus
1423 4368 1474 4439 (Ι
1502 4370 1621 4424 Cor.
1655 4370 1801 4459 xm).
1837 4370 2038 4424 Decem

2143 3198 2313 3264 audit,
2347 3197 2513 3253 etiam
2542 3196 2650 3252 alia
2681 3197 2860 3252 studet
2888 3196 3218 3270 intelligere.

2209 3313 2380 3369 Vnus.
2405 3313 2495 3370 2t.
2522 3341 2591 3353 —
2619 3312 2876 3383 Auferte,
2910 3318 3014 3369 etc.
3040 3311 3308 3367 Collatam
3328 3311 3565 3386 gratiam
3584 3311 3748 3367 amit-

2137 3401 2219 3470 tit,
2253 3402 2347 3473 qui
2376 3400 2729 3472 praedicando
2758 3400 2880 3455 aliis
2919 3400 3326 3458 communicare
3363 3400 3746 3474 neglexit.Au-

2137 3497 2301 3563 getur
2337 3505 2469 3547 vero
2515 3489 2595 3543 illi
2643 3488 2735 3561 qui
2781 3489 2838 3543 in
2884 3505 2951 3545 ea
2997 3488 3284 3545 laboravit.
3332 3489 3481 3546 Sicut
3527 3489 3746 3562 regium

2138 3578 2380 3635 chrisma
2406 3578 2554 3650 quod
2583 3578 2951 3649 superbiendo
2983 3578 3114 3633 Saul
3157 3578 3355 3645 amisit,
3397 3576 3574 3633 David
3602 3577 3747 3633 obe-

2138 3666 2339 3722 diendo
2368 3666 2692 3738 promeruit.
2727 3666 2960 3737 Spiritus
2991 3666 3137 3722 enim
3176 3665 3395 3723 Domini
3424 3665 3517 3739 qui
3546 3682 3581 3721 a
3610 3665 3746 3721 Saul

2139 3756 2386 3823 recessit,
2418 3756 2660 3813 directus
2689 3763 2771 3811 est
2791 3771 2825 3811 a
2853 3755 2942 3811 die
2962 3755 3056 3811 illa
3088 3764 3141 3811 et
3169 3756 3429 3828 deinceps
3458 3754 3515 3809 in
3542 3754 3742 3810 David.

2209 3847 2381 3901 Vnus.
2406 3849 2494 3903 26.
2519 3875 2589 3885 —
2617 3847 2687 3900 Et
2732 3845 3058 3901 abundabit.
3110 3845 3374 3916 Mystice:
3407 3859 3533 3900 cum
3563 3843 3749 3898 omnis

2139 3933 2311 3989 Israel
2339 3933 2523 3989 salvus
2555 3934 2677 4000 erit,
2722 3941 2851 3989 tunc
2890 3932 3172 4005 plenitudo
3210 3932 3509 4004 spiritualis
3548 3932 3750 4005 gratia:

2140 4037 2306 4094 quam
2334 4022 2499 4077 modo
2529 4029 2813 4093 torpenter
2856 4038 3198 4090 exercemus,
3237 4020 3556 4079 doctoribus
3598 4019 3751 4075 illius

2138 4111 2402 4183 temporis
2431 4110 2776 4177 abundanter
2805 4110 3136 4168 conferetur.

2210 4228 2380 4283 Vens.
2405 4230 2493 4283 28.
2519 4258 2588 4268 —
2615 4229 2688 4283 Et
2717 4228 2803 4283 his
2835 4228 3025 4284 dictis.
3057 4227 3235 4283 Finita
3274 4226 3560 4299 parabole,
3594 4224 3751 4281 vadit

2138 4315 2596 4386 Hierosolymam,
2638 4323 2696 4370 ut
2723 4317 3038 4372 ostenderet
3081 4315 3151 4372 de
3198 4316 3443 4385 ejusdem
3491 4314 3751 4372 maxima

2138 4403 2370 4461 civitatis
2401 4414 2596 4460 eventu
2624 4405 2949 4475 parabolam
2998 4404 3168 4460 fuisse
3212 4405 3575 4476 prmmissam,
3623 4420 3753 4475 quae

441 4461 719 4516 civitates.
770 4459 976 4514 Decem
1023 4456 1269 4514 civitates
1318 4465 1442 4511 sunt
1488 4456 1703 4523 animae,
1753 4474 1853 4528 per
1898 4457 2038 4529 legis
2069 4456 2453 4565 Dhglfli'long'e'
2476 4456 2949 4565 ἰώέῇᾋῖ
2964 4456 3752 4565 Οὲὲὲὲῖλέἣτὸῐῐῶὧ⁷τέἐῶ

438 4549 611 4604 verba
658 4548 729 4603 ad
773 4548 1009 4621 gratiam
1057 4546 1343 4620 Evangelii
1380 4546 1792 4617 pervenientes,
1844 4547 2041 4619 quibus

440 4646 571 4694 tunc
609 4636 1003 4707 glorificandus
1051 4636 1388 4707 prazponitur
1421 4678 1434 4702 ,
1489 4636 1581 4708 qui
1628 4637 1706 4691 eis
1751 4636 2041 4706 pecuniam

438 4724 597 4782 verbi
625 4725 790 4796 digne
822 4728 938 4781 Deo
966 4725 1469 4791 commendaverit;
1504 4726 1649 4780 unde
1697 4724 1991 4795 Apostolus
2025 4741 2038 4778 :

448 4816 578 4884 Qum
598 4818 683 4869 est
713 4831 837 4886 spes
858 4819 1074 4881 nostra,
1108 4819 1210 4870 aut
1238 4815 1531 4887 gaudium,
1563 4818 1666 4871 aut
1695 4831 1901 4871 corona
1919 4815 2041 4886 glo-

440 4904 588 4959 rise?
618 4903 815 4960 Nonne
843 4919 935 4959 vos
958 4908 1093 4958 ante
1114 4905 1418 4959 Dominum
1464 4905 1656 4959 Iesum
1686 4905 1737 4975 (Ι
1776 4902 1999 4976 Thes.n)
2025 4945 2039 4959 .

514 5020 883 5075 Vnns.l8.—
913 5020 983 5073 Et
1013 5019 1180 5084 alter,
1232 5026 1336 5075 etc.
1388 5019 1570 5074 Bonus
1617 5018 1774 5084 ordo,
1826 5026 2043 5075 vocatu-

442 5125 541 5166 rus
569 5115 783 5181 gentes,
819 5114 872 5162 et
898 5107 1118 5162 Iudaeos
1147 5107 1419 5162 missurus
1441 5107 1693 5175 interﬁci,
1730 5106 1825 5179 qui
1851 5108 2043 5163 nolue-

443 5205 569 5253 runt
602 5214 767 5268 super
787 5213 846 5251 se
867 5196 1143 5251 Christum
1162 5212 1419 5267 regnare,
1450 5197 1593 5253 hanc
1614 5196 1875 5267 praemisit
1895 5213 2044 5253 com-

442 5285 804 5359 parationem,
837 5302 905 5340 ne
934 5284 1238 5341 diceretur:
1271 5284 1419 5339 Nihil
1456 5285 1683 5341 dederat
1712 5286 1915 5357 populo
1942 5288 2043 5341 Ju—

444 5375 689 5432 dmorum
717 5375 862 5429 unde
891 5374 1086 5428 melior
1116 5372 1288 5443 possit
1318 5373 1455 5441 fieri,
1489 5383 1543 5428 ut
1566 5375 1714 5447 quod
1734 5375 2047 5446 exigeretur

446 5465 516 5520 ab
546 5481 611 5521 eo
642 5463 734 5537 qui
764 5463 895 5517 nihil
928 5462 1157 5534 recipit?
1186 5464 1267 5517 Ex
1298 5479 1407 5517 una
1447 5478 1575 5518 mna
1625 5464 1864 5536 quinque
1894 5461 2041 5519 facit.

447 5554 539 5628 qui
565 5552 799 5611 moralia
826 5552 989 5608 habet
1020 5551 1494 5625 pr0pterquinque
1524 5570 1736 5608 sensus.

444 5748 455 5755 κ
517 5672 690 5730 Vens.
706 5673 797 5732 20.
814 5699 886 5752 --_
912 5670 985 5729 Et
1013 5668 1181 5737 alter,
1214 5676 1318 5727 etc.
1344 5668 1450 5738 Qui
1479 5670 1550 5726 ad
1570 5669 1897 5742 praeputium
1916 5669 2046 5726 mis-

2143 4583 2261 4651 ejus
2291 4581 2475 4637 hostili
2504 4582 2662 4640 clade
2693 4582 2760 4637 sit
2790 4582 3054 4654 peritura.

2212 4697 2385 4752 Vens.
2408 4699 2497 4754 29.
2531 4727 2599 4736 —
2628 4697 2713 4752 Ad
2755 4698 3090 4770 Bethphage.
3146 4697 3483 4770 Bethphage,
3532 4695 3754 4753 viculus

2143 4785 2493 4841 sacerdotum
2522 4784 2578 4838 in
2607 4793 2791 4840 monte
2813 4785 3030 4851 Olivcti,
3056 4794 3108 4841 et
3137 4785 3526 4858 interpretatur
3547 4785 3755 4841 domus

2143 4875 2342 4929 buccce.
2378 4874 2639 4929 Bethania
2666 4874 2797 4929 villa
2824 4874 2912 4930 vel
2951 4874 3143 4931 civitas
3185 4875 3242 4929 in
3280 4874 3456 4930 latere
3498 4872 3757 4942 ejusdem

2141 4962 2361 5028 montis,
2395 4970 2447 5016 et
2477 4962 2675 5018 dicitur
2704 4963 2900 5020 domus
2938 4964 3284 5020 obedientiw.
3326 4964 3437 5018 Has
3480 4961 3771 5031 Dominush

2142 5050 2582 5121 Hierosolymam
2620 5059 2880 5107 venturus
2927 5051 3220 5123 praesentia
3266 5067 3366 5106 sua
3410 5050 3754 5117 sublimavit,

2143 5139 2273 5211 quia
2301 5139 2501 5194 multos
2533 5147 2657 5195 ante
2687 5141 3001 5212 passionem
3031 5156 3189 5196 suam
3216 5139 3466 5196 docendo
3486 5138 3590 5210 piae
3605 5154 3759 5194 con-

2142 5228 2396 5284 fessionis
2441 5228 2600 5285 donis
2650 5236 2704 5284 et
2764 5228 3089 5285 obedientiae
3137 5228 3431 5300 spiritualis
3478 5226 3755 5299 implevit.

2144 5315 2278 5385 Quae
2325 5316 2465 5371 bene
2513 5315 2569 5370 in
2615 5325 2798 5371 monte
2830 5316 3031 5373 Olivcti
3079 5325 3202 5372 sunt
3232 5316 3451 5388 positae,
3492 5314 3549 5371 id
3579 5315 3763 5371 estin

2143 5406 2263 5477 ipso
2293 5404 2527 5461 Domino
2556 5406 2648 5477 qui
2678 5421 2777 5461 nos
2807 5407 3060 5462 unctione
3092 5406 3452 5477 spiritualium
3489 5404 3765 5461 chrisma-

2146 5501 2278 5560 tum,
2312 5502 2367 5549 et
2395 5494 2741 5551 conscientiae
2774 5494 3098 5567 pietatisque
3128 5495 3249 5551 luce
3272 5494 3499 5549 refovet.
3533 5494 3599 5548 Et
3621 5493 3767 5565 quia

2144 5600 2255 5640 non
2283 5584 2397 5639 vult
2426 5584 2691 5640 abscondi
2721 5583 2995 5640 civitatem
3017 5599 3185 5654 supra
3214 5600 3272 5639 se
3302 5583 3557 5655 positam,
3590 5583 3773 5639 mittit

2145 5671 2445 5745 discipulos
2472 5671 2529 5729 in
2557 5672 2863 5741 castellum,
2908 5671 3056 5744 quod
3084 5679 3167 5731 est
3194 5678 3388 5731 contra
3414 5687 3533 5745 eos,
3564 5677 3628 5730 ut
3657 5688 3774 5746 per
