3932 6178
229 299 309 353 329
1153 289 1421 347 GLOSSA
1451 288 1858 348 ORDINARIA.
1881 317 1950 329 —
1979 286 2245 346 EVANG.
2266 288 2422 346 LUC.

3346 296 3451 350 330

226 435 301 476 eos
346 414 492 472 totius
547 418 728 470 contra
776 412 940 484 positi
990 414 1140 470 orbis
1187 416 1519 473 munitiones
1575 431 1749 488 pene-
1772 414 1828 475 A
1858 428 2081 469 carnem
2108 413 2284 468 David
2312 413 2482 469 filium
2510 412 2728 470 venisse
2773 412 3040 482 declarat,
3073 421 3131 471 ut
3162 414 3450 472 adversum

228 514 326 562 tret.

280 595 423 648 Vens.
445 594 524 647 30.
546 621 612 633 --
626 592 982 648 Introeuntes
1000 594 1325 649 invenietis.
1341 594 1683 649 Introeuntes
1702 594 1759 648 in

225 683 441 738 mundum
459 680 833 752 praedicatores
863 681 1143 736 inveniunt
1169 682 1429 753 populum
1452 683 1752 751 nationum,

222 769 425 843 perﬁdia
446 768 659 825 vinculis
690 769 980 833 irretitum,
1004 770 1239 825 liberum
1260 779 1312 825 et
1326 771 1608 827 lascivum.
1653 774 1758 828 Cui

220 876 370 924 nemo,
398 866 512 922 etc.,
552 857 604 911 id
632 865 735 923 est,
784 858 965 912 nullus
996 859 1275 913 rationalis
1306 860 1497 915 doctor
1522 859 1752 915 fraenum

221 946 521 1004 correctionis
548 945 743 1016 posuit,
769 946 979 1039 qui.vel
998 946 1239 1039 lingpam
1266 964 1301 1001 a
1328 948 1473 1003 malo
1505 948 1761 1019 prohibe-

221 1044 297 1101 ret,
323 1035 397 1091 vel
423 1035 474 1088 in
500 1042 701 1089 arctam
737 1025 1033 1090 vianfvita:
1073 1025 1157 1108 ir'e
1197 1044 1439 1108 cogeret.
1474 1038 1649 1092 Nemo
1673 1037 1760 1090 in-

221 1100 434 1179 dumenta
470 1121 650 1176 salutis
694 1122 891 1193 quibus
929 1100 1232 1192 caleferet,
1265 1100 1432 1179 utilia
1472 1125 1755 1180 suadendo

221 1211 419 1268 contulit.
450 1212 606 1266 Nemo
636 1212 797 1279 sedit,
835 1211 963 1282 quia
990 1211 1174 1266 nullus
1198 1212 1479 1268 stultitiam
1509 1215 1626 1282 ejus
1655 1213 1757 1267 de-

222 1300 460 1373 primendo
483 1299 731 1355 correxit.
752 1300 1082 1371 Alligatum.
1103 1301 1371 1373 Alligatus
1392 1301 1621 1358 vinculis
1639 1318 1759 1372 per-

220 1388 349 1454 ﬁdiae,
378 1389 427 1442 in
471 1404 572 1460 quo
601 1388 853 1443 addictus
904 1389 989 1443 vel
1028 1390 1251 1444 astritus
1288 1390 1520 1445 Domino
1569 1406 1757 1446 errore

215 1476 545 1544 famulabatur,
578 1477 676 1530 sed
704 1477 1042 1531 dominatum
1073 1478 1177 1531 sibi
1206 1479 1484 1534 vindicare
1514 1496 1623 1535 non
1651 1498 1756 1551 po-

219 1572 346 1631 terat,
376 1581 521 1635 quem
540 1564 830 1619 Dominum
860 1564 1062 1621 fecerat
1076 1582 1186 1621 non
1213 1576 1425 1634 natura,
1451 1568 1548 1623 sed
1573 1569 1752 1640 culpa.

218 1653 387 1708 Etideo
413 1668 526 1708 cum
546 1653 809 1708 Dominus
837 1653 1052 1721 dicitur,
1076 1671 1214 1709 unus
1235 1656 1569 1727 agnoscitur.
1592 1658 1753 1726 Nam,

217 1741 296 1796 etsi
335 1741 470 1796 multi
515 1741 587 1796 dii
636 1749 690 1797 et
735 1742 971 1811 domini,
1026 1744 1356 1816 generaliter
1398 1753 1580 1801 tamen
1617 1763 1757 1802 unus
1784 1768 1838 1828 Β

218 1839 330 1893 Deus
347 1845 394 1893 et
421 1854 551 1893 unus
580 1838 865 1895 Dominus.

269 1955 413 2009 Vsus.
436 1957 516 2008 33.
538 1985 606 1996 —
631 1955 984 2011 Solventibus
1023 1960 1234 2024 autem,
1269 1963 1373 2012 etc.
1412 1957 1536 2012 Non
1565 1955 1753 2028 despi-

215 2039 304 2095 cias
328 2043 455 2097 hunc
482 2042 729 2110 asellum,
762 2043 889 2115 quia
922 2043 1059 2099 sicut
1098 2044 1154 2097 in
1182 2044 1379 2099 vestitu
1411 2045 1593 2101 ovium
1631 2052 1756 2100 sunt

216 2128 302 2200 lupi
324 2146 549 2201 rapaces,
600 2130 678 2186 ita
706 2132 808 2185 sub
856 2131 1064 2187 exuviis
1112 2133 1360 2203 corporis
1398 2135 1567 2205 (quod
1596 2134 1755 2189 nobis

184 2282 190 2288 ,
219 2225 281 2272 est
304 2233 561 2275 commune
593 2235 718 2275 cum
740 2219 959 2289 belluis)
1004 2236 1160 2274 mens
1188 2221 1305 2275 Deo
1332 2221 1496 2292 plena
1524 2230 1754 2295 vegeta—

214 2313 296 2360 tur.
323 2308 603 2363 Dixerunt.
630 2309 829 2362 Multos
860 2308 1097 2363 habebat
1135 2308 1383 2364 dominos
1405 2310 1497 2382 qui
1526 2326 1635 2365 non
1662 2310 1756 2365 uni

218 2396 534 2464 superstitioni
577 2396 814 2463 deditus,
865 2397 963 2451 sed
1004 2412 1107 2467 pro
1154 2396 1308 2452 libitu
1354 2397 1753 2455 immundorum

216 2481 451 2552 spirituum
480 2485 795 2555 raptabatur
824 2485 893 2539 ad
921 2485 1104 2540 varios
1134 2502 1369 2542 errores.
1414 2488 1555 2555 Quid
1582 2490 1754 2545 solvi-

216 2572 286 2625 tis.
314 2571 404 2640 Qui
431 2573 691 2628 solvendo
734 2573 885 2645 pullo
914 2574 1376 2642 contradixerant,
1422 2576 1603 2631 audito
1648 2592 1754 2633 no-

214 2659 327 2714 mine
350 2661 637 2732 quiescunt,
677 2661 804 2733 quia
833 2662 1084 2733 magistri
1121 2678 1373 2717 errorum
1405 2663 1498 2735 qui
1526 2664 1757 2721 doctori-

213 2745 290 2800 bus
316 2748 376 2802 ad
403 2750 621 2805 salutem
657 2749 901 2823 gentium
931 2751 1275 2806 venientibus
1305 2752 1594 2820 obsistunt,
1628 2768 1755 2808 suas

211 2835 417 2892 tenebras
460 2837 774 2905 defendunt,
834 2838 1008 2895 donec
1054 2838 1333 2895 miraculis
1377 2841 1756 2897 attestantibus

212 2924 301 2977 veri
324 2927 639 2995 possessoris
668 2926 840 2983 virtus
870 2927 1124 2983 emineat.
1187 2928 1295 2983 Sed
1323 2937 1609 3000 postquam
1638 2930 1755 2985 Do-

213 3013 382 3069 mmicse
406 3014 526 3071 ﬁdei
542 3023 790 3087 potestas
810 3024 1058 3087 apparet,
1083 3016 1400 3074 cedentibus
1420 3018 1758 3074 adversario-

1858 518 1918 557 se
1965 502 2333 556 testimonium
2398 511 2786 574 extorquentur
2831 502 3031 559 invitis.
3091 505 3242 559 Pax.
3301 504 3454 560 Sicut

1856 598 2114 646 nascente
2162 591 2393 646 Domino
2439 591 2716 647 hominum
2764 598 2819 646 et
2860 590 3181 665 angelorum
3233 592 3456 665 agmina

1856 686 2102 741 coelestia
2129 687 2522 742 decantabant:
2559 688 2745 744 Gloria
2773 689 2837 742 in
2859 688 3102 744 excelsis
3129 690 3259 744 Deo.
3290 690 3361 744 Et
3389 691 3455 744 in

1858 778 2012 831 terra
2036 792 2155 846 pars
2186 777 2520 841 hominibus,
2546 784 2650 832 etc.
2677 776 2767 831 Sic
2796 776 2975 832 eidem
2996 793 3125 832 mox
3158 776 3459 847 triumpha-

1856 869 1979 917 turo
2008 862 2258 918 homines
2286 863 2577 920 concinunt
2613 881 2628 919 :
2658 866 2770 919 Pax
2799 864 2855 918 in
2896 864 3057 934 caelo,
3103 872 3159 920 et
3189 865 3369 937 gloria
3398 864 3457 919 in

1857 950 2111 1006 excelsis.

1927 1038 2097 1093 Vnus.
2133 1042 2222 1095 39.
2254 1069 2324 1079 —
2352 1039 2633 1111 Magister.
2665 1039 2802 1093 Mira
2831 1038 3189 1095 invidentium
3220 1038 3455 1095 demen-

1854 1120 1945 1189 tia,
1981 1139 2143 1193 quem
2172 1140 2297 1178 vera
2324 1124 2611 1179 docentem
2638 1131 2920 1192 noverant,
2974 1138 3098 1179 cum
3128 1125 3457 1196 magistrum

1854 1205 2383 1281 appellan‘audiunt,
2407 1212 2704 1282 discipulos
2725 1213 2840 1281 ejus
2861 1212 3020 1284 quasi
3050 1212 3248 1267 melius
3271 1211 3457 1270 edocti

1854 1299 2267 1370 redarguendos
2297 1299 2585 1367 aestimant,
2618 1316 2754 1372 quos
2784 1300 2877 1355 ille
2915 1300 3238 1367 instituerat,
3291 1317 3456 1373 quem

1854 1388 2031 1442 Deum
2059 1396 2283 1458 apparet
2312 1405 2433 1442 esse
2463 1404 2563 1458 per
2590 1388 2869 1445 miracula.

1926 1475 2096 1530 Vnus.
2129 1478 2216 1529 40.
2250 1506 2319 1515 -
2347 1477 2602 1548 Lapides.
2628 1475 2892 1531 Crucifixo
2924 1475 3157 1532 Domino
3191 1477 3453 1548 apostolis

1853 1579 1967 1632 pm
1996 1562 2190 1618 timore
2220 1563 2543 1629 tacentibus,
2567 1570 2738 1634 petra)
2760 1581 2881 1635 quae
2912 1565 3101 1620 scissa:
3118 1573 3262 1631 sunt,
3295 1581 3447 1636 aper-

1854 1646 1924 1699 tis
1961 1647 2325 1702 monumentis
2371 1648 2547 1703 Deum
2595 1656 2648 1703 et
2691 1648 2879 1703 mundi
2924 1648 3217 1704 Dominum
3264 1655 3451 1721 aperte

1854 1728 2180 1786 clamabant.

1859 1818 1869 1828 ‘
1926 1814 2149 1883 Mystice
2181 1832 2194 1867 :
2226 1814 2271 1867 si
2301 1814 2517 1871 caecitas
2543 1814 2836 1888 contigerit
2854 1814 2911 1869 in
2931 1815 3118 1885 Israel,
3143 1822 3200 1870 ut
3229 1830 3265 1871 a
3291 1815 3455 1873 laude

1854 1897 1954 1951 Dei
1984 1899 2272 1965 conticeat,
2305 1898 2537 1969 populus
2567 1899 2810 1971 gentium
2852 1899 3060 1955 mollito
3093 1899 3260 1956 corde
3303 1900 3451 1974 lapi-

1855 1985 1958 2041 deo
1990 1985 2305 2041 Creatorem
2337 2003 2496 2041 suum
2525 1988 2713 2043 credet
2742 1995 2793 2043 et
2822 1988 3182 2043 annuntiabit.

1922 2074 2092 2129 Vens.
2116 2076 2204 2129 44.
2226 2105 2297 2115 -
2325 2077 2396 2130 Et
2431 2092 2545 2131 non
2565 2077 2911 2149 relinquent.
2961 2078 3261 2133 Perversus
3308 2075 3453 2134 enim

1852 2176 1975 2217 cum
2001 2163 2409 2233 perversionem
2440 2163 2638 2232 adjicit,
2675 2165 2828 2236 quasi
2857 2164 3097 2235 lapidem
3129 2180 3293 2236 super
3320 2163 3455 2236 lapi-

1849 2250 1975 2305 dem
2006 2251 2180 2329 struit.
2216 2252 2323 2306 Sed
2355 2267 2478 2307 cum
2508 2252 2690 2306 anima
2720 2252 2791 2307 ad
2820 2252 3077 2308 ultionem
3106 2253 3334 2323 rapitur,
3370 2260 3454 2310 ta-

1852 2338 1919 2393 lis
1946 2338 2339 2410 cogitationum
2367 2340 2696 2395 constructio
2725 2340 3037 2410 dissipatur,
3089 2349 3140 2396 et
3169 2341 3275 2397 hoc
3302 2340 3449 2410 ideo,

1851 2429 1984 2499 quia
2012 2444 2128 2483 non
2155 2429 2474 2499 cognoveris
2505 2432 2744 2500 tempus.
2778 2429 3096 2483 Perversam
3138 2428 3283 2483 enim
3323 2428 3450 2483 ani-

1850 2531 1995 2569 mam
2007 2516 2154 2570 Deus
2173 2515 2370 2585 visitat,
2392 2515 2688 2587 aliquando
2705 2524 3001 2587 praecepto,
3029 2515 3330 2587 aliquando
3348 2514 3454 2572 mi-

1850 2603 2053 2659 raculo.
2089 2603 2196 2659 Sed
2233 2604 2358 2675 quia
2389 2603 2719 2685 superbiens‘
2739 2603 3054 2671 contemnit,
3102 2618 3207 2660 nec
3236 2604 3306 2659 de
3332 2618 3452 2659 map

1850 2691 1920 2746 lis
1950 2692 2061 2746 suis
2091 2692 2379 2760 erubescit,
2409 2692 2465 2746 in
2494 2700 2739 2747 extremo
2769 2692 3002 2749 inimicis
3032 2691 3292 2759 tradetur,
3325 2707 3453 2749 cum

1853 2780 2049 2851 quibus
2077 2779 2134 2834 in
2179 2788 2383 2835 aeterno
2406 2780 2610 2849 judicio
2648 2780 3013 2837 damnationis
3043 2780 3302 2837 societate
3330 2780 3452 2838 col-

1852 2861 2058 2935 ligitur.
2081 2863 2166 2918 Ad
2189 2880 2407 2936 pacem,
2431 2871 2535 2920 etc.
2555 2864 2695 2919 Dum
2716 2878 2935 2920 carnem
2964 2864 3059 2919 das
3088 2863 3453 2935 voluptatibus

1853 2950 1997 3005 mala
2023 2958 2255 3007 ventura
2282 2967 2390 3006 non
2420 2951 2780 3023 prospiciens,
2801 2952 2971 3008 habes
2998 2952 3139 3008 bona
3159 2952 3456 3024 praesentia

1854 3055 1974 3110 quae
2001 3039 2070 3094 ad
2098 3054 2287 3110 pacem
2308 3048 2538 3110 possunt
2565 3056 2688 3096 esse
2716 3040 3095 3112 temporalem.
3117 3042 3185 3097 Et
3206 3056 3303 3098 cur
3322 3041 3450 3113 hoc,

210 3115 302 3197 tum
332 3105 568 3175 querelis,
610 3112 789 3162 ccetus
830 3105 923 3176 qui
960 3106 1132 3161 Deum
1163 3106 1330 3162 corde
1366 3114 1547 3178 portet
1575 3107 1753 3163 addu-

1861 3105 2049 3191 subdit,
2084 3105 2455 3200 scilicet,_quia
2481 3144 2593 3184 non
2619 3105 2883 3199 prasvidet
2901 3129 3179 3202 malaque:
3205 3128 3257 3186 ei
3288 3105 3456 3188 even;

212 3187 331 3243 citur.

263 3303 404 3361 Vens.
427 3309 593 3361 35.—
619 3308 984 3364 Vestimenta.
1018 3307 1353 3364 Vestimenta
1381 3309 1753 3380 apostolorum

212 3389 411 3447 doctrina
451 3395 730 3464 virtutum,
783 3396 868 3451 vel
916 3396 1174 3452 discretio
1224 3396 1647 3468 Scripturarum,
1700 3406 1754 3453 et

211 3480 351 3550 gratia
376 3483 735 3553 spiritualiter,
761 3484 958 3556 quibus
986 3484 1064 3539 illi
1094 3486 1264 3540 corda
1291 3487 1572 3541 hominum
1599 3486 1752 3558 prius

211 3568 323 3621 nuda
344 3578 391 3624 et
414 3570 605 3645 frigida
635 3580 953 3645 contegunt,
978 3580 1036 3627 ut
1064 3581 1374 3629 mereantur
1402 3575 1606 3631 habere
1636 3591 1752 3630 ses-

208 3669 351 3711 sorem
377 3659 663 3716 Christum.
714 3662 1127 3733 Imposuerunt.
1178 3663 1317 3718 Dum
1345 3663 1579 3734 populus
1609 3680 1751 3736 gen-

206 3741 308 3798 tium
339 3756 505 3816 portat
540 3748 848 3817 Christum,
896 3749 1148 3821 discipuli
1199 3750 1257 3805 in
1302 3750 1393 3807 via
1429 3751 1753 3807 vestimenta

209 3836 426 3905 sternunt,
450 3837 574 3909 quia
600 3837 854 3908 corporis
885 3837 969 3892 sui
998 3846 1259 3893 exuentes
1278 3839 1537 3895 amictum
1552 3839 1753 3911 simpli-

207 3919 328 3975 cibus
351 3927 601 3998 sanguine
632 3942 734 3981 suo
764 3926 907 3983 viam
936 3932 1150 3997 parant,
1173 3934 1231 3982 ut
1258 3926 1525 3983 inoffenso
1555 3945 1750 4000 gressu

207 4010 378 4079 mentis,
407 4014 856 4085 Hierosolymam,
891 4029 998 4085 quo
1029 4014 1275 4071 Christus
1305 4016 1468 4083 ducit,
1503 4018 1746 4085 tendant,

208 4094 250 4149 id
271 4107 339 4155 est
360 4103 422 4157 ad
448 4119 631 4160 veram
664 4103 818 4175 pacis
848 4102 1133 4159 visionem.

262 4194 403 4253 Vsus.
425 4202 508 4256 37.
530 4232 601 4242 —
631 4201 716 4256 Ad
735 4201 1085 4256 descensum.
1109 4201 1487 4257 Descendente
1516 4201 1749 4258 Domino

207 4282 259 4336 de
279 4295 438 4343 monte
466 4288 686 4360 Oliveti,
715 4289 771 4343 id
800 4295 902 4355 est,
934 4288 1253 4346 humiliante
1282 4307 1342 4346 se
1372 4291 1443 4346 ad
1471 4290 1751 4352 inﬁrmita.

206 4383 289 4433 tem
312 4391 496 4441 nostra:
515 4385 703 4443 carnis
726 4385 824 4443 illo
855 4384 947 4457 qui
976 4393 1094 4439 erat
1122 4386 1179 4440 in
1197 4385 1373 4443 forma
1391 4387 1512 4457 Dei,
1537 4403 1662 4443 cum
1681 4402 1748 4443 eo

1853 3222 1976 3270 tura
2000 3223 2144 3270 sunt.
2178 3216 2235 3273 Si
2262 3217 2408 3272 enim
2436 3217 2779 3287 praevideret,
2820 3217 2878 3273 in
2932 3218 3292 3290 pmsentibus
3320 3233 3455 3292 pro-

1850 3303 2032 3375 speris
2057 3304 2237 3360 laetata
2254 3320 2365 3361 non
2396 3304 2605 3361 fuisset.

1922 3393 2092 3447 Vnus.
2128 3394 2213 3447 45.
2246 3423 2315 3434 -
2342 3395 2414 3449 Et
2441 3395 2748 3466 ingressus.
2781 3395 2911 3450 Post
2938 3403 3257 3452 enumerata
3280 3396 3448 3469 mala,

1851 3480 2134 3553 ingressus
2162 3480 2422 3552 templum
2450 3482 2607 3550 ejecit
2636 3482 2933 3539 vendentes
2954 3491 3008 3539 et
3034 3492 3295 3552 ementes,
3353 3500 3457 3558 per

1852 3568 1957 3624 hoc
1986 3569 2237 3636 innuens,
2269 3570 2416 3641 quod
2444 3569 2602 3625 ruina
2628 3570 2835 3641 populi,
2874 3571 3108 3627 maxime
3158 3588 3225 3629 ex
3267 3588 3456 3630 sacer.

1851 3656 2040 3711 dotum
2068 3656 2225 3727 culpa
2252 3655 2385 3725 fuit;
2419 3657 2545 3712 dum
2593 3658 2737 3714 enim
2766 3659 3067 3716 vendentes
3109 3668 3163 3715 et
3208 3669 3455 3721 ementes

1850 3743 2097 3815 percutit,
2132 3744 2368 3800 ostendit
2394 3744 2539 3801 unde
2565 3746 2717 3801 radix
2743 3746 3066 3817 perditionis
3092 3749 3377 3820 processit.

1921 3857 2093 3914 Vnus.
2121 3859 2208 3913 47.
2230 3887 2300 3899 -
2318 3860 2393 3915 Et
2418 3863 2545 3916 erat
2559 3860 2780 3917 docens.
2812 3862 3018 3917 Domus
3045 3861 3148 3918 Dei
3202 3870 3287 3918 est
3312 3877 3451 3920 con-

1851 3946 2079 4003 scientia
2124 3946 2383 4015 ﬁdelium,
2453 3963 2613 4019 quam
2642 3947 2787 4005 facit
2847 3950 3160 4021 speluncam
3183 3950 3457 4011 latronum

1848 4033 1959 4105 qui,
1994 4034 2181 4092 relicta
2226 4035 2564 4107 simplicitate
2612 4038 2946 4130 sanct'uatis$
2975 4038 3109 4095 illud
3156 4040 3450 4099 meditatur

1848 4138 2040 4194 agere,
2084 4123 2229 4180 unde
2269 4124 2574 4195 proximum
2619 4123 2965 4197 innocﬁtin
3008 4128 3183 4199 possit
3223 4129 3447 4187 laedere.

1849 4210 1958 4266 Sed
1986 4220 2210 4268 econtra
2255 4212 2521 4269 Dominus
2566 4222 2779 4271 mentes
2825 4214 3067 4272 ﬁdelium
3092 4216 3163 4272 ad
3207 4218 3450 4276 cavenda

1848 4299 1993 4353 mala
2024 4300 2214 4355 erudit.
2242 4300 2578 4368 Quwrebant
2597 4304 2766 4360 illum
2789 4304 3043 4377 perdere.
3068 4306 3198 4360 Ideo
3224 4321 3335 4362 non
3351 4321 3450 4378 po-

1847 4394 2018 4442 terant
2043 4386 2195 4443 illum
2223 4389 2475 4459 perdere,
2500 4390 2629 4461 quia
2657 4391 2917 4447 timebant
2936 4392 3219 4447 tumultum
3236 4392 3443 4465 populi,

204 4464 494 4554 descendunt
524 4476 721 4541 turbae,
750 4474 807 4529 id
838 4480 939 4539 est,
971 4472 1288 4530 humiliatur
1315 4476 1408 4547 qui
1437 4477 1555 4545 ejus
1580 4475 1751 4531 mise-
1776 4475 1831 4537 D
1852 4474 1939 4531 vel
1968 4474 2092 4532 ideo
2122 4475 2379 4532 volebant
2404 4478 2654 4549 perdere,
2692 4480 2836 4551 quia,
2858 4480 3130 4550 neglecto,
3152 4495 3253 4535 suo
3266 4464 3445 4554 magi-

203 4552 399 4614 riconiia
439 4561 700 4637 indigent,
732 4572 791 4618 ut
820 4564 892 4618 ab
920 4581 986 4621 eo
1031 4567 1353 4623 exaltentur.
1408 4564 1742 4621 Gaudentes.

203 4639 491 4717 Frequenter
517 4650 805 4725 ingressus
835 4662 916 4709 est
944 4656 1219 4712 civitatem
1248 4651 1605 4718 Hierusalem,
1647 4653 1747 4708 sed

202 4742 288 4785 non
311 4750 395 4790 rex
421 4730 664 4806 vocatus,
699 4741 846 4812 quod
894 4759 1113 4816 semper
1147 4748 1384 4817 fugerat,
1434 4739 1539 4795 nisi
1579 4739 1745 4796 modo

198 4828 298 4874 cum
322 4827 554 4881 ascendit
598 4843 885 4899 pessume.
938 4830 1099 4901 Quod
1128 4832 1253 4887 ideo
1283 4831 1485 4887 factum
1534 4840 1635 4902 est,
1686 4844 1746 4891 ut

200 4908 392 4999 amplius
420 4930 607 4971 eorum
637 4918 924 4974 adversum
948 4936 1007 4976 se
1038 4920 1299 4978 excitaret
1316 4920 1594 4989 invidiam,
1619 4924 1745 4996 quia

195 5004 284 5055 iam
306 5002 504 5068 tempus
549 5001 825 5071 passionis
854 5005 1108 5061 instabat.
1149 5006 1344 5078 Super.
1395 5006 1627 5063 Maxime
1674 5008 1743 5063 de

201 5086 552 5143 resurrectione
581 5090 789 5157 Lazari,
823 5109 944 5163 qua:
973 5109 1151 5165 nuper
1180 5093 1325 5150 facta
1354 5102 1491 5149 erat.
1524 5096 1663 5150 Nam
1692 5103 1744 5152 et

199 5178 448 5257 propterea
473 5177 689 5233 obviam
717 5180 864 5235 venit
892 5182 943 5237 ei
980 5182 1158 5248 turba,
1208 5182 1336 5253 quia
1376 5183 1480 5238 hoc
1526 5184 1742 5257 signum

198 5251 365 5343 iactum
391 5264 668 5321 audierant
697 5268 766 5322 ab
794 5284 879 5324 eo.
911 5270 1159 5325 Laudant
1189 5251 1351 5326 etiam
1382 5270 1450 5326 de
1480 5251 1652 5343 signis
1690 5281 1744 5328 et

198 5341 420 5433 doctrina,
452 5370 571 5424 qua:
610 5353 735 5412 fecit
761 5374 884 5413 cum
912 5359 1153 5415 ascendit
1188 5359 1259 5414 ad
1285 5359 1430 5415 diem
1472 5341 1741 5433 scenope-

198 5431 295 5501 sia,
323 5440 455 5508 quod
478 5441 718 5499 Joannes
744 5454 950 5501 narrat.

251 5539 397 5600 Vnus.
428 5550 515 5603 38.
562 5578 636 5591 --
680 5552 1031 5609 Benedictus.
1081 5554 1265 5611 Turba
1297 5562 1422 5626 post
1466 5554 1740 5612 modicum

197 5630 491 5705 cruciﬁxum,
524 5653 716 5710 regem
744 5641 999 5713 appellat,
1043 5650 1417 5716 exspectatum
1444 5643 1740 5704 secundum

423 5752 665 5812 Pauca.
703 5754 891 5813 CXIV.

1849 4563 2035 4632 sterio,
2069 4572 2241 4622 totum
2271 4565 2533 4637 populum
2578 4566 2834 4623 videbant
2880 4567 2951 4623 ad
2981 4567 3099 4637 ejus
3140 4568 3443 4628 doctrinam

1846 4651 2143 4710 conﬂuere.

2444 4788 2669 4846 CAPUT
2702 4788 2829 4846 XX.

1915 4936 2239 4994 Vnas.2.—-
2267 4937 2333 4993 In
2361 4954 2471 5010 qua
2490 4942 2789 5011 potestate.
2822 4940 2903 4995 De
2931 4940 3031 4997 Dei
3057 4948 3323 5013 potestate
3340 4942 3437 5001 du-

1844 5023 2030 5092 bitant,
2065 5032 2119 5080 et
2145 5024 2475 5099 subintelligi
2505 5026 2693 5082 volunt
2720 5027 2926 5084 diaboli
2952 5045 3075 5085 esse
3105 5029 3251 5102 quod
3280 5029 3433 5089 facit.

1842 5114 1997 5169 Unde
2025 5114 2231 5169 addunt
2262 5131 2276 5169 :
2309 5115 2424 5171 Aut
2450 5118 2575 5188 quis
2604 5120 2704 5183 est,
2741 5125 2845 5173 etc.
2889 5118 2951 5173 In
2997 5135 3104 5191 quo
3130 5119 3292 5190 plane
3328 5137 3435 5178 ne-

1842 5208 1971 5273 gant
1997 5201 2098 5257 Dei
2125 5201 2335 5269 Filium,
2370 5219 2532 5274 quem
2556 5220 2669 5260 non
2698 5204 2811 5261 suis
2838 5205 3061 5275 viribus,
3110 5208 3209 5264 sed
3238 5208 3433 5267 alienis

1842 5289 2002 5362 signa
2031 5288 2210 5345 facere
2237 5291 2481 5347 credunt.

1910 5395 2085 5451 Vrsas.
2116 5399 2169 5451 3.
2200 5427 2270 5438 -
2308 5398 2659 5470 Interrogabo
2687 5416 2799 5467 vos,
2849 5407 2955 5457 etc.
2989 5400 3205 5458 Poterat
3248 5410 3435 5475 aperta

1840 5484 2197 5555 responsione
2234 5493 2561 5544 tentatorum
2606 5488 2936 5545 calumniam
2984 5490 3285 5557 confutare,
3335 5490 3435 5546 sed

1839 5571 2132 5643 prudenter
2157 5572 2477 5647 interrogat,
2508 5583 2567 5632 ut
2584 5576 2673 5633 vel
2700 5593 2800 5634 suo
2829 5577 3045 5634 silentio
3075 5578 3161 5635 vel
3190 5594 3289 5634 sua
3307 5592 3435 5636 sen-

1838 5659 2007 5718 tentia
2032 5661 2478 5722 condemnentur.

3152 5766 3215 5821 M
