3932 6178
433 253 526 305 331

966 249 1371 306 WALAFRIDI
1399 249 1641 306 STRABI
1671 249 1872 306 FULD.
1904 248 2076 305 MON.
2111 248 2264 305 OPP.
2297 250 2472 308 PARS
2499 252 2542 306 Ι.
2574 282 2642 292 -
2667 251 3092 310 THOLOGICA.

3627 260 3726 314 332

500 373 672 428 Vens.
709 373 759 427 4.
791 404 859 414 -—
891 376 1212 446 Raptis-mus
1232 375 1486 438 Joannis,
1514 380 1620 428 etc.
1654 371 1829 440 Quem
1857 371 2026 428 conﬁ-
2045 373 2104 434 A
2133 372 2255 443 χιι).
2290 374 2352 428 In
2383 391 2490 444 quo
2520 375 2816 444 pertinacia
2847 392 3037 431 eorum
3067 386 3304 445 notatur,
3354 379 3450 450 qui
3477 387 3603 448 post
3643 396 3729 436 re-

430 461 618 515 temini
646 461 715 516 de
745 461 884 516 ccelo
913 461 1171 516 habuisse
1200 461 1547 531 prophetiam
1593 460 1725 514 mihi
1751 460 2024 530 perhibuit

429 549 820 615 testimonium,
853 557 906 604 et
935 549 1003 603 ab
1031 548 1126 603 illo
1155 548 1381 602 audistis
1410 548 1465 602 in
1486 563 1593 619 qua
1622 555 1890 618 potestate
1920 564 2024 620 ego

430 635 650 692 faciam.
701 636 860 704 Quod
906 636 983 691 illi
1024 635 1412 710 intelligentes,
1466 636 1717 692 dubitant
1771 637 1901 709 quid
1929 637 2026 692 de-

431 725 594 780 beant
622 725 976 795 respondere.

503 823 685 893 Neque
716 837 829 892 ego,
863 829 969 876 etc.
1001 822 1228 891 PrOpter
1252 820 1389 876 duas
1417 835 1615 877 causas
1645 820 1846 877 veritas
1877 837 2025 892 quae-

430 909 671 964 rentibus
702 917 784 964 est
812 908 1223 964 abscondenda.
1259 909 1376 975 Vel,
1411 909 1535 980 quia
1572 909 1750 964 minus
1792 923 2026 979 capaces

430 1005 555 1051 sunt
584 996 654 1051 ad
681 996 1047 1063 audiendum;
1080 997 1223 1052 unde
1254 996 1447 1052 dicitur
1480 1014 1493 1051 :
1526 998 1701 1054 Multa
1733 998 1899 1054 habeo
1930 1015 2024 1054 vo-

432 1084 513 1140 bis
551 1084 756 1152 dicere,
791 1086 884 1140 sed
938 1102 1051 1140 non
1091 1087 1326 1156 potestis
1367 1090 1592 1157 portare
1635 1086 1794 1142 modo
1838 1087 2021 1156 (Joan.

430 1173 575 1242 xvr).
609 1173 708 1228 Vel
739 1174 866 1244 quia
896 1190 961 1227 ex
991 1173 1117 1227 odio
1146 1181 1199 1226 et
1227 1182 1539 1243 contemptu
1558 1159 1804 1244 quaeruﬁt
1829 1192 1844 1241 ;
1882 1174 2026 1229 unde

431 1262 626 1318 dicitur
658 1278 671 1315 :
705 1262 886 1317 Nolite
918 1265 1180 1316 sanctum
1209 1262 1341 1317 dare
1373 1263 1605 1318 canibus
1634 1262 1855 1333 (Matth.
1899 1264 2024 1333 vn).

503 1381 676 1435 Vens.
711 1383 763 1432 9.
786 1408 855 1420 —-
880 1380 1054 1451 Cazpit
1072 1382 1284 1434 autem.
1308 1378 1651 1448 Principibus
1681 1379 2025 1434 sacerdotum

433 1477 486 1526 et
518 1468 710 1524 scribis
739 1468 807 1521 de
839 1483 934 1521 sua
963 1467 1390 1539 interrogatione
1421 1466 1729 1533 confutatis,
1763 1467 2025 1521 Dominus

431 1555 578 1630 quod
609 1564 870 1626 cmperat,
903 1555 1235 1626 exsequitur,
1284 1563 1338 1610 et
1366 1554 1472 1610 illis
1517 1554 1856 1609 audientibus
1902 1555 2025 1626 ple-

433 1646 577 1711 bem,
612 1645 756 1716 quod
787 1657 884 1697 sua
913 1644 1082 1698 verba
1113 1642 1367 1698 libentius
1396 1643 1580 1698 audiat
1600 1643 1911 1715 alloquitur,
1942 1643 2024 1697 in-

2122 462 2516 517 surrectionem
2563 464 2984 532 praedicantibus
3041 466 3302 535 apostolis
3353 467 3587 522 credere
3633 483 3728 524 no-

2124 549 2356 617 luerant,
2390 550 2488 606 sed
2518 551 2677 622 quasi
2706 552 2834 607 utile
2864 553 3106 610 cadaver
3132 554 3509 626 projicientes,
3541 556 3726 628 genti-

2125 638 2229 692 bus
2257 638 2662 709 suscipiendum
2691 640 2977 696 dederunt.

2197 726 2366 782 Vnus.
2411 730 2498 783 l6.
2521 729 2786 784 --Absit.
2819 728 3209 785 Contradicunt
3236 730 3528 796 sententia
3565 747 3729 803 quam

2126 821 2318 870 contra
2336 814 2623 885 perfidiam
2645 832 2800 872 suam
2821 817 3022 873 dictam
3044 834 3166 874 esse
3185 828 3546 890 cognoscunt.
3570 819 3728 888 Quod

2125 901 2272 958 enim
2299 903 2358 960 in
2383 912 2565 958 mente
2622 905 2906 976 gerebant,
2937 905 2994 960 in
3022 906 3284 976 parabole
3323 906 3595 962 contineri
3641 907 3727 961 in-

2126 990 2394 1063 telligunt.
2427 974 2782 1062 Negantibug
2799 1009 2930 1064 ergo
2976 974 3175 1050 Judaeis
3198 995 3406 1064 justum
3449 994 3593 1062 fore,
3643 995 3726 1066 di-

2129 1079 2268 1134 vinae
2297 1080 2536 1135 scientia:
2564 1080 2704 1151 legis
2721 1074 2906 1152 (qﬂam
2937 1081 3040 1152 ipsi
3060 1083 3415 1154 spernebant)
3432 1083 3504 1138 ad
3534 1092 3727 1154 gentes

2127 1167 2428 1234 transferri,
2461 1167 2590 1240 quid
2620 1170 2872 1225 Salvator
2900 1171 3232 1241 respondeat
3259 1172 3493 1228 attende.

2199 1274 2369 1328 Vnus.
2406 1275 2492 1328 1'7.
2524 1304 2594 1316 —
2624 1275 2767 1342 Quid
2795 1281 2900 1341 est,
2934 1285 3038 1331 etc.
3073 1277 3361 1345 Quomodo
3409 1277 3726 1348 implebitur

2127 1361 2245 1416 hazc
2273 1362 2560 1431 prophetia
2580 1364 2607 1417 ‘P
2636 1363 2753 1417 Nisi
2785 1365 2910 1435 quia
2940 1364 3188 1420 Christus
3216 1381 3249 1420 a
3277 1365 3431 1421 vobis
3461 1367 3724 1436 reproba-

2129 1459 2232 1520 tus,
2263 1451 2548 1506 credituris
2587 1453 2842 1525 gentibus
2892 1462 2977 1508 est
3017 1455 3418 1524 praedicandus,
3466 1464 3529 1509 ut
3561 1456 3618 1510 in
3667 1472 3723 1512 se

2127 1555 2235 1594 uno
2262 1540 2510 1611 angulari
2541 1541 2720 1611 lapide
2736 1543 2872 1596 duos
2901 1543 3101 1598 condat
3126 1544 3382 1613 parietes.
3406 1544 3722 1614 ﬁdi/icun-

2127 1632 2228 1683 tes.
2263 1627 2367 1695 Qui
2397 1644 2556 1700 supra
2584 1629 2781 1696 coloni,
2813 1630 2899 1686 hic
2929 1629 3260 1686 aediﬁcantes
3288 1631 3563 1699 dicuntur,
3597 1632 3724 1705 quia

349 1752 352 1754 ·
431 1732 617 1789 ferens
641 1715 962 1802 parabolam
992 1747 1100 1802 qua
1146 1738 1200 1785 et
1228 1730 1350 1785 illos
1379 1731 1672 1800 impietatis
1713 1739 1926 1802 arguat,
1969 1739 2022 1786 et
2049 1724 2102 1784 B
2125 1715 2219 1786 (Ιυί
2247 1717 2462 1786 Plebem
2493 1718 2560 1772 ad
2591 1717 2848 1773 ferendos
2886 1718 3092 1774 {mel-us
3121 1720 3390 1786 θκοοῙθΓθτ
3425 1722 3572 1778 hanc
3619 1721 3721 1792 ipsi

429 1837 659 1894 regnum
688 1819 787 1874 Dei
817 1819 886 1873 ad
915 1826 1109 1891 gentes
1138 1818 1578 1874 transferendum
1607 1819 1878 1873 ostendat.

506 1919 752 1972 Vineam.
779 1915 1050 1970 Moraliter
1074 1932 1086 1970 :
1119 1917 1288 1972 Vinea
1306 1916 1535 1970 Domini
1555 1914 1801 1979 sabaoth,
1827 1915 2022 1970 domus

433 2004 605 2060 Israel
635 2005 766 2074 (Isa.
790 2004 871 2072 v.)
903 2020 915 2056 :
953 2001 1152 2067 coloni,
1174 2002 1430 2072 operarii,
1455 2002 1544 2072 qui
1566 2002 1635 2056 ad
1665 2001 2020 2058 excolendum

430 2092 605 2164 prima
632 2093 787 2157 hora,
821 2091 994 2157 tertia,
1028 2099 1178 2145 sexta
1208 2098 1261 2145 et
1289 2106 1430 2145 nona
1475 2098 1598 2144 sunt
1628 2090 1900 2146 conducti.
1949 2092 2022 2146 Et

432 2184 549 2252 ipse
572 2196 820 2253 peregre,
864 2187 967 2235 etc.
1014 2177 1120 2246 Qui
1167 2178 1367 2248 ubique
1415 2185 1516 2244 est,
1565 2177 1915 2250 diligentibus
1959 2195 2018 2233 se

428 2268 746 2340 praesentior
775 2275 877 2332 est,
927 2265 1333 2338 negligentibus
1361 2267 1531 2333 abest,
1583 2274 1635 2321 et
1663 2266 1829 2339 longo
1877 2275 2016 2321 tem-

423 2372 559 2428 pore
597 2354 787 2421 abfuit,
831 2371 900 2410 ne
943 2370 1229 2424 perperam
1277 2354 1549 2409 videretur
1595 2355 1824 2410 exactio.
1876 2357 2015 2409 Nam

423 2461 530 2516 quo
559 2443 927 2516 indulgentior
970 2441 1265 2498 liberalitas
1305 2459 1371 2498 eo
1417 2442 1835 2498 inexcusabilior
1880 2460 2013 2514 per-

423 2532 644 2590 vicacia.

489 2639 660 2694 Vnus.
697 2641 782 2693 10.
814 2667 882 2679 -
912 2639 984 2693 Et
1011 2639 1074 2692 in
1108 2642 1368 2708 tempore.
1418 2637 1632 2692 Primus
1680 2653 1873 2692 servus
1922 2637 2012 2708 qui

419 2727 670 2793 mittitur,
723 2728 940 2796 Moyses
988 2725 1290 2796 legislator.
1343 2724 1448 2792 Qui
1496 2742 1595 2795 per
1651 2725 2009 2798 quadraginta

413 2831 588 2871 annos
618 2813 854 2870 fructum
883 2814 1022 2886 legis
1053 2829 1215 2884 quam
1245 2813 1488 2878 dederat,
1531 2829 1566 2867 a
1592 2813 1890 2869 cultoribus
1917 2814 2006 2869 in-

414 2904 678 2976 quirebat,
713 2903 810 2957 sed
841 2917 1043 2958 caesum
1073 2901 1344 2956 dimittunt
1379 2901 1618 2956 inanem.

481 2999 652 3055 Vens.
688 3003 773 3054 H.
806 3028 876 3038 -—
904 2999 972 3053 Et
1003 2998 1239 3063 addidit,
1275 3005 1377 3052 etc.
1428 2998 1579 3052 Alter
1611 3013 1799 3053 servus
1828 2999 2002 3054 David

2123 1804 2353 1858 Domino
2383 1805 2746 1861 inhabitatore
2791 1807 3011 1878 dignam
3041 1808 3200 1879 quasi
3239 1808 3461 1864 domum
3509 1809 3719 1866 consti-

2120 1899 2273 1947 tuere
2297 1893 2649 1962 jubebantur.

2192 1998 2363 2053 Vnns.
2398 2001 2484 2054 l8.
2517 2027 2586 2041 -—
2619 1999 2811 2056 Omnis
2840 2001 2936 2073 qui
2968 2003 3256 2058 ceciderit.
3307 2001 3413 2070 Qui
3444 2002 3626 2058 credit
3665 2012 3715 2060 et

2119 2093 2301 2141 tamen
2331 2096 2539 2157 peccat,
2573 2088 2719 2143 cadit
2747 2105 2912 2159 super
2939 2089 3200 2160 lapidem,
3250 2098 3303 2145 et
3332 2106 3440 2145 non
3476 2094 3713 2148 conteri-

2117 2182 2222 2240 tur,
2257 2175 2354 2230 sed
2376 2175 2757 2249 confringitur,
2781 2178 2908 2248 quia
2929 2194 3030 2248 per
3048 2179 3359 2249 patientiam
3379 2179 3452 2234 ad
3481 2180 3713 2236 salutem

2116 2272 2443 2319 reservatur.
2495 2265 2602 2319 Sed
2631 2265 2718 2320 cui
2748 2265 2888 2335 lapis
2934 2267 3107 2333 irruit,
3160 2267 3214 2321 id
3245 2277 3346 2334 est,
3399 2269 3493 2339 qui
3545 2279 3711 2340 negat

2113 2352 2350 2421 penitus,
2383 2353 2700 2422 conteritur,
2733 2362 2790 2408 ut
2817 2370 2919 2410 nec
2939 2362 3081 2410 testa
3109 2363 3410 2411 remaneat.
3436 2356 3536 2412 Vel
3565 2357 3712 2412 cadit

2114 2455 2278 2510 super
2307 2455 2448 2506 eum,
2483 2441 2576 2512 qui
2601 2442 2766 2496 modo
2795 2444 3112 2511 contemnit,
3165 2453 3218 2500 et
3258 2444 3472 2513 injuriis
3519 2444 3706 2511 afﬁcit,

2113 2529 2346 2583 necdum
2376 2529 2592 2600 penitus
2613 2530 2810 2600 interit,
2842 2532 2939 2586 sed
2969 2540 3279 2603 quassatur,
3304 2542 3361 2588 ut
3379 2549 3492 2588 non
3524 2535 3711 2589 ambu-

2109 2615 2184 2670 let
2211 2626 2411 2672 rectus.
2447 2619 2599 2673 Cadit
2628 2635 2790 2690 super
2818 2636 2941 2674 eum
2971 2621 3127 2692 lapis,
3180 2637 3341 2694 quem
3371 2623 3604 2680 veniens
3655 2624 3708 2678 in

2103 2705 2309 2774 judicio
2338 2707 2610 2778 opprimit.

2178 2811 2348 2867 Vnus.
2386 2817 2472 2868 19.
2505 2843 2574 2855 -
2600 2816 2669 2870 Et
2697 2815 3038 2887 qumrebant,
3072 2824 3176 2872 etc.
3220 2815 3386 2885 Quasi
3427 2819 3706 2875 mentien-

2103 2903 2215 2950 tem
2243 2906 2490 2967 quairunt
2518 2897 2821 2954 interﬁcere
2849 2899 2903 2953 in
2941 2916 3046 2970 quo
3077 2916 3206 2956 vera
3233 2901 3532 2972 probantur
3581 2920 3706 2974 quin

2104 2983 2334 3040 dixerat.
2371 2987 2491 3056 Ipse
2521 2995 2604 3042 est
2650 2987 2795 3042 enim
2842 2988 3035 3054 haeres,
3076 2988 3155 3046 illi
3185 2990 3336 3060 pravi
3380 2990 3562 3046 coloni
3613 2992 3704 3062 qui

405 3089 688 3161 propheta,
713 3086 803 3158 qui
833 3093 955 3156 post
983 3088 1225 3156 Moysem
1247 3085 1469 3140 colonos
1491 3086 1662 3141 νίηοεε
1681 3087 2001 3157 ρεαιιηοάίω
2022 3077 2071 3141 C
2102 3072 2219 3128 solo
2247 3074 2480 3130 humano
2511 3084 2720 3132 terrore
2748 3077 3091 3132 retardantur
3119 3077 3294 3135 donec
3322 3078 3536 3135 veniret
3563 3080 3704 3136 hora

407 3174 774 3233 modulamine
804 3183 857 3230 et
886 3175 1106 3230 citharae
1125 3174 1410 3229 dulcedine
1438 3174 1508 3228 ad
1527 3174 1845 3230 exercitium
1873 3176 2000 3231 boni

404 3264 586 3337 operis
615 3264 880 3328 invitavit,
932 3263 1029 3318 sed
1067 3270 1120 3318 et
1165 3262 1306 3318 hunc
1352 3263 1680 3318 contumelia
1720 3263 1994 3332 affectum,

404 3353 678 3409 dimittunt
708 3351 947 3417 inanem,
980 3351 1224 3406 dicentes
1251 3367 1264 3404 :
1299 3351 1430 3418 Quae
1458 3352 1615 3407 nobis
1642 3369 1774 3424 pars
1803 3354 1867 3408 in
1895 3354 1996 3408 Da-

2103 3176 2239 3216 eius.

2130 3183 2132 3210 τ
2157 3179 2239 3216 us.

2130 3179 2338 3314 JVnus.
2373 3261 2460 3316 20.
2478 3288 2547 3301 -—
2566 3261 2636 3316 Et
2661 3261 3032 3319 observantes.
3061 3263 3221 3332 Quod
3239 3281 3352 3334 prae
3383 3264 3580 3322 timore
3599 3284 3700 3340 po-

2096 3345 2230 3417 puli,
2260 3363 2361 3416 per
2389 3363 2448 3402 se
2480 3363 2591 3403 non
2618 3357 2864 3420 possunt,
2898 3350 3150 3406 inanibus
3177 3353 3445 3423 praesidiis
3478 3342 3698 3414 efﬁcere

401 3442 513 3511 vid,
548 3445 652 3497 aut
679 3457 800 3513 quw
830 3439 1126 3495 haereditas
1156 3441 1220 3494 in
1249 3439 1366 3508 ﬁlio
1389 3440 1500 3494 Isai
1530 3442 1680 3512 (Reg.
1715 3440 1820 3511 χιι)
1847 3440 1995 3510 iQui
2095 3435 2300 3502 volunt,
2334 3435 2477 3491 velut
2506 3437 2773 3494 immunes
2805 3454 2838 3494 a
2866 3448 3040 3496 morte
3069 3441 3240 3512 ipsius
3269 3442 3574 3500 videantur.

397 3537 580 3585 tamen
619 3544 716 3600 pro
767 3530 870 3584 hac
919 3527 1096 3595 vinea,
1141 3543 1209 3582 ne
1256 3528 1472 3598 penitus
1500 3528 1829 3598 exstirpetur
1859 3545 1992 3584 exo-

2163 3550 2334 3605 Vnns.
2367 3555 2457 3608 22.
2481 3581 2550 3594 ——
2579 3554 2736 3609 Licet
2758 3555 2938 3622 nobis,
2962 3563 3066 3612 etc.
3091 3557 3225 3612 Cum
3253 3573 3432 3629 nuper
3461 3561 3563 3615 sub
3585 3565 3696 3617 Au-

394 3626 503 3714 ται-ε
527 3619 762 3714 Domine
805 3619 1277 3714 Deli-{0.17111qu
1330 3620 1666 3714 οίξτξυθντίεί
1690 3619 1906 3714 respice
2091 3645 2254 3710 gusto
2281 3639 2468 3695 Iudaea
2497 3641 2757 3696 Romanis
2789 3617 3136 3714 stipendiaria
3174 3617 3518 3714 factaesset,
3550 3649 3697 3704 Pha-

391 3708 544 3776 cazlo,
581 3711 639 3763 et
663 3707 785 3763 vide
818 3709 876 3762 et
901 3707 1072 3761 visita
1101 3707 1328 3760 vineam
1357 3706 1528 3760 istam
1546 3705 1721 3775 (Psal.
1746 3707 1987 3776 Lxxvu).

2090 3725 2232 3781 risaei
2261 3727 2353 3797 qui
2384 3728 2452 3782 de
2476 3729 2683 3796 justitia
2714 3730 2815 3784 sibi
2845 3732 3267 3801 applaudebant,
3321 3736 3411 3807 qui
3440 3736 3695 3794 decimas

387 3795 599 3884 Tertius
625 3811 825 3884 servus
875 3795 1076 3884 01191115
1123 3794 1551 3884 Prophelmfum-_
1580 3791 1684 3861 Qui
1730 3794 1987 3884 POPUIUFP
2090 3822 2140 3868 et
2169 3791 2440 3884 primitiva
2461 3791 2576 3872 Deo
2606 3818 2824 3883 dabant,
2852 3791 3049 3875 tributa
3077 3791 3283 3878 homini
3311 3791 3578 3880 sblvenda

383 3883 774 3954 corripiebant,
807 3889 858 3937 et
885 3881 1030 3935 mala
1052 3896 1172 3951 quae
1201 3881 1376 3935 vineae
1407 3880 1751 3935 imminerent
1789 3882 1990 3952 praedi-

384 3971 602 4035 cabant,
636 3970 735 4025 sed
765 3977 816 4023 et
846 3968 969 4064 illps
998 3967 1273 4056 persecuti
1304 3975 1428 4022 sunt
1457 3976 1512 4023 et
1539 3968 1875 4024 occiderunt.

455 4083 626 4139 Vnus.
664 4083 750 4137 14.
774 4111 842 4122 —-
874 4062 1047 4147 Quem
1079 4098 1209 4137 cum
1238 4082 1530 4137 vidissent.
1565 4083 1762 4152 Aperte
1791 4082 1985 4153 probat

2087 3902 2307 3972 gabant,
2332 3919 2432 3974 pro
2461 3921 2568 3976 qua
2597 3905 2862 3963 seditione
2890 3917 3083 3979 postea
3111 3927 3343 3983 regnum
3373 3921 3426 3969 et
3453 3921 3568 3969 tota
3599 3929 3696 3985 pa-

2087 3991 2185 4044 tria
2214 3991 2488 4048 destructa
2515 4002 2656 4048 sunt.

2154 4086 2324 4143 Vnus.
2358 4090 2448 4145 24.
2467 4120 2535 4130 —
2560 4092 2728 4162 Cujus
2759 4092 2939 4159 habet,
2965 4101 3068 4149 etc.
3088 4095 3206 4150 Alia
3226 4096 3411 4170 imago
3430 4098 3550 4166 Dei,
3578 4099 3696 4154 alia

386 4169 636 4238 Iudaeos,
692 4185 801 4224 non
848 4180 949 4239 per
997 4169 1361 4240 ignorantiam
1408 4169 1743 4224 cruciﬁxisse
1790 4171 1983 4226 Filium
2082 4175 2288 4230 mundi.
2324 4176 2382 4232 Si
2411 4193 2547 4250 ergo
2577 4179 2825 4234 Christus
2853 4196 2969 4237 non
3007 4183 3192 4238 habuit
3238 4169 3535 4259 imaginem
3567 4188 3695 4244 (1:2-

381 4261 503 4328 Dei,
536 4259 633 4314 sed
661 4274 762 4330 per
793 4256 1069 4312 invidiam.
1103 4256 1490 4312 Intellexerunt
1519 4257 1663 4312 enim
1684 4259 1826 4314 hunc
1857 4275 1980 4315 esse
2081 4263 2244 4330 saris,
2291 4279 2392 4320 cur
2438 4282 2662 4322 censum
2711 4268 2907 4324 dedit?
2933 4271 3058 4325 Non
3105 4272 3176 4328 de
3219 4289 3317 4330 suo
3357 4256 3534 4343 dedit,
3581 4277 3692 4332 sed

384 4349 471 4406 cui
500 4348 706 4404 dictum
737 4353 821 4402 est
853 4362 866 4399 :
899 4346 1133 4401 Postula
1160 4362 1195 4399 a
1222 4360 1333 4410 me,
1389 4349 1448 4400 et
1474 4345 1608 4402 dabo
1657 4348 1760 4402 tibi
1787 4352 1979 4418 gentes
2079 4351 2281 4406 mundo
2307 4353 2542 4408 reddidit
2580 4372 2703 4426 quas
2732 4365 2887 4412 erant
2911 4358 3119 4416 mundi.
3166 4361 3237 4415 Et
3264 4370 3320 4418 tu
3366 4363 3412 4418 si
3440 4378 3552 4418 non
3601 4365 3695 4421 vis

383 4437 779 4496 hereditatem
813 4438 990 4502 tuam,
1021 4438 1077 4488 et
1099 4435 1508 4505 possessionem
1532 4438 1688 4489 tuam
1712 4437 1980 4492 terminos
1998 4430 2050 4490 D
2082 4455 2205 4494 esse
2235 4440 2502 4496 obnoxius
2528 4443 2751 4511 Caesari,
2781 4446 2892 4501 noli
2919 4447 3121 4504 habere
3151 4467 3273 4521 qua:
3315 4461 3439 4506 sunt
3467 4454 3693 4510 mundi.

389 4531 552 4582 terrae
584 4526 761 4596 (Psal.
810 4524 1006 4592 cxvu).
1032 4522 1100 4576 Et
1120 4520 1244 4575 ideo
1265 4521 1612 4576 consulentes
1641 4523 1744 4576 sibi
1773 4523 1976 4578 dicunt:

389 4611 525 4664 Ecce
546 4608 798 4662 mundus
830 4611 979 4662 totus
1015 4609 1142 4677 post
1162 4622 1292 4660 eum.
1330 4606 1469 4660 abiit
1509 4607 1688 4674 (Joan.
1712 4608 1836 4674 xu),
1870 4615 1974 4663 etc.

390 4691 768 4746 Hazreditatem
796 4705 930 4760 ergo
959 4688 1222 4743 Ecclesiae
1242 4704 1402 4760 quam
1434 4703 1543 4742 non
1559 4689 1800 4744 moriens
1817 4691 1979 4746 Pater

387 4777 631 4850 reliquit,
684 4776 781 4830 sed
827 4776 944 4846 ipse
991 4791 1090 4830 sua
1130 4784 1306 4830 morte
1352 4784 1589 4847 emptam
1636 4779 1977 4849 resurgendo

385 4866 647 4940 possedit,
704 4865 846 4919 hanc
891 4863 1061 4918 Judaei
1109 4864 1318 4933 eripere
1364 4865 1566 4928 volunt,
1614 4865 1743 4919 dum
1790 4864 1974 4936 ﬁdem,

387 4971 509 5026 quae
536 4970 637 5025 per
665 4968 790 5008 eum
821 4959 921 5017 est,
954 4951 1300 5024 exstinguere
1330 4961 1611 5019 conantur,
1630 4953 1848 5022 justitia:
1875 4955 1978 5011 Dei

387 5059 497 5099 non
526 5041 771 5111 subjecti,
806 5040 903 5094 sed
934 5056 1086 5093 suam
1107 5041 1433 5095 constituere
1461 5041 1727 5097 volentes.
1759 5045 1859 5100 II-ic
1891 5049 1976 5101 est

389 5133 565 5187 haeres
597 5149 614 5184 :
644 5129 889 5184 Christus
918 5128 1116 5193 baires,
1149 5127 1275 5199 quia
1304 5127 1463 5182 morti
1508 5129 1745 5200 prOprize
1774 5147 1973 5203 super-

388 5217 537 5283 vixit,
591 5224 644 5271 et
692 5221 1137 5270 testamentorum
1188 5231 1309 5285 qua}
1357 5216 1474 5286 ipse
1512 5217 1771 5284 condidit,
1819 5220 1972 5291 quasi

380 5304 727 5365 hereditaria
754 5304 811 5359 in
838 5302 1036 5358 nostris
1073 5301 1402 5374 profectibus
1451 5304 1814 5362 emolumenta
1841 5323 1971 5364 con-

378 5395 644 5469 sequitur.

447 5520 619 5576 Vsns.
655 5519 742 5572 15.
773 5544 843 5557 -
872 5515 942 5570 Et
971 5516 1216 5586 ejectum
1247 5515 1436 5571 illum.
1480 5517 1693 5572 Marcus
1721 5519 1968 5575 ordinem

374 5615 543 5665 mutat
566 5623 579 5663 :
605 5604 944 5664 Occiderunt
959 5607 1016 5660 et
1036 5605 1325 5675 eiecerunt
1341 5608 1508 5662 extra
1526 5607 1752 5664 vineam
1770 5608 1963 5679 (Marc.

2080 4528 2136 4582 Si
2163 4528 2331 4584 habes
2359 4530 2597 4598 divitias,
2630 4535 2895 4591 obnoxius
2924 4553 2984 4590 es
3007 4536 3226 4594 Caesari.
3259 4539 3316 4594 Si
3345 4540 3428 4595 vis
3459 4548 3697 4598 terreno

2079 4612 2200 4684 regi
2227 4613 2362 4667 nihil
2389 4615 2612 4683 debere,
2663 4619 2848 4674 omnia
2895 4628 2985 4675 tua
3030 4621 3276 4694 relinque
3305 4632 3360 4678 et
3402 4624 3695 4682 Christum

2079 4715 2326 4771 sequere.
2358 4703 2427 4758 Et
2456 4703 2594 4774 bene
2624 4706 2775 4776 prius
2806 4724 2927 4778 quae
2957 4708 3189 4765 Caesaris
3223 4722 3352 4766 sunt
3396 4713 3694 4771 reddenda

2075 4788 2337 4844 decernit.
2387 4793 2510 4846 Non
2559 4793 2703 4848 enim
2752 4803 2932 4864 potest
2959 4797 3081 4868 quis
3121 4815 3244 4855 esse
3277 4801 3515 4868 Domini,
3571 4804 3696 4860 nisi

2077 4875 2227 4945 prius
2254 4879 2456 4934 mundo
2483 4881 2888 4939 renuntiaverit.

2148 4972 2318 5029 Vnus.
2360 4978 2452 5032 25.
2491 5005 2563 5020 --
2607 4979 2834 5036 Reddite
2885 4997 3030 5052 ergo.
3076 4982 3226 5038 Sicut
3274 4984 3458 5040 Caesar
3504 4989 3704 5062 exigit.

2075 5059 2490 5131 impressionem
2517 5081 2631 5122 sua:
2661 5066 2936 5141 imaginis,
2966 5069 3046 5126 sic
3078 5079 3132 5126 et
3161 5072 3310 5128 Deus
3330 5073 3570 5131 animam
3605 5059 3701 5134 iu-

2071 5149 2219 5205 mine
2249 5151 2430 5207 vultus
2459 5154 2543 5208 sui
2575 5154 2866 5226 signatam.

2143 5260 2314 5318 Vens.
2346 5267 2435 5321 27.
2468 5267 2928 5326 -Accesserunt
2967 5276 3186 5340 autem,
3239 5282 3345 5330 etc.
3387 5275 3522 5333 Duae
3553 5278 3700 5338 hee—

2071 5363 2222 5405 reses
2247 5359 2400 5406 erant
2442 5353 2498 5407 in
2534 5355 2735 5411 Iudaeis
2769 5374 2784 5411 :
2816 5359 3228 5428 Pharismorum,
3281 5365 3372 5435 qui
3409 5365 3702 5436 praefere-

2069 5435 2200 5493 bant
2237 5439 2497 5508 justitiam
2526 5444 2868 5501 traditionum
2917 5455 2971 5503 et
3017 5447 3476 5520 Observationum,
3520 5458 3702 5516 unde

2067 5535 2121 5581 et
2161 5528 2319 5584 divisi
2343 5531 2673 5589 vocabantur
2699 5549 2734 5589 a
2761 5535 2980 5607 populo,
3027 5546 3084 5593 et
3113 5538 3517 5610 Saducaeorum,
3573 5549 3703 5618 qui

2067 5622 2122 5672 et
2149 5615 2255 5688 ipsi
2281 5616 2625 5677 vindicabant
2650 5620 2754 5679 sibi
2789 5623 2940 5696 quod
2963 5639 3074 5683 non
3097 5637 3269 5698 erant,
3319 5629 3376 5686 id
3401 5639 3486 5687 est
3506 5615 3698 5701 jus'u.
