3932 6178
177 202 262 254 333

1126 187 1400 245 GLOSSA
1429 182 1838 244 ORDINARIA.
1869 211 1936 221 —
1965 179 2231 238 EVANG.
2261 179 2413 237 LUC.

3313 177 3421 234 334

3427 260 3435 290 l

221 320 370 374 Vens.
401 320 489 374 28.
519 345 586 357 —
615 315 896 388 Magister.
923 312 1028 382 Qui
1048 311 1512 368 resurrectionem
1530 325 1721 380 corpo-
1747 309 1804 370 Α
1824 314 1906 362 tes
1936 313 2110 374 orant,
2144 312 2202 360 ut
2229 304 2514 360 videantur
2540 303 2607 357 ab
2637 300 2966 371 hominibus,
3007 299 3422 357 damnationem

161 425 263 464 rum
306 422 410 461 non
455 405 698 470 credunt,
750 411 804 458 et
847 403 1054 458 animas
1090 409 1280 473 putant
1320 400 1548 455 interire
1599 415 1724 454 cum

161 495 470 567 corporibus,
502 492 886 564 turpitudinem
919 491 1118 546 fabula)
1160 489 1391 562 ﬁngunt,
1439 504 1558 559 quae
1587 487 1727 541 deli-

162 583 360 639 ramenti
387 582 562 654 arguit
591 597 686 636 eos
717 581 808 652 qui
839 579 1295 636 resurrectionem
1325 583 1598 632 asserunt.
1630 576 1730 629 Po-

164 680 250 728 test
288 679 455 725 autem
499 669 631 735 tieri,
680 676 739 723 ut
767 669 823 722 in
852 676 1015 741 gente
1044 684 1236 722 eorum
1280 667 1386 722 hoc
1432 663 1728 735 aliquando

163 758 408 816 acciderit.
447 760 508 815 Ut
536 758 800 828 accipiat,
831 765 936 812 etc.
970 758 1030 810 In
1059 756 1184 829 lege
1212 755 1405 809 littera:
1427 752 1730 825 cogebatur

166 848 342 903 nubere
383 846 436 901 in
482 845 611 902 vita.
664 844 774 901 Sed
815 844 870 899 in
914 844 1039 918 lege
1069 843 1286 915 spiritus
1317 840 1732 898 commendatur

169 936 378 992 castitas.

221 1042 372 1097 Vens.
403 1043 490 1095 35.
525 1069 594 1078 —
625 1040 719 1095 Illi
747 1055 895 1104 vero,
945 1045 1052 1094 etc.
1097 1039 1233 1093 Cum
1277 1052 1470 1092 omnes
1511 1033 1641 1090 boni
1677 1040 1736 1089 et

165 1131 270 1185 mali
313 1130 411 1183 sint
458 1127 815 1183 resurrecturi
863 1134 918 1181 et
977 1127 1184 1198 absque
1231 1124 1432 1195 nuptiis
1471 1122 1732 1188 mansuri,

167 1217 399 1273 Dominus
427 1224 609 1270 tamen
639 1223 698 1269 ut
729 1215 798 1270 ad
825 1215 1056 1287 gloriam
1091 1211 1496 1268 resurrectionis
1527 1211 1731 1275 incitet,

170 1308 228 1362 de
260 1306 379 1361 solis
418 1305 606 1360 electis
647 1303 885 1359 disserit.
931 1303 987 1358 Si
1025 1311 1203 1358 autem
1242 1302 1298 1356 in
1338 1299 1737 1356 resurrectione

176 1411 324 1466 neque
358 1394 551 1449 ducent
582 1409 798 1458 uxores,
851 1400 1142 1465 resurgent
1179 1407 1312 1463 ergo
1351 1405 1575 1460 corpora
1620 1403 1741 1458 qum

178 1491 374 1555 possunt
413 1483 622 1537 nubere
653 1491 706 1536 et
736 1482 952 1536 ducere.
987 1479 1144 1548 Quod
1182 1478 1374 1534 dicitur
1413 1478 1482 1531 de
1525 1476 1610 1530 his
1649 1478 1742 1546 qui

181 1572 354 1626 habent
380 1570 625 1626 membra
646 1570 925 1643 genitalia,
951 1569 1051 1624 sed
1079 1567 1226 1623 nulla
1254 1567 1528 1637 voluptate
1548 1565 1635 1620 vel
1656 1580 1746 1620 ne.

177 1661 397 1716 cessitate
425 1659 669 1714 nubendi
698 1658 1170 1729 mancipabuntur.
1191 1657 1260 1711 Et
1292 1662 1422 1710 nota
1442 1654 1588 1727 quod
1619 1669 1741 1708 cum
1760 1663 1814 1725 Β

176 1748 548 1804 insidiatoribus
610 1754 664 1802 et
710 1745 1169 1802 conculcatoribus
1224 1751 1437 1800 secreta
1490 1742 1746 1813 mysteria

167 1837 393 1909 loquatur,
438 1852 550 1892 non
599 1844 781 1891 tamen
827 1843 1069 1891 sanctum
1117 1834 1208 1887 dat
1253 1833 1497 1898 canibus,
1531 1831 1625 1885 sed
1655 1831 1744 1884 ad-

177 1935 297 1980 erant
324 1925 468 1979 multi
489 1925 676 1980 idonei
691 1940 829 1996 quos
859 1931 1080 1994 propter
1100 1921 1328 1977 aliorum
1350 1919 1744 1975 immunditiam

169 2030 255 2069 non
280 2015 548 2085 oportebat
569 2013 798 2086 negligi.
823 2015 1005 2084 Neque
1032 2013 1267 2077 nubent,
1303 2019 1404 2066 etc.
1440 2010 1576 2064 Cum
1606 2025 1736 2064 con-

172 2103 306 2156 nubia
332 2112 544 2174 propter
577 2101 738 2168 ﬁlios,
773 2101 868 2156 ﬁlii
896 2109 1119 2172 pr0pter
1151 2099 1573 2163 successionem,
1607 2113 1737 2152 suc-

175 2191 319 2245 cessio
369 2199 592 2262 pr0pter
639 2197 890 2257 mortem,
949 2189 1043 2244 ubi
1099 2205 1233 2260 ergo
1288 2204 1398 2244 non
1438 2196 1521 2243 est
1564 2202 1734 2255 mors,

176 2295 319 2350 neque
345 2279 636 2335 connubia.

223 2385 368 2438 Vens.
403 2387 486 2439 37.
521 2415 595 2425 —
629 2384 772 2450 Quia
801 2400 926 2439 vero
955 2387 1252 2454 resurgent
1282 2382 1515 2437 mortui.
1570 2380 1734 2434 Post—

171 2489 299 2544 quam
325 2474 617 2544 propositaa
646 2472 931 2544 quaestioni
973 2472 1041 2526 de
1083 2470 1490 2526 resurrectionis
1537 2468 1734 2524 condi-

172 2561 368 2616 tionibus
395 2560 680 2626 satisfecit,
735 2561 803 2615 de
832 2561 948 2631 ipsa
978 2559 1380 2616 resurrectione
1409 2565 1602 2613 contra
1633 2572 1732 2612 eo-

171 2666 262 2703 rum
289 2649 658 2706 inﬁdelitatem
685 2649 812 2722 agit.

225 2748 371 2802 Vens.
404 2751 487 2802 40.
525 2778 602 2788 —
631 2749 702 2802 Et
731 2747 1000 2819 amplius,
1023 2753 1127 2802 etc.
1156 2743 1422 2800 Confutati
1449 2744 1505 2798 in
1536 2757 1734 2799 sermo-

173 2835 299 2891 nibus
322 2853 422 2892 non
452 2836 694 2907 amplius
723 2835 1078 2908 interrogant,
1133 2835 1230 2890 sed
1264 2841 1447 2905 aperte
1478 2848 1731 2902 compre-

174 2924 363 2979 hensum
389 2927 651 2981 Romanaz
679 2923 934 2996 potestati
963 2923 1199 2989 tradunt,
1228 2939 1292 2977 ex
1325 2937 1432 2994 quo
1463 2919 1732 2992 intelligi-

173 3028 268 3067 mus
292 3030 486 3070 venena
517 3013 741 3069 invidiae
756 3029 916 3086 posse
938 3011 1157 3084 quidem
1181 3011 1444 3082 superari,
1471 3009 1569 3065 sed
1590 3007 1727 3063 ditii-

173 3101 252 3156 cile
276 3103 672 3175 conquiescere.

227 3215 470 3273 Vens“.
496 3247 571 3258 —-
598 3217 870 3284 Quomodo
891 3216 1110 3280 dicunt,
1133 3222 1236 3271 etc.
1252 3215 1736 3270 Consummaturus

175 3314 398 3376 praecepta
427 3307 720 3373 Dominus,
755 3305 811 3358 in
836 3303 942 3358 ﬁne
973 3304 1274 3359 testamenti
1304 3302 1386 3358 sui
1414 3301 1578 3358 ﬁdem
1603 3318 1734 3358 con-

177 3392 308 3448 cludit
349 3403 401 3449 ut
444 3394 743 3450 Dominum
791 3394 975 3448 Jesum
1015 3409 1201 3448 verum
1231 3393 1405 3448 Deum
1449 3399 1503 3446 et
1545 3407 1734 3447 verum

179 3481 409 3538 hominem
435 3484 502 3539 ad
534 3484 817 3538 dexteram
848 3482 1020 3536 Patris
1050 3481 1244 3536 sedere
1269 3481 1578 3536 credamus.

231 3596 373 3652 Vens.
406 3600 492 3653 43.
527 3627 602 3638 -
631 3599 815 3652 Donec
843 3612 1071 3668 ponam.
1123 3595 1282 3664 Quod
1311 3611 1342 3648 a
1369 3596 1528 3649 Patre
1559 3593 1733 3662 subji-

177 3682 350 3740 ciuntur
377 3685 600 3754 inimici,
648 3701 758 3741 non
785 3685 1143 3740 inﬁrmitatem
1174 3683 1310 3752 Filii,
1345 3684 1443 3738 sed
1473 3670 1734 3737 unitatem

178 3780 360 3839 natum,
384 3792 486 3846 qua
517 3775 578 3828 in
607 3773 777 3829 altero
807 3773 959 3829 aliter
988 3780 1261 3844 Operatur,
1286 3770 1571 3844 signiﬁcat.
1594 3771 1732 3825 Nam

177 3867 217 3911 et
253 3860 397 3916 Filius
445 3862 666 3932 subjicit
711 3862 956 3918 inimicos
1006 3861 1164 3930 Patri,
1218 3861 1342 3933 quia
1372 3860 1584 3916 Patrem
1615 3859 1732 3914 cla-

180 3945 310 4003 riﬁcat
334 3967 492 4022 super
530 3961 756 4006 terram.

234 4063 377 4120 Vens.
408 4069 495 4121 46.
528 4066 924 4136 —_Attendite
951 4082 986 4120 a
1017 4064 1234 4120 scribis.
1283 4062 1496 4134 Duplici
1524 4063 1734 4118 ratione

175 4150 384 4217 iubemur
409 4154 694 4211 attendere
723 4171 752 4208 a
782 4170 936 4210 vana:
955 4152 1146 4224 gloriae
1175 4152 1406 4223 cupidis,
1434 4167 1502 4206 ne
1529 4152 1616 4207 vel
1647 4167 1735 4206 eo-

180 4254 272 4294 rum
303 4243 634 4298 simulatione
689 4241 1042 4312 decipiamur,
1101 4241 1188 4296 vel
1238 4255 1430 4296 eorum
1484 4240 1732 4310 exemplo

179 4326 229 4379 ad
251 4343 472 4387 amorem
499 4331 880 4402 temporalium
909 4330 1326 4384 inﬂammemur.
1345 4331 1414 4385 Et
1431 4333 1630 4384 amant
1647 4346 1730 4384 sa-

181 4414 442 4474 lutationes
470 4421 535 4475 in
566 4423 707 4491 foro.
742 4419 864 4474 Non
894 4417 1108 4474 salutari
1141 4418 1195 4472 in
1226 4417 1364 4483 foro,
1390 4433 1493 4473 nec
1521 4417 1728 4488 primas

176 4503 304 4560 sedes
329 4516 461 4562 vetat
490 4509 571 4563 eis
601 4507 798 4579 quibus
827 4507 1096 4568 debentur
1121 4523 1188 4561 ex
1213 4506 1401 4561 ordine
1430 4505 1611 4576 oﬂicii,
1632 4505 1730 4560 sed

177 4590 238 4644 eis
260 4595 337 4663 qui
362 4596 599 4652 indebite
632 4603 832 4651 amant.
865 4594 1120 4650 Animum
1149 4595 1312 4660 enim,
1356 4609 1465 4649 non
1498 4594 1730 4666 gradum

179 4678 431 4754 redarguit.
462 4687 583 4741 Nec
610 4700 744 4741 vero
774 4691 923 4740 caret
951 4684 1125 4755 culpa,
1163 4684 1209 4737 si
1237 4683 1284 4737 is
1314 4682 1419 4738 fori
1440 4682 1620 4736 litibus
1647 4681 1730 4736 in-

178 4772 349 4826 teresse
375 4773 522 4843 velit,
556 4774 650 4844 qui
671 4772 948 4828 desiderat
969 4773 1163 4828 sedere
1183 4772 1238 4826 in
1259 4772 1515 4828 cathedra
1534 4769 1725 4844 Moysi.

233 4857 322 4923 Qui
347 4861 632 4928 devorant,
667 4869 770 4917 etc.
803 4862 1018 4917 Marcus
1049 4878 1062 4914 :
1096 4861 1204 4918 Sub
1233 4860 1466 4918 obtentu
1484 4861 1730 4932 prolixae

179 4949 428 5016 orationis,
481 4949 576 5020 qui
602 4956 662 5004 ut
689 4949 1060 5022 religiosiores
1095 4955 1416 5020 appareant,
1465 4947 1729 5020 prolixius

179 5041 316 5101 orant,
362 5037 452 5090 ubi
494 5038 564 5092 ab
613 5037 843 5093 inﬁrmis
890 5037 1236 5109 quibuslibet,
1289 5045 1342 5093 et
1379 5045 1730 5108 peccatorum

178 5133 359 5178 suorum
385 5126 721 5182 conscientia
746 5126 995 5195 turbatis,
1028 5125 1189 5198 quasi
1219 5125 1431 5197 patroni
1460 5126 1649 5181 laudes
1676 5131 1730 5182 et

180 5211 393 5273 manias
420 5214 705 5285 accipiant,
746 5230 978 5287 quorum
1018 5215 1191 5270 oratio
1236 5213 1293 5269 ﬁt
1331 5213 1387 5268 in
1424 5222 1724 5284 peccatum,

1745 4378 1800 4440 Ι)
1830 4369 2063 4425 invicem
2117 4369 2435 4425 dimicantes
2450 4411 2464 4439 ,

1821 394 2041 466 quidem
2074 393 2295 464 mereri,
2330 393 2428 449 sed
2459 392 2596 448 istos
2632 391 2918 461 majorem.

2411 559 2640 616 CAPUT
2680 558 2834 614 XXI.

1898 701 2066 755 Vens.
2104 703 2154 754 l.
2180 730 2248 740 -—
2280 701 2596 772 Respiciens
2627 704 2841 769 autem,
2876 706 2980 754 etc.
3017 697 3122 767 Qui
3153 697 3426 770 appetito-

1826 804 1913 845 res
1943 789 2224 858 primatus,
2261 797 2313 842 et
2342 804 2496 843 vanae
2524 786 2714 859 gloria:
2744 787 3016 842 cavendos
3047 802 3169 842 esse
3200 801 3431 842 monue-

1828 885 1931 947 rat,
1984 877 2146 932 etiam
2186 877 2330 931 dona
2369 876 2606 931 ferentes
2647 875 2700 929 in
2745 877 2963 930 domum
3010 874 3230 931 Domini
3275 880 3434 932 certo

1831 965 2078 1020 examine
2109 964 2388 1034 discernit,
2440 972 2499 1020 ut
2544 964 2813 1020 retribuat
2857 963 3088 1037 singulis
3132 962 3435 1020 secundum

1832 1053 2188 1108 intentionem
2219 1053 2418 1108 cordis.

1906 1167 2076 1221 Vens.
2111 1167 2162 1221 4.
2197 1196 2266 1206 -
2291 1168 2379 1222 Ea:
2409 1166 2746 1222 abundanti.
2803 1165 3019 1221 Judazus
3048 1182 3114 1221 ex
3145 1164 3433 1220 abundan-

1836 1254 1908 1309 tia
1935 1255 2115 1322 mittit,
2163 1255 2254 1326 qui
2298 1255 2368 1310 de
2410 1254 2611 1323 iustitia
2641 1271 2998 1325 praesumens,
3040 1254 3111 1309 ita
3140 1261 3262 1310 orat
3290 1252 3437 1326 apud

1838 1360 1898 1398 se
1929 1345 2084 1414 (Luc.
2115 1345 2317 1414 xvut):
2343 1346 2506 1410 Deus,
2531 1344 2748 1416 gratias
2771 1344 2996 1416 agotibi,
3021 1344 3154 1415 quia
3174 1360 3289 1398 non
3306 1360 3434 1399 sum

1840 1433 1990 1488 sicut
2021 1435 2213 1488 caeteri
2243 1433 2558 1489 hominum.
2621 1433 2850 1488 Omnem
2879 1431 3078 1488 victum
3108 1431 3352 1488 Ecclesia
3382 1431 3438 1487 in

1842 1537 2072 1575 munera
2101 1520 2202 1575 Dei
2232 1521 2409 1590 mittit,
2459 1538 2580 1592 qua:
2607 1537 2767 1576 omne
2797 1520 2943 1592 quod
2975 1520 3166 1586 innuit,
3217 1536 3326 1576 non
3357 1519 3444 1576 sui

1844 1609 2042 1679 meriti,
2096 1609 2192 1664 sed
2223 1608 2392 1664 divini
2422 1608 2664 1664 muneris
2693 1609 2964 1682 intelligit,
3005 1609 3195 1665 dicens
3225 1626 3240 1663 :
3270 1610 3437 1678 Deus,

1839 1699 2121 1771 propitius
2154 1703 2270 1754 esto
2298 1700 2441 1754 mihi
2469 1700 2774 1771 peccatori.

1911 1796 2080 1850 Vens.
2119 1797 2170 1848 5.
2204 1825 2272 1834 —
2302 1797 2371 1850 Et
2393 1795 2741 1867 quibusdam.
2765 1794 2894 1848 Post
2911 1793 3239 1850 oblationem
3260 1792 3439 1851 viduae

1840 1883 1895 1938 in
1921 1899 2029 1952 qua
2054 1881 2300 1938 Ecclesia
2321 1884 2389 1937 de
2412 1883 2668 1956 gentibus
2691 1883 2957 1954 signatur,
2982 1882 3280 1939 destructio
3301 1890 3440 1938 tem—

1837 1971 1914 2042 pli
1944 1971 2286 2043 supponitur,
2311 1979 2369 2026 ut
2397 1972 2702 2027 velemento
2747 1971 2944 2026 littera}
2979 1970 3320 2042 occultantis,
3353 1989 3441 2027 re-

1840 2061 2057 2116 condita
2079 2068 2414 2116 sacramenta
2435 2059 2697 2115 Ecclesiae
2717 2059 2975 2131 incipiant
3003 2068 3300 2131 patescere.
3335 2061 3444 2115 Cu-

1838 2149 1981 2204 ravit
2009 2147 2152 2204 enim
2183 2150 2335 2203 Deus
2367 2147 2640 2205 civitatem
2661 2157 2714 2205 et
2740 2149 2998 2220 templum
3029 2156 3082 2204 et
3103 2148 3280 2204 omnia
3303 2147 3444 2222 ﬁgu-

1837 2237 1969 2292 ralia
1997 2237 2333 2307 subvertere,
2384 2253 2452 2293 ne
2483 2237 2604 2308 quis
2645 2244 2769 2308 post
2813 2238 3114 2293 adventum
3144 2236 3346 2293 Christi
3373 2237 3444 2292 ad

1835 2324 1929 2379 illa
1956 2333 2282 2381 recurreret.

1906 2415 2075 2468 Vens.
2125 2417 2178 2468 7.
2220 2443 2289 2453 —-
2333 2414 2848 2484 Interrogaverunt.
2904 2413 3048 2482 Quia
3099 2412 3445 2472 laudantibus

1833 2501 2220 2558 aedificationes
2249 2501 2433 2573 templi
2477 2501 2803 2571 praedixerat
2851 2517 2939 2556 om
2953 2501 3042 2556 nia
3085 2502 3442 2574 destruenda,

1835 2590 2089 2662 discipuli
2147 2591 2306 2661 (sicut
2360 2591 2574 2645 Marcus
2633 2589 2728 2661 ait)
2789 2591 3012 2657 Petrus,
3070 2591 3330 2660 Jacobus,
3389 2599 3446 2647 et

1831 2679 2069 2735 Joannes
2129 2687 2181 2733 et
2212 2679 2460 2734 Andreas
2505 2680 2795 2750 separatim
2820 2686 3066 2751 quaerunt
3094 2686 3336 2752 tempus,
3393 2687 3448 2736 et

1833 2768 1997 2839 signa
2016 2767 2295 2839 praedicta:
2325 2767 2730 2823 destructionis.

1903 2867 2072 2921 Vens.
2108 2871 2158 2920 8.
2191 2895 2260 2906 ——
2296 2865 2459 2920 Multi
2489 2867 2666 2920 enim.
2697 2863 3016 2920 Imminente
3037 2863 3448 2938 Hierosolymo-

1831 2971 1955 3009 rum
1983 2954 2213 3023 excidio,
2263 2953 2416 3008 multi
2447 2951 2599 3008 fuere
2648 2952 2922 3024 principes
2971 2953 3062 3025 qui
3101 2971 3161 3009 se
3200 2953 3443 3011 Christos

1753 3021 1802 3086 Ο
1838 3059 1981 3111 esse,
2035 3050 2088 3097 et
2138 3021 2351 3112 tempus
2403 3021 2666 3096 liberatis
2691 3021 3129 3114 appropinquare
3177 3042 3440 3098 dicerent.

1837 3130 2198 3202 Temporibus
2229 3146 2448 3201 quoque
2480 3129 2848 3200 apostolorum
2870 3131 3272 3187 bmresiarchize
3289 3131 3447 3187 multi

1835 3220 2175 3291 prodierunt,
2207 3219 2298 3290 qui
2327 3219 2470 3273 inter
2501 3227 2728 3275 caeteras
2755 3218 3020 3274 falsitates
3050 3219 3204 3274 diem
3226 3220 3448 3276 Domini

1832 3309 2038 3364 instare
2065 3307 2457 3379 praedicabant,
2491 3323 2628 3378 quos
2658 3315 2713 3363 et
2741 3306 3034 3378 Apostolus
3067 3307 3376 3381 redarguit.

1906 3398 2074 3452 Vens.
2109 3401 2161 3452 9.
2184 3427 2254 3436 —
2275 3397 2483 3452 Prmlia
2511 3400 2569 3451 et
2595 3395 2920 3453 seditiones.
2957 3397 3086 3452 Haec
3117 3411 3152 3452 a
3180 3397 3440 3468 passione

1833 3485 2051 3540 Domini
2096 3485 2152 3539 in
2187 3485 2378 3540 Judma
2424 3485 2857 3554 abundaverunt,
2908 3485 3109 3556 quibus
3157 3501 3228 3542 ne
3270 3487 3444 3544 territi

1833 3573 2063 3645 apostoli
2084 3574 2386 3628 Jerusalem
2416 3580 2470 3627 et
2487 3573 2731 3628 Iudaeam
2753 3573 3030 3644 deserant,
3055 3574 3440 3650 admonentur,

1833 3665 1966 3735 quia
1993 3679 2109 3719 non
2138 3663 2339 3717 statim
2367 3661 2520 3730 ﬁnis,
2555 3661 2652 3717 sed
2680 3669 2806 3733 post
2833 3663 3323 3737 quadrageshnum
3351 3681 3440 3722 se-

1832 3752 2067 3806 cundum
2097 3765 2318 3805 annum.

1903 3839 2074 3894 Vens.
2109 3841 2195 3892 10.
2247 3866 2316 3879 -—
2368 3838 2518 3893 Tunc
2563 3836 2800 3894 dicebat.
2844 3839 3052 3894 Horum
3084 3837 3187 3893 alia
3214 3853 3246 3892 a
3275 3835 3438 3910 coelo,

1831 3927 1936 3982 alia
1963 3943 1994 3982 e
2034 3934 2201 3995 terra,
2241 3925 2349 3981 alia
2388 3925 2458 3980 ab
2497 3925 2798 3993 elementis,
2844 3926 2949 3981 alia
2989 3926 3058 3982 ab
3103 3924 3436 3982 hominibus.

1831 4015 2076 4087 Mystice.
2128 4015 2379 4086 Regnum
2422 4015 2686 4072 adversus
2727 4031 2976 4087 regnum,
3025 4021 3080 4070 et
3127 4012 3437 4086 pestilentia

1831 4119 2023 4159 eorum
2053 4119 2286 4175 quorum
2317 4119 2519 4172 sermo,
2569 4111 2628 4158 ut
2670 4119 2868 4160 cancer
2912 4103 3098 4176 serpit,
3155 4111 3210 4160 et
3234 4103 3432 4176 fames,

1830 4192 2086 4247 audiendi
2114 4193 2339 4248 verbum
2369 4193 2499 4260 Dei,
2553 4191 2844 4248 commotio
2873 4199 3050 4263 terrae,
3101 4207 3135 4249 a
3163 4209 3294 4248 vera
3323 4192 3433 4250 fide

1831 4281 2103 4351 separatio
2133 4281 2189 4334 in
2217 4280 2487 4336 lmreticis
2516 4280 2770 4354 intelligit
2798 4280 2979 4351 debet,
3034 4280 3126 4352 qui
3154 4289 3338 4337 contra
3367 4296 3430 4338 se

2545 4369 2806 4424 Ecclesia:
2859 4367 3142 4425 victoriam
3199 4368 3427 4427 faciunt.

1827 4460 1898 4514 Et
1916 4460 2076 4530 signa
2095 4475 2323 4530 magna.
2339 4459 2468 4514 Haec
2488 4457 2648 4512 etiam
2665 4474 2730 4513 eo
2779 4464 3024 4527 tempore
3044 4456 3264 4528 impleta
3283 4455 3431 4528 apud

1828 4546 2127 4616 Josephum
2173 4545 2541 4614 inveniuntur,
2594 4545 2686 4617 qui
2735 4553 2924 4600 narrat
2983 4543 3197 4600 stellam
3244 4545 3432 4618 gladio

1829 4634 2064 4689 similem
2091 4650 2193 4705 per
2212 4649 2413 4688 annum
2439 4648 2601 4704 supra
2621 4632 3054 4704 Hierosolymam
3073 4633 3426 4706 pependisse,

1829 4730 1883 4778 et
1911 4739 2101 4778 currus
2130 4722 2449 4794 equitesque
2479 4729 2720 4777 armatos
2751 4720 3109 4794 quadraginta
3152 4721 3344 4778 diebus
3373 4722 3430 4777 in

1828 4825 1956 4866 aere
1984 4811 2309 4880 debellasse,
2342 4817 2396 4866 et
2416 4809 2638 4866 vitulam
2651 4808 2793 4866 inter
2812 4825 3003 4865 manus
3032 4807 3429 4867 immolantium

1829 4914 2025 4970 agnam
2055 4897 2359 4970 peperisse.

1897 5014 2070 5070 Vens.
2097 5015 2183 5069 13.
2207 5043 2277 5054 -
2301 5013 2599 5086 Continget
2618 5017 2833 5085 autem,
2857 5022 2961 5072 etc.
2986 5013 3194 5071 Eorum
3225 5013 3318 5089 qui
3336 5015 3426 5074 vel

1827 5110 2250 5174 persequuntur,
2283 5102 2371 5158 vel
2391 5102 2624 5159 vivendo
2643 5119 2753 5160 non
2771 5111 3066 5160 mutantur.
3097 5105 3248 5160 Mors
3277 5106 3426 5162 enim

1821 5191 2088 5260 justorum
2118 5190 2276 5245 bonis
2305 5197 2390 5246 est
2415 5191 2472 5244 in
2499 5191 2842 5274 adjutorium,
2901 5193 3059 5249 malis
3089 5192 3144 5249 in
3175 5193 3426 5252 testimo-

180 5301 335 5353 utnon
363 5276 662 5374 solum-pro
689 5276 810 5358 aliis
843 5320 953 5360 non
979 5302 1191 5375 possint
1216 5276 1578 5371 intercedere,
1630 5276 1728 5358 sed
1825 5276 1974 5333 nium
2005 5277 2367 5377 ᾀδηωθξίοηξδ
2396 5285 2456 5377 Ψ
2482 5278 2607 5334 inde
2635 5279 2882 5377 ἷξθτνθτεί
2913 5281 3050 5377 ,δίηθ
3078 5282 3424 5377 θκοῖξδθίίοηθ

179 5395 256 5437 nec
280 5386 369 5442 sibi
397 5391 465 5444 ad
495 5366 729 5447 “intem
757 5366 1040 5463 proﬁcer'e,
1086 5391 1195 5447 imo
1227 5406 1326 5462 pro
1356 5389 1490 5461 ipsis
1519 5366 1728 5446 οέδιίο,
1821 5374 2070 5439 pereant,
2104 5366 2250 5422 unde
2279 5366 2438 5424 electi
2467 5367 2778 5439 exemplum
2806 5369 3044 5441 capiunt,
3073 5377 3132 5424 ut
3161 5370 3367 5426 vivant.

178 5469 305 5528 nibus
331 5479 502 5551 magis
530 5480 945 5536 damnabuntur.
992 5483 1061 5537 Hi
1091 5481 1356 5551 accipien
1411 5479 1728 5536 damnatio-

1895 5480 2066 5537 Vens.
2102 5485 2265 5536 16.—
2291 5483 2334 5540 Α
2360 5482 2713 5555 parentibus,
2735 5491 2839 5540 etc.
2871 5484 3045 5554 Maius
3071 5489 3418 5550 tormentum,

181 5573 301 5626 nem.
409 5567 514 5624 hoc
542 5567 778 5625 insinuat
795 5569 916 5627 illos
936 5569 1122 5639 etiam,
1162 5567 1256 5640 qui
1274 5567 1331 5625 in
1353 5566 1565 5640 angulis
1584 5573 1730 5625 stan-
1819 5583 1947 5626 cum
1974 5568 2173 5641 aliquis
2200 5571 2270 5626 ab
2298 5569 2406 5627 illis
2433 5572 2656 5644 patitur,
2711 5572 2781 5629 de
2811 5572 3007 5642 quibus
3031 5569 3426 5646 praesumebat,
