4006 6178
475 256 580 313 335

1078 255 1483 313 WALAFRIDI
1511 254 1755 314 STRABI
1781 253 2165 315 FULDMON.
2197 253 2351 313 OPP.
2382 254 2560 316 PARS
2585 256 2628 313 Ι.
2659 284 2728 300 -
2751 255 3225 315 THEOLOGICA.

3650 260 3752 315 336

477 380 606 453 quia
658 396 781 436 cum
841 380 1041 435 damno
1099 381 1342 453 corporis
1397 382 1523 436 mali
1572 381 1810 438 cruciant
1856 381 2072 438 amissas
2092 385 2150 447 Α
2180 381 2545 453 cognoscitur,
2578 382 2654 437 ita
2704 389 2759 438 et
2800 399 2896 438 rex
2924 383 3077 437 ruina
3101 363 3288 437 mundi
3315 395 3488 453 prope
3513 397 3636 437 esse
3666 396 3762 438 co-

475 469 767 526 charitatis.
822 469 892 523 Et
921 469 1044 541 quia
1093 469 1224 524 dura
1267 479 1392 525 sunt
1438 487 1558 542 quae
1600 471 1965 541 praedicuntur
2007 470 2076 551 de

476 556 765 613 afﬂictione
794 558 1001 625 mortis,
1059 558 1303 637 subditur
1332 558 1628 615 consolatio
1659 559 1727 615 de
1756 559 1953 631 gaudio
1982 574 2074 615 re-

479 646 848 702 surrectionis.

550 762 719 818 Vnus.
748 766 833 818 18.
853 793 923 803 -—
942 766 1014 819 Et
1042 763 1306 835 capillus.
1343 761 1531 831 Quasit
1550 763 1690 819 dicat
1713 782 1726 818 :
1751 764 1857 818 Cur
1874 762 2075 818 timetis

477 866 545 906 ne
572 858 775 922 pereat,
829 851 971 923 quod
1000 840 1230 906 incisum
1277 852 1443 918 dolet,
1495 853 1931 923 quandoquidem
1971 868 2073 907 nec

472 937 599 995 illuc
626 947 806 1011 potest
836 939 1014 1010 perire
1045 939 1098 993 in
1127 940 1301 1005 vobis,
1334 940 1480 1012 quod
1499 940 1729 996 incisum
1746 956 1857 996 non
1877 940 2073 996 dolet?

472 1027 607 1083 Caro
640 1028 787 1082 enim
819 1027 990 1083 incisa
1017 1027 1182 1098 dolet,
1218 1028 1442 1099 capillus
1471 1044 1581 1084 non
1620 1029 1783 1084 dolet.
1824 1022 1829 1027 ”

539 1144 711 1197 Vnus.
750 1146 835 1199 19.
854 1174 923 1182 -
942 1144 1006 1200 In
1025 1146 1311 1216 patientia
1330 1148 1540 1200 vestra.
1567 1143 1830 1199 Patientia
1849 1143 2001 1197 radix
2016 1151 2071 1198 et

470 1238 652 1287 custos
698 1240 781 1286 est
824 1232 1063 1287 omnium
1109 1231 1379 1287 virtutum.
1416 1234 1477 1287 In
1508 1233 1607 1287 hac
1657 1246 1787 1302 ergo
1835 1232 2065 1299 animas,

466 1321 534 1375 ad
564 1320 877 1391 patiendum
907 1321 1116 1375 ratione
1163 1322 1423 1393 regimus.
1477 1321 1619 1376 Vera
1647 1329 1825 1375 autem
1853 1320 2067 1391 patien-

469 1409 546 1463 tia
597 1417 680 1463 est
735 1409 909 1463 aliena
967 1409 1107 1463 mala
1165 1408 1533 1480 aequanimiter
1582 1409 1830 1479 perpeti;
1884 1417 2068 1465 contra

471 1513 594 1553 eum
623 1497 714 1569 qui
742 1497 886 1552 mala
913 1496 1145 1568 irrogat,
1178 1497 1325 1553 nullo
1356 1498 1542 1561 dolore
1571 1497 1797 1553 moveri.
2044 1503 2051 1513 '

539 1612 711 1667 Vens.
742 1616 832 1669 21.
878 1643 947 1652 -
994 1615 1064 1667 Et
1093 1614 1190 1685 qui
1216 1615 1279 1668 in
1311 1613 1650 1684 regionibus.
1686 1611 2066 1667 Ecclesiastica

468 1700 711 1756 historiat
740 1708 918 1755 narrat
947 1700 1282 1755 Christianos
1309 1702 1401 1772 qui
1425 1701 1480 1755 in
1508 1702 1697 1756 Iudaea
1726 1709 1897 1767 erant,
1955 1700 2063 1754 im—

466 1789 704 1844 minente
734 1788 945 1844 excidio
987 1789 1054 1843 ab
1099 1789 1295 1860 angelo
1324 1789 1559 1844 monitos
1587 1789 1775 1857 fuisse,
1837 1798 1890 1844 et
1918 1796 2065 1843 trans

463 1878 763 1933 Iordanem
791 1877 846 1931 in
874 1877 1088 1932 civitate
1121 1876 1287 1947 Pella,
1338 1878 1515 1934 donec
1561 1877 1824 1933 desolatio
1865 1877 2066 1934 Iudaeae

464 1966 793 2036 impleretur,
823 1965 1122 2021 habitasse.

536 2055 709 2110 Vens.
740 2058 830 2112 23.
862 2085 933 2096 -
961 2057 1088 2111 Erit
1118 2056 1273 2110 enim
1297 2071 1583 2126 pressura,
1612 2060 1718 2110 etc.
1753 2055 1880 2110 Haec
1907 2070 2065 2125 pres-

452 2159 594 2207 sura
623 2150 675 2198 et
702 2143 784 2197 ira
810 2159 981 2214 usque
1009 2142 1170 2198 hodie
1198 2142 1399 2213 populo
1425 2142 1501 2196 illi
1531 2159 1633 2213 per
1659 2158 1851 2197 omnes
1870 2150 2065 2211 gentes

454 2232 707 2303 disperso
738 2231 914 2285 durat.
946 2232 1070 2286 Non
1100 2239 1282 2287 tamen
1309 2231 1366 2285 in
1399 2238 1658 2286 aeternum
1690 2231 1923 2287 durabit.

535 2345 706 2401 Vens.
728 2348 819 2403 24.
844 2376 913 2385 —
933 2348 1115 2402 Donec
1136 2347 1510 2417 impleantur,
1543 2352 1647 2403 etc.
1672 2346 1734 2400 Id
1755 2352 1855 2415 est,
1877 2347 2063 2401 Donec

461 2433 757 2506 plenitudo
785 2435 1045 2505 gentium
1071 2435 1396 2500 intraverit,
1446 2438 1503 2489 et
1534 2434 1623 2490 sic
1662 2434 1847 2492 omnis
1887 2433 2064 2488 Israel

454 2523 650 2579 salvus
680 2520 857 2592 (Rem.
891 2522 992 2594 γι),
1029 2529 1083 2577 et
1113 2521 1270 2593 quasi
1317 2522 1387 2576 ad
1437 2521 1632 2577 solium
1657 2521 1897 2592 prepriaz
1926 2519 2065 2574 nati-

462 2610 644 2677 vitatis
673 2609 962 2682 gavisurus
992 2610 1200 2669 redeat.
1235 2608 1378 2677 Quid
1407 2610 1550 2664 enim
1580 2610 1816 2679 impletis
1846 2616 2061 2679 tempo-

459 2698 609 2753 ribus
667 2698 965 2764 nationum,
1026 2705 1079 2752 et
1136 2697 1284 2753 omni
1333 2697 1500 2751 Israel
1546 2696 1752 2752 salvato
1781 2704 2059 2767 sequatur,

460 2785 728 2841 Dominus
755 2802 821 2840 ex
852 2784 1043 2840 ordine
1098 2785 1271 2856 ponit.
1321 2786 1461 2839 Nam
1510 2793 1562 2839 et
1610 2785 1726 2839 haec
1768 2785 2065 2839 secundum

458 2873 767 2928 Matthasum
822 2872 1057 2944 apostoli
1088 2872 1436 2945 quazsierunt,
1470 2887 1581 2927 non
1629 2872 1802 2927 solum
1850 2880 2065 2944 tempus

458 2961 739 3031 evertendi
772 2960 977 3032 templi,
1026 2961 1124 3015 sed
1170 2968 1224 3015 et
1281 2959 1496 3031 signum
1527 2959 1791 3017 adventus
1821 2960 1958 3030 ejus,
2011 2968 2065 3015 et

450 3049 941 3117 consummationis
971 3047 1179 3104 saeculi.

532 3164 708 3219 Vnus.
738 3166 830 3228 25,
861 3165 953 3219 26.
975 3192 1046 3202 -
1065 3163 1137 3217 Et
1156 3166 1329 3218 erunt
1356 3164 1535 3234 signa.
1570 3163 1699 3219 Haec
1726 3162 1797 3218 de
1825 3162 1945 3234 ipso
1972 3163 2062 3218 ad-

464 3258 644 3321 ventu,
661 3266 785 3307 cum
801 3264 994 3305 omnes
1010 3249 1254 3321 virgines
1264 3250 1556 3321 prudentes
1577 3258 1630 3306 et
1644 3250 1827 3318 fatuas,
1846 3251 2062 3308 insolito

462 3339 697 3395 clamore
752 3337 1043 3407 suscitatae,
1092 3338 1374 3409 lampades
1402 3347 1614 3407 ornant,
1663 3339 1720 3393 id
1748 3346 1848 3407 est,
1900 3355 2063 3411 opera

450 3441 651 3483 secum
695 3435 1008 3493 numerant,
1058 3443 1161 3498 pro
1211 3420 1406 3498 quibus
1451 3427 1687 3482 maximo
1710 3443 1833 3484 cum
1872 3428 2063 3484 timore

446 3517 570 3585 jam
598 3515 894 3570 instantem
925 3524 994 3572 aet
1005 3515 1127 3571 erni
1170 3515 1500 3572 discriminis
1529 3523 1843 3587 exspectant
1891 3532 2060 3573 even-

464 3613 596 3659 tum.
631 3604 1118 3677 ApprOpinquante
1138 3611 1382 3660 extremo
1396 3604 1622 3674 judicio,
1653 3605 1864 3661 sonitus
1889 3605 2060 3661 maris

461 3700 516 3748 et
546 3692 804 3749 ﬂuctuum
836 3692 1197 3762 confunditur,
1230 3700 1605 3765 terrarumque
1634 3694 1782 3749 orbis
1808 3710 2060 3765 premen-

462 3780 605 3835 tibus
656 3779 895 3852 undique
925 3781 1132 3836 colonis
1163 3780 1400 3838 inficitur
1434 3800 1447 3835 :
1477 3781 1716 3837 maxima
1742 3781 1869 3838 cteli
1893 3782 2058 3837 lumi-

460 3868 608 3923 naria
638 3883 780 3924 novo
803 3869 1028 3924 horrore
1056 3870 1334 3939 percussis
1360 3870 1547 3939 radiis,
1571 3870 1836 3925 turbatam
1865 3869 2060 3925 faciem

461 3955 662 4022 velant,
696 3955 841 4027 quia,
875 3956 1347 4028 apprOpinquante
1373 3958 1607 4013 termino
1637 3973 1756 4024 suo,
1788 3957 2059 4014 elementa

461 4043 618 4115 quasi
647 4044 900 4114 paventis
935 4052 1124 4100 nutant
1154 4053 1207 4099 et
1235 4044 1486 4100 fremunt.

530 4160 701 4214 Vsus.
724 4160 813 4217 27.
836 4191 906 4200 -
921 4162 992 4216 Et
1013 4165 1151 4217 tunc
1176 4161 1458 4217 videbunt.
1485 4158 1660 4228 Quem
1678 4160 1736 4214 in
1754 4160 2056 4217 humilitate

456 4247 690 4319 positum
739 4248 929 4304 audire
979 4249 1284 4314 noluerunt,
1338 4257 1395 4303 ut
1442 4248 1692 4303 virtutem
1741 4250 1855 4319 ejus
1905 4257 2053 4305 tanto

452 4344 584 4392 tunc
612 4335 910 4393 districtius
949 4335 1200 4401 sentiant,
1234 4344 1433 4407 quanto
1463 4352 1607 4392 nunc
1639 4338 1805 4393 corda
1836 4338 1905 4393 ad
1935 4338 2053 4407 ejus

451 4424 768 4496 patientiam
800 4439 908 4479 non
938 4422 1218 4478 inclinant.
1252 4422 1387 4491 Quia
1416 4439 1546 4479 vero
1576 4434 1761 4480 contra
1787 4426 2051 4497 reprobos
2075 4441 2129 4502 D

454 4512 574 4568 haec
620 4512 767 4569 dicta
811 4518 954 4577 sunt,
1005 4525 1131 4567 mox
1174 4511 1242 4565 ad
1289 4511 1715 4569 consolationem
1758 4514 2052 4572 electorum

454 4599 733 4671 supponit.

526 4714 696 4769 Vens.
729 4717 819 4772 28.
853 4744 922 4753 -
950 4715 1046 4771 His
1075 4718 1267 4772 autem
1294 4715 1422 4785 ﬁeri
1437 4716 1861 4789 incipientibus.
1885 4717 1949 4773 Id
1969 4727 2052 4775 est

453 4816 579 4859 cum
609 4800 785 4873 plagae
814 4802 1181 4870 crebrescunt,
1205 4819 1328 4859 cum
1349 4812 1526 4859 terror
1547 4804 1735 4873 judicii
1766 4807 2050 4863 commotis

454 4889 742 4947 virtutibus
761 4886 1083 4945 ostenditur.
1100 4890 1301 4947 Levate
1322 4893 1531 4963 capita.
1547 4890 1861 4950 Exhilarate
1881 4895 2052 4951 corda

455 4986 656 5044 vestra,
692 4977 836 5048 quia,
861 4978 989 5032 dum
1010 4977 1190 5033 finitur
1206 4979 1442 5034 mundus
1462 4978 1551 5036 cui
1569 4980 1730 5057 amici
1756 4996 1866 5037 non
1894 4981 2047 5052 estis,

454 5079 629 5134 prope
689 5073 770 5120 est
826 5065 1131 5136 redemptio
1188 5082 1350 5138 quam
1402 5067 1663 5139 quaeritis.
1713 5069 1873 5139 Quod
1920 5087 2049 5129 vero

455 5152 693 5207 mundus
720 5153 931 5225 despici
958 5153 1173 5220 debeat,
1223 5154 1453 5226 provida
1495 5159 1896 5228 comparatione
1923 5175 2048 5217 ma-

457 5238 760 5297 nifestatur.

531 5341 701 5397 Vnus.
727 5345 816 5399 29.
838 5373 908 5383 -
934 5342 1117 5400 Videte
1135 5345 1463 5413 ﬁculneam.
1486 5346 1737 5420 Regnum
1757 5349 1858 5405 Dei
1877 5349 2049 5405 aestati

460 5437 763 5501 comparat,
808 5430 932 5503 quia
960 5439 1086 5487 tunc
1124 5433 1375 5489 maeroris
1422 5434 1597 5490 nostri
1640 5436 2051 5511 nubila.trans-

458 5518 632 5591 ibunt,
665 5526 718 5575 et
745 5519 936 5576 εἰει-αἱ
965 5518 1083 5576 dies
1112 5520 1235 5578 vita:
1273 5522 1375 5578 sub
1420 5522 1668 5580 claritate
1705 5525 1836 5581 solis
1864 5524 2047 5601 fulge-

458 5606 614 5667 bunt.
666 5606 818 5667 Sicut
856 5606 1001 5669 enim
1036 5623 1104 5668 ex
1147 5608 1325 5668 fructu
1366 5610 1628 5670 arborum
1664 5611 1842 5673 vicina
1884 5622 2048 5675 aestas

2178 470 2459 542 gnoscitur
2488 456 2716 541 regnum
2738 470 2858 525 Dei.
2891 471 2974 526 Ex
2994 470 3079 525 his
3099 470 3282 526 verbis
3303 469 3620 536 ostenditur,
3645 469 3771 542 quia

2175 557 2380 635 fructus
2428 559 2612 614 mundi
2659 559 2809 613 ruina
2854 569 2955 615 est.
3005 559 3088 614 Ad
3135 561 3240 615 hoc
3288 558 3432 614 enim
3481 557 3772 614 crescit’ut

2176 647 2352 716 cadat,
2387 647 2457 701 ad
2476 634 2582 703 hoc
2611 648 2882 720 germinat
2909 654 2969 702 ut
2997 662 3335 719 quaecunque
3363 645 3764 718 germinaverit,

2174 734 2418 789 cladibus
2447 726 2749 791 consumat.

2245 850 2415 905 Vsus.
2449 832 2537 905 33.
2569 881 2639 890 -
2670 850 2881 907 Caelum
2912 853 2967 905 et
2999 852 3172 905 terra.
3222 847 3370 904 Nihil
3397 847 3452 902 in
3482 863 3768 919 corporum

2172 944 2366 992 natura
2395 938 2535 993 coelo
2566 946 2618 994 et
2646 946 2795 993 terra
2824 937 3119 992 durabilius
3153 944 3254 992 est.
3285 935 3433 991 Nihil
3464 936 3657 991 transit
3685 952 3770 991 ve-

2170 1025 2344 1081 locius
2372 1042 2534 1097 quam
2563 1041 2764 1081 sermo.
2790 1026 2973 1081 Verba
2992 1040 3276 1096 quousque
3296 1023 3617 1095 imperfecta
3647 1031 3770 1078 sunt

2133 1114 2337 1170 .verba
2382 1130 2493 1169 non
2539 1123 2688 1185 sunt,
2720 1115 2766 1168 si
2794 1113 3040 1185 perfecta
3077 1114 3184 1168 sint
3223 1113 3337 1181 jam
3388 1113 3609 1167 omnino
3660 1126 3770 1167 non

2171 1210 2295 1256 sunt
2329 1220 2341 1254 :
2374 1218 2550 1277 neque
2599 1202 2744 1257 enim
2788 1201 2978 1273 perfici
3036 1201 3141 1256 nisi
3168 1201 3497 1256 transeundo
3524 1211 3767 1271 possunt.

2166 1290 2256 1365 Ait
2285 1306 2421 1360 ergo
2455 1308 2468 1344 :
2508 1291 2718 1347 Caelum
2737 1294 2793 1345 et
2817 1295 2971 1345 terra
3002 1291 3349 1345 transibunt.
3387 1288 3558 1356 Quasi
3590 1287 3768 1343 dicat:

2170 1377 2348 1432 Omne
2396 1378 2543 1449 quod
2590 1379 2736 1448 apud
2766 1393 2864 1433 vos
2892 1378 3159 1443 durabile,
3214 1385 3266 1431 et
3312 1377 3429 1431 sine
3475 1375 3768 1430 mutatione

2169 1474 2270 1535 est,
2304 1467 2373 1521 ad
2401 1467 2756 1521 mternitatem
2785 1466 3030 1521 durabile
3059 1482 3170 1520 non
3199 1473 3301 1531 est,
3352 1473 3406 1520 et
3433 1480 3595 1519 omne
3626 1463 3770 1535 quod

2167 1555 2310 1624 apud
2357 1571 2445 1609 me
2495 1555 2718 1609 transire
2750 1555 3004 1622 cernitur,
3056 1553 3223 1609 fixum
3273 1562 3326 1609 et
3372 1553 3489 1608 sine
3535 1552 3771 1606 transitu

2152 1648 2399 1709 tenetur,
2454 1643 2578 1714 quia
2623 1659 2805 1698 sermo
2851 1658 3026 1710 meus,
3079 1642 3171 1714 qui
3219 1641 3428 1709 transit,
3475 1640 3771 1696 sententias

2093 1741 2147 1800 Β
2167 1739 2447 1807 manentes
2465 1730 2733 1801 exprimit.
2746 1718 2922 1787 Verba
2933 1735 3126 1787 autem
3141 1747 3267 1786 mea
3285 1747 3399 1787 non
3416 1730 3766 1785 transibunt.

2165 1821 2235 1875 Et
2264 1836 2389 1875 cum
2418 1821 2587 1875 verba
2614 1836 2740 1891 mea
2766 1819 2841 1874 ita
2868 1820 3074 1891 absque
3120 1819 3285 1874 dubio
3326 1818 3431 1873 sint
3469 1817 3765 1889 implenda,

2164 1909 2343 1965 videte
2392 1925 2460 1963 ne
2491 1916 2679 1964 contra
2711 1908 3159 1964 contestationem
3188 1907 3474 1964 verborum
3520 1921 3771 1961 meorum

2167 1996 2283 2051 sitis
2312 1996 2477 2051 dediti
2508 1997 2762 2067 crapulae,
2784 2004 2837 2051 et
2857 1996 3126 2061 ebrietati,
3150 2003 3205 2050 et
3225 1994 3575 2052 saecularibus
3600 1994 3768 2060 curis,

2164 2085 2304 2139 sicut
2334 2085 2552 2157 quidam
2580 2092 2740 2139 erunt
2770 2092 3015 2155 tempore
3052 2084 3383 2139 imminentis
3414 2082 3606 2153 judicii
3640 2101 3655 2137 :
3688 2083 3771 2138 De

2165 2173 2362 2245 quibus
2419 2173 2617 2229 dicitur
2649 2191 2663 2227 :
2699 2174 2837 2229 Cum
2866 2174 3143 2229 dixerunt
3174 2193 3192 2227 :
3224 2175 3350 2228 Pax
3380 2176 3439 2227 et
3465 2172 3764 2237 securitas,

2164 2264 2523 2335 superveniet
2550 2263 2886 2333 repentinus
2915 2262 3190 2317 interitus
3219 2260 3273 2333 (Ι
3302 2261 3455 2316 Thes.
3490 2260 3571 2330 v).

2235 2379 2408 2433 Vnus.
2444 2378 2533 2432 37.
2568 2408 2637 2419 -
2661 2379 2803 2433 Erat
2828 2382 3042 2443 autem,
3067 2384 3171 2432 etc.
3196 2374 3353 2445 Quod
3382 2375 3551 2432 verbo
3577 2373 3764 2431 docuit

2164 2465 2412 2536 exemplo
2463 2466 2671 2521 astruit.
2727 2464 2832 2534 Qui
2878 2473 3000 2519 ante
3049 2461 3355 2520 universale
3398 2463 3683 2533 judicium,
3714 2471 3770 2519 et

2162 2553 2503 2625 singulorum
2559 2553 2824 2610 incertum
2870 2553 3070 2609 exitum
3119 2552 3479 2624 voluptatibus
3528 2560 3582 2607 et
3614 2551 3767 2607 curis

2164 2642 2348 2697 saeculi
2392 2643 2721 2710 renuntiare,
2751 2651 2805 2697 et
2832 2641 3060 2715 vigilare
3101 2641 3307 2697 monuit
3335 2649 3389 2696 et
3416 2655 3596 2707 orare,
3647 2640 3771 2711 ipse

2162 2730 2477 2785 imminente
2525 2746 2624 2785 sua
2669 2730 2943 2801 passione,
2988 2729 3269 2797 doctrinas,
3302 2728 3525 2801 vigiliis,
3573 2727 3768 2799 preci-

2162 2817 2374 2889 busque
2405 2816 2590 2888 instat,
2621 2824 2674 2872 et
2701 2833 2796 2873 eos
2822 2833 2920 2888 pro
2952 2816 3149 2889 quibus
3176 2831 3407 2887 passura
3425 2823 3563 2883 erat,
3586 2815 3764 2870 verbo

2161 2913 2437 2976 provocat,
2488 2914 2543 2961 et
2589 2905 2836 2961 oratione
2865 2905 3008 2960 Patri
3036 2904 3398 2961 commendat.
3450 2902 3539 2960 Sic
3576 2910 3633 2959 et
3658 2918 3766 2958 nos

2162 3009 2285 3048 cum
2314 2994 2455 3049 inter
2482 3009 2752 3065 prospera
2772 2993 2917 3063 juste
2947 3001 2999 3049 et
3027 2993 3116 3064 pie
3147 3007 3561 3058 conversamur,
3618 2991 3767 3047 inter

2082 3093 2132 3156 α
2162 3082 2400 3137 adversa
2454 3082 2523 3137 de
2570 3081 2750 3138 divina
2803 3081 3183 3139 misericordia
3228 3096 3335 3137 non
3384 3080 3763 3151 desperemus.

2163 3170 2368 3226 Diebus
2398 3171 2660 3227 docemus
2688 3171 2744 3225 in
2774 3170 2993 3242 templo,
3026 3170 3155 3243 quia
3179 3168 3432 3225 ﬁdelibus
3463 3168 3592 3224 boni
3621 3184 3764 3241 ope-

2164 3258 2240 3313 ris
2271 3257 2503 3314 formam
2540 3260 2883 3330 praebemus;
2932 3258 3182 3315 noctibus
3227 3257 3283 3312 in
3329 3265 3512 3313 monte
3562 3255 3768 3314 Oliveti

2162 3362 2461 3414 moramur,
2496 3347 2624 3419 quia
2661 3347 2718 3402 in
2763 3347 3003 3403 tenebris
3034 3344 3407 3419 angustiarum
3434 3344 3621 3419 gaudii
3650 3344 3764 3417 spi-

2162 3434 2366 3491 ritualis
2395 3435 2761 3493 consolatione
2799 3436 3150 3507 respiramus.

2741 3604 2966 3661 CAPUT
3000 3604 3181 3660 XXII.

2234 3771 2400 3827 Vnus.
2418 3775 2468 3827 1.
2483 3772 3027 3845 -Appropinquabat,
3043 3780 3147 3828 etc.
3165 3772 3272 3840 Qui
3286 3770 3500 3828 dicitur
3511 3772 3754 3843 Pascha,

2158 3866 2262 3915 etc.
2295 3859 2506 3915 Pascha
2525 3875 2634 3915 non
2654 3875 2687 3914 a
2705 3860 2980 3931 passione,
3006 3860 3104 3916 sed
3123 3876 3154 3914 a
3177 3859 3403 3915 transitu
3418 3859 3753 3927 nominatur,

2158 3947 2304 4017 quod
2322 3947 2417 4001 illa
2436 3947 2525 4002 die
2540 3947 2785 4004 transivit
2805 3948 3199 4004 exterminator
3211 3964 3312 4019 per
3332 3949 3647 4021 Egyptum,
3670 3946 3765 4004 vel

2157 4034 2422 4088 Dominus
2450 4034 2689 4090 liberans
2719 4035 2981 4107 populum
3006 4052 3183 4107 suum,
3217 4052 3325 4107 quo
3353 4035 3572 4091 nomine
3589 4034 3762 4107 signi-

2156 4119 2421 4177 ficabatur
2467 4124 2683 4194 Agnum
2712 4123 2769 4177 in
2796 4124 2897 4179 hac
2926 4124 3013 4179 die
3056 4125 3126 4180 de
3170 4123 3374 4179 mundo
3417 4124 3485 4179 ad
3532 4124 3759 4181 Patrem

2154 4209 2523 4265 transiturum.
2556 4212 2706 4265 Inter
2732 4211 2938 4267 Pascha
2968 4227 3102 4269 vero
3131 4219 3187 4268 et
3213 4227 3402 4285 azyma
3430 4213 3535 4267 hoc
3563 4211 3755 4279 distat,

2156 4297 2302 4368 quod
2332 4298 2535 4353 Pascha
2563 4306 2790 4354 vocatur
2820 4299 2969 4355 solus
2999 4300 3136 4369 dies,
3170 4300 3227 4354 in
3258 4316 3365 4371 quo
3393 4315 3570 4372 agnus
3598 4300 3759 4357 occi-

2152 4385 2382 4441 debatur
2430 4387 2501 4441 ad
2547 4403 2853 4458 veSperam,
2904 4387 2961 4442 id
3006 4396 3091 4443 est
3133 4388 3345 4444 decima
3386 4396 3583 4459 quarta
3623 4388 3760 4445 luna

2151 4473 2315 4544 primi
2343 4474 2570 4530 mensis.
2603 4475 2733 4531 Dies
2760 4490 3071 4547 azymorum
3100 4484 3255 4531 erant
3274 4491 3306 4530 a
3325 4476 3512 4548 quinta
3540 4475 3763 4533 decima

2147 4559 2278 4617 luna
2319 4579 2494 4635 usque
2541 4564 2611 4618 ad
2655 4563 2983 4636 vigesimum
3029 4563 3266 4635 primum
3308 4564 3455 4620 diem
3502 4564 3759 4632 ejusdem

2149 4650 2372 4705 mensis.
2426 4650 2535 4705 Sed
2583 4651 2930 4723 evangelista:
2972 4650 3344 4708 indiﬁ‘erenter
3396 4659 3639 4724 ponunt,
3701 4660 3757 4708 et

2148 4737 2294 4794 diem
2322 4740 2649 4809 Azymorum
2678 4755 2781 4811 pro
2811 4739 3044 4810 Pascha,
3091 4748 3145 4796 et
3184 4741 3397 4797 Pascha
3425 4755 3524 4811 pro
3553 4739 3761 4796 diebus

2148 4827 2496 4898 Azymorum,
2523 4827 2669 4882 unde
2688 4827 2776 4883 hic
2797 4827 2969 4884 Lucas
2995 4846 3008 4883 :
3032 4830 3162 4884 Dies
3181 4831 3362 4899 festus
3383 4828 3752 4900 Azymorum,

2148 4915 2246 4986 qui
2273 4915 2487 4970 dicitur
2514 4916 2729 4971 Pascha
2758 4916 2911 4986 (Luc.
2936 4915 3061 4988 ιιι),
3088 4915 3213 4989 quia
3233 4923 3288 4972 et
3306 4917 3531 4972 Pascha
3551 4916 3678 4972 dies
3699 4916 3761 4971 in

2147 5001 2351 5072 azymis
2407 5002 2638 5073 panibus
2682 5003 2946 5060 celebrari
2992 5004 3465 5075 prazcipiebantur.
3530 5004 3605 5059 Et
3653 5020 3764 5061 nos

2149 5089 2303 5160 quasi
2347 5098 2670 5161 perpetuum
2718 5093 2924 5148 Pascha
2975 5084 3254 5162 facientes,
3305 5107 3521 5163 semper
3548 5108 3619 5147 ex
3649 5094 3762 5150 hoc

2145 5176 2348 5233 mundo
2376 5178 2608 5234 transire
2635 5180 2987 5251 prmcipimur
3017 5198 3031 5236 :
3065 5194 3174 5236 uno
3193 5180 3283 5235 die
3302 5180 3582 5236 immolato
3604 5195 3764 5254 agno

2147 5264 2219 5319 ad
2238 5280 2527 5336 vesperam
2549 5275 2846 5338 sequuntur
2866 5276 3075 5340 septem
3097 5267 3216 5323 dies
3236 5269 3587 5340 Azymorum,
3622 5269 3763 5341 quia

2147 5352 2395 5408 Christus
2441 5353 2496 5408 in
2533 5354 2869 5426 plenitudine
2899 5364 3208 5429 temporum
3238 5356 3409 5413 semel
3434 5372 3539 5428 pro
3585 5357 3762 5414 nobis

2144 5457 2360 5513 passus,
2405 5449 2517 5499 toto
2557 5450 2801 5516 tempore
2847 5445 3031 5502 saeculi
3074 5444 3248 5518 (quod
3295 5453 3517 5517 septem
3548 5444 3762 5502 diebus

2144 5529 2346 5603 agitur)
2388 5530 2446 5586 in
2487 5532 2693 5604 azymis
2736 5532 3066 5592 sinceritatis
3111 5540 3166 5590 et
3212 5533 3465 5592 veritatis
3481 5534 3765 5608 praecepit

2144 5634 2270 5678 esse
2296 5618 2610 5679 vivendum.
