4006 6178
511 346 613 398 339

1112 338 1517 396 WALAFRIDI
1558 335 1800 393 STRABI
1846 333 2042 391 FULD.
2076 328 2248 385 MON.
2289 329 2440 386 OPP.
2474 329 2652 386 PARS
2683 329 2724 382 Ι.
2757 358 2826 369 -
2857 325 3327 384 THEOLOGICA.

3695 329 3790 381 340

493 466 659 522 etiam
688 465 928 522 animam
959 480 1123 537 quam
1152 480 1253 535 pro
1283 462 1440 518 nobis
1471 461 1700 531 accepit,
1732 458 2006 530 ponendo,
2042 463 2102 512 ut
2120 455 2177 516 A
2205 455 2328 525 pori
2362 455 2615 527 regulam
2643 453 2908 518 decernit,
2939 452 3258 523 permittens
3279 451 3596 507 necessaria
3623 451 3803 519 victui,

493 562 547 610 et
576 571 676 610 nos
706 569 808 626 pro
838 553 1074 610 invicem
1105 568 1309 623 ponere
1338 549 1550 604 animas
1579 547 1874 603 discamus.

568 653 738 707 Vnns.
764 656 853 708 28.
868 681 937 691 -
957 649 1360 706 Permansistis
1382 663 1621 703 mecum.
1647 643 1940 699 Inﬁrmitas
1978 658 2104 698 mea

497 756 608 796 non
634 737 980 796 conturbavit
1007 753 1126 804 vos,
1169 735 1267 790 sed
1313 733 1370 789 in
1417 734 1562 789 bono
1612 740 1792 802 coapto
1838 746 2102 802 perseve-

502 828 683 884 rastis.
711 827 862 882 Sicut
879 842 987 898 ego
1035 823 1166 879 mihi
1188 821 1564 895 perseveranti
1575 836 1759 892 usque
1781 820 1851 875 ad
1871 826 2105 875 mortem

498 916 647 972 dedit
666 917 829 970 Pater
851 930 1057 971 nomen
1078 913 1219 986 quod
1241 916 1326 968 est
1340 927 1510 984 super
1523 925 1686 967 omne
1706 925 1911 965 nomen
1929 908 2101 979 (Phil.

502 1005 622 1076 nt):
655 1003 735 1060 sic
763 1010 817 1058 et
846 1019 951 1076 ego
983 1007 1407 1073 perseverantes
1460 1015 1559 1056 vos
1579 1013 1796 1055 mecum
1816 998 2014 1053 ducam
2036 996 2107 1051 ad

497 1100 765 1149 aeternum
795 1106 1047 1164 regnum.
1086 1089 1511 1163 Intelligendum
1538 1096 1620 1143 est
1647 1087 1844 1142 Iudam
1867 1086 1984 1155 jam
2013 1101 2106 1140 re-

498 1180 755 1248 cessisse,
789 1186 843 1236 et
871 1180 1073 1234 multos
1113 1178 1251 1234 alios
1294 1179 1410 1248 jam
1456 1185 1605 1232 retro
1653 1177 1855 1240 abisse,
1905 1173 2104 1229 auditis

496 1268 680 1326 verbis
736 1266 1302 1340 incomprehensibilis
1332 1264 1661 1323 sacramenti
1721 1263 1938 1336 quando
1991 1263 2111 1319 haec

494 1358 829 1431 loquebatur
864 1357 1148 1412 Dominus.

570 1473 742 1530 Vnns.
771 1475 861 1528 30.
885 1501 955 1514 —
986 1475 1056 1527 Et
1085 1472 1328 1528 sedentis
1357 1485 1528 1543 super
1560 1469 1808 1525 thronos.
1843 1469 1971 1523 Haec
1998 1481 2092 1521 mu

498 1561 633 1617 tatio
664 1561 874 1617 dextra:
905 1560 1143 1628 Excelsi,
1185 1567 1243 1614 ut
1279 1559 1371 1632 qui
1413 1558 1646 1613 humiles
1684 1572 1829 1613 nunc
1871 1556 2113 1628 gaudent

499 1649 815 1706 ministrare
845 1649 1152 1716 conservis,
1187 1656 1316 1705 tunc
1360 1646 1620 1702 sublimes
1661 1662 1828 1716 super
1864 1659 2112 1699 mensam

503 1737 722 1795 Domini
751 1737 1032 1809 perpetuis
1064 1737 1298 1808 dapibus
1340 1737 1577 1801 alantur,
1604 1742 1655 1789 et
1689 1734 1781 1806 qui
1828 1733 1883 1787 in
1931 1740 2112 1787 tenta-

499 1827 740 1882 tionibus
786 1827 982 1895 injuste
1026 1825 1254 1894 judicati
1302 1840 1428 1881 cum
1477 1823 1711 1878 Domino
1760 1827 2101 1892 permanent,

498 1915 614 1972 illic
643 1931 769 1973 cum
799 1931 865 1970 eo
896 1931 1062 1985 super
1099 1921 1400 1969 tentatores
1443 1927 1572 1966 suos
1610 1911 1742 1979 justi
1766 1911 1978 1979 judices
2008 1926 2106 1965 ve-

500 2005 670 2060 niant.
719 2003 936 2073 Quanto
992 2002 1138 2058 enim
1193 2002 1283 2058 hic
1337 2000 1731 2071 despectiores,
1790 2006 1940 2054 tanto
1998 1997 2109 2055 illic

501 2091 701 2162 majori
739 2092 975 2148 culmine
1033 2090 1317 2162 potestatis
1375 2097 1712 2146 excrescent.
1777 2088 2107 2145 Judicantes

503 2181 814 2238 duodecim.
847 2182 954 2236 Per
982 2180 1292 2245 duodecim,
1339 2195 1450 2233 non
1496 2177 1786 2234 duodecim
1835 2192 2104 2248 personae,

502 2271 600 2326 sed
631 2269 920 2325 multitudo
944 2267 1307 2340 judicantium
1336 2267 1696 2341 signiﬁcatur,
1723 2273 1949 2336 propter
1971 2267 2108 2320 duas

502 2367 688 2431 partes
740 2357 1055 2430 septenarii,
1109 2373 1215 2430 quo
1264 2356 1593 2414 universitas
1642 2354 2001 2427 signiﬁcatur,
2053 2353 2109 2409 id

504 2455 587 2504 est
615 2448 723 2504 tria
760 2455 814 2504 et
857 2454 1093 2520 quatuor
1147 2463 1248 2518 per
1302 2461 1440 2518 quas
1496 2443 1787 2501 duodecim
1842 2443 2107 2514 multipli—

503 2545 718 2595 cantur.
847 2599 850 2602 ἠ

575 2627 746 2682 Vens.
772 2629 858 2681 31.
883 2655 952 2666 -
981 2625 1076 2681 Ait
1104 2628 1298 2680 autem
1328 2625 1620 2680 Dominus.
1673 2623 1755 2677 Ne
1804 2620 2109 2692 glorientur

501 2715 794 2772 duodecim
825 2714 970 2787 quod
1001 2713 1104 2769 soli
1133 2713 1201 2768 de
1231 2718 1313 2766 tot
1342 2712 1582 2767 millibus
1614 2726 1740 2766 cum
1779 2709 2012 2765 Domino
2052 2710 2110 2765 in

498 2801 890 2860 tentationibus
919 2800 1290 2873 permansisse
1331 2799 1667 2864 dicerentur,
1715 2797 1975 2854 admonet
2015 2815 2109 2854 eos

505 2892 700 2949 eadem
730 2890 973 2963 procella
1001 2889 1244 2961 potuisse
1274 2887 1504 2955 conteri,
1551 2887 1658 2942 nisi
1696 2886 1881 2942 divina
1930 2888 2110 2960 gratia

505 2981 735 3037 fuissent
765 2977 1014 3051 protecti.
1049 2979 1185 3034 Cum
1214 2993 1348 3032 vero
1380 2978 1611 3032 Satanas
1643 2975 1843 3046 expetit
1873 2983 2106 3044 tentare,

507 3077 561 3126 et
590 3070 738 3126 velut
777 3067 871 3140 qui
909 3065 1151 3124 triticum
1194 3073 1395 3138 purgat
1436 3065 1752 3121 ventilando
1791 3074 2105 3133 concutere,

2199 543 2384 599 donec
2413 542 2591 612 s0pita
2618 550 3035 612 persecutorum
3073 539 3286 595 insania
3323 547 3540 611 tempus
3568 555 3806 612 evange-

2201 631 2409 686 lizandi
2437 647 2496 687 re
2508 632 2654 686 deat.

2275 721 2446 775 Vnns.
2474 723 2563 774 36.
2587 749 2658 759 —
2683 719 2789 774 Sed
2815 735 2990 784 nunc,
3025 723 3130 773 etc.
3165 717 3228 771 In
3253 717 3360 774 hoc
3388 717 3548 771 nobis
3591 732 3806 790 quoque

2204 810 2369 864 datur
2417 807 2745 879 exemplum,
2798 815 2855 862 ut
2901 821 3295 877 nonnunquam
3341 821 3510 862 causa
3548 805 3805 873 instante,

2208 897 2459 969 quadam
2489 897 2558 950 de
2585 896 2759 950 nostri
2788 893 3054 966 propositi
3083 894 3270 967 rigore
3299 895 3414 949 sine
3445 894 3606 964 culpa
3635 895 3812 965 possi-

2205 1002 2328 1039 mus
2359 984 2738 1041 intermittere.
2772 985 2939 1038 Verbi
2969 983 3183 1054 gratia:
3226 984 3272 1038 si
3309 999 3410 1054 per
3450 983 3808 1054 inhospitales

2207 1074 2468 1148 regiones
2489 1074 2592 1129 iter
2612 1074 2848 1146 agimus,
2869 1073 3032 1144 plura
3051 1071 3233 1129 viatici
3256 1087 3423 1129 causa
3438 1071 3565 1128 licet
3586 1080 3810 1142 portare

2210 1179 2375 1234 quam
2405 1162 2553 1218 domi
2582 1162 2903 1217 habeamus.
2944 1162 3016 1216 Et
3046 1162 3142 1233 qui
3169 1177 3284 1216 non
3327 1161 3507 1217 habet.
3553 1160 3808 1216 Gladium

2209 1251 2295 1307 vel
2327 1252 2576 1306 habitum
2603 1266 2841 1316 sumere,
2873 1249 2962 1305 vel
2991 1265 3100 1304 non
3129 1248 3374 1304 habitum
3405 1249 3561 1317 jubet
3598 1265 3806 1316 emere,

2209 1347 2267 1395 ut
2297 1340 2471 1396 sciant
2499 1340 2746 1410 legentes
2784 1354 2895 1394 non
2933 1335 3248 1394 facultatem
3285 1337 3576 1393 resistendi
3613 1338 3810 1394 deesse

2210 1428 2512 1500 discipulis,
2547 1429 2645 1482 sed
2674 1443 2918 1482 amorem
2956 1426 3223 1498 magistro
3263 1425 3442 1497 potius
3478 1425 3664 1481 inesse
3707 1441 3808 1497 pa-

2211 1517 2398 1584 tiendi,
2432 1517 2526 1571 ubi
2573 1516 2674 1573 etsi
2719 1515 2870 1570 nulla
2918 1515 3027 1570 alia
3070 1531 3239 1571 causa
3285 1523 3430 1570 esset
3476 1515 3809 1586 evaginandi

2211 1606 2475 1679 gladium,
2509 1605 2758 1661 sufﬁcere
2787 1611 2965 1676 potest
2983 1603 3078 1659 illa
3096 1611 3172 1671 ut,
3198 1611 3476 1675 amputata
3495 1604 3644 1659 servi
3665 1603 3807 1660 auri-

2213 1695 2356 1760 cula,
2389 1702 2538 1750 tactu
2567 1693 2784 1749 Domini
2825 1699 3132 1748 sanaretur.
3177 1694 3239 1747 In
3280 1709 3388 1764 quo
3426 1693 3808 1759 admonemur,

2124 1808 2179 1869 B
2211 1800 2281 1838 ne
2311 1783 2451 1837 iram
2481 1782 2732 1853 percussi
2761 1781 3147 1848 sustineamus,
3182 1781 3280 1837 sed
3310 1779 3474 1837 ﬁdem
3509 1797 3810 1855 resurgen-

2206 1881 2290 1928 tes
2320 1870 2703 1941 suscipiamus.

2279 1987 2450 2042 Vens.
2475 1989 2561 2040 38.
2589 2016 2658 2026 —
2687 1987 2826 2041 Ecce
2855 1985 3030 2056 gladii
3057 1985 3183 2040 duo.
3218 1985 3339 2040 Duo
3359 1983 3527 2057 gladii
3548 1999 3812 2056 promun-

2209 2083 2319 2140 tur,
2373 2090 2513 2128 unus
2561 2073 2721 2141 Novi,
2774 2073 2914 2128 alter
2963 2073 3178 2128 Veteris
3207 2073 3561 2139 Testamenti,
3610 2074 3810 2144 quibus

2209 2164 2477 2220 adversus
2505 2162 2711 2217 diaboli
2737 2161 3014 2217 munimur
3041 2161 3290 2216 insidias.
3324 2163 3391 2216 Et
3430 2161 3660 2218 dicitur:
3705 2162 3808 2217 Sa-

2213 2255 2285 2308 tis
2317 2256 2420 2308 est.
2455 2253 2574 2306 Duo
2604 2251 2776 2323 gladii
2805 2250 3075 2306 sufﬁciunt
3105 2251 3176 2306 ad
3204 2250 3576 2306 testimonium
3615 2258 3808 2321 sponte

2209 2341 2358 2411 passi
2401 2339 2720 2396 Salvatoris.
2770 2341 2922 2395 Unus
2973 2340 3062 2411 qui
3110 2347 3162 2394 et
3210 2338 3472 2410 apostolis
3519 2338 3807 2394 audaciam

2209 2429 2456 2486 certandi
2495 2445 2596 2499 pro
2635 2426 2868 2484 Domino
2913 2435 2967 2483 et
3005 2428 3192 2484 evulsa
3221 2428 3332 2484 ictu
3373 2427 3517 2483 ensis
3561 2427 3810 2483 auricula

2210 2517 2444 2573 Domino
2476 2517 2639 2573 etiam
2679 2517 2944 2572 morituro
2988 2517 3246 2587 pietatem
3283 2515 3650 2589 virtutemque
3688 2532 3809 2571 me-

2209 2607 2429 2664 dicandi
2457 2607 2638 2661 inesse
2668 2606 2910 2662 doceret.
2943 2605 3096 2662 Alter
3125 2607 3218 2678 qui
3247 2621 3594 2678 nequaquam
3625 2622 3811 2661 exem—

2209 2705 2334 2768 ptus
2362 2697 2583 2769 vagina,
2618 2695 2930 2750 ostenderet
2954 2711 3048 2750 eos
3070 2711 3178 2751 non
3198 2702 3371 2750 totum
3393 2696 3537 2767 quod
3558 2703 3807 2768 potuere,

2209 2802 2312 2856 pro
2343 2785 2459 2855 ejus
2487 2783 2806 2840 defensione
2836 2783 3019 2840 facere
3047 2783 3368 2854 permissos.

2281 2901 2450 2956 Vens.
2478 2904 2563 2956 39.
2589 2931 2658 2940 —
2687 2902 2755 2956 Et
2800 2916 3070 2973 egressus.
3103 2900 3422 2956 Tradendus
3465 2915 3498 2954 a
3537 2899 3808 2972 discipulo

2210 2989 2474 3045 Dominus
2505 2997 2826 3046 consuetum
2863 2989 3044 3046 locum
3094 2990 3225 3056 adit,
3277 2989 3368 3044 ubi
3414 2987 3573 3045 facile
3623 2996 3813 3060 posset

2211 3078 2464 3144 inveniri,
2515 3095 2583 3134 ne
2631 3085 2866 3133 mortem
2912 3086 3198 3149 putaretur
3236 3076 3500 3132 timuisse.
3552 3079 3623 3132 Et
3671 3078 3810 3133 bene

507 3158 738 3214 docetur
765 3156 948 3211 nullus
977 3171 1010 3211 a
1039 3155 1280 3223 diabolo,
1315 3154 1419 3208 nisi
1448 3155 1564 3210 Deo
1601 3153 1948 3225 permittente
1991 3163 2175 3232 ten-C
2208 3167 2506 3238 discipulos
2539 3167 2820 3238 sanguinis
2851 3175 2904 3221 ei
2933 3166 3181 3237 corporis
3223 3166 3307 3221 sui
3335 3165 3610 3236 mysteriis
3643 3166 3814 3220 imbu.

506 3245 634 3302 tari.
665 3247 806 3302 Ecce
835 3246 1098 3312 Satanas,
1143 3251 1246 3300 etc.
1292 3243 1523 3299 Satanas
1567 3243 1742 3299 bonos
1783 3244 1852 3298 ad
1884 3244 2109 3299 criban-

506 3334 638 3390 dum
669 3333 822 3405 petit,
856 3327 989 3390 cum
1018 3332 1090 3388 ad
1133 3349 1323 3389 eorum
1361 3332 1708 3389 aﬁlictionem
1744 3332 1968 3388 aestibus
2005 3349 2109 3388 an-

506 3422 654 3479 helat
692 3421 932 3478 malitia.
977 3421 1098 3492 Quo
1139 3421 1282 3477 enim
1319 3421 1569 3479 invidens
1620 3437 1812 3477 eorum
1848 3423 2109 3478 tentatio-

507 3527 636 3568 nem
663 3511 888 3584 appetit,
922 3527 988 3568 eo
1023 3499 1245 3568 illorum
1286 3510 1444 3585 quasi
1485 3511 1866 3584 probationem
1905 3511 2108 3584 depre-

509 3616 644 3658 cans
671 3601 825 3673 petit.

580 3716 751 3774 Vnns.
783 3719 872 3774 32.
898 3746 968 3757 -
998 3716 1106 3788 Ego
1139 3719 1333 3772 autem
1362 3717 1571 3788 rogavi.
1620 3717 1744 3772 Non
1787 3723 1846 3772 ut
1886 3717 2112 3773 tenteris

505 3804 604 3862 sed
632 3821 702 3861 ne
730 3803 948 3862 deﬁciat
981 3803 1118 3860 ﬁdes
1149 3806 1349 3872 tua,'ut
1389 3812 1514 3876 post
1556 3804 1773 3876 lapsum
1802 3806 2112 3878 negationis

509 3896 580 3952 ad
609 3893 899 3966 pristinum
929 3901 1132 3949 statum
1162 3893 1477 3965 paenitendo
1523 3908 1805 3966 resurges.
1861 3892 2002 3949 Utile
2033 3901 2116 3949 est

508 3983 656 4042 enim
685 3983 888 4039 sanctis
920 3989 973 4037 et
1004 3981 1396 4038 tentationibus
1429 3980 1751 4046 examinari,
1787 3987 1842 4035 ut
1872 3981 1959 4036 vel
1989 3989 2114 4036 ten-

509 4071 608 4128 tati
639 4086 804 4143 quam
831 4071 1002 4124 fortes
1032 4068 1233 4124 fuerint
1281 4075 1564 4140 appareat,
1616 4068 1703 4124 vel
1750 4069 1969 4139 cognita
2015 4087 2116 4140 per

511 4159 870 4216 tentationem
899 4173 1000 4213 sua
1044 4156 1360 4212 inﬁrmitate
1410 4155 1666 4212 fortiores
1714 4156 1834 4211 ﬁeri
1879 4158 2112 4228 discant,

515 4256 570 4307 et
599 4249 678 4306 sic
707 4264 833 4306 cum
861 4246 1077 4319 probati
1107 4245 1306 4301 fuerint
1336 4243 1606 4316 accipiant
1635 4261 1897 4302 coronam
1925 4247 2066 4304 vitae.

587 4356 760 4412 Vnns.
785 4357 950 4409 33.—
981 4353 1086 4420 Qui
1107 4351 1262 4406 dixit
1282 4353 1353 4418 ei,
1378 4357 1482 4407 etc.
1509 4350 1649 4420 Quia
1667 4351 1931 4408 Dominus
1966 4353 2118 4411 dixe-

517 4450 605 4501 rat
633 4459 695 4498 se
722 4457 824 4513 pro
844 4442 1006 4496 Petro
1037 4454 1250 4507 orasse,
1283 4438 1537 4496 conscius
1565 4439 1658 4495 ille
1679 4442 1965 4512 praesentis
1986 4442 2119 4499 aﬁ‘e-

2209 3265 2314 3323 tos,
2348 3256 2404 3311 in
2432 3264 2675 3311 montem
2705 3255 2901 3312 Oliveti
2951 3255 3131 3311 educit
3180 3264 3237 3310 ut
3287 3271 3476 3310 omnes
3525 3253 3583 3308 in
3628 3262 3807 3309 morte

2209 3344 2380 3416 ipsius
2409 3344 2711 3416 baptizatos
2742 3345 3077 3416 designaret,
3110 3343 3374 3399 altissimo
3423 3344 3598 3400 sancti
3635 3342 3814 3414 Spiri—

2209 3441 2297 3488 tus
2326 3433 2656 3490 charismate
2689 3431 3115 3489 conﬁrmandos.

2281 3549 2452 3605 Vnns.
2479 3550 2564 3603 40.
2589 3579 2658 3589 -
2690 3549 2874 3605 Orate.
2911 3548 3252 3620 Impossibile
3284 3555 3365 3603 est
3392 3548 3674 3604 hominem
3699 3565 3814 3604 non

2210 3637 2429 3703 tentari,
2463 3653 2565 3694 nec
2595 3637 2687 3704 ait,
2721 3645 2778 3691 ut
2807 3653 2917 3693 non
2946 3638 3246 3705 tentemini,
3282 3638 3379 3693 sed
3406 3654 3478 3694 nc
3497 3640 3730 3694 intretis
3755 3640 3818 3694 in

2214 3729 2607 3783 tentationem.
2644 3727 2831 3794 Orate,
2864 3726 2920 3782 id
2949 3735 3051 3796 est,
3085 3743 3155 3783 ne
3184 3726 3408 3783 tentatio
3437 3743 3535 3784 vos
3567 3735 3814 3800 superet,

2215 3823 2267 3870 et
2297 3815 2441 3871 intra
2472 3831 2658 3872 casses
2690 3832 2818 3871 suos
2848 3823 3050 3872 teneat.

2285 3921 2663 3977 Vnns.41.—
2692 3923 2763 3977 Et
2808 3924 2948 3994 ipse,
3013 3928 3118 3978 etc.
3178 3922 3319 3977 Dato
3366 3921 3631 3993 apostolis
3679 3938 3822 3994 prae-

2213 4016 2373 4080 cepto
2405 4009 2619 4075 orandi,
2654 4016 2706 4064 et
2736 4009 2852 4080 ipse
2884 4009 3107 4066 avulsus
3138 4017 3220 4065 est
3257 4011 3326 4066 ab
3370 4010 3467 4066 eis.
3503 4011 3666 4065 Solus
3697 4019 3827 4066 orat

2212 4113 2314 4167 pro
2337 4097 2589 4152 omnibus
2613 4097 2704 4170 qui
2725 4098 2874 4153 solus
2895 4115 2997 4169 pro
3018 4099 3270 4154 omnibus
3291 4114 3555 4170 passurus
3578 4105 3720 4165 erat,
3747 4099 3828 4152 in-

2213 4201 2388 4240 nuens
2418 4185 2722 4241 orationem
2752 4202 2927 4255 suam,
2969 4195 3180 4242 tantum
3224 4195 3485 4260 quantum
3514 4195 3567 4241 et
3596 4187 3828 4258 passio-

2213 4289 2339 4328 nem
2369 4288 2403 4328 a
2430 4283 2620 4329 nostra
2649 4273 2874 4330 distare.
2907 4277 3100 4332 Iactus
3131 4279 3214 4331 est
3248 4275 3473 4348 lapidis,
3499 4282 3604 4331 etc.
3632 4277 3692 4330 In
3713 4275 3831 4332 hoc

2214 4357 2443 4428 mystice
2476 4357 2669 4424 innuit,
2702 4365 2760 4412 ut
2790 4357 2845 4411 in
2866 4357 3102 4429 idipsum
3118 4357 3358 4431 dirigant
3373 4356 3634 4428 lapidem,
3657 4357 3717 4412 id
3742 4364 3832 4412 est

2215 4461 2389 4518 usque
2419 4445 2490 4500 ad
2520 4445 2698 4517 ipsum
2740 4446 3043 4517 perducant
3071 4445 3427 4500 intentionem
3470 4445 3642 4517 legis,
3697 4459 3830 4517 qum

515 4539 638 4590 ctus
669 4537 723 4588 et
752 4528 1014 4586 ferventis
1042 4527 1189 4597 ﬁdei,
1223 4528 1322 4584 sed
1349 4528 1569 4585 nescius
1597 4545 1759 4586 casus
1789 4530 1976 4600 futuri,
2001 4548 2110 4588 non
2131 4529 2183 4592 D
2217 4533 2420 4605 scripta
2450 4542 2567 4589 erat
2598 4534 2812 4606 lapide:
2847 4550 3021 4606 usque
3053 4534 3122 4589 ad
3151 4533 3306 4590 illum
3328 4534 3471 4589 enim
3491 4541 3675 4604 potest
3703 4550 3838 4605 per-

515 4619 691 4676 credit
721 4635 781 4675 se
812 4619 883 4675 ab
921 4634 988 4676 eo
1010 4633 1176 4690 posse
1217 4616 1475 4675 deﬁcere.
1522 4618 1631 4674 Sed
1668 4619 1760 4675 ille
1806 4620 1900 4692 qui
1939 4621 2116 4690 novit,

515 4706 648 4780 quid
676 4707 746 4762 sit
782 4707 840 4762 in
878 4707 1120 4775 homine,
1167 4724 1237 4763 ne
1286 4707 1408 4781 quis
1453 4707 1522 4763 de
1561 4723 1660 4764 suo
1710 4715 1854 4764 statu
1901 4708 2118 4768 incaute

518 4794 776 4864 conﬁdat,
809 4797 895 4853 vel
925 4797 995 4852 de
1033 4812 1166 4854 casu
1205 4797 1476 4854 incautius
1514 4796 1742 4866 difﬁdat,
1787 4797 1926 4855 sicut
1969 4800 2118 4856 Deus

513 4885 759 4952 modum,
790 4892 1025 4957 tempus,
1057 4901 1346 4942 numerum
1373 4885 1681 4960 negationis
1702 4887 1818 4956 ejus
1848 4888 2113 4958 praedicit,

513 4981 568 5030 et
615 4974 756 5032 sicut
801 4974 1117 5032 misericors
1161 4975 1421 5032 auxilium
1467 4992 1580 5033 suae
1619 4975 1952 5034 defensionis
1979 4994 2114 5050 pro-

515 5061 698 5120 mittit.

583 5177 754 5234 Vans.
779 5179 868 5234 35.
891 5205 961 5220 -
988 5177 1214 5247 Quando
1243 5180 1378 5234 misi
1396 5195 1506 5235 vos.
1539 5179 1665 5235 Non
1693 5180 1887 5237 eadem
1917 5179 2113 5254 regula

508 5265 728 5324 vivendi
773 5263 1168 5338 persecutionis
1187 5259 1432 5338 tempo're
1485 5283 1592 5340 qua
1621 5269 1774 5339 pacis
1811 5269 2109 5340 discipulos

511 5353 788 5410 informat.
801 5353 982 5410 Missis
1002 5353 1272 5426 siquidem
1288 5354 1569 5426 discipulis
1585 5357 1654 5411 ad
1674 5358 2104 5428 praedicandum,

508 5459 581 5501 ne
608 5442 741 5517 quid
770 5443 1024 5500 tollerent
1051 5442 1109 5500 in
1136 5443 1227 5501 via
1254 5444 1548 5518 praecepit;
1581 5445 1843 5502 ordinans
1875 5446 2103 5515 scilicet,

506 5540 567 5589 ut
595 5532 688 5606 qui
714 5533 1083 5606 Evangelium
1100 5535 1358 5602 nuntiat,
1383 5534 1451 5592 de
1469 5536 1766 5608 Evangelia
1788 5538 1958 5592 vivat.
1986 5537 2104 5591 Ins-

504 5628 653 5679 tante
680 5637 814 5679 vero
842 5620 1034 5679 mortis
1062 5621 1313 5692 articulo,
1356 5631 1410 5680 et
1437 5630 1552 5680 tota
1592 5624 1686 5680 illa
1715 5632 1880 5698 gente
1910 5631 2103 5697 pasto-

503 5726 621 5769 rem
652 5709 813 5769 simul
842 5717 896 5770 et
934 5726 1166 5788 gregem
1195 5720 1578 5788 persequente,
1611 5727 1915 5788 congruam
1956 5721 2101 5772 tem-

2225 4621 2408 4678 venire
2418 4623 2510 4678 ille
2521 4622 2680 4694 lapis,
2702 4623 2960 4694 quoniam
2974 4623 3107 4692 ﬁnis
3131 4625 3264 4696 legis
3285 4627 3369 4680 est
3388 4622 3648 4679 Christus
3663 4624 3840 4680 omni

2220 4713 2473 4769 credenti
2502 4711 2574 4768 ad
2605 4713 2893 4780 iustitiam
2921 4710 3096 4783 (Rom.
3134 4710 3217 4784 Χ).

2289 4828 2460 4882 Vens.
2493 4829 2582 4884 42.
2605 4856 2674 4866 -
2706 4826 2912 4882 Orabat
2943 4824 3297 4883 dicens.0rat
3326 4841 3437 4881 non
3466 4832 3580 4880 tam
3624 4825 3845 4883 timore

2217 4914 2478 4985 patiendi,
2511 4929 2677 4986 quam
2702 4913 3083 4970 misericordia
3116 4913 3326 4986 prioris
3375 4913 3582 4985 pOpuli,
3634 4931 3716 4969 ne
3773 4917 3851 4971 ab

2215 5003 2309 5058 illo
2339 5002 2489 5056 bibat
2518 5001 2747 5059 calicem
2777 5001 3144 5073 prepinatum.
3176 5002 3332 5059 Unde
3363 5009 3416 5057 et
3442 5001 3748 5075 signanter
3769 5005 3853 5059 di-

2216 5091 2287 5148 cit
2312 5106 2325 5146 :
2359 5092 2558 5158 Istum,
2589 5090 2645 5146 id
2675 5098 2776 5158 est,
2808 5091 2995 5162 p0pu1i
3021 5090 3336 5147 Judaeorum
3366 5089 3460 5162 qui
3488 5106 3598 5145 non
3615 5091 3854 5149 habent

2215 5179 2623 5236 excusationem
2669 5179 2994 5250 ignorantiae
3053 5180 3110 5234 in
3155 5195 3337 5234 meam
3385 5186 3645 5246 mortem,
3710 5182 3856 5254 quia

2215 5268 2454 5341 quotidie
2485 5269 2779 5324 annuntior
2808 5268 2914 5322 illis
2942 5268 3000 5323 in
3029 5268 3153 5342 lege
3184 5276 3238 5323 et
3265 5267 3566 5339 prophetis.
3602 5267 3672 5323 Si
3697 5287 3856 5346 ergo

2212 5355 2333 5412 ﬁeri
2362 5364 2560 5429 potest,
2594 5364 2651 5413 ut
2680 5356 2797 5413 sine
2826 5356 3046 5413 interitu
3084 5356 3400 5412 Iudaeorum
3442 5355 3637 5413 credat
3688 5361 3860 5416 mul-

2211 5445 2384 5502 titudo
2414 5446 2676 5518 gentium,
2709 5462 2905 5502 recuso
2933 5445 3266 5518 passionem.
3301 5443 3360 5500 Si
3387 5460 3518 5502 vero
3548 5444 3632 5500 illi
3657 5463 3862 5508 excee-

2210 5535 2374 5592 candi
2403 5543 2547 5603 sunt,
2580 5543 2638 5591 ut
2668 5534 2760 5591 alii
2791 5534 3031 5603 videant,
3087 5549 3199 5590 non
3243 5549 3388 5601 mea,
3439 5533 3540 5589 sed
3587 5541 3703 5592 tua
3757 5537 3863 5594 ﬁat

2210 5624 2481 5681 voluntas.

2279 5715 2469 5784 Pater,
2503 5715 2554 5770 si
2584 5715 2684 5783 vis,
2723 5719 2824 5770 etc.
2860 5711 3090 5785 (Αιωιι.)
3120 5712 3226 5770 Pro
3254 5726 3345 5770 me
3373 5709 3549 5769 doluit
3569 5725 3720 5773 cum
3744 5734 3858 5792 pro
