  <div class='ocr_page' id='page_1' title='image "/cluster/home/n/w/nwhite01/storage/ocr_20150623/114/hvd.32044052819893/176.png"; bbox 0 0 3932 6178; ppageno 0'>
   <div class='ocr_carea' id='block_1_1' title="bbox 279 254 360 306">
    <p class='ocr_par' dir='ltr' id='par_1_1' title="bbox 279 254 360 306">
     <span class='ocr_line' id='line_1_1' title="bbox 279 254 360 306; baseline -0.025 0"><span class='ocrx_word' id='word_1_1' title='bbox 279 254 360 306; x_wconf 74' lang='lat' dir='ltr'><strong>3H</strong></span> 
     </span>
    </p>
   </div>
   <div class='ocr_carea' id='block_1_2' title="bbox 1239 242 2508 300">
    <p class='ocr_par' dir='ltr' id='par_1_2' title="bbox 1239 242 2508 300">
     <span class='ocr_line' id='line_1_2' title="bbox 1239 242 2508 300; baseline -0.001 -2"><span class='ocrx_word' id='word_1_2' title='bbox 1239 243 1506 299; x_wconf 83' lang='lat' dir='ltr'><strong>GLOSSA</strong></span> <span class='ocrx_word' id='word_1_3' title='bbox 1538 242 1946 300; x_wconf 78' lang='lat' dir='ltr'><strong>ORDINARIA.</strong></span> <span class='ocrx_word' id='word_1_4' title='bbox 1968 272 2038 284; x_wconf 94' lang='lat'><strong><em>—</em></strong></span> <span class='ocrx_word' id='word_1_5' title='bbox 2056 242 2320 300; x_wconf 80' lang='lat' dir='ltr'><strong>EVANG.</strong></span> <span class='ocrx_word' id='word_1_6' title='bbox 2354 243 2508 299; x_wconf 90' lang='lat' dir='ltr'><strong>LUC.</strong></span> 
     </span>
    </p>
   </div>
   <div class='ocr_carea' id='block_1_3' title="bbox 3439 247 3543 304">
    <p class='ocr_par' dir='ltr' id='par_1_3' title="bbox 3439 247 3543 304">
     <span class='ocr_line' id='line_1_3' title="bbox 3439 247 3543 304; baseline 0.029 -3"><span class='ocrx_word' id='word_1_7' title='bbox 3439 247 3543 304; x_wconf 69' lang='grc'><strong>342</strong></span> 
     </span>
    </p>
   </div>
   <div class='ocr_carea' id='block_1_4' title="bbox 277 366 3551 440">
    <p class='ocr_par' dir='ltr' id='par_1_4' title="bbox 277 366 3551 440">
     <span class='ocr_line' id='line_1_4' title="bbox 277 366 3551 440; baseline -0.001 -11"><span class='ocrx_word' id='word_1_8' title='bbox 277 389 329 429; x_wconf 89' lang='lat' dir='ltr'><strong>se</strong></span> <span class='ocrx_word' id='word_1_9' title='bbox 346 369 468 426; x_wconf 86' lang='lat' dir='ltr'>nihil</span> <span class='ocrx_word' id='word_1_10' title='bbox 485 367 669 424; x_wconf 98' lang='lat' dir='ltr'><strong>habuit</strong></span> <span class='ocrx_word' id='word_1_11' title='bbox 687 368 836 440; x_wconf 92' lang='lat' dir='ltr'><strong>quod</strong></span> <span class='ocrx_word' id='word_1_12' title='bbox 863 366 1090 422; x_wconf 84' lang='lat' dir='ltr'><strong>doleret.</strong></span> <span class='ocrx_word' id='word_1_13' title='bbox 1115 367 1364 438; x_wconf 77' lang='lat' dir='ltr'><strong>Suscepit</strong></span> <span class='ocrx_word' id='word_1_14' title='bbox 1393 366 1538 422; x_wconf 91' lang='lat' dir='ltr'><strong>enim</strong></span> <span class='ocrx_word' id='word_1_15' title='bbox 1575 366 1922 428; x_wconf 81' lang='lat' dir='ltr'><strong>tristitiamA</strong></span> <span class='ocrx_word' id='word_1_16' title='bbox 1954 382 2077 421; x_wconf 87' lang='lat' dir='ltr'><strong>esse</strong></span> <span class='ocrx_word' id='word_1_17' title='bbox 2107 381 2255 432; x_wconf 90' lang='lat' dir='ltr'><strong>reos,</strong></span> <span class='ocrx_word' id='word_1_18' title='bbox 2289 381 2521 438; x_wconf 90' lang='lat' dir='ltr'><strong>quorum</strong></span> <span class='ocrx_word' id='word_1_19' title='bbox 2550 366 2780 422; x_wconf 90' lang='lat' dir='ltr'><strong>consilio</strong></span> <span class='ocrx_word' id='word_1_20' title='bbox 2805 375 3002 423; x_wconf 87' lang='lat' dir='ltr'><strong>cuncta</strong></span> <span class='ocrx_word' id='word_1_21' title='bbox 3028 369 3384 440; x_wconf 76' lang='lat' dir='ltr'><strong>gerebantur,</strong></span> <span class='ocrx_word' id='word_1_22' title='bbox 3414 369 3551 426; x_wconf 89' lang='lat' dir='ltr'><strong>dicit</strong></span> 
     </span>
    </p>
   </div>
   <div class='ocr_carea' id='block_1_5' title="bbox 276 454 1850 528">
    <p class='ocr_par' dir='ltr' id='par_1_5' title="bbox 276 454 1850 528">
     <span class='ocr_line' id='line_1_5' title="bbox 276 454 1850 528; baseline -0.003 -13"><span class='ocrx_word' id='word_1_23' title='bbox 276 475 436 516; x_wconf 86' lang='lat' dir='ltr'><strong>meam</strong></span> <span class='ocrx_word' id='word_1_24' title='bbox 460 465 516 512; x_wconf 91' lang='lat' dir='ltr'><strong>ut</strong></span> <span class='ocrx_word' id='word_1_25' title='bbox 543 456 671 511; x_wconf 87' lang='lat' dir='ltr'><strong>mihi</strong></span> <span class='ocrx_word' id='word_1_26' title='bbox 699 455 994 528; x_wconf 78' lang='lat' dir='ltr'><strong>largiretur</strong></span> <span class='ocrx_word' id='word_1_27' title='bbox 1023 471 1177 510; x_wconf 89' lang='lat' dir='ltr'><strong>suam</strong></span> <span class='ocrx_word' id='word_1_28' title='bbox 1204 454 1464 511; x_wconf 62' lang='lat' dir='ltr'><strong>laetitiam.</strong></span> <span class='ocrx_word' id='word_1_29' title='bbox 1500 454 1850 511; x_wconf 84' lang='lat' dir='ltr'><strong>Conﬁdenter</strong></span> 
     </span>
    </p>
   </div>
   <div class='ocr_carea' id='block_1_6' title="bbox 275 543 1631 622">
    <p class='ocr_par' dir='ltr' id='par_1_6' title="bbox 275 543 1631 622">
     <span class='ocr_line' id='line_1_6' title="bbox 275 543 1631 622; baseline -0.004 -18"><span class='ocrx_word' id='word_1_30' title='bbox 275 562 394 622; x_wconf 89' lang='lat' dir='ltr'><strong>ergo</strong></span> <span class='ocrx_word' id='word_1_31' title='bbox 425 544 689 600; x_wconf 89' lang='lat' dir='ltr'><strong>tristitiam</strong></span> <span class='ocrx_word' id='word_1_32' title='bbox 717 544 958 610; x_wconf 91' lang='lat' dir='ltr'><strong>nomino,</strong></span> <span class='ocrx_word' id='word_1_33' title='bbox 993 543 1086 616; x_wconf 86' lang='lat' dir='ltr'><strong>qui</strong></span> <span class='ocrx_word' id='word_1_34' title='bbox 1115 559 1333 600; x_wconf 91' lang='lat' dir='ltr'><strong>crucem</strong></span> <span class='ocrx_word' id='word_1_35' title='bbox 1372 543 1631 614; x_wconf 69' lang='lat' dir='ltr'><strong>praedico.</strong></span> 
     </span>
    </p>
   </div>
   <div class='ocr_carea' id='block_1_7' title="bbox 338 657 1845 730">
    <p class='ocr_par' dir='ltr' id='par_1_7' title="bbox 338 657 1845 730">
     <span class='ocr_line' id='line_1_7' title="bbox 338 657 1845 730; baseline -0.004 -12"><span class='ocrx_word' id='word_1_36' title='bbox 338 664 734 726; x_wconf 84' lang='lat' dir='ltr'><strong>Verumtamen,</strong></span> <span class='ocrx_word' id='word_1_37' title='bbox 743 667 846 716; x_wconf 88' lang='lat' dir='ltr'><strong>etc.</strong></span> <span class='ocrx_word' id='word_1_38' title='bbox 870 659 1328 730; x_wconf 83' lang='lat' dir='ltr'><strong>Appropinquans</strong></span> <span class='ocrx_word' id='word_1_39' title='bbox 1350 659 1614 714; x_wconf 86' lang='lat' dir='ltr'><strong>Dominus</strong></span> <span class='ocrx_word' id='word_1_40' title='bbox 1633 657 1845 729; x_wconf 90' lang='lat' dir='ltr'><strong>passio-</strong></span> 
     </span>
    </p>
   </div>
   <div class='ocr_carea' id='block_1_8' title="bbox 271 745 1845 813">
    <p class='ocr_par' dir='ltr' id='par_1_8' title="bbox 271 745 1845 813">
     <span class='ocr_line' id='line_1_8' title="bbox 271 745 1845 813; baseline -0.003 -8"><span class='ocrx_word' id='word_1_41' title='bbox 271 751 338 813; x_wconf 83' lang='lat' dir='ltr'><strong>ni,</strong></span> <span class='ocrx_word' id='word_1_42' title='bbox 358 747 732 804; x_wconf 76' lang='lat' dir='ltr'><strong>inﬁrmantium</strong></span> <span class='ocrx_word' id='word_1_43' title='bbox 761 763 954 803; x_wconf 90' lang='lat' dir='ltr'><strong>vocem</strong></span> <span class='ocrx_word' id='word_1_44' title='bbox 975 756 1028 803; x_wconf 90' lang='lat' dir='ltr'><strong>et</strong></span> <span class='ocrx_word' id='word_1_45' title='bbox 1048 749 1296 803; x_wconf 84' lang='lat' dir='ltr'><strong>timorem</strong></span> <span class='ocrx_word' id='word_1_46' title='bbox 1327 755 1384 800; x_wconf 90' lang='lat' dir='ltr'><strong>ut</strong></span> <span class='ocrx_word' id='word_1_47' title='bbox 1403 747 1765 812; x_wconf 76' lang='lat' dir='ltr'><strong>abstraheret,</strong></span> <span class='ocrx_word' id='word_1_48' title='bbox 1788 745 1845 800; x_wconf 91' lang='lat' dir='ltr'><strong>in</strong></span> 
     </span>
    </p>
   </div>
   <div class='ocr_carea' id='block_1_9' title="bbox 272 833 1842 907">
    <p class='ocr_par' dir='ltr' id='par_1_9' title="bbox 272 833 1842 907">
     <span class='ocr_line' id='line_1_9' title="bbox 272 833 1842 907; baseline -0.001 -15"><span class='ocrx_word' id='word_1_49' title='bbox 272 854 322 893; x_wconf 91' lang='lat' dir='ltr'><strong>se</strong></span> <span class='ocrx_word' id='word_1_50' title='bbox 348 836 571 907; x_wconf 89' lang='lat' dir='ltr'><strong>suscepit</strong></span> <span class='ocrx_word' id='word_1_51' title='bbox 604 855 620 890; x_wconf 85' lang='lat'>:</span> <span class='ocrx_word' id='word_1_52' title='bbox 650 844 703 890; x_wconf 92' lang='lat' dir='ltr'><strong>et</strong></span> <span class='ocrx_word' id='word_1_53' title='bbox 732 852 926 890; x_wconf 84' lang='lat' dir='ltr'><strong>rursus</strong></span> <span class='ocrx_word' id='word_1_54' title='bbox 956 851 1058 906; x_wconf 89' lang='lat' dir='ltr'><strong>per</strong></span> <span class='ocrx_word' id='word_1_55' title='bbox 1087 834 1453 890; x_wconf 89' lang='lat' dir='ltr'><strong>obedientiam</strong></span> <span class='ocrx_word' id='word_1_56' title='bbox 1472 833 1842 890; x_wconf 85' lang='lat' dir='ltr'><strong>fortitudinem</strong></span> 
     </span>
    </p>
   </div>
   <div class='ocr_carea' id='block_1_10' title="bbox 269 923 1842 994">
    <p class='ocr_par' dir='ltr' id='par_1_10' title="bbox 269 923 1842 994">
     <span class='ocr_line' id='line_1_10' title="bbox 269 923 1842 994; baseline -0.002 -14"><span class='ocrx_word' id='word_1_57' title='bbox 269 926 445 982; x_wconf 90' lang='lat' dir='ltr'><strong>mentis</strong></span> <span class='ocrx_word' id='word_1_58' title='bbox 493 925 759 992; x_wconf 87' lang='lat' dir='ltr'><strong>ostendit,</strong></span> <span class='ocrx_word' id='word_1_59' title='bbox 793 931 851 978; x_wconf 94' lang='lat' dir='ltr'><strong>ut</strong></span> <span class='ocrx_word' id='word_1_60' title='bbox 879 938 1003 979; x_wconf 90' lang='lat' dir='ltr'><strong>cum</strong></span> <span class='ocrx_word' id='word_1_61' title='bbox 1051 923 1209 977; x_wconf 92' lang='lat' dir='ltr'><strong>nobis</strong></span> <span class='ocrx_word' id='word_1_62' title='bbox 1256 924 1499 977; x_wconf 89' lang='lat' dir='ltr'><strong>imminet</strong></span> <span class='ocrx_word' id='word_1_63' title='bbox 1545 924 1690 994; x_wconf 91' lang='lat' dir='ltr'><strong>quod</strong></span> <span class='ocrx_word' id='word_1_64' title='bbox 1725 923 1842 979; x_wconf 76' lang='lat' dir='ltr'><strong>fieri</strong></span> 
     </span>
    </p>
   </div>
   <div class='ocr_carea' id='block_1_11' title="bbox 269 1009 1842 1083">
    <p class='ocr_par' dir='ltr' id='par_1_11' title="bbox 269 1009 1842 1083">
     <span class='ocr_line' id='line_1_11' title="bbox 269 1009 1842 1083; baseline -0.001 -15"><span class='ocrx_word' id='word_1_65' title='bbox 269 1014 518 1078; x_wconf 89' lang='lat' dir='ltr'><strong>nolumus,</strong></span> <span class='ocrx_word' id='word_1_66' title='bbox 551 1013 629 1068; x_wconf 91' lang='lat' dir='ltr'><strong>sic</strong></span> <span class='ocrx_word' id='word_1_67' title='bbox 667 1027 769 1083; x_wconf 89' lang='lat' dir='ltr'><strong>per</strong></span> <span class='ocrx_word' id='word_1_68' title='bbox 816 1009 1182 1066; x_wconf 83' lang='lat' dir='ltr'><strong>inﬁrmitatem</strong></span> <span class='ocrx_word' id='word_1_69' title='bbox 1227 1019 1476 1082; x_wconf 88' lang='lat' dir='ltr'><strong>petamus</strong></span> <span class='ocrx_word' id='word_1_70' title='bbox 1523 1027 1592 1066; x_wconf 88' lang='lat' dir='ltr'><strong>ne</strong></span> <span class='ocrx_word' id='word_1_71' title='bbox 1620 1010 1749 1080; x_wconf 86' lang='lat' dir='ltr'><strong>fiat,</strong></span> <span class='ocrx_word' id='word_1_72' title='bbox 1782 1020 1842 1067; x_wconf 90' lang='lat' dir='ltr'><strong>ut</strong></span> 
     </span>
    </p>
   </div>
   <div class='ocr_carea' id='block_1_12' title="bbox 266 1099 1838 1171">
    <p class='ocr_par' dir='ltr' id='par_1_12' title="bbox 266 1099 1838 1171">
     <span class='ocr_line' id='line_1_12' title="bbox 266 1099 1838 1171; baseline 0 -16"><span class='ocrx_word' id='word_1_73' title='bbox 266 1108 425 1156; x_wconf 88' lang='lat' dir='ltr'><strong>tamen</strong></span> <span class='ocrx_word' id='word_1_74' title='bbox 450 1116 548 1171; x_wconf 92' lang='lat' dir='ltr'><strong>per</strong></span> <span class='ocrx_word' id='word_1_75' title='bbox 578 1099 947 1154; x_wconf 78' lang='lat' dir='ltr'><strong>fortitudinem</strong></span> <span class='ocrx_word' id='word_1_76' title='bbox 975 1099 1150 1170; x_wconf 86' lang='lat' dir='ltr'><strong>parati</strong></span> <span class='ocrx_word' id='word_1_77' title='bbox 1193 1099 1364 1154; x_wconf 91' lang='lat' dir='ltr'><strong>simus</strong></span> <span class='ocrx_word' id='word_1_78' title='bbox 1391 1101 1459 1153; x_wconf 88' lang='lat' dir='ltr'><strong>ad</strong></span> <span class='ocrx_word' id='word_1_79' title='bbox 1506 1099 1838 1169; x_wconf 90' lang='lat' dir='ltr'><strong>implendum</strong></span> 
     </span>
    </p>
   </div>
   <div class='ocr_carea' id='block_1_13' title="bbox 265 1188 1624 1260">
    <p class='ocr_par' dir='ltr' id='par_1_13' title="bbox 265 1188 1624 1260">
     <span class='ocr_line' id='line_1_13' title="bbox 265 1188 1624 1260; baseline -0.003 -14"><span class='ocrx_word' id='word_1_80' title='bbox 265 1188 540 1246; x_wconf 87' lang='lat' dir='ltr'><strong>conditoris</strong></span> <span class='ocrx_word' id='word_1_81' title='bbox 569 1189 903 1244; x_wconf 88' lang='lat' dir='ltr'><strong>voluntatem</strong></span> <span class='ocrx_word' id='word_1_82' title='bbox 930 1188 1110 1260; x_wconf 89' lang='lat' dir='ltr'><strong>potius</strong></span> <span class='ocrx_word' id='word_1_83' title='bbox 1148 1204 1306 1260; x_wconf 88' lang='lat' dir='ltr'><strong>quam</strong></span> <span class='ocrx_word' id='word_1_84' title='bbox 1361 1194 1624 1243; x_wconf 90' lang='lat' dir='ltr'><strong>nostram.</strong></span> 
     </span>
    </p>
   </div>
   <div class='ocr_carea' id='block_1_14' title="bbox 326 1285 1838 1374">
    <p class='ocr_par' dir='ltr' id='par_1_14' title="bbox 326 1285 1838 1374">
     <span class='ocr_line' id='line_1_14' title="bbox 326 1285 1838 1374; baseline 0.001 -18"><span class='ocrx_word' id='word_1_85' title='bbox 326 1303 483 1358; x_wconf 75' lang='lat' dir='ltr'><strong>Vens.</strong></span> <span class='ocrx_word' id='word_1_86' title='bbox 519 1305 606 1358; x_wconf 72' lang='grc'><strong>44.</strong></span> <span class='ocrx_word' id='word_1_87' title='bbox 630 1333 700 1345; x_wconf 90' lang='lat'><strong>--</strong></span> <span class='ocrx_word' id='word_1_88' title='bbox 719 1304 789 1358; x_wconf 83' lang='lat' dir='ltr'><strong>Et</strong></span> <span class='ocrx_word' id='word_1_89' title='bbox 817 1285 1008 1374; x_wconf 70' lang='lat' dir='ltr'><strong>factus</strong></span> <span class='ocrx_word' id='word_1_90' title='bbox 1028 1307 1113 1358; x_wconf 90' lang='lat' dir='ltr'><strong>est</strong></span> <span class='ocrx_word' id='word_1_91' title='bbox 1140 1303 1327 1358; x_wconf 87' lang='lat' dir='ltr'><strong>sudor.</strong></span> <span class='ocrx_word' id='word_1_92' title='bbox 1352 1302 1838 1374; x_wconf 81' lang='lat' dir='ltr'><strong>ApprOpinquante</strong></span> 
     </span>
    </p>
   </div>
   <div class='ocr_carea' id='block_1_15' title="bbox 261 1389 1837 1462">
    <p class='ocr_par' dir='ltr' id='par_1_15' title="bbox 261 1389 1837 1462">
     <span class='ocr_line' id='line_1_15' title="bbox 261 1389 1837 1462; baseline -0.001 -16"><span class='ocrx_word' id='word_1_93' title='bbox 261 1399 415 1446; x_wconf 91' lang='lat' dir='ltr'><strong>morte</strong></span> <span class='ocrx_word' id='word_1_94' title='bbox 449 1398 727 1447; x_wconf 85' lang='lat' dir='ltr'><strong>certamen</strong></span> <span class='ocrx_word' id='word_1_95' title='bbox 759 1389 956 1445; x_wconf 91' lang='lat' dir='ltr'><strong>mentis</strong></span> <span class='ocrx_word' id='word_1_96' title='bbox 987 1397 1188 1445; x_wconf 56' lang='lat' dir='ltr'><strong>nostra</strong></span> <span class='ocrx_word' id='word_1_97' title='bbox 1233 1391 1288 1444; x_wconf 93' lang='lat' dir='ltr'><strong>in</strong></span> <span class='ocrx_word' id='word_1_98' title='bbox 1318 1406 1377 1445; x_wconf 93' lang='lat' dir='ltr'><strong>se</strong></span> <span class='ocrx_word' id='word_1_99' title='bbox 1421 1390 1709 1461; x_wconf 89' lang='lat' dir='ltr'><strong>expressit,</strong></span> <span class='ocrx_word' id='word_1_100' title='bbox 1745 1390 1837 1462; x_wconf 86' lang='lat' dir='ltr'><strong>qui</strong></span> 
     </span>
    </p>
   </div>
   <div class='ocr_carea' id='block_1_16' title="bbox 258 1477 1834 1550">
    <p class='ocr_par' dir='ltr' id='par_1_16' title="bbox 258 1477 1834 1550">
     <span class='ocr_line' id='line_1_16' title="bbox 258 1477 1834 1550; baseline -0.002 -15"><span class='ocrx_word' id='word_1_101' title='bbox 258 1478 429 1535; x_wconf 89' lang='lat' dir='ltr'><strong>merito</strong></span> <span class='ocrx_word' id='word_1_102' title='bbox 458 1479 751 1550; x_wconf 87' lang='lat' dir='ltr'><strong>quamdam</strong></span> <span class='ocrx_word' id='word_1_103' title='bbox 780 1478 886 1533; x_wconf 90' lang='lat' dir='ltr'><strong>vim</strong></span> <span class='ocrx_word' id='word_1_104' title='bbox 917 1477 1116 1533; x_wconf 90' lang='lat' dir='ltr'><strong>terrori</strong></span> <span class='ocrx_word' id='word_1_105' title='bbox 1143 1477 1398 1549; x_wconf 88' lang='lat' dir='ltr'><strong>patimur,</strong></span> <span class='ocrx_word' id='word_1_106' title='bbox 1433 1493 1554 1534; x_wconf 91' lang='lat' dir='ltr'><strong>cum</strong></span> <span class='ocrx_word' id='word_1_107' title='bbox 1586 1487 1708 1550; x_wconf 90' lang='lat' dir='ltr'><strong>post</strong></span> <span class='ocrx_word' id='word_1_108' title='bbox 1730 1494 1834 1550; x_wconf 91' lang='lat' dir='ltr'><strong>pu-</strong></span> 
     </span>
    </p>
   </div>
   <div class='ocr_carea' id='block_1_17' title="bbox 256 1566 1687 1638">
    <p class='ocr_par' dir='ltr' id='par_1_17' title="bbox 256 1566 1687 1638">
     <span class='ocr_line' id='line_1_17' title="bbox 256 1566 1687 1638; baseline 0.001 -18"><span class='ocrx_word' id='word_1_109' title='bbox 256 1567 417 1622; x_wconf 89' lang='lat' dir='ltr'><strong>sillum</strong></span> <span class='ocrx_word' id='word_1_110' title='bbox 446 1583 634 1622; x_wconf 90' lang='lat' dir='ltr'><strong>sumus</strong></span> <span class='ocrx_word' id='word_1_111' title='bbox 663 1566 934 1622; x_wconf 81' lang='lat' dir='ltr'><strong>inventuri</strong></span> <span class='ocrx_word' id='word_1_112' title='bbox 966 1567 1111 1638; x_wconf 91' lang='lat' dir='ltr'><strong>quod</strong></span> <span class='ocrx_word' id='word_1_113' title='bbox 1132 1566 1187 1620; x_wconf 91' lang='lat' dir='ltr'><strong>in</strong></span> <span class='ocrx_word' id='word_1_114' title='bbox 1206 1574 1470 1622; x_wconf 75' lang='lat' dir='ltr'><strong>aeternum</strong></span> <span class='ocrx_word' id='word_1_115' title='bbox 1509 1567 1687 1622; x_wconf 89' lang='lat' dir='ltr'><strong>duret.</strong></span> 
     </span>
    </p>
   </div>
   <div class='ocr_carea' id='block_1_18' title="bbox 323 1673 1834 1745">
    <p class='ocr_par' dir='ltr' id='par_1_18' title="bbox 323 1673 1834 1745">
     <span class='ocr_line' id='line_1_18' title="bbox 323 1673 1834 1745; baseline -0.003 -15"><span class='ocrx_word' id='word_1_116' title='bbox 323 1673 618 1745; x_wconf 80' lang='lat' dir='ltr'><strong>Sanguinis</strong></span> <span class='ocrx_word' id='word_1_117' title='bbox 639 1673 994 1729; x_wconf 80' lang='lat' dir='ltr'><strong>decurrentis</strong></span> <span class='ocrx_word' id='word_1_118' title='bbox 1014 1673 1077 1728; x_wconf 86' lang='lat' dir='ltr'><strong>in</strong></span> <span class='ocrx_word' id='word_1_119' title='bbox 1099 1677 1331 1728; x_wconf 88' lang='lat' dir='ltr'><strong>terram.</strong></span> <span class='ocrx_word' id='word_1_120' title='bbox 1356 1673 1462 1728; x_wconf 91' lang='lat' dir='ltr'><strong>Per</strong></span> <span class='ocrx_word' id='word_1_121' title='bbox 1481 1680 1682 1726; x_wconf 88' lang='lat' dir='ltr'><strong>terram</strong></span> <span class='ocrx_word' id='word_1_122' title='bbox 1717 1687 1834 1726; x_wconf 89' lang='lat' dir='ltr'><strong>san-</strong></span> 
     </span>
    </p>
   </div>
   <div class='ocr_carea' id='block_1_19' title="bbox 254 1760 1832 1834">
    <p class='ocr_par' dir='ltr' id='par_1_19' title="bbox 254 1760 1832 1834">
     <span class='ocr_line' id='line_1_19' title="bbox 254 1760 1832 1834; baseline 0 -20"><span class='ocrx_word' id='word_1_123' title='bbox 254 1761 399 1834; x_wconf 88' lang='lat' dir='ltr'><strong>guine</strong></span> <span class='ocrx_word' id='word_1_124' title='bbox 428 1761 716 1834; x_wconf 89' lang='lat' dir='ltr'><strong>irrigatam</strong></span> <span class='ocrx_word' id='word_1_125' title='bbox 749 1761 1077 1826; x_wconf 86' lang='lat' dir='ltr'><strong>declaratur,</strong></span> <span class='ocrx_word' id='word_1_126' title='bbox 1113 1761 1258 1832; x_wconf 90' lang='lat' dir='ltr'><strong>quod</strong></span> <span class='ocrx_word' id='word_1_127' title='bbox 1293 1760 1546 1816; x_wconf 76' lang='lat' dir='ltr'><strong>effectum</strong></span> <span class='ocrx_word' id='word_1_128' title='bbox 1580 1777 1691 1814; x_wconf 70' lang='lat' dir='ltr'><strong>suae</strong></span> <span class='ocrx_word' id='word_1_129' title='bbox 1711 1776 1832 1831; x_wconf 89' lang='lat' dir='ltr'><strong>pre-</strong></span> 
     </span>
    </p>
   </div>
   <div class='ocr_carea' id='block_1_20' title="bbox 256 1847 1831 1919">
    <p class='ocr_par' dir='ltr' id='par_1_20' title="bbox 256 1847 1831 1919">
     <span class='ocr_line' id='line_1_20' title="bbox 256 1847 1831 1919; baseline -0.001 -16"><span class='ocrx_word' id='word_1_130' title='bbox 256 1849 323 1904; x_wconf 90' lang='lat' dir='ltr'><strong>cis</strong></span> <span class='ocrx_word' id='word_1_131' title='bbox 361 1850 464 1918; x_wconf 84' lang='lat' dir='ltr'><strong>jam</strong></span> <span class='ocrx_word' id='word_1_132' title='bbox 511 1848 822 1918; x_wconf 88' lang='lat' dir='ltr'><strong>obtineret,</strong></span> <span class='ocrx_word' id='word_1_133' title='bbox 869 1857 928 1903; x_wconf 92' lang='lat' dir='ltr'><strong>ut</strong></span> <span class='ocrx_word' id='word_1_134' title='bbox 974 1847 1137 1902; x_wconf 83' lang='lat' dir='ltr'><strong>ﬁdem</strong></span> <span class='ocrx_word' id='word_1_135' title='bbox 1185 1848 1394 1904; x_wconf 89' lang='lat' dir='ltr'><strong>scilicet</strong></span> <span class='ocrx_word' id='word_1_136' title='bbox 1442 1848 1831 1919; x_wconf 90' lang='lat' dir='ltr'><strong>discipulorum</strong></span> 
     </span>
    </p>
   </div>
   <div class='ocr_carea' id='block_1_21' title="bbox 256 1936 1830 2010">
    <p class='ocr_par' dir='ltr' id='par_1_21' title="bbox 256 1936 1830 2010">
     <span class='ocr_line' id='line_1_21' title="bbox 256 1936 1830 2010; baseline 0.001 -21"><span class='ocrx_word' id='word_1_137' title='bbox 256 1953 399 2008; x_wconf 89' lang='lat' dir='ltr'><strong>quam</strong></span> <span class='ocrx_word' id='word_1_138' title='bbox 427 1945 654 1993; x_wconf 89' lang='lat' dir='ltr'><strong>terrena</strong></span> <span class='ocrx_word' id='word_1_139' title='bbox 683 1937 861 1993; x_wconf 91' lang='lat' dir='ltr'><strong>adhuc</strong></span> <span class='ocrx_word' id='word_1_140' title='bbox 899 1936 1164 2010; x_wconf 84' lang='lat' dir='ltr'><strong>fragilitas</strong></span> <span class='ocrx_word' id='word_1_141' title='bbox 1210 1937 1514 2010; x_wconf 84' lang='lat' dir='ltr'><strong>arguebat,</strong></span> <span class='ocrx_word' id='word_1_142' title='bbox 1552 1953 1650 1992; x_wconf 91' lang='lat' dir='ltr'><strong>suo</strong></span> <span class='ocrx_word' id='word_1_143' title='bbox 1699 1953 1830 1992; x_wconf 91' lang='lat' dir='ltr'><strong>san-</strong></span> 
     </span>
    </p>
   </div>
   <div class='ocr_carea' id='block_1_22' title="bbox 254 2025 1830 2098">
    <p class='ocr_par' dir='ltr' id='par_1_22' title="bbox 254 2025 1830 2098">
     <span class='ocr_line' id='line_1_22' title="bbox 254 2025 1830 2098; baseline 0.001 -20"><span class='ocrx_word' id='word_1_144' title='bbox 254 2025 397 2098; x_wconf 83' lang='lat' dir='ltr'><strong>guine</strong></span> <span class='ocrx_word' id='word_1_145' title='bbox 425 2033 708 2098; x_wconf 83' lang='lat' dir='ltr'><strong>purgaret,</strong></span> <span class='ocrx_word' id='word_1_146' title='bbox 743 2033 796 2081; x_wconf 93' lang='lat' dir='ltr'><strong>et</strong></span> <span class='ocrx_word' id='word_1_147' title='bbox 828 2025 1091 2098; x_wconf 84' lang='lat' dir='ltr'><strong>quidquid</strong></span> <span class='ocrx_word' id='word_1_148' title='bbox 1122 2025 1211 2078; x_wconf 88' lang='lat' dir='ltr'><strong>illa</strong></span> <span class='ocrx_word' id='word_1_149' title='bbox 1255 2025 1500 2080; x_wconf 83' lang='lat' dir='ltr'><strong>scandali</strong></span> <span class='ocrx_word' id='word_1_150' title='bbox 1549 2025 1617 2079; x_wconf 93' lang='lat' dir='ltr'><strong>de</strong></span> <span class='ocrx_word' id='word_1_151' title='bbox 1655 2032 1830 2080; x_wconf 91' lang='lat' dir='ltr'><strong>morte</strong></span> 
     </span>
    </p>
   </div>
   <div class='ocr_carea' id='block_1_23' title="bbox 254 2113 1827 2184">
    <p class='ocr_par' dir='ltr' id='par_1_23' title="bbox 254 2113 1827 2184">
     <span class='ocr_line' id='line_1_23' title="bbox 254 2113 1827 2184; baseline 0 -16"><span class='ocrx_word' id='word_1_152' title='bbox 254 2114 354 2182; x_wconf 87' lang='lat' dir='ltr'><strong>ejus</strong></span> <span class='ocrx_word' id='word_1_153' title='bbox 379 2114 713 2184; x_wconf 88' lang='lat' dir='ltr'><strong>pertulisset,</strong></span> <span class='ocrx_word' id='word_1_154' title='bbox 747 2115 849 2169; x_wconf 93' lang='lat' dir='ltr'><strong>hoc</strong></span> <span class='ocrx_word' id='word_1_155' title='bbox 896 2121 1066 2168; x_wconf 90' lang='lat' dir='ltr'><strong>totum</strong></span> <span class='ocrx_word' id='word_1_156' title='bbox 1113 2114 1229 2184; x_wconf 91' lang='lat' dir='ltr'><strong>ipse</strong></span> <span class='ocrx_word' id='word_1_157' title='bbox 1267 2113 1553 2168; x_wconf 88' lang='lat' dir='ltr'><strong>moriendo</strong></span> <span class='ocrx_word' id='word_1_158' title='bbox 1599 2113 1827 2183; x_wconf 90' lang='lat' dir='ltr'><strong>deleret,</strong></span> 
     </span>
    </p>
   </div>
   <div class='ocr_carea' id='block_1_24' title="bbox 255 2201 1828 2273">
    <p class='ocr_par' dir='ltr' id='par_1_24' title="bbox 255 2201 1828 2273">
     <span class='ocr_line' id='line_1_24' title="bbox 255 2201 1828 2273; baseline 0.002 -19"><span class='ocrx_word' id='word_1_159' title='bbox 255 2202 337 2256; x_wconf 88' lang='lat' dir='ltr'><strong>sed</strong></span> <span class='ocrx_word' id='word_1_160' title='bbox 356 2209 405 2256; x_wconf 90' lang='lat' dir='ltr'><strong>et</strong></span> <span class='ocrx_word' id='word_1_161' title='bbox 441 2210 617 2256; x_wconf 89' lang='lat' dir='ltr'><strong>totum</strong></span> <span class='ocrx_word' id='word_1_162' title='bbox 657 2203 916 2257; x_wconf 90' lang='lat' dir='ltr'><strong>mundum</strong></span> <span class='ocrx_word' id='word_1_163' title='bbox 953 2202 1196 2273; x_wconf 91' lang='lat' dir='ltr'><strong>peccatis</strong></span> <span class='ocrx_word' id='word_1_164' title='bbox 1244 2210 1518 2257; x_wconf 91' lang='lat' dir='ltr'><strong>mortuum</strong></span> <span class='ocrx_word' id='word_1_165' title='bbox 1565 2202 1632 2257; x_wconf 92' lang='lat' dir='ltr'><strong>ad</strong></span> <span class='ocrx_word' id='word_1_166' title='bbox 1664 2201 1828 2258; x_wconf 90' lang='lat' dir='ltr'><strong>vitam</strong></span> 
     </span>
    </p>
   </div>
   <div class='ocr_carea' id='block_1_25' title="bbox 253 2290 602 2346">
    <p class='ocr_par' dir='ltr' id='par_1_25' title="bbox 253 2290 602 2346">
     <span class='ocr_line' id='line_1_25' title="bbox 253 2290 602 2346; baseline 0 -2"><span class='ocrx_word' id='word_1_167' title='bbox 253 2290 602 2346; x_wconf 88' lang='lat' dir='ltr'><strong>resuscitaret.</strong></span> 
     </span>
    </p>
   </div>
   <div class='ocr_carea' id='block_1_26' title="bbox 312 2415 1827 2487">
    <p class='ocr_par' dir='ltr' id='par_1_26' title="bbox 312 2415 1827 2487">
     <span class='ocr_line' id='line_1_26' title="bbox 312 2415 1827 2487; baseline 0 -18"><span class='ocrx_word' id='word_1_168' title='bbox 312 2417 470 2472; x_wconf 71' lang='lat' dir='ltr'><strong>Vens.</strong></span> <span class='ocrx_word' id='word_1_169' title='bbox 521 2419 614 2472; x_wconf 74' lang='grc'><strong>4⁸7.</strong></span> <span class='ocrx_word' id='word_1_170' title='bbox 644 2447 712 2456; x_wconf 94' lang='grc'><strong>-</strong></span> <span class='ocrx_word' id='word_1_171' title='bbox 749 2419 812 2474; x_wconf 91' lang='lat' dir='ltr'><strong>Ut</strong></span> <span class='ocrx_word' id='word_1_172' title='bbox 853 2419 1227 2473; x_wconf 78' lang='lat' dir='ltr'><strong>oscularetur.</strong></span> <span class='ocrx_word' id='word_1_173' title='bbox 1282 2415 1517 2487; x_wconf 88' lang='lat' dir='ltr'><strong>Suscipit</strong></span> <span class='ocrx_word' id='word_1_174' title='bbox 1561 2415 1827 2471; x_wconf 84' lang='lat' dir='ltr'><strong>Dominus</strong></span> 
     </span>
    </p>
   </div>
   <div class='ocr_carea' id='block_1_27' title="bbox 252 2505 1828 2576">
    <p class='ocr_par' dir='ltr' id='par_1_27' title="bbox 252 2505 1828 2576">
     <span class='ocr_line' id='line_1_27' title="bbox 252 2505 1828 2576; baseline 0.001 -17"><span class='ocrx_word' id='word_1_175' title='bbox 252 2505 496 2571; x_wconf 88' lang='lat' dir='ltr'><strong>osculum,</strong></span> <span class='ocrx_word' id='word_1_176' title='bbox 533 2521 649 2560; x_wconf 92' lang='lat' dir='ltr'><strong>non</strong></span> <span class='ocrx_word' id='word_1_177' title='bbox 681 2505 826 2576; x_wconf 90' lang='lat' dir='ltr'><strong>quod</strong></span> <span class='ocrx_word' id='word_1_178' title='bbox 857 2505 1112 2559; x_wconf 89' lang='lat' dir='ltr'><strong>simulare</strong></span> <span class='ocrx_word' id='word_1_179' title='bbox 1143 2521 1244 2559; x_wconf 92' lang='lat' dir='ltr'><strong>nos</strong></span> <span class='ocrx_word' id='word_1_180' title='bbox 1272 2505 1486 2574; x_wconf 86' lang='lat' dir='ltr'><strong>doceat,</strong></span> <span class='ocrx_word' id='word_1_181' title='bbox 1520 2505 1619 2559; x_wconf 92' lang='lat' dir='ltr'><strong>sed</strong></span> <span class='ocrx_word' id='word_1_182' title='bbox 1650 2511 1706 2559; x_wconf 90' lang='lat' dir='ltr'><strong>ut</strong></span> <span class='ocrx_word' id='word_1_183' title='bbox 1725 2519 1828 2560; x_wconf 90' lang='lat' dir='ltr'><strong>nec</strong></span> 
     </span>
    </p>
   </div>
   <div class='ocr_carea' id='block_1_28' title="bbox 249 2591 1828 2666">
    <p class='ocr_par' dir='ltr' id='par_1_28' title="bbox 249 2591 1828 2666">
     <span class='ocr_line' id='line_1_28' title="bbox 249 2591 1828 2666; baseline 0 -19"><span class='ocrx_word' id='word_1_184' title='bbox 249 2594 564 2662; x_wconf 88' lang='lat' dir='ltr'><strong>proditorem</strong></span> <span class='ocrx_word' id='word_1_185' title='bbox 601 2593 855 2666; x_wconf 90' lang='lat' dir='ltr'><strong>refugere</strong></span> <span class='ocrx_word' id='word_1_186' title='bbox 885 2593 1182 2662; x_wconf 86' lang='lat' dir='ltr'><strong>videretur,</strong></span> <span class='ocrx_word' id='word_1_187' title='bbox 1216 2601 1268 2648; x_wconf 89' lang='lat' dir='ltr'><strong>et</strong></span> <span class='ocrx_word' id='word_1_188' title='bbox 1295 2593 1418 2663; x_wconf 93' lang='lat' dir='ltr'><strong>plus</strong></span> <span class='ocrx_word' id='word_1_189' title='bbox 1448 2591 1687 2648; x_wconf 81' lang='lat' dir='ltr'><strong>afficeret</strong></span> <span class='ocrx_word' id='word_1_190' title='bbox 1707 2609 1828 2662; x_wconf 87' lang='lat' dir='ltr'><strong>pro-</strong></span> 
     </span>
    </p>
   </div>
   <div class='ocr_carea' id='block_1_29' title="bbox 249 2680 1826 2754">
    <p class='ocr_par' dir='ltr' id='par_1_29' title="bbox 249 2680 1826 2754">
     <span class='ocr_line' id='line_1_29' title="bbox 249 2680 1826 2754; baseline 0 -17"><span class='ocrx_word' id='word_1_191' title='bbox 249 2682 479 2752; x_wconf 89' lang='lat' dir='ltr'><strong>ditorem,</strong></span> <span class='ocrx_word' id='word_1_192' title='bbox 513 2681 608 2738; x_wconf 90' lang='lat' dir='ltr'><strong>cui</strong></span> <span class='ocrx_word' id='word_1_193' title='bbox 629 2683 834 2737; x_wconf 83' lang='lat' dir='ltr'><strong>amoris</strong></span> <span class='ocrx_word' id='word_1_194' title='bbox 863 2680 1036 2737; x_wconf 83' lang='lat' dir='ltr'><strong>oﬂicia</strong></span> <span class='ocrx_word' id='word_1_195' title='bbox 1066 2697 1175 2736; x_wconf 91' lang='lat' dir='ltr'><strong>non</strong></span> <span class='ocrx_word' id='word_1_196' title='bbox 1204 2690 1449 2754; x_wconf 86' lang='lat' dir='ltr'><strong>negaret.</strong></span> <span class='ocrx_word' id='word_1_197' title='bbox 1500 2683 1654 2737; x_wconf 90' lang='lat' dir='ltr'><strong>Unde</strong></span> <span class='ocrx_word' id='word_1_198' title='bbox 1686 2681 1826 2737; x_wconf 89' lang='lat' dir='ltr'><strong>dici-</strong></span> 
     </span>
    </p>
   </div>
   <div class='ocr_carea' id='block_1_30' title="bbox 250 2770 1825 2843">
    <p class='ocr_par' dir='ltr' id='par_1_30' title="bbox 250 2770 1825 2843">
     <span class='ocr_line' id='line_1_30' title="bbox 250 2770 1825 2843; baseline 0.002 -19"><span class='ocrx_word' id='word_1_199' title='bbox 250 2779 364 2826; x_wconf 88' lang='lat' dir='ltr'><strong>tur:</strong></span> <span class='ocrx_word' id='word_1_200' title='bbox 398 2773 535 2827; x_wconf 85' lang='lat' dir='ltr'><strong>Cum</strong></span> <span class='ocrx_word' id='word_1_201' title='bbox 568 2772 659 2826; x_wconf 82' lang='lat' dir='ltr'><strong>his</strong></span> <span class='ocrx_word' id='word_1_202' title='bbox 699 2772 795 2843; x_wconf 88' lang='lat' dir='ltr'><strong>qui</strong></span> <span class='ocrx_word' id='word_1_203' title='bbox 841 2771 1082 2826; x_wconf 82' lang='lat' dir='ltr'><strong>oderunt</strong></span> <span class='ocrx_word' id='word_1_204' title='bbox 1107 2786 1306 2842; x_wconf 83' lang='lat' dir='ltr'><strong>pacem</strong></span> <span class='ocrx_word' id='word_1_205' title='bbox 1355 2787 1511 2826; x_wconf 87' lang='lat' dir='ltr'><strong>eram</strong></span> <span class='ocrx_word' id='word_1_206' title='bbox 1551 2770 1825 2842; x_wconf 82' lang='lat' dir='ltr'><strong>paciﬁcus</strong></span> 
     </span>
    </p>
   </div>
   <div class='ocr_carea' id='block_1_31' title="bbox 249 2858 616 2927">
    <p class='ocr_par' dir='ltr' id='par_1_31' title="bbox 249 2858 616 2927">
     <span class='ocr_line' id='line_1_31' title="bbox 249 2858 616 2927; baseline 0.003 -15"><span class='ocrx_word' id='word_1_207' title='bbox 249 2858 406 2927; x_wconf 82' lang='lat' dir='ltr'><strong>(Psal.</strong></span> <span class='ocrx_word' id='word_1_208' title='bbox 431 2861 616 2922; x_wconf 73' lang='lat' dir='ltr'><strong>cxxx).</strong></span> 
     </span>
    </p>
   </div>
   <div class='ocr_carea' id='block_1_32' title="bbox 307 2973 1820 3044">
    <p class='ocr_par' dir='ltr' id='par_1_32' title="bbox 307 2973 1820 3044">
     <span class='ocr_line' id='line_1_32' title="bbox 307 2973 1820 3044; baseline 0 -18"><span class='ocrx_word' id='word_1_209' title='bbox 307 2973 466 3027; x_wconf 74' lang='lat' dir='ltr'><strong>Vens.</strong></span> <span class='ocrx_word' id='word_1_210' title='bbox 498 2974 590 3027; x_wconf 79' lang='grc'><strong>49.</strong></span> <span class='ocrx_word' id='word_1_211' title='bbox 626 3001 698 3012; x_wconf 88' lang='grc'><strong><em>-</em></strong></span> <span class='ocrx_word' id='word_1_212' title='bbox 726 2973 978 3038; x_wconf 78' lang='lat' dir='ltr'><strong>Domine,</strong></span> <span class='ocrx_word' id='word_1_213' title='bbox 1031 2975 1081 3028; x_wconf 89' lang='lat' dir='ltr'><strong>si</strong></span> <span class='ocrx_word' id='word_1_214' title='bbox 1125 2974 1476 3044; x_wconf 85' lang='lat' dir='ltr'><strong>percutimus</strong></span> <span class='ocrx_word' id='word_1_215' title='bbox 1525 2974 1588 3028; x_wconf 90' lang='lat' dir='ltr'><strong>in</strong></span> <span class='ocrx_word' id='word_1_216' title='bbox 1617 2973 1820 3044; x_wconf 88' lang='lat' dir='ltr'><strong>gladio.</strong></span> 
     </span>
    </p>
   </div>
   <div class='ocr_carea' id='block_1_33' title="bbox 1946 455 3548 529">
    <p class='ocr_par' dir='ltr' id='par_1_33' title="bbox 1946 455 3548 529">
     <span class='ocr_line' id='line_1_33' title="bbox 1946 455 3548 529; baseline 0.001 -19"><span class='ocrx_word' id='word_1_217' title='bbox 1946 469 2042 510; x_wconf 90' lang='lat' dir='ltr'><strong>eos</strong></span> <span class='ocrx_word' id='word_1_218' title='bbox 2086 455 2306 510; x_wconf 89' lang='lat' dir='ltr'><strong>venisse</strong></span> <span class='ocrx_word' id='word_1_219' title='bbox 2345 455 2414 510; x_wconf 90' lang='lat' dir='ltr'><strong>ad</strong></span> <span class='ocrx_word' id='word_1_220' title='bbox 2454 455 3026 526; x_wconf 88' lang='lat' dir='ltr'><strong>comprehendendum</strong></span> <span class='ocrx_word' id='word_1_221' title='bbox 3075 455 3415 514; x_wconf 88' lang='lat' dir='ltr'><strong>Salvatorem</strong></span> <span class='ocrx_word' id='word_1_222' title='bbox 3453 456 3548 529; x_wconf 88' lang='lat' dir='ltr'><strong>qui</strong></span> 
     </span>
    </p>
   </div>
   <div class='ocr_carea' id='block_1_34' title="bbox 1945 542 3545 614">
    <p class='ocr_par' dir='ltr' id='par_1_34' title="bbox 1945 542 3545 614">
     <span class='ocr_line' id='line_1_34' title="bbox 1945 542 3545 614; baseline 0.003 -17"><span class='ocrx_word' id='word_1_223' title='bbox 1945 558 2060 598; x_wconf 65' lang='lat' dir='ltr'><strong>sure</strong></span> <span class='ocrx_word' id='word_1_224' title='bbox 2089 542 2352 612; x_wconf 86' lang='lat' dir='ltr'><strong>jussionis</strong></span> <span class='ocrx_word' id='word_1_225' title='bbox 2398 551 2665 614; x_wconf 89' lang='lat' dir='ltr'><strong>potestate</strong></span> <span class='ocrx_word' id='word_1_226' title='bbox 2712 552 2996 600; x_wconf 88' lang='lat' dir='ltr'><strong>venerunt.</strong></span> <span class='ocrx_word' id='word_1_227' title='bbox 3055 545 3223 614; x_wconf 81' lang='lat' dir='ltr'><strong>Quasi</strong></span> <span class='ocrx_word' id='word_1_228' title='bbox 3259 544 3334 600; x_wconf 87' lang='lat' dir='ltr'><strong>ad</strong></span> <span class='ocrx_word' id='word_1_229' title='bbox 3365 545 3545 602; x_wconf 79' lang='lat' dir='ltr'><strong>tatro-</strong></span> 
     </span>
    </p>
   </div>
   <div class='ocr_carea' id='block_1_35' title="bbox 1942 631 3547 705">
    <p class='ocr_par' dir='ltr' id='par_1_35' title="bbox 1942 631 3547 705">
     <span class='ocr_line' id='line_1_35' title="bbox 1942 631 3547 705; baseline 0.001 -19"><span class='ocrx_word' id='word_1_230' title='bbox 1942 647 2095 697; x_wconf 81' lang='lat' dir='ltr'><strong>nem,</strong></span> <span class='ocrx_word' id='word_1_231' title='bbox 2127 639 2234 689; x_wconf 87' lang='lat' dir='ltr'><strong>etc.</strong></span> <span class='ocrx_word' id='word_1_232' title='bbox 2271 631 2504 687; x_wconf 92' lang='lat' dir='ltr'><strong>Stultum</strong></span> <span class='ocrx_word' id='word_1_233' title='bbox 2543 640 2626 687; x_wconf 91' lang='lat' dir='ltr'><strong>est</strong></span> <span class='ocrx_word' id='word_1_234' title='bbox 2656 649 2778 688; x_wconf 89' lang='lat' dir='ltr'><strong>cum</strong></span> <span class='ocrx_word' id='word_1_235' title='bbox 2801 632 2999 704; x_wconf 89' lang='lat' dir='ltr'><strong>gladiis</strong></span> <span class='ocrx_word' id='word_1_236' title='bbox 3031 640 3086 687; x_wconf 93' lang='lat' dir='ltr'><strong>et</strong></span> <span class='ocrx_word' id='word_1_237' title='bbox 3131 632 3364 688; x_wconf 88' lang='lat' dir='ltr'><strong>fustibus</strong></span> <span class='ocrx_word' id='word_1_238' title='bbox 3393 647 3547 705; x_wconf 70' lang='lat' dir='ltr'><strong>quae-</strong></span> 
     </span>
    </p>
   </div>
   <div class='ocr_carea' id='block_1_36' title="bbox 1942 714 3546 787">
    <p class='ocr_par' dir='ltr' id='par_1_36' title="bbox 1942 714 3546 787">
     <span class='ocr_line' id='line_1_36' title="bbox 1942 714 3546 787; baseline -0.002 -18"><span class='ocrx_word' id='word_1_239' title='bbox 1942 731 2088 780; x_wconf 90' lang='lat' dir='ltr'><strong>rere,</strong></span> <span class='ocrx_word' id='word_1_240' title='bbox 2121 715 2214 787; x_wconf 88' lang='lat' dir='ltr'><strong>qui</strong></span> <span class='ocrx_word' id='word_1_241' title='bbox 2241 715 2384 770; x_wconf 93' lang='lat' dir='ltr'><strong>ultro</strong></span> <span class='ocrx_word' id='word_1_242' title='bbox 2413 731 2475 771; x_wconf 90' lang='lat' dir='ltr'><strong>se</strong></span> <span class='ocrx_word' id='word_1_243' title='bbox 2503 730 2693 771; x_wconf 89' lang='lat' dir='ltr'><strong>eorum</strong></span> <span class='ocrx_word' id='word_1_244' title='bbox 2722 714 2883 771; x_wconf 79' lang='lat' dir='ltr'><strong>oﬁ‘ert</strong></span> <span class='ocrx_word' id='word_1_245' title='bbox 2909 715 3180 781; x_wconf 91' lang='lat' dir='ltr'><strong>manibus,</strong></span> <span class='ocrx_word' id='word_1_246' title='bbox 3212 724 3265 772; x_wconf 88' lang='lat' dir='ltr'><strong>et</strong></span> <span class='ocrx_word' id='word_1_247' title='bbox 3293 716 3350 772; x_wconf 90' lang='lat' dir='ltr'><strong>in</strong></span> <span class='ocrx_word' id='word_1_248' title='bbox 3386 721 3546 772; x_wconf 90' lang='lat' dir='ltr'><strong>nocte</strong></span> 
     </span>
    </p>
   </div>
   <div class='ocr_carea' id='block_1_37' title="bbox 1943 803 3548 874">
    <p class='ocr_par' dir='ltr' id='par_1_37' title="bbox 1943 803 3548 874">
     <span class='ocr_line' id='line_1_37' title="bbox 1943 803 3548 874; baseline 0.001 -18"><span class='ocrx_word' id='word_1_249' title='bbox 1943 803 2100 874; x_wconf 90' lang='lat' dir='ltr'><strong>quasi</strong></span> <span class='ocrx_word' id='word_1_250' title='bbox 2144 803 2441 859; x_wconf 85' lang='lat' dir='ltr'><strong>latitantem</strong></span> <span class='ocrx_word' id='word_1_251' title='bbox 2471 812 2525 858; x_wconf 93' lang='lat' dir='ltr'><strong>et</strong></span> <span class='ocrx_word' id='word_1_252' title='bbox 2566 814 2780 860; x_wconf 87' lang='lat' dir='ltr'><strong>vestros</strong></span> <span class='ocrx_word' id='word_1_253' title='bbox 2827 804 3017 860; x_wconf 86' lang='lat' dir='ltr'><strong>oculos</strong></span> <span class='ocrx_word' id='word_1_254' title='bbox 3063 804 3427 861; x_wconf 87' lang='lat' dir='ltr'><strong>declinantem</strong></span> <span class='ocrx_word' id='word_1_255' title='bbox 3457 803 3548 858; x_wconf 84' lang='lat' dir='ltr'><strong>in-</strong></span> 
     </span>
    </p>
   </div>
   <div class='ocr_carea' id='block_1_38' title="bbox 1941 891 3548 964">
    <p class='ocr_par' dir='ltr' id='par_1_38' title="bbox 1941 891 3548 964">
     <span class='ocr_line' id='line_1_38' title="bbox 1941 891 3548 964; baseline 0.002 -19"><span class='ocrx_word' id='word_1_256' title='bbox 1941 891 2217 964; x_wconf 89' lang='lat' dir='ltr'><strong>vestigare</strong></span> <span class='ocrx_word' id='word_1_257' title='bbox 2260 908 2360 963; x_wconf 90' lang='lat' dir='ltr'><strong>per</strong></span> <span class='ocrx_word' id='word_1_258' title='bbox 2401 892 2738 962; x_wconf 89' lang='lat' dir='ltr'><strong>proditorem</strong></span> <span class='ocrx_word' id='word_1_259' title='bbox 2761 935 2774 960; x_wconf 97' lang='lat'><strong>,</strong></span> <span class='ocrx_word' id='word_1_260' title='bbox 2809 892 2901 964; x_wconf 92' lang='lat' dir='ltr'><strong>qui</strong></span> <span class='ocrx_word' id='word_1_261' title='bbox 2952 893 3192 963; x_wconf 90' lang='lat' dir='ltr'><strong>quotidie</strong></span> <span class='ocrx_word' id='word_1_262' title='bbox 3240 892 3296 946; x_wconf 92' lang='lat' dir='ltr'><strong>in</strong></span> <span class='ocrx_word' id='word_1_263' title='bbox 3344 891 3548 962; x_wconf 90' lang='lat' dir='ltr'><strong>templo</strong></span> 
     </span>
    </p>
   </div>
   <div class='ocr_carea' id='block_1_39' title="bbox 1941 979 3547 1053">
    <p class='ocr_par' dir='ltr' id='par_1_39' title="bbox 1941 979 3547 1053">
     <span class='ocr_line' id='line_1_39' title="bbox 1941 979 3547 1053; baseline 0.002 -21"><span class='ocrx_word' id='word_1_264' title='bbox 1941 979 2119 1034; x_wconf 90' lang='lat' dir='ltr'><strong>docet.</strong></span> <span class='ocrx_word' id='word_1_265' title='bbox 2155 980 2263 1035; x_wconf 91' lang='lat' dir='ltr'><strong>Sed</strong></span> <span class='ocrx_word' id='word_1_266' title='bbox 2291 980 2414 1034; x_wconf 91' lang='lat' dir='ltr'><strong>ideo</strong></span> <span class='ocrx_word' id='word_1_267' title='bbox 2442 980 2732 1036; x_wconf 81' lang='lat' dir='ltr'><strong>adversum</strong></span> <span class='ocrx_word' id='word_1_268' title='bbox 2761 997 2850 1035; x_wconf 91' lang='lat' dir='ltr'><strong>me</strong></span> <span class='ocrx_word' id='word_1_269' title='bbox 2879 980 2935 1034; x_wconf 91' lang='lat' dir='ltr'><strong>in</strong></span> <span class='ocrx_word' id='word_1_270' title='bbox 2964 980 3207 1035; x_wconf 89' lang='lat' dir='ltr'><strong>tenebris</strong></span> <span class='ocrx_word' id='word_1_271' title='bbox 3237 994 3547 1053; x_wconf 82' lang='lat' dir='ltr'><strong>congrega-</strong></span> 
     </span>
    </p>
   </div>
   <div class='ocr_carea' id='block_1_40' title="bbox 1939 1066 3544 1139">
    <p class='ocr_par' dir='ltr' id='par_1_40' title="bbox 1939 1066 3544 1139">
     <span class='ocr_line' id='line_1_40' title="bbox 1939 1066 3544 1139; baseline 0.002 -19"><span class='ocrx_word' id='word_1_272' title='bbox 1939 1066 2092 1136; x_wconf 90' lang='lat' dir='ltr'><strong>mini,</strong></span> <span class='ocrx_word' id='word_1_273' title='bbox 2125 1067 2254 1138; x_wconf 91' lang='lat' dir='ltr'><strong>quia</strong></span> <span class='ocrx_word' id='word_1_274' title='bbox 2280 1075 2524 1138; x_wconf 89' lang='lat' dir='ltr'><strong>potestas</strong></span> <span class='ocrx_word' id='word_1_275' title='bbox 2552 1077 2736 1123; x_wconf 90' lang='lat' dir='ltr'><strong>vestra</strong></span> <span class='ocrx_word' id='word_1_276' title='bbox 2765 1084 2868 1139; x_wconf 90' lang='lat' dir='ltr'><strong>qua</strong></span> <span class='ocrx_word' id='word_1_277' title='bbox 2897 1076 3090 1124; x_wconf 88' lang='lat' dir='ltr'><strong>contra</strong></span> <span class='ocrx_word' id='word_1_278' title='bbox 3135 1067 3310 1124; x_wconf 88' lang='lat' dir='ltr'><strong>lucem</strong></span> <span class='ocrx_word' id='word_1_279' title='bbox 3357 1083 3544 1123; x_wconf 86' lang='lat' dir='ltr'><strong>arma-</strong></span> 
     </span>
    </p>
   </div>
   <div class='ocr_carea' id='block_1_41' title="bbox 1939 1155 2578 1222">
    <p class='ocr_par' dir='ltr' id='par_1_41' title="bbox 1939 1155 2578 1222">
     <span class='ocr_line' id='line_1_41' title="bbox 1939 1155 2578 1222; baseline 0.002 -14"><span class='ocrx_word' id='word_1_280' title='bbox 1939 1155 2090 1222; x_wconf 89' lang='lat' dir='ltr'><strong>mini,</strong></span> <span class='ocrx_word' id='word_1_281' title='bbox 2121 1155 2179 1210; x_wconf 89' lang='lat' dir='ltr'><strong>in</strong></span> <span class='ocrx_word' id='word_1_282' title='bbox 2205 1155 2448 1211; x_wconf 88' lang='lat' dir='ltr'><strong>tenebris</strong></span> <span class='ocrx_word' id='word_1_283' title='bbox 2477 1164 2578 1211; x_wconf 90' lang='lat' dir='ltr'><strong>est.</strong></span> 
     </span>
    </p>
   </div>
   <div class='ocr_carea' id='block_1_42' title="bbox 2009 1268 3537 1343">
    <p class='ocr_par' dir='ltr' id='par_1_42' title="bbox 2009 1268 3537 1343">
     <span class='ocr_line' id='line_1_42' title="bbox 2009 1268 3537 1343; baseline 0.002 -20"><span class='ocrx_word' id='word_1_284' title='bbox 2009 1269 2180 1324; x_wconf 74' lang='lat' dir='ltr'><strong>Vens.</strong></span> <span class='ocrx_word' id='word_1_285' title='bbox 2233 1271 2321 1325; x_wconf 76' lang='grc'><strong>54.</strong></span> <span class='ocrx_word' id='word_1_286' title='bbox 2352 1299 2423 1310; x_wconf 91' lang='grc'><strong><em>-</em></strong></span> <span class='ocrx_word' id='word_1_287' title='bbox 2457 1271 2741 1343; x_wconf 82' lang='lat' dir='ltr'><strong>Principis</strong></span> <span class='ocrx_word' id='word_1_288' title='bbox 2762 1269 3136 1327; x_wconf 87' lang='lat' dir='ltr'><strong>sacerdotum.</strong></span> <span class='ocrx_word' id='word_1_289' title='bbox 3170 1269 3404 1342; x_wconf 72' lang='lat' dir='ltr'><strong>Caiphae,</strong></span> <span class='ocrx_word' id='word_1_290' title='bbox 3445 1268 3537 1343; x_wconf 82' lang='lat' dir='ltr'><strong>qui</strong></span> 
     </span>
    </p>
   </div>
   <div class='ocr_carea' id='block_1_43' title="bbox 1937 1356 3539 1429">
    <p class='ocr_par' dir='ltr' id='par_1_43' title="bbox 1937 1356 3539 1429">
     <span class='ocr_line' id='line_1_43' title="bbox 1937 1356 3539 1429; baseline 0.002 -18"><span class='ocrx_word' id='word_1_291' title='bbox 1937 1356 2310 1428; x_wconf 84' lang='lat' dir='ltr'><strong>pontiﬁcatum</strong></span> <span class='ocrx_word' id='word_1_292' title='bbox 2332 1361 2491 1412; x_wconf 91' lang='lat' dir='ltr'><strong>unius</strong></span> <span class='ocrx_word' id='word_1_293' title='bbox 2521 1358 2649 1412; x_wconf 88' lang='lat' dir='ltr'><strong>anni</strong></span> <span class='ocrx_word' id='word_1_294' title='bbox 2677 1359 2855 1429; x_wconf 90' lang='lat' dir='ltr'><strong>pretio</strong></span> <span class='ocrx_word' id='word_1_295' title='bbox 2887 1358 2990 1412; x_wconf 90' lang='lat' dir='ltr'><strong>sibi</strong></span> <span class='ocrx_word' id='word_1_296' title='bbox 3018 1365 3224 1414; x_wconf 90' lang='lat' dir='ltr'><strong>emerat</strong></span> <span class='ocrx_word' id='word_1_297' title='bbox 3245 1375 3276 1413; x_wconf 92' lang='lat' dir='ltr'><strong>a</strong></span> <span class='ocrx_word' id='word_1_298' title='bbox 3294 1359 3539 1414; x_wconf 83' lang='lat' dir='ltr'><strong>Romano</strong></span> 
     </span>
    </p>
   </div>
   <div class='ocr_carea' id='block_1_44' title="bbox 1936 1445 3534 1517">
    <p class='ocr_par' dir='ltr' id='par_1_44' title="bbox 1936 1445 3534 1517">
     <span class='ocr_line' id='line_1_44' title="bbox 1936 1445 3534 1517; baseline 0.002 -18"><span class='ocrx_word' id='word_1_299' title='bbox 1936 1445 2182 1516; x_wconf 89' lang='lat' dir='ltr'><strong>principe</strong></span> <span class='ocrx_word' id='word_1_300' title='bbox 2217 1463 2230 1500; x_wconf 89' lang='lat'><strong>:</strong></span> <span class='ocrx_word' id='word_1_301' title='bbox 2262 1446 2415 1516; x_wconf 91' lang='lat' dir='ltr'><strong>prius</strong></span> <span class='ocrx_word' id='word_1_302' title='bbox 2445 1455 2627 1501; x_wconf 91' lang='lat' dir='ltr'><strong>tamen</strong></span> <span class='ocrx_word' id='word_1_303' title='bbox 2656 1446 2726 1501; x_wconf 92' lang='lat' dir='ltr'><strong>ad</strong></span> <span class='ocrx_word' id='word_1_304' title='bbox 2773 1449 3006 1517; x_wconf 77' lang='lat' dir='ltr'><strong>Annam,</strong></span> <span class='ocrx_word' id='word_1_305' title='bbox 3039 1455 3098 1502; x_wconf 92' lang='lat' dir='ltr'><strong>ut</strong></span> <span class='ocrx_word' id='word_1_306' title='bbox 3143 1447 3383 1501; x_wconf 79' lang='lat' dir='ltr'><strong>Joannes</strong></span> <span class='ocrx_word' id='word_1_307' title='bbox 3412 1446 3488 1501; x_wconf 88' lang='lat' dir='ltr'><strong>ait</strong></span> <span class='ocrx_word' id='word_1_308' title='bbox 3519 1465 3534 1502; x_wconf 90' lang='lat'><strong>:</strong></span> 
     </span>
    </p>
   </div>
   <div class='ocr_carea' id='block_1_45' title="bbox 1935 1534 3538 1608">
    <p class='ocr_par' dir='ltr' id='par_1_45' title="bbox 1935 1534 3538 1608">
     <span class='ocr_line' id='line_1_45' title="bbox 1935 1534 3538 1608; baseline 0.001 -19"><span class='ocrx_word' id='word_1_309' title='bbox 1935 1535 2278 1606; x_wconf 84' lang='lat' dir='ltr'><strong>Sequebatur</strong></span> <span class='ocrx_word' id='word_1_310' title='bbox 2304 1552 2339 1588; x_wconf 90' lang='lat' dir='ltr'><strong>a</strong></span> <span class='ocrx_word' id='word_1_311' title='bbox 2372 1535 2549 1606; x_wconf 87' lang='lat' dir='ltr'><strong>longe.</strong></span> <span class='ocrx_word' id='word_1_312' title='bbox 2591 1535 2783 1589; x_wconf 88' lang='lat' dir='ltr'><strong>Merito</strong></span> <span class='ocrx_word' id='word_1_313' title='bbox 2812 1551 2842 1590; x_wconf 89' lang='lat' dir='ltr'><strong>a</strong></span> <span class='ocrx_word' id='word_1_314' title='bbox 2872 1535 3035 1607; x_wconf 90' lang='lat' dir='ltr'><strong>longe</strong></span> <span class='ocrx_word' id='word_1_315' title='bbox 3066 1535 3158 1608; x_wconf 89' lang='lat' dir='ltr'><strong>qui</strong></span> <span class='ocrx_word' id='word_1_316' title='bbox 3187 1534 3242 1589; x_wconf 91' lang='lat' dir='ltr'><strong>in</strong></span> <span class='ocrx_word' id='word_1_317' title='bbox 3288 1534 3538 1605; x_wconf 85' lang='lat' dir='ltr'><strong>proximo</strong></span> 
     </span>
    </p>
   </div>
   <div class='ocr_carea' id='block_1_46' title="bbox 1934 1620 3539 1695">
    <p class='ocr_par' dir='ltr' id='par_1_46' title="bbox 1934 1620 3539 1695">
     <span class='ocr_line' id='line_1_46' title="bbox 1934 1620 3539 1695; baseline 0.001 -19"><span class='ocrx_word' id='word_1_318' title='bbox 1934 1620 2114 1676; x_wconf 86' lang='lat' dir='ltr'><strong>fuerat</strong></span> <span class='ocrx_word' id='word_1_319' title='bbox 2160 1629 2482 1694; x_wconf 89' lang='lat' dir='ltr'><strong>negaturus.</strong></span> <span class='ocrx_word' id='word_1_320' title='bbox 2528 1621 2807 1695; x_wconf 80' lang='lat' dir='ltr'><strong>Significat</strong></span> <span class='ocrx_word' id='word_1_321' title='bbox 2856 1623 3160 1679; x_wconf 89' lang='lat' dir='ltr'><strong>Ecclesiam</strong></span> <span class='ocrx_word' id='word_1_322' title='bbox 3209 1624 3539 1678; x_wconf 86' lang='lat' dir='ltr'><strong>imitaturam</strong></span> 
     </span>
    </p>
   </div>
   <div class='ocr_carea' id='block_1_47' title="bbox 1849 1709 3541 1784">
    <p class='ocr_par' dir='ltr' id='par_1_47' title="bbox 1849 1709 3541 1784">
     <span class='ocr_line' id='line_1_47' title="bbox 1849 1709 3541 1784; baseline 0.002 -21"><span class='ocrx_word' id='word_1_323' title='bbox 1849 1719 1903 1780; x_wconf 84' lang='grc' dir='ltr'>Β</span> <span class='ocrx_word' id='word_1_324' title='bbox 1938 1709 2137 1764; x_wconf 89' lang='lat' dir='ltr'><strong>Christi</strong></span> <span class='ocrx_word' id='word_1_325' title='bbox 2167 1710 2480 1780; x_wconf 91' lang='lat' dir='ltr'><strong>passionem</strong></span> <span class='ocrx_word' id='word_1_326' title='bbox 2529 1709 2695 1784; x_wconf 91' lang='lat' dir='ltr'><strong>longe</strong></span> <span class='ocrx_word' id='word_1_327' title='bbox 2742 1710 3076 1780; x_wconf 86' lang='lat' dir='ltr'><strong>differenter,</strong></span> <span class='ocrx_word' id='word_1_328' title='bbox 3111 1710 3241 1782; x_wconf 91' lang='lat' dir='ltr'><strong>quia</strong></span> <span class='ocrx_word' id='word_1_329' title='bbox 3285 1710 3541 1767; x_wconf 85' lang='lat' dir='ltr'><strong>Ecclesia</strong></span> 
     </span>
    </p>
   </div>
   <div class='ocr_carea' id='block_1_48' title="bbox 1929 1798 3066 1870">
    <p class='ocr_par' dir='ltr' id='par_1_48' title="bbox 1929 1798 3066 1870">
     <span class='ocr_line' id='line_1_48' title="bbox 1929 1798 3066 1870; baseline 0.002 -18"><span class='ocrx_word' id='word_1_330' title='bbox 1929 1798 2130 1868; x_wconf 90' lang='lat' dir='ltr'><strong>patitur</strong></span> <span class='ocrx_word' id='word_1_331' title='bbox 2159 1813 2260 1869; x_wconf 91' lang='lat' dir='ltr'><strong>pro</strong></span> <span class='ocrx_word' id='word_1_332' title='bbox 2291 1814 2371 1864; x_wconf 88' lang='lat' dir='ltr'><strong>se,</strong></span> <span class='ocrx_word' id='word_1_333' title='bbox 2402 1798 2653 1853; x_wconf 88' lang='lat' dir='ltr'><strong>Christus</strong></span> <span class='ocrx_word' id='word_1_334' title='bbox 2683 1815 2783 1870; x_wconf 89' lang='lat' dir='ltr'><strong>pro</strong></span> <span class='ocrx_word' id='word_1_335' title='bbox 2804 1799 3066 1855; x_wconf 89' lang='lat' dir='ltr'><strong>Ecclesia.</strong></span> 
     </span>
    </p>
   </div>
   <div class='ocr_carea' id='block_1_49' title="bbox 2001 1913 3536 1986">
    <p class='ocr_par' dir='ltr' id='par_1_49' title="bbox 2001 1913 3536 1986">
     <span class='ocr_line' id='line_1_49' title="bbox 2001 1913 3536 1986; baseline 0.001 -20"><span class='ocrx_word' id='word_1_336' title='bbox 2001 1913 2172 1967; x_wconf 78' lang='lat' dir='ltr'><strong>Vaas.</strong></span> <span class='ocrx_word' id='word_1_337' title='bbox 2207 1915 2295 1968; x_wconf 80' lang='grc'><strong>55.</strong></span> <span class='ocrx_word' id='word_1_338' title='bbox 2328 1943 2398 1953; x_wconf 93' lang='grc'><strong>-</strong></span> <span class='ocrx_word' id='word_1_339' title='bbox 2427 1915 2557 1985; x_wconf 88' lang='lat' dir='ltr'><strong>Igne</strong></span> <span class='ocrx_word' id='word_1_340' title='bbox 2585 1914 2648 1968; x_wconf 89' lang='lat' dir='ltr'><strong>in</strong></span> <span class='ocrx_word' id='word_1_341' title='bbox 2679 1913 2879 1971; x_wconf 84' lang='lat' dir='ltr'><strong>medio.</strong></span> <span class='ocrx_word' id='word_1_342' title='bbox 2921 1913 3070 1986; x_wconf 86' lang='lat' dir='ltr'><strong>Ignis</strong></span> <span class='ocrx_word' id='word_1_343' title='bbox 3103 1913 3418 1986; x_wconf 89' lang='lat' dir='ltr'><strong>cupiditatis</strong></span> <span class='ocrx_word' id='word_1_344' title='bbox 3447 1913 3536 1968; x_wconf 91' lang='lat' dir='ltr'><strong>in-</strong></span> 
     </span>
    </p>
   </div>
   <div class='ocr_carea' id='block_1_50' title="bbox 1932 2000 3536 2073">
    <p class='ocr_par' dir='ltr' id='par_1_50' title="bbox 1932 2000 3536 2073">
     <span class='ocr_line' id='line_1_50' title="bbox 1932 2000 3536 2073; baseline 0.002 -19"><span class='ocrx_word' id='word_1_345' title='bbox 1932 2000 2128 2054; x_wconf 92' lang='lat' dir='ltr'><strong>stinctu</strong></span> <span class='ocrx_word' id='word_1_346' title='bbox 2175 2000 2398 2073; x_wconf 88' lang='lat' dir='ltr'><strong>maligni</strong></span> <span class='ocrx_word' id='word_1_347' title='bbox 2450 2000 2669 2072; x_wconf 87' lang='lat' dir='ltr'><strong>spiritus</strong></span> <span class='ocrx_word' id='word_1_348' title='bbox 2717 2017 3012 2071; x_wconf 88' lang='lat' dir='ltr'><strong>accensus,</strong></span> <span class='ocrx_word' id='word_1_349' title='bbox 3045 2001 3102 2057; x_wconf 88' lang='lat' dir='ltr'><strong>in</strong></span> <span class='ocrx_word' id='word_1_350' title='bbox 3131 2002 3268 2056; x_wconf 88' lang='lat' dir='ltr'><strong>atrio</strong></span> <span class='ocrx_word' id='word_1_351' title='bbox 3316 2001 3536 2072; x_wconf 66' lang='lat' dir='ltr'><strong>Caiphae</strong></span> 
     </span>
    </p>
   </div>
   <div class='ocr_carea' id='block_1_51' title="bbox 1931 2089 3538 2162">
    <p class='ocr_par' dir='ltr' id='par_1_51' title="bbox 1931 2089 3538 2162">
     <span class='ocr_line' id='line_1_51' title="bbox 1931 2089 3538 2162; baseline 0.002 -20"><span class='ocrx_word' id='word_1_352' title='bbox 1931 2089 1999 2143; x_wconf 93' lang='lat' dir='ltr'><strong>ad</strong></span> <span class='ocrx_word' id='word_1_353' title='bbox 2028 2089 2340 2160; x_wconf 89' lang='lat' dir='ltr'><strong>negandum</strong></span> <span class='ocrx_word' id='word_1_354' title='bbox 2369 2097 2421 2144; x_wconf 91' lang='lat' dir='ltr'><strong>et</strong></span> <span class='ocrx_word' id='word_1_355' title='bbox 2450 2089 2940 2160; x_wconf 88' lang='lat' dir='ltr'><strong>blasphemandum</strong></span> <span class='ocrx_word' id='word_1_356' title='bbox 2970 2092 3143 2146; x_wconf 92' lang='lat' dir='ltr'><strong>Deum</strong></span> <span class='ocrx_word' id='word_1_357' title='bbox 3174 2090 3389 2162; x_wconf 83' lang='lat' dir='ltr'><strong>linguas</strong></span> <span class='ocrx_word' id='word_1_358' title='bbox 3408 2105 3538 2161; x_wconf 87' lang='lat' dir='ltr'><strong>per-</strong></span> 
     </span>
    </p>
   </div>
   <div class='ocr_carea' id='block_1_52' title="bbox 1930 2176 3538 2249">
    <p class='ocr_par' dir='ltr' id='par_1_52' title="bbox 1930 2176 3538 2249">
     <span class='ocr_line' id='line_1_52' title="bbox 1930 2176 3538 2249; baseline 0.001 -19"><span class='ocrx_word' id='word_1_359' title='bbox 1930 2176 2162 2232; x_wconf 84' lang='lat' dir='ltr'><strong>fidorum</strong></span> <span class='ocrx_word' id='word_1_360' title='bbox 2195 2177 2451 2232; x_wconf 88' lang='lat' dir='ltr'><strong>armabat.</strong></span> <span class='ocrx_word' id='word_1_361' title='bbox 2487 2177 2646 2245; x_wconf 86' lang='lat' dir='ltr'><strong>Quod</strong></span> <span class='ocrx_word' id='word_1_362' title='bbox 2677 2177 2821 2233; x_wconf 91' lang='lat' dir='ltr'><strong>enim</strong></span> <span class='ocrx_word' id='word_1_363' title='bbox 2843 2178 2986 2232; x_wconf 91' lang='lat' dir='ltr'><strong>intus</strong></span> <span class='ocrx_word' id='word_1_364' title='bbox 3015 2179 3070 2233; x_wconf 91' lang='lat' dir='ltr'><strong>in</strong></span> <span class='ocrx_word' id='word_1_365' title='bbox 3091 2179 3254 2234; x_wconf 91' lang='lat' dir='ltr'><strong>domo</strong></span> <span class='ocrx_word' id='word_1_366' title='bbox 3273 2177 3538 2249; x_wconf 88' lang='lat' dir='ltr'><strong>principis</strong></span> 
     </span>
    </p>
   </div>
   <div class='ocr_carea' id='block_1_53' title="bbox 1931 2265 3535 2340">
    <p class='ocr_par' dir='ltr' id='par_1_53' title="bbox 1931 2265 3535 2340">
     <span class='ocr_line' id='line_1_53' title="bbox 1931 2265 3535 2340; baseline 0.001 -21"><span class='ocrx_word' id='word_1_367' title='bbox 1931 2265 2278 2320; x_wconf 90' lang='lat' dir='ltr'><strong>sacerdotum</strong></span> <span class='ocrx_word' id='word_1_368' title='bbox 2310 2266 2549 2338; x_wconf 89' lang='lat' dir='ltr'><strong>maligna</strong></span> <span class='ocrx_word' id='word_1_369' title='bbox 2578 2265 2820 2336; x_wconf 89' lang='lat' dir='ltr'><strong>synodus</strong></span> <span class='ocrx_word' id='word_1_370' title='bbox 2849 2267 3097 2340; x_wconf 88' lang='lat' dir='ltr'><strong>gerebat,</strong></span> <span class='ocrx_word' id='word_1_371' title='bbox 3130 2267 3234 2322; x_wconf 90' lang='lat' dir='ltr'><strong>hoc</strong></span> <span class='ocrx_word' id='word_1_372' title='bbox 3272 2265 3417 2339; x_wconf 85' lang='lat' dir='ltr'><strong>ignis</strong></span> <span class='ocrx_word' id='word_1_373' title='bbox 3445 2266 3535 2321; x_wconf 92' lang='lat' dir='ltr'><strong>in-</strong></span> 
     </span>
    </p>
   </div>
   <div class='ocr_carea' id='block_1_54' title="bbox 1930 2352 3536 2426">
    <p class='ocr_par' dir='ltr' id='par_1_54' title="bbox 1930 2352 3536 2426">
     <span class='ocr_line' id='line_1_54' title="bbox 1930 2352 3536 2426; baseline 0.001 -18"><span class='ocrx_word' id='word_1_374' title='bbox 1930 2361 2014 2408; x_wconf 90' lang='lat' dir='ltr'><strong>ter</strong></span> <span class='ocrx_word' id='word_1_375' title='bbox 2045 2352 2249 2426; x_wconf 90' lang='lat' dir='ltr'><strong>frigora</strong></span> <span class='ocrx_word' id='word_1_376' title='bbox 2280 2353 2453 2408; x_wconf 91' lang='lat' dir='ltr'><strong>noctis</strong></span> <span class='ocrx_word' id='word_1_377' title='bbox 2482 2353 2618 2408; x_wconf 87' lang='lat' dir='ltr'><strong>foris</strong></span> <span class='ocrx_word' id='word_1_378' title='bbox 2648 2370 2912 2411; x_wconf 89' lang='lat' dir='ltr'><strong>accensus</strong></span> <span class='ocrx_word' id='word_1_379' title='bbox 2954 2355 3131 2426; x_wconf 87' lang='lat' dir='ltr'><strong>typice</strong></span> <span class='ocrx_word' id='word_1_380' title='bbox 3180 2355 3536 2410; x_wconf 86' lang='lat' dir='ltr'><strong>demonstra-</strong></span> 
     </span>
    </p>
   </div>
   <div class='ocr_carea' id='block_1_55' title="bbox 1931 2441 3538 2514">
    <p class='ocr_par' dir='ltr' id='par_1_55' title="bbox 1931 2441 3538 2514">
     <span class='ocr_line' id='line_1_55' title="bbox 1931 2441 3538 2514; baseline 0.001 -19"><span class='ocrx_word' id='word_1_381' title='bbox 1931 2442 2037 2495; x_wconf 80' lang='lat' dir='ltr'><strong>bat.</strong></span> <span class='ocrx_word' id='word_1_382' title='bbox 2079 2443 2194 2496; x_wconf 86' lang='lat' dir='ltr'><strong>Hoc</strong></span> <span class='ocrx_word' id='word_1_383' title='bbox 2240 2441 2446 2512; x_wconf 89' lang='lat' dir='ltr'><strong>frigore</strong></span> <span class='ocrx_word' id='word_1_384' title='bbox 2494 2442 2562 2495; x_wconf 92' lang='lat' dir='ltr'><strong>ad</strong></span> <span class='ocrx_word' id='word_1_385' title='bbox 2611 2443 2800 2496; x_wconf 86' lang='lat' dir='ltr'><strong>horam</strong></span> <span class='ocrx_word' id='word_1_386' title='bbox 2852 2450 3075 2513; x_wconf 89' lang='lat' dir='ltr'><strong>torpens</strong></span> <span class='ocrx_word' id='word_1_387' title='bbox 3123 2444 3336 2509; x_wconf 90' lang='lat' dir='ltr'><strong>Petrus,</strong></span> <span class='ocrx_word' id='word_1_388' title='bbox 3380 2443 3538 2514; x_wconf 89' lang='lat' dir='ltr'><strong>quasi</strong></span> 
     </span>
    </p>
   </div>
   <div class='ocr_carea' id='block_1_56' title="bbox 1929 2528 3536 2602">
    <p class='ocr_par' dir='ltr' id='par_1_56' title="bbox 1929 2528 3536 2602">
     <span class='ocr_line' id='line_1_56' title="bbox 1929 2528 3536 2602; baseline 0.002 -19"><span class='ocrx_word' id='word_1_389' title='bbox 1929 2529 2116 2601; x_wconf 90' lang='lat' dir='ltr'><strong>prunis</strong></span> <span class='ocrx_word' id='word_1_390' title='bbox 2144 2529 2517 2584; x_wconf 86' lang='lat' dir='ltr'><strong>ministrorum</strong></span> <span class='ocrx_word' id='word_1_391' title='bbox 2547 2528 2786 2585; x_wconf 84' lang='lat' dir='ltr'><strong>calefieri</strong></span> <span class='ocrx_word' id='word_1_392' title='bbox 2817 2530 3088 2600; x_wconf 89' lang='lat' dir='ltr'><strong>cupiebat,</strong></span> <span class='ocrx_word' id='word_1_393' title='bbox 3155 2529 3282 2602; x_wconf 89' lang='lat' dir='ltr'><strong>quia</strong></span> <span class='ocrx_word' id='word_1_394' title='bbox 3321 2539 3536 2601; x_wconf 91' lang='lat' dir='ltr'><strong>tempo-</strong></span> 
     </span>
    </p>
   </div>
   <div class='ocr_carea' id='block_1_57' title="bbox 1932 2617 3536 2691">
    <p class='ocr_par' dir='ltr' id='par_1_57' title="bbox 1932 2617 3536 2691">
     <span class='ocr_line' id='line_1_57' title="bbox 1932 2617 3536 2691; baseline 0.001 -18"><span class='ocrx_word' id='word_1_395' title='bbox 1932 2619 2065 2673; x_wconf 77' lang='lat' dir='ltr'><strong>ralis</strong></span> <span class='ocrx_word' id='word_1_396' title='bbox 2086 2618 2356 2674; x_wconf 91' lang='lat' dir='ltr'><strong>commodi</strong></span> <span class='ocrx_word' id='word_1_397' title='bbox 2379 2617 2632 2672; x_wconf 89' lang='lat' dir='ltr'><strong>solutium</strong></span> <span class='ocrx_word' id='word_1_398' title='bbox 2675 2617 3012 2688; x_wconf 85' lang='lat' dir='ltr'><strong>perfidorum</strong></span> <span class='ocrx_word' id='word_1_399' title='bbox 3043 2618 3302 2674; x_wconf 90' lang='lat' dir='ltr'><strong>societate</strong></span> <span class='ocrx_word' id='word_1_400' title='bbox 3325 2635 3536 2691; x_wconf 58' lang='lat' dir='ltr'><strong>quaere-</strong></span> 
     </span>
    </p>
   </div>
   <div class='ocr_carea' id='block_1_58' title="bbox 1931 2705 3535 2778">
    <p class='ocr_par' dir='ltr' id='par_1_58' title="bbox 1931 2705 3535 2778">
     <span class='ocr_line' id='line_1_58' title="bbox 1931 2705 3535 2778; baseline 0.002 -18"><span class='ocrx_word' id='word_1_401' title='bbox 1931 2707 2046 2761; x_wconf 88' lang='lat' dir='ltr'><strong>bat.</strong></span> <span class='ocrx_word' id='word_1_402' title='bbox 2090 2707 2199 2762; x_wconf 88' lang='lat' dir='ltr'><strong>Sed</strong></span> <span class='ocrx_word' id='word_1_403' title='bbox 2221 2707 2362 2761; x_wconf 91' lang='lat' dir='ltr'><strong>hanc</strong></span> <span class='ocrx_word' id='word_1_404' title='bbox 2404 2705 2772 2762; x_wconf 84' lang='lat' dir='ltr'><strong>infidelitatem</strong></span> <span class='ocrx_word' id='word_1_405' title='bbox 2803 2707 3034 2762; x_wconf 91' lang='lat' dir='ltr'><strong>Domino</strong></span> <span class='ocrx_word' id='word_1_406' title='bbox 3084 2707 3410 2778; x_wconf 89' lang='lat' dir='ltr'><strong>respiciente</strong></span> <span class='ocrx_word' id='word_1_407' title='bbox 3440 2723 3535 2763; x_wconf 90' lang='lat' dir='ltr'><strong>re-</strong></span> 
     </span>
    </p>
   </div>
   <div class='ocr_carea' id='block_1_59' title="bbox 1931 2795 3526 2866">
    <p class='ocr_par' dir='ltr' id='par_1_59' title="bbox 1931 2795 3526 2866">
     <span class='ocr_line' id='line_1_59' title="bbox 1931 2795 3526 2866; baseline 0.001 -18"><span class='ocrx_word' id='word_1_408' title='bbox 1931 2795 2086 2866; x_wconf 89' lang='lat' dir='ltr'><strong>liquit</strong></span> <span class='ocrx_word' id='word_1_409' title='bbox 2133 2802 2187 2849; x_wconf 91' lang='lat' dir='ltr'><strong>et</strong></span> <span class='ocrx_word' id='word_1_410' title='bbox 2237 2803 2362 2866; x_wconf 89' lang='lat' dir='ltr'><strong>post</strong></span> <span class='ocrx_word' id='word_1_411' title='bbox 2409 2795 2865 2849; x_wconf 89' lang='lat' dir='ltr'><strong>resurrectionem</strong></span> <span class='ocrx_word' id='word_1_412' title='bbox 2909 2795 2963 2849; x_wconf 92' lang='lat' dir='ltr'><strong>in</strong></span> <span class='ocrx_word' id='word_1_413' title='bbox 3008 2802 3231 2866; x_wconf 91' lang='lat' dir='ltr'><strong>captura</strong></span> <span class='ocrx_word' id='word_1_414' title='bbox 3273 2795 3526 2866; x_wconf 90' lang='lat' dir='ltr'><strong>piscium,</strong></span> 
     </span>
    </p>
   </div>
   <div class='ocr_carea' id='block_1_60' title="bbox 1931 2882 3530 2955">
    <p class='ocr_par' dir='ltr' id='par_1_60' title="bbox 1931 2882 3530 2955">
     <span class='ocr_line' id='line_1_60' title="bbox 1931 2882 3530 2955; baseline 0.001 -17"><span class='ocrx_word' id='word_1_415' title='bbox 1931 2900 2055 2939; x_wconf 91' lang='lat' dir='ltr'><strong>cum</strong></span> <span class='ocrx_word' id='word_1_416' title='bbox 2085 2899 2286 2954; x_wconf 90' lang='lat' dir='ltr'><strong>prunas</strong></span> <span class='ocrx_word' id='word_1_417' title='bbox 2316 2882 2540 2954; x_wconf 89' lang='lat' dir='ltr'><strong>positas,</strong></span> <span class='ocrx_word' id='word_1_418' title='bbox 2573 2891 2626 2937; x_wconf 94' lang='lat' dir='ltr'><strong>et</strong></span> <span class='ocrx_word' id='word_1_419' title='bbox 2652 2883 2860 2954; x_wconf 91' lang='lat' dir='ltr'><strong>piscem</strong></span> <span class='ocrx_word' id='word_1_420' title='bbox 2906 2883 3307 2955; x_wconf 87' lang='lat' dir='ltr'><strong>superpositum</strong></span> <span class='ocrx_word' id='word_1_421' title='bbox 3355 2883 3530 2940; x_wconf 81' lang='lat' dir='ltr'><strong>vidis-</strong></span> 
     </span>
    </p>
   </div>
   <div class='ocr_carea' id='block_1_61' title="bbox 1933 2971 3214 3043">
    <p class='ocr_par' dir='ltr' id='par_1_61' title="bbox 1933 2971 3214 3043">
     <span class='ocr_line' id='line_1_61' title="bbox 1933 2971 3214 3043; baseline 0 -17"><span class='ocrx_word' id='word_1_422' title='bbox 1933 2980 2033 3036; x_wconf 89' lang='lat' dir='ltr'><strong>set,</strong></span> <span class='ocrx_word' id='word_1_423' title='bbox 2065 2987 2162 3026; x_wconf 90' lang='lat' dir='ltr'><strong>cor</strong></span> <span class='ocrx_word' id='word_1_424' title='bbox 2192 2988 2350 3026; x_wconf 90' lang='lat' dir='ltr'><strong>suum</strong></span> <span class='ocrx_word' id='word_1_425' title='bbox 2379 2971 2571 3043; x_wconf 91' lang='lat' dir='ltr'><strong>prunis</strong></span> <span class='ocrx_word' id='word_1_426' title='bbox 2600 2972 2801 3026; x_wconf 90' lang='lat' dir='ltr'><strong>amoris</strong></span> <span class='ocrx_word' id='word_1_427' title='bbox 2841 2971 3214 3026; x_wconf 85' lang='lat' dir='ltr'><strong>inﬂammavit.</strong></span> 
     </span>
    </p>
   </div>
   <div class='ocr_carea' id='block_1_62' title="bbox 248 3058 3530 3159">
    <p class='ocr_par' dir='ltr' id='par_1_62' title="bbox 248 3058 3530 3159">
     <span class='ocr_line' id='line_1_62' title="bbox 248 3058 3530 3159; baseline 0.001 -20"><span class='ocrx_word' id='word_1_428' title='bbox 248 3058 377 3116; x_wconf 59' lang='lat' dir='ltr'><strong>ordo</strong></span> <span class='ocrx_word' id='word_1_429' title='bbox 410 3061 594 3159; x_wconf 45' lang='lat' dir='ltr'><strong>‘ucum</strong></span> <span class='ocrx_word' id='word_1_430' title='bbox 625 3060 1081 3159; x_wconf 53' lang='lat' dir='ltr'><strong>_in“’_&quot;f’_ga§°em</strong></span> <span class='ocrx_word' id='word_1_431' title='bbox 1126 3060 1372 3159; x_wconf 65' lang='lat' dir='ltr'><strong>dicemfs</strong></span> <span class='ocrx_word' id='word_1_432' title='bbox 1422 3063 1749 3159; x_wconf 51' lang='grc' dir='ltr'><strong>τηρογῖιίηεν</strong></span> <span class='ocrx_word' id='word_1_433' title='bbox 1779 3063 1832 3118; x_wconf 58' lang='grc' dir='ltr'><strong>δέ</strong></span> <span class='ocrx_word' id='word_1_434' title='bbox 1859 3073 1909 3136; x_wconf 84' lang='lat' dir='ltr'><strong>C</strong></span> <span class='ocrx_word' id='word_1_435' title='bbox 1998 3087 2169 3142; x_wconf 75' lang='lat' dir='ltr'><strong>Vens.</strong></span> <span class='ocrx_word' id='word_1_436' title='bbox 2205 3089 2292 3142; x_wconf 81' lang='grc'><strong>56.</strong></span> <span class='ocrx_word' id='word_1_437' title='bbox 2316 3116 2386 3127; x_wconf 93' lang='lat'><strong>-—</strong></span> <span class='ocrx_word' id='word_1_438' title='bbox 2405 3086 2633 3142; x_wconf 83' lang='lat' dir='ltr'><strong>Ancilla</strong></span> <span class='ocrx_word' id='word_1_439' title='bbox 2661 3087 2932 3159; x_wconf 61' lang='lat' dir='ltr'><strong>quaedam.</strong></span> <span class='ocrx_word' id='word_1_440' title='bbox 2975 3086 3084 3141; x_wconf 88' lang='lat' dir='ltr'><strong>Cur</strong></span> <span class='ocrx_word' id='word_1_441' title='bbox 3123 3086 3299 3157; x_wconf 91' lang='lat' dir='ltr'><strong>prima</strong></span> <span class='ocrx_word' id='word_1_442' title='bbox 3328 3086 3530 3144; x_wconf 90' lang='lat' dir='ltr'><strong>ancilla</strong></span> 
     </span>
    </p>
   </div>
   <div class='ocr_carea' id='block_1_63' title="bbox 248 3149 1824 3222">
    <p class='ocr_par' dir='ltr' id='par_1_63' title="bbox 248 3149 1824 3222">
     <span class='ocr_line' id='line_1_63' title="bbox 248 3149 1824 3222; baseline 0.003 -19"><span class='ocrx_word' id='word_1_443' title='bbox 248 3151 582 3219; x_wconf 80' lang='lat' dir='ltr'><strong>percutimus</strong></span> <span class='ocrx_word' id='word_1_444' title='bbox 616 3149 681 3203; x_wconf 89' lang='lat' dir='ltr'><strong>in</strong></span> <span class='ocrx_word' id='word_1_445' title='bbox 701 3149 903 3220; x_wconf 87' lang='lat' dir='ltr'><strong>gladio,</strong></span> <span class='ocrx_word' id='word_1_446' title='bbox 931 3157 1055 3204; x_wconf 91' lang='lat' dir='ltr'><strong>tunc</strong></span> <span class='ocrx_word' id='word_1_447' title='bbox 1083 3150 1367 3221; x_wconf 89' lang='lat' dir='ltr'><strong>respondit</strong></span> <span class='ocrx_word' id='word_1_448' title='bbox 1400 3167 1413 3204; x_wconf 93' lang='lat'>:</span> <span class='ocrx_word' id='word_1_449' title='bbox 1443 3151 1628 3206; x_wconf 85' lang='lat' dir='ltr'><strong>Sinite</strong></span> <span class='ocrx_word' id='word_1_450' title='bbox 1648 3167 1824 3222; x_wconf 89' lang='lat' dir='ltr'><strong>usque</strong></span> 
     </span>
    </p>
   </div>
   <div class='ocr_carea' id='block_1_64' title="bbox 246 3236 1822 3310">
    <p class='ocr_par' dir='ltr' id='par_1_64' title="bbox 246 3236 1822 3310">
     <span class='ocr_line' id='line_1_64' title="bbox 246 3236 1822 3310; baseline 0.001 -19"><span class='ocrx_word' id='word_1_451' title='bbox 246 3236 356 3292; x_wconf 84' lang='lat' dir='ltr'><strong>huc.</strong></span> <span class='ocrx_word' id='word_1_452' title='bbox 405 3237 464 3292; x_wconf 91' lang='lat' dir='ltr'><strong>Id</strong></span> <span class='ocrx_word' id='word_1_453' title='bbox 513 3246 634 3304; x_wconf 86' lang='lat' dir='ltr'><strong>est,</strong></span> <span class='ocrx_word' id='word_1_454' title='bbox 670 3252 779 3292; x_wconf 90' lang='lat' dir='ltr'><strong>non</strong></span> <span class='ocrx_word' id='word_1_455' title='bbox 807 3252 906 3292; x_wconf 90' lang='lat' dir='ltr'><strong>vos</strong></span> <span class='ocrx_word' id='word_1_456' title='bbox 962 3245 1176 3292; x_wconf 89' lang='lat' dir='ltr'><strong>moveat</strong></span> <span class='ocrx_word' id='word_1_457' title='bbox 1221 3238 1370 3310; x_wconf 91' lang='lat' dir='ltr'><strong>quod</strong></span> <span class='ocrx_word' id='word_1_458' title='bbox 1417 3237 1655 3293; x_wconf 84' lang='lat' dir='ltr'><strong>futurum</strong></span> <span class='ocrx_word' id='word_1_459' title='bbox 1719 3248 1822 3293; x_wconf 92' lang='lat' dir='ltr'><strong>est.</strong></span> 
     </span>
    </p>
   </div>
   <div class='ocr_carea' id='block_1_65' title="bbox 247 3325 1826 3398">
    <p class='ocr_par' dir='ltr' id='par_1_65' title="bbox 247 3325 1826 3398">
     <span class='ocr_line' id='line_1_65' title="bbox 247 3325 1826 3398; baseline 0.002 -20"><span class='ocrx_word' id='word_1_460' title='bbox 247 3325 575 3380; x_wconf 86' lang='lat' dir='ltr'><strong>Permittendi</strong></span> <span class='ocrx_word' id='word_1_461' title='bbox 618 3333 745 3379; x_wconf 89' lang='lat' dir='ltr'><strong>sunt</strong></span> <span class='ocrx_word' id='word_1_462' title='bbox 775 3327 1053 3396; x_wconf 88' lang='lat' dir='ltr'><strong>hucusque</strong></span> <span class='ocrx_word' id='word_1_463' title='bbox 1090 3326 1372 3398; x_wconf 89' lang='lat' dir='ltr'><strong>progredi,</strong></span> <span class='ocrx_word' id='word_1_464' title='bbox 1403 3333 1461 3381; x_wconf 93' lang='lat' dir='ltr'><strong>ut</strong></span> <span class='ocrx_word' id='word_1_465' title='bbox 1491 3343 1578 3381; x_wconf 90' lang='lat' dir='ltr'><strong>me</strong></span> <span class='ocrx_word' id='word_1_466' title='bbox 1628 3342 1826 3398; x_wconf 88' lang='lat' dir='ltr'><strong>appre-</strong></span> 
     </span>
    </p>
   </div>
   <div class='ocr_carea' id='block_1_66' title="bbox 244 3412 1826 3486">
    <p class='ocr_par' dir='ltr' id='par_1_66' title="bbox 244 3412 1826 3486">
     <span class='ocr_line' id='line_1_66' title="bbox 244 3412 1826 3486; baseline 0.002 -19"><span class='ocrx_word' id='word_1_467' title='bbox 244 3412 483 3481; x_wconf 89' lang='lat' dir='ltr'><strong>hendant,</strong></span> <span class='ocrx_word' id='word_1_468' title='bbox 519 3421 574 3468; x_wconf 91' lang='lat' dir='ltr'><strong>et</strong></span> <span class='ocrx_word' id='word_1_469' title='bbox 604 3413 937 3484; x_wconf 90' lang='lat' dir='ltr'><strong>impleantur</strong></span> <span class='ocrx_word' id='word_1_470' title='bbox 963 3430 1082 3485; x_wconf 66' lang='lat' dir='ltr'><strong>quae</strong></span> <span class='ocrx_word' id='word_1_471' title='bbox 1110 3415 1179 3469; x_wconf 91' lang='lat' dir='ltr'><strong>de</strong></span> <span class='ocrx_word' id='word_1_472' title='bbox 1207 3431 1296 3469; x_wconf 90' lang='lat' dir='ltr'><strong>me</strong></span> <span class='ocrx_word' id='word_1_473' title='bbox 1327 3415 1529 3486; x_wconf 87' lang='lat' dir='ltr'><strong>scripta</strong></span> <span class='ocrx_word' id='word_1_474' title='bbox 1551 3424 1692 3469; x_wconf 92' lang='lat' dir='ltr'><strong>sunt.</strong></span> <span class='ocrx_word' id='word_1_475' title='bbox 1718 3416 1826 3470; x_wconf 92' lang='lat' dir='ltr'><strong>Sed</strong></span> 
     </span>
    </p>
   </div>
   <div class='ocr_carea' id='block_1_67' title="bbox 245 3501 1828 3575">
    <p class='ocr_par' dir='ltr' id='par_1_67' title="bbox 245 3501 1828 3575">
     <span class='ocr_line' id='line_1_67' title="bbox 245 3501 1828 3575; baseline 0.003 -20"><span class='ocrx_word' id='word_1_476' title='bbox 245 3501 368 3556; x_wconf 89' lang='lat' dir='ltr'><strong>inter</strong></span> <span class='ocrx_word' id='word_1_477' title='bbox 395 3519 582 3558; x_wconf 89' lang='lat' dir='ltr'><strong>moras</strong></span> <span class='ocrx_word' id='word_1_478' title='bbox 614 3503 910 3558; x_wconf 89' lang='lat' dir='ltr'><strong>verborum</strong></span> <span class='ocrx_word' id='word_1_479' title='bbox 938 3503 1386 3575; x_wconf 90' lang='lat' dir='ltr'><strong>interrogantium</strong></span> <span class='ocrx_word' id='word_1_480' title='bbox 1419 3512 1470 3557; x_wconf 92' lang='lat' dir='ltr'><strong>et</strong></span> <span class='ocrx_word' id='word_1_481' title='bbox 1500 3505 1828 3575; x_wconf 90' lang='lat' dir='ltr'><strong>responden-</strong></span> 
     </span>
    </p>
   </div>
   <div class='ocr_carea' id='block_1_68' title="bbox 248 3589 1824 3662">
    <p class='ocr_par' dir='ltr' id='par_1_68' title="bbox 248 3589 1824 3662">
     <span class='ocr_line' id='line_1_68' title="bbox 248 3589 1824 3662; baseline 0.003 -20"><span class='ocrx_word' id='word_1_482' title='bbox 248 3589 323 3652; x_wconf 89' lang='lat' dir='ltr'><strong>tis,</strong></span> <span class='ocrx_word' id='word_1_483' title='bbox 355 3591 564 3660; x_wconf 88' lang='lat' dir='ltr'><strong>Petrus,</strong></span> <span class='ocrx_word' id='word_1_484' title='bbox 603 3590 864 3646; x_wconf 88' lang='lat' dir='ltr'><strong>aviditate</strong></span> <span class='ocrx_word' id='word_1_485' title='bbox 895 3590 1230 3646; x_wconf 89' lang='lat' dir='ltr'><strong>defensionis</strong></span> <span class='ocrx_word' id='word_1_486' title='bbox 1262 3592 1474 3661; x_wconf 90' lang='lat' dir='ltr'><strong>majore</strong></span> <span class='ocrx_word' id='word_1_487' title='bbox 1501 3601 1824 3662; x_wconf 88' lang='lat' dir='ltr'><strong>commotus,</strong></span> 
     </span>
    </p>
   </div>
   <div class='ocr_carea' id='block_1_69' title="bbox 242 3679 1823 3751">
    <p class='ocr_par' dir='ltr' id='par_1_69' title="bbox 242 3679 1823 3751">
     <span class='ocr_line' id='line_1_69' title="bbox 242 3679 1823 3751; baseline 0.003 -20"><span class='ocrx_word' id='word_1_488' title='bbox 242 3694 328 3748; x_wconf 87' lang='lat' dir='ltr'><strong>pro</strong></span> <span class='ocrx_word' id='word_1_489' title='bbox 372 3680 608 3734; x_wconf 88' lang='lat' dir='ltr'><strong>Domino</strong></span> <span class='ocrx_word' id='word_1_490' title='bbox 640 3679 931 3750; x_wconf 88' lang='lat' dir='ltr'><strong>percussit.</strong></span> <span class='ocrx_word' id='word_1_491' title='bbox 985 3681 1093 3736; x_wconf 90' lang='lat' dir='ltr'><strong>Sed</strong></span> <span class='ocrx_word' id='word_1_492' title='bbox 1142 3697 1250 3736; x_wconf 91' lang='lat' dir='ltr'><strong>non</strong></span> <span class='ocrx_word' id='word_1_493' title='bbox 1318 3689 1619 3751; x_wconf 86' lang='lat' dir='ltr'><strong>potuerunt</strong></span> <span class='ocrx_word' id='word_1_494' title='bbox 1664 3681 1823 3737; x_wconf 89' lang='lat' dir='ltr'><strong>simul</strong></span> 
     </span>
    </p>
   </div>
   <div class='ocr_carea' id='block_1_70' title="bbox 245 3766 1822 3842">
    <p class='ocr_par' dir='ltr' id='par_1_70' title="bbox 245 3766 1822 3842">
     <span class='ocr_line' id='line_1_70' title="bbox 245 3766 1822 3842; baseline 0.003 -22"><span class='ocrx_word' id='word_1_495' title='bbox 245 3766 360 3834; x_wconf 89' lang='lat' dir='ltr'><strong>dici,</strong></span> <span class='ocrx_word' id='word_1_496' title='bbox 393 3785 514 3839; x_wconf 67' lang='lat' dir='ltr'><strong>qua:</strong></span> <span class='ocrx_word' id='word_1_497' title='bbox 542 3776 841 3838; x_wconf 91' lang='lat' dir='ltr'><strong>potuerunt</strong></span> <span class='ocrx_word' id='word_1_498' title='bbox 873 3768 1032 3823; x_wconf 91' lang='lat' dir='ltr'><strong>simul</strong></span> <span class='ocrx_word' id='word_1_499' title='bbox 1064 3767 1201 3823; x_wconf 86' lang='lat' dir='ltr'><strong>ﬁeri.</strong></span> <span class='ocrx_word' id='word_1_500' title='bbox 1242 3769 1367 3824; x_wconf 91' lang='lat' dir='ltr'><strong>Non</strong></span> <span class='ocrx_word' id='word_1_501' title='bbox 1417 3785 1554 3842; x_wconf 87' lang='lat' dir='ltr'><strong>ergo</strong></span> <span class='ocrx_word' id='word_1_502' title='bbox 1585 3769 1822 3824; x_wconf 88' lang='lat' dir='ltr'><strong>dicitur:</strong></span> 
     </span>
    </p>
   </div>
   <div class='ocr_carea' id='block_1_71' title="bbox 243 3855 1822 3929">
    <p class='ocr_par' dir='ltr' id='par_1_71' title="bbox 243 3855 1822 3929">
     <span class='ocr_line' id='line_1_71' title="bbox 243 3855 1822 3929; baseline 0.001 -19"><span class='ocrx_word' id='word_1_503' title='bbox 243 3855 393 3911; x_wconf 90' lang='lat' dir='ltr'><strong>Sinite</strong></span> <span class='ocrx_word' id='word_1_504' title='bbox 422 3873 602 3928; x_wconf 91' lang='lat' dir='ltr'><strong>usque</strong></span> <span class='ocrx_word' id='word_1_505' title='bbox 649 3857 790 3924; x_wconf 92' lang='lat' dir='ltr'><strong>huc,</strong></span> <span class='ocrx_word' id='word_1_506' title='bbox 825 3857 982 3928; x_wconf 83' lang='lat' dir='ltr'><strong>quasi</strong></span> <span class='ocrx_word' id='word_1_507' title='bbox 1027 3857 1259 3912; x_wconf 91' lang='lat' dir='ltr'><strong>Domino</strong></span> <span class='ocrx_word' id='word_1_508' title='bbox 1307 3857 1574 3929; x_wconf 87' lang='lat' dir='ltr'><strong>placuerit</strong></span> <span class='ocrx_word' id='word_1_509' title='bbox 1620 3858 1822 3914; x_wconf 89' lang='lat' dir='ltr'><strong>factum</strong></span> 
     </span>
    </p>
   </div>
   <div class='ocr_carea' id='block_1_72' title="bbox 243 3943 1827 4018">
    <p class='ocr_par' dir='ltr' id='par_1_72' title="bbox 243 3943 1827 4018">
     <span class='ocr_line' id='line_1_72' title="bbox 243 3943 1827 4018; baseline 0.004 -22"><span class='ocrx_word' id='word_1_510' title='bbox 243 3943 389 4008; x_wconf 86' lang='lat' dir='ltr'><strong>Petri,</strong></span> <span class='ocrx_word' id='word_1_511' title='bbox 422 3961 549 4001; x_wconf 87' lang='lat' dir='ltr'><strong>cum</strong></span> <span class='ocrx_word' id='word_1_512' title='bbox 583 3945 733 4016; x_wconf 90' lang='lat' dir='ltr'><strong>apud</strong></span> <span class='ocrx_word' id='word_1_513' title='bbox 780 3946 1088 4000; x_wconf 79' lang='lat' dir='ltr'><strong>Matthaeum</strong></span> <span class='ocrx_word' id='word_1_514' title='bbox 1136 3945 1351 4018; x_wconf 86' lang='lat' dir='ltr'><strong>legatur</strong></span> <span class='ocrx_word' id='word_1_515' title='bbox 1399 3946 1602 4001; x_wconf 87' lang='lat' dir='ltr'><strong>dixisse</strong></span> <span class='ocrx_word' id='word_1_516' title='bbox 1636 3965 1648 4000; x_wconf 92' lang='lat'>:</span> <span class='ocrx_word' id='word_1_517' title='bbox 1687 3948 1827 4002; x_wconf 84' lang='lat' dir='ltr'><strong>Con-</strong></span> 
     </span>
    </p>
   </div>
   <div class='ocr_carea' id='block_1_73' title="bbox 239 4034 1831 4107">
    <p class='ocr_par' dir='ltr' id='par_1_73' title="bbox 239 4034 1831 4107">
     <span class='ocr_line' id='line_1_73' title="bbox 239 4034 1831 4107; baseline 0.002 -20"><span class='ocrx_word' id='word_1_518' title='bbox 239 4038 373 4088; x_wconf 83' lang='lat' dir='ltr'><strong>verte</strong></span> <span class='ocrx_word' id='word_1_519' title='bbox 416 4034 677 4104; x_wconf 86' lang='lat' dir='ltr'><strong>gladium</strong></span> <span class='ocrx_word' id='word_1_520' title='bbox 718 4037 881 4088; x_wconf 89' lang='lat' dir='ltr'><strong>tuu-m</strong></span> <span class='ocrx_word' id='word_1_521' title='bbox 930 4037 993 4088; x_wconf 89' lang='lat' dir='ltr'><strong>in</strong></span> <span class='ocrx_word' id='word_1_522' title='bbox 1046 4035 1228 4090; x_wconf 84' lang='lat' dir='ltr'><strong>locum</strong></span> <span class='ocrx_word' id='word_1_523' title='bbox 1275 4051 1462 4100; x_wconf 85' lang='lat' dir='ltr'><strong>suum,</strong></span> <span class='ocrx_word' id='word_1_524' title='bbox 1517 4035 1663 4107; x_wconf 89' lang='lat' dir='ltr'><strong>quod</strong></span> <span class='ocrx_word' id='word_1_525' title='bbox 1705 4043 1831 4106; x_wconf 90' lang='lat' dir='ltr'><strong>post</strong></span> 
     </span>
    </p>
   </div>
   <div class='ocr_carea' id='block_1_74' title="bbox 238 4117 1146 4194">
    <p class='ocr_par' dir='ltr' id='par_1_74' title="bbox 238 4117 1146 4194">
     <span class='ocr_line' id='line_1_74' title="bbox 238 4117 1146 4194; baseline 0.007 -22"><span class='ocrx_word' id='word_1_526' title='bbox 238 4117 422 4178; x_wconf 87' lang='lat' dir='ltr'><strong>factum</strong></span> <span class='ocrx_word' id='word_1_527' title='bbox 445 4129 683 4194; x_wconf 90' lang='lat' dir='ltr'><strong>apparet</strong></span> <span class='ocrx_word' id='word_1_528' title='bbox 711 4121 915 4177; x_wconf 85' lang='lat' dir='ltr'><strong>dixisse</strong></span> <span class='ocrx_word' id='word_1_529' title='bbox 935 4123 1146 4178; x_wconf 82' lang='lat' dir='ltr'><strong>.lesum.</strong></span> 
     </span>
    </p>
   </div>
   <div class='ocr_carea' id='block_1_75' title="bbox 296 4245 1833 4318">
    <p class='ocr_par' dir='ltr' id='par_1_75' title="bbox 296 4245 1833 4318">
     <span class='ocr_line' id='line_1_75' title="bbox 296 4245 1833 4318; baseline 0.003 -19"><span class='ocrx_word' id='word_1_530' title='bbox 296 4245 458 4302; x_wconf 69' lang='lat' dir='ltr'><strong>Vatis.</strong></span> <span class='ocrx_word' id='word_1_531' title='bbox 492 4249 584 4300; x_wconf 81' lang='lat'><strong>50.</strong></span> <span class='ocrx_word' id='word_1_532' title='bbox 647 4246 992 4313; x_wconf 86' lang='lat' dir='ltr'><strong>—Servum,</strong></span> <span class='ocrx_word' id='word_1_533' title='bbox 1055 4254 1160 4302; x_wconf 91' lang='lat' dir='ltr'><strong>etc.</strong></span> <span class='ocrx_word' id='word_1_534' title='bbox 1205 4247 1701 4318; x_wconf 85' lang='lat' dir='ltr'><strong>Mystice:Servus</strong></span> <span class='ocrx_word' id='word_1_535' title='bbox 1749 4256 1833 4303; x_wconf 89' lang='lat' dir='ltr'><strong>est</strong></span> 
     </span>
    </p>
   </div>
   <div class='ocr_carea' id='block_1_76' title="bbox 233 4333 1831 4406">
    <p class='ocr_par' dir='ltr' id='par_1_76' title="bbox 233 4333 1831 4406">
     <span class='ocr_line' id='line_1_76' title="bbox 233 4333 1831 4406; baseline 0.004 -19"><span class='ocrx_word' id='word_1_536' title='bbox 233 4333 454 4404; x_wconf 89' lang='lat' dir='ltr'><strong>populus</strong></span> <span class='ocrx_word' id='word_1_537' title='bbox 518 4334 836 4389; x_wconf 69' lang='lat' dir='ltr'><strong>Iudaeorum</strong></span> <span class='ocrx_word' id='word_1_538' title='bbox 860 4378 873 4400; x_wconf 93' lang='lat'><strong>,</strong></span> <span class='ocrx_word' id='word_1_539' title='bbox 916 4334 1256 4406; x_wconf 89' lang='lat' dir='ltr'><strong>principibus</strong></span> <span class='ocrx_word' id='word_1_540' title='bbox 1280 4378 1294 4406; x_wconf 90' lang='lat'><strong>,</strong></span> <span class='ocrx_word' id='word_1_541' title='bbox 1336 4337 1546 4392; x_wconf 89' lang='lat' dir='ltr'><strong>scilicet</strong></span> <span class='ocrx_word' id='word_1_542' title='bbox 1591 4337 1831 4393; x_wconf 91' lang='lat' dir='ltr'><strong>indebite</strong></span> 
     </span>
    </p>
   </div>
   <div class='ocr_carea' id='block_1_77' title="bbox 238 4423 1912 4495">
    <p class='ocr_par' dir='ltr' id='par_1_77' title="bbox 238 4423 1912 4495">
     <span class='ocr_line' id='line_1_77' title="bbox 238 4423 1912 4495; baseline 0.004 -21"><span class='ocrx_word' id='word_1_543' title='bbox 238 4423 727 4495; x_wconf 85' lang='lat' dir='ltr'><strong>mancipatus,&#39;qui</strong></span> <span class='ocrx_word' id='word_1_544' title='bbox 759 4424 813 4476; x_wconf 89' lang='lat' dir='ltr'><strong>in</strong></span> <span class='ocrx_word' id='word_1_545' title='bbox 859 4424 1115 4494; x_wconf 90' lang='lat' dir='ltr'><strong>passione</strong></span> <span class='ocrx_word' id='word_1_546' title='bbox 1163 4425 1379 4480; x_wconf 92' lang='lat' dir='ltr'><strong>Domini</strong></span> <span class='ocrx_word' id='word_1_547' title='bbox 1431 4427 1710 4481; x_wconf 88' lang='lat' dir='ltr'><strong>dexteram</strong></span> <span class='ocrx_word' id='word_1_548' title='bbox 1741 4434 1912 4495; x_wconf 88' lang='lat' dir='ltr'><strong>au-D</strong></span> 
     </span>
    </p>
   </div>
   <div class='ocr_carea' id='block_1_78' title="bbox 233 4511 1820 4586">
    <p class='ocr_par' dir='ltr' id='par_1_78' title="bbox 233 4511 1820 4586">
     <span class='ocr_line' id='line_1_78' title="bbox 233 4511 1820 4586; baseline 0.005 -24"><span class='ocrx_word' id='word_1_549' title='bbox 233 4524 352 4579; x_wconf 86' lang='lat' dir='ltr'><strong>rem,</strong></span> <span class='ocrx_word' id='word_1_550' title='bbox 383 4512 437 4565; x_wconf 90' lang='lat' dir='ltr'><strong>id</strong></span> <span class='ocrx_word' id='word_1_551' title='bbox 471 4520 580 4581; x_wconf 91' lang='lat' dir='ltr'><strong>est,</strong></span> <span class='ocrx_word' id='word_1_552' title='bbox 616 4511 956 4583; x_wconf 88' lang='lat' dir='ltr'><strong>spiritualem</strong></span> <span class='ocrx_word' id='word_1_553' title='bbox 1004 4512 1420 4586; x_wconf 89' lang='lat' dir='ltr'><strong>intelligentiam</strong></span> <span class='ocrx_word' id='word_1_554' title='bbox 1449 4515 1702 4584; x_wconf 88' lang='lat' dir='ltr'><strong>perdidit.</strong></span> <span class='ocrx_word' id='word_1_555' title='bbox 1737 4515 1820 4570; x_wconf 82' lang='lat' dir='ltr'><strong>Si-</strong></span> 
     </span>
    </p>
   </div>
   <div class='ocr_carea' id='block_1_79' title="bbox 231 4597 1824 4669">
    <p class='ocr_par' dir='ltr' id='par_1_79' title="bbox 231 4597 1824 4669">
     <span class='ocr_line' id='line_1_79' title="bbox 231 4597 1824 4669; baseline 0.005 -19"><span class='ocrx_word' id='word_1_556' title='bbox 231 4597 408 4667; x_wconf 86' lang='lat' dir='ltr'><strong>nistra,</strong></span> <span class='ocrx_word' id='word_1_557' title='bbox 441 4600 498 4655; x_wconf 89' lang='lat' dir='ltr'><strong>id</strong></span> <span class='ocrx_word' id='word_1_558' title='bbox 529 4608 638 4669; x_wconf 92' lang='lat' dir='ltr'><strong>est,</strong></span> <span class='ocrx_word' id='word_1_559' title='bbox 684 4600 890 4656; x_wconf 90' lang='lat' dir='ltr'><strong>vilitate</strong></span> <span class='ocrx_word' id='word_1_560' title='bbox 939 4600 1132 4656; x_wconf 65' lang='lat' dir='ltr'><strong>litterae</strong></span> <span class='ocrx_word' id='word_1_561' title='bbox 1181 4610 1488 4668; x_wconf 90' lang='lat' dir='ltr'><strong>contentus,</strong></span> <span class='ocrx_word' id='word_1_562' title='bbox 1521 4618 1630 4656; x_wconf 90' lang='lat' dir='ltr'><strong>non</strong></span> <span class='ocrx_word' id='word_1_563' title='bbox 1661 4604 1824 4658; x_wconf 85' lang='lat' dir='ltr'><strong>Petro</strong></span> 
     </span>
    </p>
   </div>
   <div class='ocr_carea' id='block_1_80' title="bbox 231 4686 1824 4761">
    <p class='ocr_par' dir='ltr' id='par_1_80' title="bbox 231 4686 1824 4761">
     <span class='ocr_line' id='line_1_80' title="bbox 231 4686 1824 4761; baseline 0.005 -24"><span class='ocrx_word' id='word_1_564' title='bbox 231 4686 458 4754; x_wconf 89' lang='lat' dir='ltr'><strong>tollente,</strong></span> <span class='ocrx_word' id='word_1_565' title='bbox 483 4688 590 4742; x_wconf 93' lang='lat' dir='ltr'><strong>sed</strong></span> <span class='ocrx_word' id='word_1_566' title='bbox 620 4687 804 4744; x_wconf 89' lang='lat' dir='ltr'><strong>divino</strong></span> <span class='ocrx_word' id='word_1_567' title='bbox 827 4689 1036 4757; x_wconf 90' lang='lat' dir='ltr'><strong>judicio</strong></span> <span class='ocrx_word' id='word_1_568' title='bbox 1079 4690 1315 4744; x_wconf 89' lang='lat' dir='ltr'><strong>ablatam</strong></span> <span class='ocrx_word' id='word_1_569' title='bbox 1364 4691 1654 4761; x_wconf 91' lang='lat' dir='ltr'><strong>pandente.</strong></span> <span class='ocrx_word' id='word_1_570' title='bbox 1690 4690 1824 4758; x_wconf 65' lang='lat' dir='ltr'><strong>Qum</strong></span> 
     </span>
    </p>
   </div>
   <div class='ocr_carea' id='block_1_81' title="bbox 231 4775 1823 4850">
    <p class='ocr_par' dir='ltr' id='par_1_81' title="bbox 231 4775 1823 4850">
     <span class='ocr_line' id='line_1_81' title="bbox 231 4775 1823 4850; baseline 0.004 -22"><span class='ocrx_word' id='word_1_571' title='bbox 231 4775 367 4830; x_wconf 86' lang='lat' dir='ltr'><strong>auris</strong></span> <span class='ocrx_word' id='word_1_572' title='bbox 399 4775 454 4829; x_wconf 91' lang='lat' dir='ltr'><strong>in</strong></span> <span class='ocrx_word' id='word_1_573' title='bbox 483 4776 576 4830; x_wconf 89' lang='lat' dir='ltr'><strong>his</strong></span> <span class='ocrx_word' id='word_1_574' title='bbox 609 4776 704 4848; x_wconf 90' lang='lat' dir='ltr'><strong>qui</strong></span> <span class='ocrx_word' id='word_1_575' title='bbox 734 4777 963 4833; x_wconf 90' lang='lat' dir='ltr'><strong>credere</strong></span> <span class='ocrx_word' id='word_1_576' title='bbox 1009 4777 1335 4847; x_wconf 89' lang='lat' dir='ltr'><strong>maluerunt,</strong></span> <span class='ocrx_word' id='word_1_577' title='bbox 1359 4779 1558 4850; x_wconf 89' lang='lat' dir='ltr'><strong>pietate</strong></span> <span class='ocrx_word' id='word_1_578' title='bbox 1604 4779 1823 4834; x_wconf 92' lang='lat' dir='ltr'><strong>Domini</strong></span> 
     </span>
    </p>
   </div>
   <div class='ocr_carea' id='block_1_82' title="bbox 232 4864 544 4920">
    <p class='ocr_par' dir='ltr' id='par_1_82' title="bbox 232 4864 544 4920">
     <span class='ocr_line' id='line_1_82' title="bbox 232 4864 544 4920; baseline 0.016 -5"><span class='ocrx_word' id='word_1_579' title='bbox 232 4864 544 4920; x_wconf 89' lang='lat' dir='ltr'><strong>restituitur.</strong></span> 
     </span>
    </p>
   </div>
   <div class='ocr_carea' id='block_1_83' title="bbox 289 4989 1822 5058">
    <p class='ocr_par' dir='ltr' id='par_1_83' title="bbox 289 4989 1822 5058">
     <span class='ocr_line' id='line_1_83' title="bbox 289 4989 1822 5058; baseline 0.003 -16"><span class='ocrx_word' id='word_1_580' title='bbox 289 4989 452 5044; x_wconf 69' lang='lat' dir='ltr'><strong>Vnus.</strong></span> <span class='ocrx_word' id='word_1_581' title='bbox 487 4992 582 5046; x_wconf 79' lang='grc'><strong>52.</strong></span> <span class='ocrx_word' id='word_1_582' title='bbox 623 5019 691 5028; x_wconf 95' lang='grc'><strong>-</strong></span> <span class='ocrx_word' id='word_1_583' title='bbox 739 4991 1015 5046; x_wconf 78' lang='lat' dir='ltr'><strong>Venerunt</strong></span> <span class='ocrx_word' id='word_1_584' title='bbox 1052 4991 1125 5048; x_wconf 89' lang='lat' dir='ltr'><strong>ad</strong></span> <span class='ocrx_word' id='word_1_585' title='bbox 1166 5007 1260 5058; x_wconf 92' lang='lat' dir='ltr'><strong>se,</strong></span> <span class='ocrx_word' id='word_1_586' title='bbox 1317 4999 1420 5046; x_wconf 90' lang='lat' dir='ltr'><strong>etc.</strong></span> <span class='ocrx_word' id='word_1_587' title='bbox 1487 4991 1644 5047; x_wconf 87' lang='lat' dir='ltr'><strong>Juxta</strong></span> <span class='ocrx_word' id='word_1_588' title='bbox 1685 4991 1822 5048; x_wconf 89' lang='lat' dir='ltr'><strong>alios</strong></span> 
     </span>
    </p>
   </div>
   <div class='ocr_carea' id='block_1_84' title="bbox 228 5078 1819 5151">
    <p class='ocr_par' dir='ltr' id='par_1_84' title="bbox 228 5078 1819 5151">
     <span class='ocr_line' id='line_1_84' title="bbox 228 5078 1819 5151; baseline 0.004 -21"><span class='ocrx_word' id='word_1_589' title='bbox 228 5078 594 5150; x_wconf 85' lang='lat' dir='ltr'><strong>evangelistas</strong></span> <span class='ocrx_word' id='word_1_590' title='bbox 619 5093 730 5133; x_wconf 90' lang='lat' dir='ltr'><strong>non</strong></span> <span class='ocrx_word' id='word_1_591' title='bbox 761 5087 1023 5134; x_wconf 89' lang='lat' dir='ltr'><strong>venerant</strong></span> <span class='ocrx_word' id='word_1_592' title='bbox 1060 5080 1130 5134; x_wconf 93' lang='lat' dir='ltr'><strong>ad</strong></span> <span class='ocrx_word' id='word_1_593' title='bbox 1159 5081 1345 5135; x_wconf 86' lang='lat' dir='ltr'><strong>Jesum</strong></span> <span class='ocrx_word' id='word_1_594' title='bbox 1405 5078 1682 5151; x_wconf 90' lang='lat' dir='ltr'><strong>principes</strong></span> <span class='ocrx_word' id='word_1_595' title='bbox 1723 5096 1819 5136; x_wconf 87' lang='lat' dir='ltr'><strong>sa-</strong></span> 
     </span>
    </p>
   </div>
   <div class='ocr_carea' id='block_1_85' title="bbox 226 5166 1820 5239">
    <p class='ocr_par' dir='ltr' id='par_1_85' title="bbox 226 5166 1820 5239">
     <span class='ocr_line' id='line_1_85' title="bbox 226 5166 1820 5239; baseline 0.001 -19"><span class='ocrx_word' id='word_1_596' title='bbox 226 5166 496 5222; x_wconf 89' lang='lat' dir='ltr'><strong>cerdotum</strong></span> <span class='ocrx_word' id='word_1_597' title='bbox 538 5173 595 5220; x_wconf 91' lang='lat' dir='ltr'><strong>et</strong></span> <span class='ocrx_word' id='word_1_598' title='bbox 622 5166 1001 5239; x_wconf 85' lang='lat' dir='ltr'><strong>magistratus,</strong></span> <span class='ocrx_word' id='word_1_599' title='bbox 1053 5168 1151 5222; x_wconf 90' lang='lat' dir='ltr'><strong>sed</strong></span> <span class='ocrx_word' id='word_1_600' title='bbox 1183 5168 1236 5223; x_wconf 91' lang='lat' dir='ltr'><strong>in</strong></span> <span class='ocrx_word' id='word_1_601' title='bbox 1285 5168 1422 5222; x_wconf 88' lang='lat' dir='ltr'><strong>atrio</strong></span> <span class='ocrx_word' id='word_1_602' title='bbox 1452 5168 1668 5239; x_wconf 67' lang='lat' dir='ltr'><strong>Caiphae</strong></span> <span class='ocrx_word' id='word_1_603' title='bbox 1698 5184 1820 5224; x_wconf 86' lang='lat' dir='ltr'><strong>exs-</strong></span> 
     </span>
    </p>
   </div>
   <div class='ocr_carea' id='block_1_86' title="bbox 223 5254 1819 5330">
    <p class='ocr_par' dir='ltr' id='par_1_86' title="bbox 223 5254 1819 5330">
     <span class='ocr_line' id='line_1_86' title="bbox 223 5254 1819 5330; baseline 0.003 -22"><span class='ocrx_word' id='word_1_604' title='bbox 223 5261 590 5322; x_wconf 86' lang='lat' dir='ltr'><strong>pectaverant.</strong></span> <span class='ocrx_word' id='word_1_605' title='bbox 623 5254 732 5310; x_wconf 88' lang='lat' dir='ltr'><strong>Sed</strong></span> <span class='ocrx_word' id='word_1_606' title='bbox 765 5254 890 5325; x_wconf 91' lang='lat' dir='ltr'><strong>quia</strong></span> <span class='ocrx_word' id='word_1_607' title='bbox 932 5255 1010 5310; x_wconf 90' lang='lat' dir='ltr'><strong>illi</strong></span> <span class='ocrx_word' id='word_1_608' title='bbox 1041 5255 1110 5311; x_wconf 91' lang='lat' dir='ltr'><strong>de</strong></span> <span class='ocrx_word' id='word_1_609' title='bbox 1153 5271 1290 5312; x_wconf 89' lang='lat' dir='ltr'><strong>nece</strong></span> <span class='ocrx_word' id='word_1_610' title='bbox 1342 5256 1559 5312; x_wconf 92' lang='lat' dir='ltr'><strong>Domini</strong></span> <span class='ocrx_word' id='word_1_611' title='bbox 1588 5257 1659 5311; x_wconf 88' lang='lat' dir='ltr'><strong>ita</strong></span> <span class='ocrx_word' id='word_1_612' title='bbox 1689 5271 1819 5330; x_wconf 88' lang='lat' dir='ltr'><strong>age-</strong></span> 
     </span>
    </p>
   </div>
   <div class='ocr_carea' id='block_1_87' title="bbox 222 5340 1816 5417">
    <p class='ocr_par' dir='ltr' id='par_1_87' title="bbox 222 5340 1816 5417">
     <span class='ocr_line' id='line_1_87' title="bbox 222 5340 1816 5417; baseline 0.003 -21"><span class='ocrx_word' id='word_1_613' title='bbox 222 5340 354 5410; x_wconf 88' lang='lat' dir='ltr'><strong>bant,</strong></span> <span class='ocrx_word' id='word_1_614' title='bbox 381 5351 441 5396; x_wconf 91' lang='lat' dir='ltr'><strong>ut</strong></span> <span class='ocrx_word' id='word_1_615' title='bbox 478 5342 640 5414; x_wconf 88' lang='lat' dir='ltr'><strong>quasi</strong></span> <span class='ocrx_word' id='word_1_616' title='bbox 668 5342 876 5398; x_wconf 86' lang='lat' dir='ltr'><strong>innoxii</strong></span> <span class='ocrx_word' id='word_1_617' title='bbox 907 5344 1244 5413; x_wconf 88' lang='lat' dir='ltr'><strong>viderentur,</strong></span> <span class='ocrx_word' id='word_1_618' title='bbox 1279 5360 1404 5401; x_wconf 90' lang='lat' dir='ltr'><strong>cum</strong></span> <span class='ocrx_word' id='word_1_619' title='bbox 1434 5361 1536 5417; x_wconf 89' lang='lat' dir='ltr'><strong>per</strong></span> <span class='ocrx_word' id='word_1_620' title='bbox 1569 5345 1816 5416; x_wconf 89' lang='lat' dir='ltr'><strong>discipu-</strong></span> 
     </span>
    </p>
   </div>
   <div class='ocr_carea' id='block_1_88' title="bbox 223 5427 1819 5504">
    <p class='ocr_par' dir='ltr' id='par_1_88' title="bbox 223 5427 1819 5504">
     <span class='ocr_line' id='line_1_88' title="bbox 223 5427 1819 5504; baseline 0.006 -24"><span class='ocrx_word' id='word_1_621' title='bbox 223 5427 323 5483; x_wconf 89' lang='lat' dir='ltr'><strong>lum</strong></span> <span class='ocrx_word' id='word_1_622' title='bbox 342 5430 600 5494; x_wconf 90' lang='lat' dir='ltr'><strong>traditus,</strong></span> <span class='ocrx_word' id='word_1_623' title='bbox 619 5445 653 5484; x_wconf 88' lang='lat' dir='ltr'><strong>a</strong></span> <span class='ocrx_word' id='word_1_624' title='bbox 669 5431 888 5486; x_wconf 90' lang='lat' dir='ltr'><strong>tribuno</strong></span> <span class='ocrx_word' id='word_1_625' title='bbox 900 5433 1138 5488; x_wconf 89' lang='lat' dir='ltr'><strong>etturbis</strong></span> <span class='ocrx_word' id='word_1_626' title='bbox 1157 5435 1608 5504; x_wconf 88' lang='lat' dir='ltr'><strong>comprehensus,</strong></span> <span class='ocrx_word' id='word_1_627' title='bbox 1631 5449 1663 5488; x_wconf 93' lang='lat' dir='ltr'><strong>a</strong></span> <span class='ocrx_word' id='word_1_628' title='bbox 1683 5449 1819 5504; x_wconf 65' lang='lat' dir='ltr'><strong>prai-</strong></span> 
     </span>
    </p>
   </div>
   <div class='ocr_carea' id='block_1_89' title="bbox 223 5518 1814 5594">
    <p class='ocr_par' dir='ltr' id='par_1_89' title="bbox 223 5518 1814 5594">
     <span class='ocr_line' id='line_1_89' title="bbox 223 5518 1814 5594; baseline 0.004 -24"><span class='ocrx_word' id='word_1_629' title='bbox 223 5518 326 5573; x_wconf 86' lang='lat' dir='ltr'><strong>side</strong></span> <span class='ocrx_word' id='word_1_630' title='bbox 345 5519 661 5584; x_wconf 77' lang='lat' dir='ltr'><strong>clamatus,</strong></span> <span class='ocrx_word' id='word_1_631' title='bbox 685 5533 719 5574; x_wconf 92' lang='lat' dir='ltr'><strong>a</strong></span> <span class='ocrx_word' id='word_1_632' title='bbox 739 5520 993 5576; x_wconf 78' lang='lat' dir='ltr'><strong>Romanis</strong></span> <span class='ocrx_word' id='word_1_633' title='bbox 1014 5520 1331 5588; x_wconf 84' lang='lat' dir='ltr'><strong>cruxiﬁxus,</strong></span> <span class='ocrx_word' id='word_1_634' title='bbox 1355 5537 1388 5578; x_wconf 89' lang='lat' dir='ltr'><strong>a</strong></span> <span class='ocrx_word' id='word_1_635' title='bbox 1407 5521 1627 5594; x_wconf 89' lang='lat' dir='ltr'><strong>p0pulis</strong></span> <span class='ocrx_word' id='word_1_636' title='bbox 1648 5521 1814 5578; x_wconf 90' lang='lat' dir='ltr'><strong>etiam</strong></span> 
     </span>
    </p>
   </div>
   <div class='ocr_carea' id='block_1_90' title="bbox 223 5604 1814 5684">
    <p class='ocr_par' dir='ltr' id='par_1_90' title="bbox 223 5604 1814 5684">
     <span class='ocr_line' id='line_1_90' title="bbox 223 5604 1814 5684; baseline 0.003 -23"><span class='ocrx_word' id='word_1_637' title='bbox 223 5604 446 5664; x_wconf 84' lang='lat' dir='ltr'><strong>Barabas</strong></span> <span class='ocrx_word' id='word_1_638' title='bbox 475 5614 567 5664; x_wconf 84' lang='lat' dir='ltr'><strong>est</strong></span> <span class='ocrx_word' id='word_1_639' title='bbox 597 5607 820 5679; x_wconf 84' lang='lat' dir='ltr'><strong>electus,</strong></span> <span class='ocrx_word' id='word_1_640' title='bbox 846 5609 1039 5666; x_wconf 90' lang='lat' dir='ltr'><strong>volens</strong></span> <span class='ocrx_word' id='word_1_641' title='bbox 1078 5611 1419 5684; x_wconf 89' lang='lat' dir='ltr'><strong>evangelista</strong></span> <span class='ocrx_word' id='word_1_642' title='bbox 1451 5626 1548 5668; x_wconf 88' lang='lat' dir='ltr'><strong>eos</strong></span> <span class='ocrx_word' id='word_1_643' title='bbox 1578 5610 1814 5667; x_wconf 86' lang='lat' dir='ltr'><strong>maxime</strong></span> 
     </span>
    </p>
   </div>
   <div class='ocr_carea' id='block_1_91' title="bbox 1922 3174 3525 3247">
    <p class='ocr_par' dir='ltr' id='par_1_91' title="bbox 1922 3174 3525 3247">
     <span class='ocr_line' id='line_1_91' title="bbox 1922 3174 3525 3247; baseline 0.001 -18"><span class='ocrx_word' id='word_1_644' title='bbox 1922 3175 2124 3246; x_wconf 87' lang='lat' dir='ltr'><strong>prodit,</strong></span> <span class='ocrx_word' id='word_1_645' title='bbox 2158 3190 2282 3230; x_wconf 92' lang='lat' dir='ltr'><strong>cum</strong></span> <span class='ocrx_word' id='word_1_646' title='bbox 2310 3174 2410 3230; x_wconf 90' lang='lat' dir='ltr'><strong>viri</strong></span> <span class='ocrx_word' id='word_1_647' title='bbox 2431 3175 2608 3247; x_wconf 90' lang='lat' dir='ltr'><strong>magis</strong></span> <span class='ocrx_word' id='word_1_648' title='bbox 2636 3182 2888 3245; x_wconf 89' lang='lat' dir='ltr'><strong>poterant</strong></span> <span class='ocrx_word' id='word_1_649' title='bbox 2918 3190 3254 3247; x_wconf 87' lang='lat' dir='ltr'><strong>cognoscere</strong></span> <span class='ocrx_word' id='word_1_650' title='bbox 3274 3176 3301 3230; x_wconf 83' lang='lat'><strong>?</strong></span> <span class='ocrx_word' id='word_1_651' title='bbox 3328 3175 3448 3230; x_wconf 86' lang='lat' dir='ltr'><strong>Nisi</strong></span> <span class='ocrx_word' id='word_1_652' title='bbox 3469 3184 3525 3231; x_wconf 91' lang='lat' dir='ltr'><strong>ut</strong></span> 
     </span>
    </p>
   </div>
   <div class='ocr_carea' id='block_1_92' title="bbox 1923 3263 3521 3335">
    <p class='ocr_par' dir='ltr' id='par_1_92' title="bbox 1923 3263 3521 3335">
     <span class='ocr_line' id='line_1_92' title="bbox 1923 3263 3521 3335; baseline 0.001 -17"><span class='ocrx_word' id='word_1_653' title='bbox 1923 3264 2026 3318; x_wconf 91' lang='lat' dir='ltr'><strong>iste</strong></span> <span class='ocrx_word' id='word_1_654' title='bbox 2056 3280 2217 3318; x_wconf 89' lang='lat' dir='ltr'><strong>sexus</strong></span> <span class='ocrx_word' id='word_1_655' title='bbox 2247 3263 2568 3318; x_wconf 89' lang='lat' dir='ltr'><strong>ostendatur</strong></span> <span class='ocrx_word' id='word_1_656' title='bbox 2595 3263 2650 3317; x_wconf 91' lang='lat' dir='ltr'><strong>in</strong></span> <span class='ocrx_word' id='word_1_657' title='bbox 2679 3279 2813 3318; x_wconf 91' lang='lat' dir='ltr'><strong>nece</strong></span> <span class='ocrx_word' id='word_1_658' title='bbox 2843 3263 3059 3318; x_wconf 88' lang='lat' dir='ltr'><strong>Domini</strong></span> <span class='ocrx_word' id='word_1_659' title='bbox 3104 3279 3383 3333; x_wconf 88' lang='lat' dir='ltr'><strong>peccasse,</strong></span> <span class='ocrx_word' id='word_1_660' title='bbox 3420 3279 3521 3335; x_wconf 90' lang='lat' dir='ltr'><strong>per</strong></span> 
     </span>
    </p>
   </div>
   <div class='ocr_carea' id='block_1_93' title="bbox 1924 3351 3519 3424">
    <p class='ocr_par' dir='ltr' id='par_1_93' title="bbox 1924 3351 3519 3424">
     <span class='ocr_line' id='line_1_93' title="bbox 1924 3351 3519 3424; baseline 0.001 -18"><span class='ocrx_word' id='word_1_661' title='bbox 1924 3352 2237 3424; x_wconf 89' lang='lat' dir='ltr'><strong>passionem</strong></span> <span class='ocrx_word' id='word_1_662' title='bbox 2266 3351 2668 3423; x_wconf 88' lang='lat' dir='ltr'><strong>redempturus.</strong></span> <span class='ocrx_word' id='word_1_663' title='bbox 2703 3353 2773 3406; x_wconf 91' lang='lat' dir='ltr'><strong>Et</strong></span> <span class='ocrx_word' id='word_1_664' title='bbox 2813 3352 2938 3407; x_wconf 91' lang='lat' dir='ltr'><strong>ideo</strong></span> <span class='ocrx_word' id='word_1_665' title='bbox 2965 3351 3160 3407; x_wconf 89' lang='lat' dir='ltr'><strong>mulier</strong></span> <span class='ocrx_word' id='word_1_666' title='bbox 3206 3352 3379 3423; x_wconf 89' lang='lat' dir='ltr'><strong>prima</strong></span> <span class='ocrx_word' id='word_1_667' title='bbox 3425 3368 3519 3408; x_wconf 89' lang='lat' dir='ltr'><strong>re-</strong></span> 
     </span>
    </p>
   </div>
   <div class='ocr_carea' id='block_1_94' title="bbox 1926 3441 3523 3511">
    <p class='ocr_par' dir='ltr' id='par_1_94' title="bbox 1926 3441 3523 3511">
     <span class='ocr_line' id='line_1_94' title="bbox 1926 3441 3523 3511; baseline -0.001 -16"><span class='ocrx_word' id='word_1_668' title='bbox 1926 3441 2281 3496; x_wconf 89' lang='lat' dir='ltr'><strong>surrectionis</strong></span> <span class='ocrx_word' id='word_1_669' title='bbox 2310 3441 2630 3511; x_wconf 88' lang='lat' dir='ltr'><strong>mysterium</strong></span> <span class='ocrx_word' id='word_1_670' title='bbox 2660 3441 2890 3511; x_wconf 89' lang='lat' dir='ltr'><strong>accepit,</strong></span> <span class='ocrx_word' id='word_1_671' title='bbox 2925 3449 2976 3496; x_wconf 92' lang='lat' dir='ltr'><strong>et</strong></span> <span class='ocrx_word' id='word_1_672' title='bbox 2997 3441 3248 3495; x_wconf 89' lang='lat' dir='ltr'><strong>mandata</strong></span> <span class='ocrx_word' id='word_1_673' title='bbox 3268 3441 3523 3507; x_wconf 90' lang='lat' dir='ltr'><strong>custodit,</strong></span> 
     </span>
    </p>
   </div>
   <div class='ocr_carea' id='block_1_95' title="bbox 1927 3529 3316 3600">
    <p class='ocr_par' dir='ltr' id='par_1_95' title="bbox 1927 3529 3316 3600">
     <span class='ocr_line' id='line_1_95' title="bbox 1927 3529 3316 3600; baseline 0.001 -16"><span class='ocrx_word' id='word_1_674' title='bbox 1927 3537 1984 3584; x_wconf 91' lang='lat' dir='ltr'><strong>ut</strong></span> <span class='ocrx_word' id='word_1_675' title='bbox 2013 3538 2254 3585; x_wconf 92' lang='lat' dir='ltr'><strong>veterem</strong></span> <span class='ocrx_word' id='word_1_676' title='bbox 2279 3529 2746 3600; x_wconf 66' lang='lat' dir='ltr'><strong>praevaricationis</strong></span> <span class='ocrx_word' id='word_1_677' title='bbox 2777 3545 3023 3584; x_wconf 87' lang='lat' dir='ltr'><strong>errorem</strong></span> <span class='ocrx_word' id='word_1_678' title='bbox 3054 3529 3316 3585; x_wconf 90' lang='lat' dir='ltr'><strong>aboleret.</strong></span> 
     </span>
    </p>
   </div>
   <div class='ocr_carea' id='block_1_96' title="bbox 1998 3643 3530 3714">
    <p class='ocr_par' dir='ltr' id='par_1_96' title="bbox 1998 3643 3530 3714">
     <span class='ocr_line' id='line_1_96' title="bbox 1998 3643 3530 3714; baseline 0.001 -15"><span class='ocrx_word' id='word_1_679' title='bbox 1998 3644 2168 3699; x_wconf 72' lang='lat' dir='ltr'><strong>Vens.</strong></span> <span class='ocrx_word' id='word_1_680' title='bbox 2201 3647 2287 3698; x_wconf 81' lang='grc'><strong>57.</strong></span> <span class='ocrx_word' id='word_1_681' title='bbox 2323 3673 2392 3684; x_wconf 82' lang='grc'><strong><em>--</em></strong></span> <span class='ocrx_word' id='word_1_682' title='bbox 2420 3645 2493 3698; x_wconf 83' lang='lat' dir='ltr'><strong>At</strong></span> <span class='ocrx_word' id='word_1_683' title='bbox 2521 3645 2620 3699; x_wconf 86' lang='lat' dir='ltr'><strong>ille</strong></span> <span class='ocrx_word' id='word_1_684' title='bbox 2650 3646 2894 3714; x_wconf 80' lang='lat' dir='ltr'><strong>negavit.</strong></span> <span class='ocrx_word' id='word_1_685' title='bbox 2928 3643 3050 3697; x_wconf 86' lang='lat' dir='ltr'><strong>Non</strong></span> <span class='ocrx_word' id='word_1_686' title='bbox 3099 3644 3155 3698; x_wconf 91' lang='lat' dir='ltr'><strong>in</strong></span> <span class='ocrx_word' id='word_1_687' title='bbox 3184 3651 3387 3710; x_wconf 89' lang='lat' dir='ltr'><strong>monte,</strong></span> <span class='ocrx_word' id='word_1_688' title='bbox 3421 3658 3530 3701; x_wconf 87' lang='lat' dir='ltr'><strong>non</strong></span> 
     </span>
    </p>
   </div>
   <div class='ocr_carea' id='block_1_97' title="bbox 1928 3731 3536 3804">
    <p class='ocr_par' dir='ltr' id='par_1_97' title="bbox 1928 3731 3536 3804">
     <span class='ocr_line' id='line_1_97' title="bbox 1928 3731 3536 3804; baseline 0.001 -18"><span class='ocrx_word' id='word_1_689' title='bbox 1928 3732 1982 3786; x_wconf 91' lang='lat' dir='ltr'><strong>in</strong></span> <span class='ocrx_word' id='word_1_690' title='bbox 2026 3732 2226 3802; x_wconf 91' lang='lat' dir='ltr'><strong>templo</strong></span> <span class='ocrx_word' id='word_1_691' title='bbox 2248 3775 2260 3797; x_wconf 91' lang='lat'><strong>,</strong></span> <span class='ocrx_word' id='word_1_692' title='bbox 2295 3747 2406 3786; x_wconf 91' lang='lat' dir='ltr'><strong>non</strong></span> <span class='ocrx_word' id='word_1_693' title='bbox 2435 3731 2490 3785; x_wconf 90' lang='lat' dir='ltr'><strong>in</strong></span> <span class='ocrx_word' id='word_1_694' title='bbox 2545 3733 2720 3787; x_wconf 93' lang='lat' dir='ltr'><strong>Domo</strong></span> <span class='ocrx_word' id='word_1_695' title='bbox 2749 3747 2850 3786; x_wconf 89' lang='lat' dir='ltr'><strong>sua</strong></span> <span class='ocrx_word' id='word_1_696' title='bbox 2880 3733 3073 3786; x_wconf 91' lang='lat' dir='ltr'><strong>Petrus</strong></span> <span class='ocrx_word' id='word_1_697' title='bbox 3118 3739 3315 3804; x_wconf 89' lang='lat' dir='ltr'><strong>negat,</strong></span> <span class='ocrx_word' id='word_1_698' title='bbox 3351 3732 3447 3787; x_wconf 91' lang='lat' dir='ltr'><strong>sed</strong></span> <span class='ocrx_word' id='word_1_699' title='bbox 3477 3732 3536 3787; x_wconf 91' lang='lat' dir='ltr'><strong>in</strong></span> 
     </span>
    </p>
   </div>
   <div class='ocr_carea' id='block_1_98' title="bbox 1928 3818 3534 3892">
    <p class='ocr_par' dir='ltr' id='par_1_98' title="bbox 1928 3818 3534 3892">
     <span class='ocr_line' id='line_1_98' title="bbox 1928 3818 3534 3892; baseline 0.001 -18"><span class='ocrx_word' id='word_1_700' title='bbox 1928 3821 2185 3892; x_wconf 79' lang='lat' dir='ltr'><strong>praetorio</strong></span> <span class='ocrx_word' id='word_1_701' title='bbox 2214 3820 2546 3886; x_wconf 62' lang='lat' dir='ltr'><strong>Judmorum,</strong></span> <span class='ocrx_word' id='word_1_702' title='bbox 2582 3820 2635 3873; x_wconf 89' lang='lat' dir='ltr'><strong>in</strong></span> <span class='ocrx_word' id='word_1_703' title='bbox 2665 3821 2829 3874; x_wconf 92' lang='lat' dir='ltr'><strong>domo</strong></span> <span class='ocrx_word' id='word_1_704' title='bbox 2860 3818 3121 3890; x_wconf 89' lang='lat' dir='ltr'><strong>principis</strong></span> <span class='ocrx_word' id='word_1_705' title='bbox 3191 3821 3534 3876; x_wconf 90' lang='lat' dir='ltr'><strong>sacerdotum</strong></span> 
     </span>
    </p>
   </div>
   <div class='ocr_carea' id='block_1_99' title="bbox 1929 3907 3530 3980">
    <p class='ocr_par' dir='ltr' id='par_1_99' title="bbox 1929 3907 3530 3980">
     <span class='ocr_line' id='line_1_99' title="bbox 1929 3907 3530 3980; baseline -0.001 -15"><span class='ocrx_word' id='word_1_706' title='bbox 1929 3910 2019 3965; x_wconf 92' lang='lat' dir='ltr'><strong>ubi</strong></span> <span class='ocrx_word' id='word_1_707' title='bbox 2049 3925 2158 3964; x_wconf 92' lang='lat' dir='ltr'><strong>non</strong></span> <span class='ocrx_word' id='word_1_708' title='bbox 2189 3917 2271 3963; x_wconf 91' lang='lat' dir='ltr'><strong>est</strong></span> <span class='ocrx_word' id='word_1_709' title='bbox 2303 3909 2524 3977; x_wconf 85' lang='lat' dir='ltr'><strong>veritas,</strong></span> <span class='ocrx_word' id='word_1_710' title='bbox 2559 3908 2653 3962; x_wconf 92' lang='lat' dir='ltr'><strong>ubi</strong></span> <span class='ocrx_word' id='word_1_711' title='bbox 2681 3907 2929 3962; x_wconf 84' lang='lat' dir='ltr'><strong>Christus</strong></span> <span class='ocrx_word' id='word_1_712' title='bbox 2969 3916 3161 3979; x_wconf 86' lang='lat' dir='ltr'><strong>captus</strong></span> <span class='ocrx_word' id='word_1_713' title='bbox 3212 3916 3264 3962; x_wconf 94' lang='lat' dir='ltr'><strong>et</strong></span> <span class='ocrx_word' id='word_1_714' title='bbox 3311 3907 3530 3980; x_wconf 86' lang='lat' dir='ltr'><strong>ligatus.</strong></span> 
     </span>
    </p>
   </div>
   <div class='ocr_carea' id='block_1_100' title="bbox 1931 3995 3533 4068">
    <p class='ocr_par' dir='ltr' id='par_1_100' title="bbox 1931 3995 3533 4068">
     <span class='ocr_line' id='line_1_100' title="bbox 1931 3995 3533 4068; baseline 0.001 -16"><span class='ocrx_word' id='word_1_715' title='bbox 1931 3997 2073 4066; x_wconf 88' lang='lat' dir='ltr'><strong>Quid</strong></span> <span class='ocrx_word' id='word_1_716' title='bbox 2090 3997 2194 4053; x_wconf 91' lang='lat' dir='ltr'><strong>nisi</strong></span> <span class='ocrx_word' id='word_1_717' title='bbox 2216 4005 2446 4065; x_wconf 89' lang='lat' dir='ltr'><strong>erraret,</strong></span> <span class='ocrx_word' id='word_1_718' title='bbox 2462 4014 2622 4068; x_wconf 89' lang='lat' dir='ltr'><strong>quem</strong></span> <span class='ocrx_word' id='word_1_719' title='bbox 2640 3997 2927 4051; x_wconf 91' lang='lat' dir='ltr'><strong>intromisit</strong></span> <span class='ocrx_word' id='word_1_720' title='bbox 2946 3995 3170 4051; x_wconf 89' lang='lat' dir='ltr'><strong>ostiaria</strong></span> <span class='ocrx_word' id='word_1_721' title='bbox 3181 3997 3208 4051; x_wconf 83' lang='lat' dir='ltr'><strong>J</strong></span> <span class='ocrx_word' id='word_1_722' title='bbox 3215 3997 3533 4053; x_wconf 59' lang='lat' dir='ltr'><strong>udatorum?</strong></span> 
     </span>
    </p>
   </div>
   <div class='ocr_carea' id='block_1_101' title="bbox 1930 4085 3533 4152">
    <p class='ocr_par' dir='ltr' id='par_1_101' title="bbox 1930 4085 3533 4152">
     <span class='ocr_line' id='line_1_101' title="bbox 1930 4085 3533 4152; baseline 0.002 -10"><span class='ocrx_word' id='word_1_723' title='bbox 1930 4088 2048 4142; x_wconf 86' lang='lat' dir='ltr'><strong>Eva</strong></span> <span class='ocrx_word' id='word_1_724' title='bbox 2091 4087 2232 4141; x_wconf 89' lang='lat' dir='ltr'><strong>male</strong></span> <span class='ocrx_word' id='word_1_725' title='bbox 2281 4087 2496 4141; x_wconf 82' lang='lat' dir='ltr'><strong>induxit</strong></span> <span class='ocrx_word' id='word_1_726' title='bbox 2545 4087 2736 4152; x_wconf 86' lang='lat' dir='ltr'><strong>Adam,</strong></span> <span class='ocrx_word' id='word_1_727' title='bbox 2790 4087 3008 4141; x_wconf 88' lang='lat' dir='ltr'><strong>Petrum</strong></span> <span class='ocrx_word' id='word_1_728' title='bbox 3045 4086 3189 4143; x_wconf 91' lang='lat' dir='ltr'><strong>male</strong></span> <span class='ocrx_word' id='word_1_729' title='bbox 3235 4085 3533 4145; x_wconf 78' lang='lat' dir='ltr'><strong>introduxit</strong></span> 
     </span>
    </p>
   </div>
   <div class='ocr_carea' id='block_1_102' title="bbox 1933 4174 2153 4230">
    <p class='ocr_par' dir='ltr' id='par_1_102' title="bbox 1933 4174 2153 4230">
     <span class='ocr_line' id='line_1_102' title="bbox 1933 4174 2153 4230; baseline -0.005 0"><span class='ocrx_word' id='word_1_730' title='bbox 1933 4174 2153 4230; x_wconf 84' lang='lat' dir='ltr'><strong>femina.</strong></span> 
     </span>
    </p>
   </div>
   <div class='ocr_carea' id='block_1_103' title="bbox 2003 4291 3532 4364">
    <p class='ocr_par' dir='ltr' id='par_1_103' title="bbox 2003 4291 3532 4364">
     <span class='ocr_line' id='line_1_103' title="bbox 2003 4291 3532 4364; baseline 0.003 -19"><span class='ocrx_word' id='word_1_731' title='bbox 2003 4291 2173 4346; x_wconf 71' lang='lat' dir='ltr'><strong>Vrsas.</strong></span> <span class='ocrx_word' id='word_1_732' title='bbox 2208 4293 2295 4357; x_wconf 81' lang='lat'><strong>59,</strong></span> <span class='ocrx_word' id='word_1_733' title='bbox 2330 4293 2417 4347; x_wconf 91' lang='lat'><strong>60.</strong></span> <span class='ocrx_word' id='word_1_734' title='bbox 2449 4320 2518 4332; x_wconf 90' lang='lat'><strong>—-</strong></span> <span class='ocrx_word' id='word_1_735' title='bbox 2566 4292 2734 4347; x_wconf 84' lang='lat' dir='ltr'><strong>Homo</strong></span> <span class='ocrx_word' id='word_1_736' title='bbox 2755 4335 2770 4357; x_wconf 93' lang='lat'><strong>,</strong></span> <span class='ocrx_word' id='word_1_737' title='bbox 2804 4294 2990 4348; x_wconf 85' lang='lat' dir='ltr'><strong>nescio</strong></span> <span class='ocrx_word' id='word_1_738' title='bbox 3038 4293 3170 4364; x_wconf 84' lang='lat' dir='ltr'><strong>quid</strong></span> <span class='ocrx_word' id='word_1_739' title='bbox 3217 4292 3378 4349; x_wconf 75' lang='lat' dir='ltr'><strong>dicis.</strong></span> <span class='ocrx_word' id='word_1_740' title='bbox 3409 4292 3532 4350; x_wconf 87' lang='lat' dir='ltr'><strong>Non</strong></span> 
     </span>
    </p>
   </div>
   <div class='ocr_carea' id='block_1_104' title="bbox 1937 4379 3536 4453">
    <p class='ocr_par' dir='ltr' id='par_1_104' title="bbox 1937 4379 3536 4453">
     <span class='ocr_line' id='line_1_104' title="bbox 1937 4379 3536 4453; baseline 0.003 -21"><span class='ocrx_word' id='word_1_741' title='bbox 1937 4379 2113 4432; x_wconf 91' lang='lat' dir='ltr'><strong>solum</strong></span> <span class='ocrx_word' id='word_1_742' title='bbox 2162 4387 2325 4453; x_wconf 87' lang='lat' dir='ltr'><strong>negat</strong></span> <span class='ocrx_word' id='word_1_743' title='bbox 2371 4379 2680 4445; x_wconf 89' lang='lat' dir='ltr'><strong>Christum,</strong></span> <span class='ocrx_word' id='word_1_744' title='bbox 2716 4379 2809 4450; x_wconf 91' lang='lat' dir='ltr'><strong>qui</strong></span> <span class='ocrx_word' id='word_1_745' title='bbox 2873 4379 3001 4435; x_wconf 92' lang='lat' dir='ltr'><strong>dicit</strong></span> <span class='ocrx_word' id='word_1_746' title='bbox 3047 4380 3195 4435; x_wconf 89' lang='lat' dir='ltr'><strong>illum</strong></span> <span class='ocrx_word' id='word_1_747' title='bbox 3238 4395 3347 4436; x_wconf 90' lang='lat' dir='ltr'><strong>non</strong></span> <span class='ocrx_word' id='word_1_748' title='bbox 3412 4398 3536 4438; x_wconf 91' lang='lat' dir='ltr'><strong>esse</strong></span> 
     </span>
    </p>
   </div>
   <div class='ocr_carea' id='block_1_105' title="bbox 1938 4467 3530 4540">
    <p class='ocr_par' dir='ltr' id='par_1_105' title="bbox 1938 4467 3530 4540">
     <span class='ocr_line' id='line_1_105' title="bbox 1938 4467 3530 4540; baseline 0.002 -17"><span class='ocrx_word' id='word_1_749' title='bbox 1938 4467 2206 4523; x_wconf 89' lang='lat' dir='ltr'><strong>Christum</strong></span> <span class='ocrx_word' id='word_1_750' title='bbox 2233 4510 2245 4534; x_wconf 96' lang='lat'><strong>,</strong></span> <span class='ocrx_word' id='word_1_751' title='bbox 2280 4468 2377 4522; x_wconf 91' lang='lat' dir='ltr'><strong>sed</strong></span> <span class='ocrx_word' id='word_1_752' title='bbox 2414 4467 2575 4522; x_wconf 86' lang='lat' dir='ltr'><strong>etiam</strong></span> <span class='ocrx_word' id='word_1_753' title='bbox 2623 4468 2714 4538; x_wconf 89' lang='lat' dir='ltr'><strong>qui</strong></span> <span class='ocrx_word' id='word_1_754' title='bbox 2764 4483 2885 4522; x_wconf 91' lang='lat' dir='ltr'><strong>cum</strong></span> <span class='ocrx_word' id='word_1_755' title='bbox 2934 4467 3037 4537; x_wconf 90' lang='lat' dir='ltr'><strong>sit,</strong></span> <span class='ocrx_word' id='word_1_756' title='bbox 3088 4477 3254 4540; x_wconf 89' lang='lat' dir='ltr'><strong>negat</strong></span> <span class='ocrx_word' id='word_1_757' title='bbox 3299 4485 3358 4525; x_wconf 91' lang='lat' dir='ltr'><strong>se</strong></span> <span class='ocrx_word' id='word_1_758' title='bbox 3405 4486 3530 4526; x_wconf 86' lang='lat' dir='ltr'><strong>esse</strong></span> 
     </span>
    </p>
   </div>
   <div class='ocr_carea' id='block_1_106' title="bbox 1926 4555 3526 4626">
    <p class='ocr_par' dir='ltr' id='par_1_106' title="bbox 1926 4555 3526 4626">
     <span class='ocr_line' id='line_1_106' title="bbox 1926 4555 3526 4626; baseline 0.002 -17"><span class='ocrx_word' id='word_1_759' title='bbox 1926 4555 2312 4621; x_wconf 89' lang='lat' dir='ltr'><strong>Christianum,</strong></span> <span class='ocrx_word' id='word_1_760' title='bbox 2338 4564 2391 4610; x_wconf 89' lang='lat' dir='ltr'><strong>et</strong></span> <span class='ocrx_word' id='word_1_761' title='bbox 2439 4555 2513 4610; x_wconf 89' lang='lat' dir='ltr'><strong>ita</strong></span> <span class='ocrx_word' id='word_1_762' title='bbox 2559 4555 2820 4625; x_wconf 89' lang='lat' dir='ltr'><strong>impletur</strong></span> <span class='ocrx_word' id='word_1_763' title='bbox 2868 4555 3012 4626; x_wconf 89' lang='lat' dir='ltr'><strong>quod</strong></span> <span class='ocrx_word' id='word_1_764' title='bbox 3043 4555 3186 4611; x_wconf 90' lang='lat' dir='ltr'><strong>Dicit</strong></span> <span class='ocrx_word' id='word_1_765' title='bbox 3215 4557 3478 4612; x_wconf 89' lang='lat' dir='ltr'><strong>Dominus</strong></span> <span class='ocrx_word' id='word_1_766' title='bbox 3511 4575 3526 4612; x_wconf 90' lang='lat'><strong>:</strong></span> 
     </span>
    </p>
   </div>
   <div class='ocr_carea' id='block_1_107' title="bbox 1929 4643 3526 4715">
    <p class='ocr_par' dir='ltr' id='par_1_107' title="bbox 1929 4643 3526 4715">
     <span class='ocr_line' id='line_1_107' title="bbox 1929 4643 3526 4715; baseline 0.001 -16"><span class='ocrx_word' id='word_1_767' title='bbox 1929 4645 2005 4700; x_wconf 86' lang='lat' dir='ltr'><strong>Tu</strong></span> <span class='ocrx_word' id='word_1_768' title='bbox 2033 4661 2122 4699; x_wconf 87' lang='lat' dir='ltr'><strong>me</strong></span> <span class='ocrx_word' id='word_1_769' title='bbox 2151 4644 2670 4714; x_wconf 73' lang='lat' dir='ltr'><strong>negabis.GaliIa:us</strong></span> <span class='ocrx_word' id='word_1_770' title='bbox 2691 4647 2796 4699; x_wconf 86' lang='lat' dir='ltr'><strong>est.</strong></span> <span class='ocrx_word' id='word_1_771' title='bbox 2830 4643 3264 4715; x_wconf 71' lang='lat' dir='ltr'><strong>Hierosolymitaa</strong></span> <span class='ocrx_word' id='word_1_772' title='bbox 3295 4654 3348 4700; x_wconf 88' lang='lat' dir='ltr'><strong>et</strong></span> <span class='ocrx_word' id='word_1_773' title='bbox 3377 4645 3526 4702; x_wconf 90' lang='lat' dir='ltr'><strong>Gali-</strong></span> 
     </span>
    </p>
   </div>
   <div class='ocr_carea' id='block_1_108' title="bbox 1923 4731 3529 4806">
    <p class='ocr_par' dir='ltr' id='par_1_108' title="bbox 1923 4731 3529 4806">
     <span class='ocr_line' id='line_1_108' title="bbox 1923 4731 3529 4806; baseline 0.002 -21"><span class='ocrx_word' id='word_1_774' title='bbox 1923 4731 2008 4787; x_wconf 69' lang='lat' dir='ltr'><strong>lmi</strong></span> <span class='ocrx_word' id='word_1_775' title='bbox 2037 4748 2191 4803; x_wconf 69' lang='lat' dir='ltr'><strong>teque</strong></span> <span class='ocrx_word' id='word_1_776' title='bbox 2223 4738 2346 4785; x_wconf 91' lang='lat' dir='ltr'><strong>sunt</strong></span> <span class='ocrx_word' id='word_1_777' title='bbox 2375 4731 2586 4786; x_wconf 73' lang='lat' dir='ltr'><strong>Hebraei</strong></span> <span class='ocrx_word' id='word_1_778' title='bbox 2615 4739 2667 4785; x_wconf 90' lang='lat' dir='ltr'><strong>et</strong></span> <span class='ocrx_word' id='word_1_779' title='bbox 2695 4731 2856 4786; x_wconf 89' lang='lat' dir='ltr'><strong>unius</strong></span> <span class='ocrx_word' id='word_1_780' title='bbox 2885 4731 3106 4805; x_wconf 76' lang='lat' dir='ltr'><strong>linguae,</strong></span> <span class='ocrx_word' id='word_1_781' title='bbox 3143 4734 3241 4789; x_wconf 90' lang='lat' dir='ltr'><strong>sed</strong></span> <span class='ocrx_word' id='word_1_782' title='bbox 3271 4751 3529 4806; x_wconf 72' lang='lat' dir='ltr'><strong>unaquae-</strong></span> 
     </span>
    </p>
   </div>
   <div class='ocr_carea' id='block_1_109' title="bbox 1923 4819 3527 4892">
    <p class='ocr_par' dir='ltr' id='par_1_109' title="bbox 1923 4819 3527 4892">
     <span class='ocr_line' id='line_1_109' title="bbox 1923 4819 3527 4892; baseline 0.002 -18"><span class='ocrx_word' id='word_1_783' title='bbox 1923 4837 2029 4891; x_wconf 90' lang='lat' dir='ltr'><strong>que</strong></span> <span class='ocrx_word' id='word_1_784' title='bbox 2051 4819 2332 4891; x_wconf 89' lang='lat' dir='ltr'><strong>provincia</strong></span> <span class='ocrx_word' id='word_1_785' title='bbox 2360 4819 2526 4874; x_wconf 91' lang='lat' dir='ltr'><strong>habet</strong></span> <span class='ocrx_word' id='word_1_786' title='bbox 2557 4833 2686 4873; x_wconf 89' lang='lat' dir='ltr'><strong>suas</strong></span> <span class='ocrx_word' id='word_1_787' title='bbox 2733 4820 3116 4892; x_wconf 88' lang='lat' dir='ltr'><strong>proprietates,</strong></span> <span class='ocrx_word' id='word_1_788' title='bbox 3170 4822 3527 4878; x_wconf 88' lang='lat' dir='ltr'><strong>vernaculum</strong></span> 
     </span>
    </p>
   </div>
   <div class='ocr_carea' id='block_1_110' title="bbox 1924 4903 3522 4975">
    <p class='ocr_par' dir='ltr' id='par_1_110' title="bbox 1924 4903 3522 4975">
     <span class='ocr_line' id='line_1_110' title="bbox 1924 4903 3522 4975; baseline 0 -17"><span class='ocrx_word' id='word_1_789' title='bbox 1924 4903 2184 4975; x_wconf 90' lang='lat' dir='ltr'><strong>loquendi</strong></span> <span class='ocrx_word' id='word_1_790' title='bbox 2231 4919 2425 4957; x_wconf 90' lang='lat' dir='ltr'><strong>sonum</strong></span> <span class='ocrx_word' id='word_1_791' title='bbox 2464 4910 2674 4958; x_wconf 89' lang='lat' dir='ltr'><strong>mutare</strong></span> <span class='ocrx_word' id='word_1_792' title='bbox 2724 4919 2833 4958; x_wconf 90' lang='lat' dir='ltr'><strong>non</strong></span> <span class='ocrx_word' id='word_1_793' title='bbox 2879 4913 3078 4975; x_wconf 90' lang='lat' dir='ltr'><strong>potest.</strong></span> <span class='ocrx_word' id='word_1_794' title='bbox 3113 4907 3184 4962; x_wconf 87' lang='lat' dir='ltr'><strong>Et</strong></span> <span class='ocrx_word' id='word_1_795' title='bbox 3230 4908 3522 4963; x_wconf 82' lang='lat' dir='ltr'><strong>continuo.</strong></span> 
     </span>
    </p>
   </div>
   <div class='ocr_carea' id='block_1_111' title="bbox 1923 4991 3516 5065">
    <p class='ocr_par' dir='ltr' id='par_1_111' title="bbox 1923 4991 3516 5065">
     <span class='ocr_line' id='line_1_111' title="bbox 1923 4991 3516 5065; baseline 0.002 -17"><span class='ocrx_word' id='word_1_796' title='bbox 1923 4993 2052 5048; x_wconf 91' lang='lat' dir='ltr'><strong>Post</strong></span> <span class='ocrx_word' id='word_1_797' title='bbox 2081 4993 2294 5046; x_wconf 84' lang='lat' dir='ltr'><strong>tertiam</strong></span> <span class='ocrx_word' id='word_1_798' title='bbox 2325 4991 2672 5064; x_wconf 85' lang='lat' dir='ltr'><strong>negationem</strong></span> <span class='ocrx_word' id='word_1_799' title='bbox 2722 4993 2968 5064; x_wconf 91' lang='lat' dir='ltr'><strong>sequitur</strong></span> <span class='ocrx_word' id='word_1_800' title='bbox 2997 4992 3127 5065; x_wconf 89' lang='lat' dir='ltr'><strong>galli</strong></span> <span class='ocrx_word' id='word_1_801' title='bbox 3160 5001 3372 5050; x_wconf 91' lang='lat' dir='ltr'><strong>cantus.</strong></span> <span class='ocrx_word' id='word_1_802' title='bbox 3406 4996 3516 5051; x_wconf 85' lang='lat' dir='ltr'><strong>Sa-</strong></span> 
     </span>
    </p>
   </div>
   <div class='ocr_carea' id='block_1_112' title="bbox 1923 5082 3520 5155">
    <p class='ocr_par' dir='ltr' id='par_1_112' title="bbox 1923 5082 3520 5155">
     <span class='ocr_line' id='line_1_112' title="bbox 1923 5082 3520 5155; baseline 0.003 -20"><span class='ocrx_word' id='word_1_803' title='bbox 1923 5087 2194 5136; x_wconf 90' lang='lat' dir='ltr'><strong>cramenta</strong></span> <span class='ocrx_word' id='word_1_804' title='bbox 2225 5095 2410 5134; x_wconf 90' lang='lat' dir='ltr'><strong>rerum</strong></span> <span class='ocrx_word' id='word_1_805' title='bbox 2440 5095 2540 5150; x_wconf 91' lang='lat' dir='ltr'><strong>per</strong></span> <span class='ocrx_word' id='word_1_806' title='bbox 2568 5087 2765 5136; x_wconf 89' lang='lat' dir='ltr'><strong>statum</strong></span> <span class='ocrx_word' id='word_1_807' title='bbox 2786 5088 3091 5152; x_wconf 89' lang='lat' dir='ltr'><strong>temporum</strong></span> <span class='ocrx_word' id='word_1_808' title='bbox 3139 5082 3520 5155; x_wconf 89' lang='lat' dir='ltr'><strong>designantur.</strong></span> 
     </span>
    </p>
   </div>
   <div class='ocr_carea' id='block_1_113' title="bbox 1920 5168 3522 5241">
    <p class='ocr_par' dir='ltr' id='par_1_113' title="bbox 1920 5168 3522 5241">
     <span class='ocr_line' id='line_1_113' title="bbox 1920 5168 3522 5241; baseline 0.003 -20"><span class='ocrx_word' id='word_1_809' title='bbox 1920 5168 2098 5222; x_wconf 85' lang='lat' dir='ltr'><strong>Media</strong></span> <span class='ocrx_word' id='word_1_810' title='bbox 2126 5177 2286 5223; x_wconf 90' lang='lat' dir='ltr'><strong>nocte</strong></span> <span class='ocrx_word' id='word_1_811' title='bbox 2315 5175 2501 5241; x_wconf 87' lang='lat' dir='ltr'><strong>negat,</strong></span> <span class='ocrx_word' id='word_1_812' title='bbox 2535 5168 2668 5240; x_wconf 89' lang='lat' dir='ltr'><strong>galli</strong></span> <span class='ocrx_word' id='word_1_813' title='bbox 2699 5177 2858 5225; x_wconf 90' lang='lat' dir='ltr'><strong>cantu</strong></span> <span class='ocrx_word' id='word_1_814' title='bbox 2887 5169 3130 5240; x_wconf 65' lang='lat' dir='ltr'><strong>paenitet.</strong></span> <span class='ocrx_word' id='word_1_815' title='bbox 3161 5171 3290 5225; x_wconf 88' lang='lat' dir='ltr'><strong>Post</strong></span> <span class='ocrx_word' id='word_1_816' title='bbox 3328 5187 3522 5226; x_wconf 89' lang='lat' dir='ltr'><strong>resur-</strong></span> 
     </span>
    </p>
   </div>
   <div class='ocr_carea' id='block_1_114' title="bbox 1921 5255 3520 5330">
    <p class='ocr_par' dir='ltr' id='par_1_114' title="bbox 1921 5255 3520 5330">
     <span class='ocr_line' id='line_1_114' title="bbox 1921 5255 3520 5330; baseline 0.003 -20"><span class='ocrx_word' id='word_1_817' title='bbox 1921 5255 2219 5312; x_wconf 90' lang='lat' dir='ltr'><strong>rectionem</strong></span> <span class='ocrx_word' id='word_1_818' title='bbox 2251 5256 2350 5311; x_wconf 89' lang='lat' dir='ltr'><strong>sub</strong></span> <span class='ocrx_word' id='word_1_819' title='bbox 2380 5256 2502 5312; x_wconf 88' lang='lat' dir='ltr'><strong>luce</strong></span> <span class='ocrx_word' id='word_1_820' title='bbox 2522 5273 2684 5328; x_wconf 89' lang='lat' dir='ltr'><strong>quem</strong></span> <span class='ocrx_word' id='word_1_821' title='bbox 2706 5265 2790 5313; x_wconf 92' lang='lat' dir='ltr'><strong>ter</strong></span> <span class='ocrx_word' id='word_1_822' title='bbox 2809 5265 3126 5330; x_wconf 87' lang='lat' dir='ltr'><strong>negaverat,</strong></span> <span class='ocrx_word' id='word_1_823' title='bbox 3148 5267 3232 5314; x_wconf 89' lang='lat' dir='ltr'><strong>ter</strong></span> <span class='ocrx_word' id='word_1_824' title='bbox 3251 5275 3313 5313; x_wconf 89' lang='lat' dir='ltr'><strong>se</strong></span> <span class='ocrx_word' id='word_1_825' title='bbox 3332 5273 3520 5314; x_wconf 86' lang='lat' dir='ltr'><strong>amare</strong></span> 
     </span>
    </p>
   </div>
   <div class='ocr_carea' id='block_1_115' title="bbox 1917 5343 3526 5416">
    <p class='ocr_par' dir='ltr' id='par_1_115' title="bbox 1917 5343 3526 5416">
     <span class='ocr_line' id='line_1_115' title="bbox 1917 5343 3526 5416; baseline 0.002 -17"><span class='ocrx_word' id='word_1_826' title='bbox 1917 5343 2200 5416; x_wconf 91' lang='lat' dir='ltr'><strong>professus</strong></span> <span class='ocrx_word' id='word_1_827' title='bbox 2228 5353 2329 5414; x_wconf 91' lang='lat' dir='ltr'><strong>est,</strong></span> <span class='ocrx_word' id='word_1_828' title='bbox 2365 5344 2495 5416; x_wconf 91' lang='lat' dir='ltr'><strong>quia</strong></span> <span class='ocrx_word' id='word_1_829' title='bbox 2525 5344 2617 5416; x_wconf 92' lang='lat' dir='ltr'><strong>qui</strong></span> <span class='ocrx_word' id='word_1_830' title='bbox 2647 5345 2702 5399; x_wconf 91' lang='lat' dir='ltr'><strong>in</strong></span> <span class='ocrx_word' id='word_1_831' title='bbox 2731 5346 2974 5400; x_wconf 90' lang='lat' dir='ltr'><strong>tenebris</strong></span> <span class='ocrx_word' id='word_1_832' title='bbox 3001 5346 3295 5403; x_wconf 86' lang='lat' dir='ltr'><strong>oblivionis</strong></span> <span class='ocrx_word' id='word_1_833' title='bbox 3315 5346 3526 5409; x_wconf 67' lang='lat' dir='ltr'><strong>erravit</strong></span> 
     </span>
    </p>
   </div>
   <div class='ocr_carea' id='block_1_116' title="bbox 1919 5433 3522 5504">
    <p class='ocr_par' dir='ltr' id='par_1_116' title="bbox 1919 5433 3522 5504">
     <span class='ocr_line' id='line_1_116' title="bbox 1919 5433 3522 5504; baseline 0.001 -16"><span class='ocrx_word' id='word_1_834' title='bbox 1919 5441 2147 5504; x_wconf 70' lang='lat' dir='ltr'><strong>speratae</strong></span> <span class='ocrx_word' id='word_1_835' title='bbox 2169 5433 2281 5502; x_wconf 89' lang='lat' dir='ltr'><strong>jam</strong></span> <span class='ocrx_word' id='word_1_836' title='bbox 2309 5433 2448 5489; x_wconf 89' lang='lat' dir='ltr'><strong>lucis</strong></span> <span class='ocrx_word' id='word_1_837' title='bbox 2496 5435 2952 5490; x_wconf 89' lang='lat' dir='ltr'><strong>rememoratione</strong></span> <span class='ocrx_word' id='word_1_838' title='bbox 2991 5435 3231 5491; x_wconf 85' lang='lat' dir='ltr'><strong>correxit</strong></span> <span class='ocrx_word' id='word_1_839' title='bbox 3267 5443 3322 5490; x_wconf 86' lang='lat' dir='ltr'><strong>et</strong></span> <span class='ocrx_word' id='word_1_840' title='bbox 3368 5435 3522 5503; x_wconf 80' lang='lat' dir='ltr'><strong>ejus-</strong></span> 
     </span>
    </p>
   </div>
   <div class='ocr_carea' id='block_1_117' title="bbox 1918 5521 3542 5596">
    <p class='ocr_par' dir='ltr' id='par_1_117' title="bbox 1918 5521 3542 5596">
     <span class='ocr_line' id='line_1_117' title="bbox 1918 5521 3542 5596; baseline 0.001 -19"><span class='ocrx_word' id='word_1_841' title='bbox 1918 5523 2046 5577; x_wconf 91' lang='lat' dir='ltr'><strong>dem</strong></span> <span class='ocrx_word' id='word_1_842' title='bbox 2078 5537 2224 5577; x_wconf 72' lang='lat' dir='ltr'><strong>vera:</strong></span> <span class='ocrx_word' id='word_1_843' title='bbox 2256 5521 2394 5577; x_wconf 92' lang='lat' dir='ltr'><strong>lucis</strong></span> <span class='ocrx_word' id='word_1_844' title='bbox 2422 5522 2718 5594; x_wconf 82' lang='lat' dir='ltr'><strong>praesentia</strong></span> <span class='ocrx_word' id='word_1_845' title='bbox 2756 5523 2922 5595; x_wconf 89' lang='lat' dir='ltr'><strong>plene</strong></span> <span class='ocrx_word' id='word_1_846' title='bbox 2956 5523 3206 5596; x_wconf 89' lang='lat' dir='ltr'><strong>quidque</strong></span> <span class='ocrx_word' id='word_1_847' title='bbox 3265 5529 3542 5592; x_wconf 87' lang='lat' dir='ltr'><strong>putavera</strong></span> 
     </span>
    </p>
   </div>
   <div class='ocr_carea' id='block_1_118' title="bbox 1921 5609 2110 5666">
    <p class='ocr_par' dir='ltr' id='par_1_118' title="bbox 1921 5609 2110 5666">
     <span class='ocr_line' id='line_1_118' title="bbox 1921 5609 2110 5666; baseline -0.011 0"><span class='ocrx_word' id='word_1_848' title='bbox 1921 5609 2110 5666; x_wconf 88' lang='lat' dir='ltr'><strong>erexit.</strong></span> 
     </span>
    </p>
   </div>
  </div>
