4006 6178
404 203 506 256 343

871 196 1276 254 WALAFRIDI
1315 193 1555 251 STRABI
1595 192 1793 249 FULD.
1834 188 2006 245 MON.
2048 184 2200 242 OPP.
2242 182 2417 240 PARS
2458 183 2497 237 I.
2540 213 2608 224 —-
2644 180 3111 238 THEOLOGICA.

3515 231 3530 238 -
3600 185 3702 238 344

476 325 647 380 VEns.
678 328 764 378 61.
786 353 855 364 -—
877 325 948 378 Et
976 338 1273 379 conversus
1305 321 1594 376 Dominus.
1639 315 1837 370 Intuitu
1868 329 1999 385 pro—
2018 317 2074 377 Α
2101 307 2304 364 fuerint
2329 350 2341 374 ,
2381 306 2587 362 scilicet
2615 307 2761 378 quod
2792 306 3052 361 attributa
3081 305 3235 361 reddi
3284 305 3620 376 prohiberet,
3655 316 3708 362 et

408 412 618 468 vocavit
646 413 717 466 ad
752 412 1052 483 lacrymas,
1088 409 1244 481 quasi
1291 408 1345 462 in
1389 415 1628 461 mentem
1660 405 1709 459 ei
1741 404 2010 458 reducens

413 501 626 572 quoties
674 509 991 573 negaverat,
1042 499 1186 569 quod
1218 497 1267 551 ei
1315 495 1658 566 praedixerat,
1704 509 1804 546 nec
1836 491 2012 563 potuit

410 589 468 643 in
510 589 751 644 tenebris
782 602 1066 643 remanere
1097 602 1260 658 quem
1289 585 1377 638 lux
1399 583 1584 638 mundi
1606 581 1863 652 respexit.
1905 625 1908 628 .

483 677 654 734 Vnus.
681 681 766 732 62.
791 707 859 717 --
878 678 948 732 Et
977 691 1228 746 egressus
1259 676 1432 745 foras.
1458 671 1542 726 Ab
1562 670 1854 741 impiorum
1877 683 2008 723 con-

409 764 535 822 cilio
566 766 813 819 seclusus
865 763 1081 833 culpam
1128 763 1290 828 lavat,
1327 777 1446 832 quae
1489 776 1597 814 non
1628 759 1772 812 intus
1803 758 1873 812 ob
1904 757 2009 811 hoc

407 849 710 919 permissus
740 855 823 902 est
854 847 1102 902 haesitare
1131 853 1188 900 ut
1214 847 1271 899 in
1299 843 1565 900 Ecclesiae
1596 842 1844 914 principe
1879 857 2008 896 con-

411 937 658 1004 daretur,
691 934 994 990 remedium
1026 933 1375 1004 pcenitentiaa,
1409 941 1462 988 et
1493 947 1653 988 nemo
1685 931 1908 986 auderet
1939 929 2007 984 de

410 1038 513 1080 sua
541 1023 737 1079 virtute
785 1021 1081 1079 conﬁdere.

483 1113 652 1166 Vnus.
681 1115 774 1166 63.
803 1141 871 1151 —-
893 1111 1226 1175 Illudebant,
1260 1116 1366 1164 etc.
1401 1109 1629 1178 Implcta
1661 1116 1743 1162 est
1771 1106 2008 1177 prophe-

411 1200 487 1255 tia
520 1217 533 1254 :
565 1201 631 1254 In
661 1201 817 1270 virga
845 1201 1202 1271 percutietur
1222 1199 1473 1254 maxilla
1485 1197 1698 1269 judicis
1721 1197 1913 1250 Israel.
1938 1194 2008 1247 Et

413 1285 542 1342 item
579 1305 592 1342 :
626 1288 764 1344 Dedi
794 1289 1101 1343 maxillam
1130 1303 1316 1342 meam
1336 1287 1538 1358 alapis.
1589 1285 1697 1339 Sed
1746 1284 1838 1355 qui
1885 1292 2009 1337 tunc

413 1376 726 1432 caedebatur
760 1376 1005 1446 colaphis
1033 1377 1368 1440 Iudaeorum,
1402 1389 1548 1429 nunc
1593 1373 1821 1428 caeditur
1853 1372 2008 1426 blas-

371 1518 375 1522 .
412 1464 646 1534 phemiis
676 1463 939 1519 falsorum
970 1463 1415 1518 Christianorum.
1441 1461 1770 1517 Velaverunt
1789 1459 2005 1525 faciem,

411 1567 524 1607 non
552 1560 612 1606 ut
639 1567 831 1607 eorum
863 1552 1073 1607 scelera
1102 1567 1212 1605 non
1262 1551 1486 1616 videret,
1524 1550 1618 1604 sed
1669 1557 1726 1602 ut
1754 1565 1784 1602 a
1816 1565 1874 1603 se
1905 1548 2007 1618 (si-

411 1647 504 1695 cut
551 1641 826 1712 quondam
875 1640 1049 1710 Moysi
1101 1638 1371 1708 fecerunt)
1403 1637 1631 1710 gratiam
1681 1637 2007 1708 cognitionis

413 1728 530 1796 ejus
561 1728 899 1784 abscondant
933 1745 946 1781 :
980 1729 1039 1782 Si
1085 1729 1240 1783 enim
1270 1728 1564 1782 crederent
1595 1727 1778 1797 Moysi,
1813 1726 2007 1780 crede-

408 1820 542 1873 rent
563 1820 619 1870 et
651 1818 886 1872 Domino
915 1817 1101 1885 (Joan.
1135 1815 1280 1885 vm.)
1313 1816 1430 1870 Hoc
1459 1815 1706 1869 velamen
1727 1831 1899 1884 usque
1918 1814 2010 1868 ho-

406 1905 497 1960 die
526 1913 709 1960 manet
739 1921 905 1975 super
934 1905 1102 1959 corda
1153 1919 1364 1968 eorum,
1400 1903 1498 1957 sed
1542 1903 1894 1958 credentibus
1925 1912 2008 1957 est

410 1993 650 2050 ablatum
675 2011 687 2048 :
711 2009 836 2048 cum
858 1993 952 2048 illo
966 1992 1232 2048 moriente
1245 1992 1427 2047 velum
1444 1992 1630 2061 templi
1651 1991 1880 2047 scissum
1902 1999 2002 2045 est.

480 2083 652 2138 Vens.
689 2083 778 2136 64.
812 2113 881 2122 -
913 2082 1269 2152 Pr0phetiza.
1305 2080 1646 2134 Contumelia
1675 2080 1727 2133 in
1761 2097 1885 2134 eum
1915 2079 2007 2151 qui

407 2186 468 2228 se
498 2171 822 2242 prophetam
845 2169 1075 2224 dicebat.
1112 2168 1218 2224 Sed
1243 2176 1294 2223 et
1322 2168 1562 2223 haeretici
1601 2176 1653 2222 et
1679 2168 1881 2236 Judaei,
1915 2168 2008 2239 qui

405 2275 579 2331 usque
610 2257 774 2315 hodie
807 2257 1078 2313 Christum
1100 2264 1320 2328 negant,
1355 2265 1409 2312 et
1438 2256 1567 2311 mali
1600 2256 1892 2312 Christiani
1915 2257 2007 2329 qui

407 2347 654 2420 reprobis
686 2346 898 2402 actibus
929 2346 1279 2414 exacerbant,
1305 2346 1435 2400 dum
1475 2362 1601 2400 suas
1651 2345 2008 2418 cogitationes

407 2445 462 2494 et
490 2451 660 2508 opera
691 2436 1048 2492 tenebrarum
1076 2435 1144 2489 ab
1175 2435 1267 2489 illo
1289 2434 1463 2491 videri
1485 2450 1594 2489 non
1614 2443 1824 2505 putant,
1850 2435 2008 2506 quasi

406 2525 698 2582 illudentes
729 2523 881 2580 aiunt
915 2543 929 2580 :
960 2525 1296 2597 Pr0phetiza
1329 2540 1341 2579 :
1379 2524 1510 2591 Quis
1540 2527 1626 2580 est
1655 2525 1752 2597 qui
1792 2527 1843 2579 te
1872 2540 2006 2595 per-

543 2615 630 2654 if?

543 2619 555 2628 ·
607 2619 630 2654 9

406 2619 650 2758 cum;
677 2705 765 2758 66.
791 2729 861 2744 ——
887 2701 946 2756 Si
979 2705 1044 2756 tu
1079 2715 1137 2755 es
1190 2701 1464 2756 Christus.
1524 2700 1650 2754 Non
1725 2699 2006 2754 veritatem

405 2791 763 2858 desiderant,
812 2791 910 2845 sed
958 2787 1287 2845 calumniam
1354 2795 1572 2858 parant.
1625 2787 2006 2860 Intelligebant

409 2880 681 2937 Christum
738 2894 933 2950 purum
993 2877 1268 2932 hominem
1315 2877 1383 2931 de
1423 2877 1597 2932 David
1645 2876 2000 2931 nasciturum.

410 2969 723 3026 Secundum
774 2969 877 3022 hoc
927 2982 1058 3036 ergo
1109 2972 1378 3036 quaerunt,
1425 2973 1486 3020 ut
1535 2965 1580 3019 si
1629 2965 1851 3032 diceret,
1883 2966 2004 3036 Ego

407 3073 529 3112 sum
558 3057 827 3124 Christus,
865 3053 1330 3110 calumniarentur
1372 3054 1518 3125 quod
1563 3053 1670 3108 sibi
1719 3063 2003 3126 arrogaret

405 3145 617 3218 regiam
657 3151 1005 3215 potestatem.

479 3235 651 3289 Vens.
677 3235 746 3287 6'1
765 3263 835 3272 —
856 3233 916 3289 Si
946 3231 1093 3288 vobis
1115 3231 1332 3286 dixero.
1360 3231 1516 3301 Saepe
1547 3230 1757 3286 dixerat
1788 3247 1846 3286 se
1881 3247 2004 3288 esse

407 3321 701 3378 Christum.
738 3322 1183 3392 Interrogaverat
1212 3320 1374 3374 etiam
1407 3335 1502 3374 eos
1543 3321 1818 3390 quomodo
1849 3320 2002 3376 dice-

403 3419 529 3466 rent
557 3410 837 3466 Christum
867 3409 1036 3464 filium
1068 3408 1244 3464 David
1275 3425 1399 3465 cum
1433 3425 1557 3463 eum
1588 3409 1762 3464 David
1810 3409 2002 3464 Domi-

407 3516 540 3554 num
569 3508 747 3566 vocet,
783 3507 841 3554 ut
868 3515 968 3570 per
998 3501 1101 3555 hoc
1131 3499 1200 3554 ad
1232 3499 1562 3554 credendum
1592 3499 1765 3554 Deum
1797 3515 2001 3569 provo-

406 3597 559 3645 caret
593 3606 608 3644 :
639 3589 738 3645 sed
769 3588 846 3643 illi
877 3604 978 3644 nec
1009 3588 1207 3644 dicenti
1233 3588 1482 3653 credere,
1514 3603 1616 3644 nec
1645 3588 2001 3661 interroganti

403 3679 746 3749 respondere
774 3721 787 3746 ,
821 3693 925 3734 nec
963 3694 1088 3734 eum
1117 3677 1209 3750 qui
1262 3677 1515 3732 innoxius
1561 3685 1678 3732 erat
1726 3678 1999 3734 dimittere

400 3767 676 3825 volebant.

477 3857 650 3912 Vnus.
685 3859 772 3912 69.
798 3886 866 3896 —-
886 3857 973 3911 Ex
1005 3857 1103 3912 hoc
1134 3860 1327 3912 autem
1357 3857 1484 3910 erit.
1521 3853 1626 3922 Qui
1670 3871 1854 3910 semen
1887 3856 1998 3909 Da-

407 3945 498 4001 vid
528 3944 855 4000 calumniari
885 3945 1205 4014 quaérebant
1233 3944 1359 4013 plus
1391 3944 1552 3998 etiam
1583 3943 1828 4010 audiunt,
1855 3944 1999 4013 quod

402 4050 504 4104 per
533 4040 902 4102 contemptum
933 4033 1002 4085 sit
1031 4041 1292 4088 venturus
1321 4032 1392 4086 ad
1422 4031 1674 4103 gloriam.

481 4121 651 4175 Vnus.
688 4123 776 4173 70.
810 4150 878 4158 -
916 4122 1009 4175 Vos
1039 4120 1248 4176 dicitis.
1286 4121 1363 4174 Ita
1403 4127 1670 4189 temperat
1693 4119 1997 4190 responsio-

405 4225 532 4264 nem
558 4217 615 4263 ut
647 4217 700 4262 et
732 4224 921 4262 verum
952 4207 1116 4274 dicat,
1151 4216 1204 4262 et
1234 4225 1417 4262 sermo
1445 4208 1728 4262 calumniae
1761 4225 1869 4263 non
1899 4225 1997 4280 pa-

398 4306 528 4353 teat.
564 4296 749 4353 Maluit
771 4313 830 4352 se
851 4296 1123 4352 Christum
1163 4297 1357 4351 Filium
1386 4297 1484 4351 Dei
1539 4298 1796 4366 probare,
1831 4315 1995 4369 quam

2111 415 2169 452 se
2201 397 2475 452 Christum
2503 395 2729 460 diceret,
2764 396 2968 449 Pilatus
2998 395 3171 465 potuit
3221 395 3410 448 audire
3440 395 3585 466 quod
3636 396 3704 451 de

2111 485 2325 539 tributis
2355 485 2566 538 dixerat
2599 503 2612 537 :
2645 485 2870 539 Reddite
2892 500 3012 556 qua:
3041 487 3179 538 sunt
3205 484 3437 538 Caesaris
3471 484 3696 549 Caesari,

2111 582 2162 628 et
2191 573 2317 627 inde
2347 574 2450 628 hoc
2471 571 2627 644 quasi
2647 580 2894 640 apertum
2917 571 3261 627 mendacium
3276 571 3699 642 nihilipendens,

2111 662 2284 717 solum
2317 678 2438 732 qua}
2466 660 2746 715 nesciebat
2778 659 3043 730 quaesivit.

2186 765 2263 818 Tu
2292 763 2450 817 dicis.
2475 761 2684 816 Eodem
2715 761 2884 816 verbo
2915 776 3021 832 quo
3056 759 3394 832 principibus
3443 760 3703 817 sacerdo-

2109 859 2222 905 tum
2249 892 2263 920 ,
2315 851 2609 920 respondet
2657 857 2710 904 et
2756 848 3013 920 praesidi,
3046 857 3103 904 ut
3163 849 3384 920 propria
3441 849 3705 904 sententia

2109 939 2272 994 ambo
2292 939 2742 994 condemnentur.

2180 1054 2351 1109 Vnus.
2387 1055 2439 1107 4.
2474 1083 2542 1093 -
2570 1053 2725 1108 Nihil
2745 1053 2989 1109 invenio.
3025 1051 3204 1106 Pridie
3226 1066 3390 1122 quam
3419 1060 3702 1122 pateretur

2111 1141 2393 1210 Dominus,
2425 1141 2496 1195 ait
2556 1141 2838 1211 discipulis
2872 1160 2885 1194 :
2924 1142 3080 1196 Venit
3097 1142 3361 1212 princeps
3389 1141 3588 1196 mundi
3609 1143 3706 1196 hu-

2105 1233 2216 1300 ius,
2251 1235 2307 1286 et
2337 1246 2452 1286 non
2483 1231 2646 1284 habet
2673 1232 2734 1284 in
2763 1246 2852 1285 me
2899 1230 3218 1301 quidquam.
3245 1229 3400 1298 (Luc.
3434 1229 3558 1299 xx).
3594 1229 3704 1283 Sed

2111 1318 2237 1390 quia
2267 1318 2542 1389 princeps,
2576 1317 2631 1371 id
2678 1325 2759 1372 est
2789 1317 3015 1382 Pilatus,
3050 1333 3174 1371 eum
3221 1316 3471 1382 absolvit,
3503 1317 3559 1370 in
3592 1333 3704 1388 quo

2112 1406 2246 1460 nihil
2287 1406 2652 1460 damnationis
2701 1405 2926 1472 invenit,
2959 1404 3085 1460 vide
3133 1404 3261 1476 quid
3311 1414 3477 1475 agant
3530 1405 3708 1459 Judaei

2111 1495 2203 1565 qui
2233 1509 2341 1549 non
2372 1494 2640 1565 aequitatis
2671 1509 2857 1548 amore
2889 1509 3078 1549 verum
3109 1493 3458 1566 investigant,
3491 1493 3589 1548 sed
3618 1493 3702 1548 in-

2109 1582 2270 1638 vidiae
2301 1582 2516 1637 stimulo
2542 1583 2749 1651 justum
2780 1583 3042 1636 damnare
3073 1581 3343 1637 laborant.

2037 1669 2090 1728 B
2185 1699 2353 1752 Vnus.
2387 1701 2440 1753 2.
2474 1729 2543 1738 -
2576 1699 2892 1753 Commovet
2913 1699 3203 1770 populum.
3234 1697 3358 1752 Non
3397 1688 3570 1762 illum,
3603 1699 3704 1753 sed

2113 1803 2171 1840 se
2203 1794 2480 1840 accusant.
2517 1786 2781 1841 Docuisse
2813 1785 2957 1841 enim
2988 1785 3248 1856 populum
3270 1828 3282 1850 ,
3317 1793 3370 1840 et
3398 1801 3430 1839 a
3467 1786 3702 1855 pristina

2112 1877 2360 1944 corporis
2391 1874 2612 1945 ignavia
2641 1875 2889 1930 docendo
2929 1874 3308 1942 commovisse,
3345 1873 3545 1944 talique
3575 1883 3703 1930 actu

2109 1979 2143 2018 a
2172 1963 2398 2018 Galilaea
2428 1979 2602 2034 usque
2624 1964 2696 2016 ad
2713 1964 2978 2028 Judznam,
3003 1962 3058 2016 id
3082 1970 3163 2016 est
3184 1971 3349 2018 totam
3371 1963 3700 2033 promissio-

2109 2050 2193 2104 nis
2222 2058 2445 2118 terram,
2481 2067 2514 2105 a
2543 2049 2648 2105 fine
2679 2067 2852 2121 usque
2882 2052 2952 2105 ad
2979 2048 3142 2105 finem
3172 2051 3557 2121 pertransisse,
3592 2068 3705 2106 non

2109 2139 2352 2194 criminis
2401 2140 2497 2194 sed
2536 2139 2798 2208 judicium
2829 2147 2911 2193 est
2957 2139 3187 2194 virtutis.
3223 2139 3468 2210 Denique
3497 2140 3707 2196 Pilatus

2109 2243 2211 2284 nec
2259 2228 2711 2299 interrogandum
2761 2228 3098 2284 Salvatorem
3148 2228 3216 2282 de
3261 2229 3364 2283 hoc
3395 2238 3565 2294 ratus,
3602 2229 3703 2284 sed

2106 2316 2285 2387 magis
2315 2324 2473 2372 nacta
2529 2317 2817 2373 occasione
2843 2359 2856 2384 ,
2898 2317 3129 2374 liberum
3175 2317 3246 2371 ab
3291 2331 3356 2372 eo
3398 2317 3701 2386 judicando

2108 2405 2254 2476 cupit
2275 2405 2526 2460 reddere.

2180 2513 2351 2566 Vens.
2385 2514 2436 2566 7.
2463 2541 2532 2552 -
2562 2513 2632 2567 Et
2662 2517 2728 2568 ut
2757 2514 3031 2585 cognovit.
3071 2513 3153 2568 Ne
3184 2519 3376 2568 contra
3402 2513 3701 2579 insontem,

2108 2607 2162 2654 et
2191 2617 2354 2671 quem
2383 2600 2636 2656 traditum
2658 2617 2758 2670 per
2788 2601 3046 2656 invidiam
3096 2610 3340 2667 noverat,
3376 2603 3703 2657 sententiam

2106 2689 2240 2743 dare
2273 2698 2584 2760 cogeretur,
2616 2689 2814 2745 Herodi
2857 2690 3016 2744 mittit
3063 2690 3412 2757 audiendum,
3446 2700 3504 2745 ut
3534 2708 3567 2746 a
3597 2708 3703 2748 suo

2107 2779 2381 2832 tetrarcha
2411 2779 2495 2833 vel
2527 2778 2905 2833 absolveretur
2935 2779 3021 2834 vel
3069 2779 3450 2847 damnaretur,
3482 2781 3583 2836 sed
3629 2797 3705 2838 ne

2107 2881 2215 2936 qua
2242 2867 2442 2921 Judrcis
2490 2867 2766 2923 excusatio
2826 2877 3171 2935 remaneret,
3203 2869 3449 2924 Herodes
3481 2885 3704 2942 quoque

2106 2955 2198 3026 qui
2227 2962 2355 3009 natu
2387 2963 2439 3010 et
2487 2955 2752 3026 religione
2790 2957 3008 3011 Iudaeus
3038 2965 3173 3024 erat,
3225 2958 3352 3013 quid
3381 2959 3448 3014 de
3479 2959 3705 3014 Christo

2105 3044 2353 3111 senserit,
2389 3045 2677 3099 ostendere
2705 3045 3006 3115 permissus
3036 3054 3136 3112 est,
3170 3055 3226 3100 ut
3259 3056 3487 3118 utraque
3518 3048 3702 3120 regio,

2107 3140 2159 3186 et
2189 3133 2377 3187 Judzea
2403 3133 2460 3186 in
2490 3149 2599 3204 qua
2644 3134 2889 3189 Christus
2917 3143 3113 3204 natus,
3147 3143 3196 3190 et
3228 3135 3454 3190 Galilaea
3482 3136 3540 3190 in
3589 3153 3702 3208 qua

2104 3222 2341 3276 nutritus
2363 3231 2499 3288 erat,
2517 3223 2569 3276 in
2592 3223 2707 3291 ejus
2727 3239 2919 3279 necem
2941 3223 3285 3294 conspirasse
3298 3233 3697 3282 monstrentur.

2175 3312 2246 3365 At
2276 3313 2392 3382 ipse
2422 3311 2571 3366 nihil
2603 3314 2908 3383 respondit.
2934 3313 3121 3367 Tacuit
3151 3322 3203 3367 et
3232 3313 3365 3367 nihil
3395 3313 3540 3379 fecit,
3568 3315 3703 3385 quia

2104 3407 2157 3454 et
2190 3399 2422 3454 Herodis
2442 3399 2792 3455 incredulitas
2814 3417 2921 3456 non
2942 3403 3258 3457 merebatur
3277 3402 3463 3457 videre
3486 3403 3698 3468 divina,

2104 3496 2155 3542 et
2179 3489 2441 3542 Dominus
2466 3489 2778 3557 jactantiam
2811 3491 3140 3545 declinabat.
3177 3490 3565 3561 Signiﬁcantur
3597 3508 3699 3546 au-

2101 3584 2210 3630 tem
2242 3576 2294 3630 in
2325 3578 2541 3632 Herode
2584 3594 2774 3633 omnes
2822 3579 2991 3648 impii,
3044 3579 3134 3650 qui
3164 3595 3272 3634 non
3321 3580 3552 3634 credunt
3583 3581 3699 3652 legi

2101 3673 2154 3719 et
2182 3667 2482 3736 prophetis,
2516 3675 2568 3722 et
2597 3667 2653 3720 in
2693 3668 2996 3740 Evangelia
3044 3667 3244 3722 Christi
3291 3683 3459 3738 opera
3502 3669 3702 3725 videre

2100 3770 2208 3809 non
2263 3763 2510 3824 possunt.
2563 3756 2905 3826 Principibus
2954 3773 3088 3827 ergo
3134 3757 3481 3813 sacerdotum
3523 3773 3701 3814 accu-

2101 3843 2344 3897 santibus
2375 3845 2518 3914 apud
2549 3845 2776 3898 Pilatum
2815 3861 3008 3915 pauca,
3043 3846 3186 3916 apud
3237 3847 3510 3901 Herodem
3542 3847 3703 3902 nulla

2099 3933 2411 4002 respondet,
2445 3949 2512 3986 ne
2561 3934 2766 3987 crimen
2816 3934 3030 3988 diluens
3075 3934 3332 3989 dimissus
3379 3951 3412 3990 a
3438 3936 3698 4007 principe

2099 4021 2278 4076 crucis
2308 4021 2591 4076 utilitatem
2622 4022 2882 4077 differret.

2169 4120 2337 4173 Vnus.
2377 4122 2459 4172 14.
2483 4150 2552 4158 -
2573 4122 2641 4173 Et
2662 4122 2868 4175 illusit.
2894 4119 3050 4189 Quod
3085 4120 3138 4174 in
3170 4121 3296 4176 alba
3327 4131 3476 4176 veste
3527 4139 3699 4193 sper-

2097 4207 2242 4260 nitur
2273 4216 2323 4260 et
2353 4207 2617 4277 illuditur,
2651 4207 2922 4280 significat
2951 4210 3097 4279 quod
3143 4226 3243 4280 pro
3292 4211 3454 4265 totius
3499 4213 3702 4268 mundi

2095 4296 2335 4366 peccatis
2364 4296 2416 4350 in
2447 4312 2612 4352 carne
2643 4306 2793 4352 casta
2823 4297 3132 4353 immolatus
3170 4314 3348 4371 agnus
3380 4307 3461 4353 est
3492 4317 3702 4369 passus

401 4387 606 4454 dicere,
641 4395 698 4443 ut
730 4386 1127 4443 condemnandi
1160 4402 1323 4442 causa
1353 4386 1636 4441 tolleretur
1664 4387 1748 4441 his
1793 4389 1884 4459 qui
1913 4388 1993 4444 fa-
2022 4385 2074 4445 D
2099 4392 2152 4439 et
2179 4385 2424 4454 sepultus
2458 4403 2471 4438 :
2505 4385 2649 4456 quod
2680 4385 2766 4447 hic
2797 4385 2937 4453 alba,
2967 4386 3118 4453 juxta
3138 4387 3275 4440 alios
3304 4388 3702 4460 Evangelistas

399 4484 583 4532 tentur
613 4476 759 4548 quod
789 4476 1065 4546 objiciunt.

473 4567 643 4620 Vnns.
681 4568 768 4620 71.
820 4597 889 4606 -
936 4568 1049 4638 Ipsi
1097 4568 1251 4622 enim
1289 4564 1626 4620 audivimus.
1679 4563 1782 4619 Ubi
1813 4565 1986 4621 dixit:

401 4655 525 4709 Erit
573 4655 751 4708 Filius
797 4655 1041 4710 hominis
1090 4655 1287 4710 sedens
1331 4655 1403 4710 ad
1431 4654 1727 4709 dexteram
1756 4656 1988 4711 virtutis

398 4744 518 4797 Dei.
553 4741 663 4795 Sua
695 4758 753 4796 se
787 4743 1050 4798 sententia
1081 4744 1340 4798 damnant
1379 4743 1470 4815 qui
1509 4759 1632 4798 eum
1681 4743 1841 4798 morti
1873 4752 1987 4798 tra-

396 4831 532 4885 dunt
562 4847 724 4902 quem
755 4830 866 4886 oris
897 4839 949 4887 et
978 4832 1160 4903 operis
1192 4833 1276 4887 sui
1309 4832 1617 4888 testimonio
1661 4832 1834 4887 Deum
1864 4849 1987 4889 esse

396 4927 760 4992 cognoscunt.

963 5059 1187 5116 CAPUT
1233 5059 1440 5115 XXIII.

461 5210 631 5265 Vans.
666 5213 716 5264 1.
751 5239 819 5250 -
848 5211 1155 5266 Duxerunt
1174 5211 1360 5266 illum.
1396 5209 1762 5266 Tradiderunt
1791 5211 1985 5267 Roma-

389 5315 474 5354 nae
502 5297 777 5369 potestati,
812 5307 870 5353 ut
900 5315 964 5354 eo
993 5299 1157 5364 modo
1185 5297 1356 5354 Judaei
1378 5299 1448 5354 ab
1469 5300 1586 5367 ejus
1607 5299 1982 5356 interiectione

361 5387 599 5444 alienos
632 5403 691 5442 se
721 5403 844 5442 esse
888 5388 1258 5454 ostenderent,
1283 5387 1338 5441 in
1359 5404 1466 5459 quo
1518 5404 1626 5444 non
1674 5404 1862 5445 eorum
1893 5389 1981 5443 in-

391 5475 666 5544 nocentia,
689 5476 784 5531 sed
815 5475 1029 5531 insania
1057 5485 1410 5532 monstratur.

450 5565 630 5640 Vaas.
665 5568 716 5621 3.
741 5595 809 5607 -
831 5566 1055 5622 Pilatus
1085 5570 1296 5638 autem,
1321 5575 1424 5623 etc.
1473 5566 1609 5624 Cum
1638 5566 1746 5622 duo
1768 5566 1982 5636 objecta

2091 4490 2368 4544 purpurea
2397 4474 2480 4528 vel
2514 4473 2770 4529 coccinea
2800 4481 2951 4528 veste
2982 4474 3244 4541 illuditur,
3296 4476 3538 4544 indutus,
3576 4478 3702 4549 sig-

2087 4571 2177 4617 nat
2208 4563 2487 4635 geminum
2517 4563 2762 4632 martyrii
2815 4579 3010 4635 genus:
3073 4580 3178 4634 quo
3237 4565 3291 4618 in
3339 4565 3703 4634 passionibus

2085 4652 2334 4707 Ecclesia
2353 4653 2672 4718 adornatur,
2705 4659 2762 4705 ut
2791 4651 2859 4706 sit
2887 4652 3152 4707 candidus
3169 4653 3400 4719 actione,
3427 4654 3701 4710 rubicun-

2091 4741 2192 4795 dus
2224 4741 2510 4812 sanguine.
2547 4741 2667 4810 lpse
2698 4740 2842 4794 enim
2870 4741 3245 4796 membrorum
3285 4741 3530 4798 ﬂosculis
3561 4761 3699 4798 ver-

2085 4844 2243 4894 nans,
2277 4829 2332 4882 in
2360 4845 2496 4898 pace
2527 4829 2640 4882 lilia
2683 4828 2878 4900 gignit,
2934 4829 3074 4883 bello
3123 4845 3296 4884 rosas.
3349 4832 3418 4884 Et
3456 4835 3703 4889 remisit

2089 4919 2161 4972 ad
2201 4919 2475 4972 Pilatum.
2500 4918 2584 4971 Ad
2616 4917 2890 4971 Herodem
2917 4917 3165 4984 mittitur,
3217 4919 3288 4972 ad
3332 4919 3568 4974 Pilatum
3603 4937 3703 4976 re-

2084 5005 2327 5070 mittitur,
2363 5015 2414 5059 et
2445 5005 2489 5058 si
2519 5013 2748 5077 uterque
2778 5022 2930 5060 reum
2961 5022 3069 5060 non
3100 5007 3432 5076 pronuntiat,
3489 5008 3701 5067 aliena:

2084 5103 2267 5150 tamen
2298 5093 2594 5164 iniquitatis
2634 5095 2865 5149 stimulis
2909 5094 3246 5166 obsequitur.

2157 5211 2327 5265 Vnus.
2363 5213 2447 5267 12.
2481 5239 2550 5250 —
2577 5211 2647 5265 Et
2675 5212 2819 5281 facti
2848 5215 2984 5266 sunt
3013 5212 3203 5267 amici.
3238 5210 3550 5266 Nefandum
3579 5212 3704 5269 fu:-

2082 5299 2207 5366 dus,
2223 5299 2367 5370 quod
2385 5299 2626 5354 Herodes
2643 5299 2975 5354 etPilatusin
2988 5301 3288 5356 occidendo
3301 5300 3582 5355 Christum
3598 5320 3703 5373 pe-

2082 5389 2357 5460 pigerunt,
2395 5403 2746 5444 successores
2776 5405 2967 5444 eorum
2996 5388 3344 5444 haereditario
3355 5389 3476 5457 jure
3495 5400 3702 5448 custo-

2083 5478 2256 5543 diunt,
2288 5478 2416 5532 dum
2446 5477 2620 5533 Judaei
2641 5485 2692 5534 et
2713 5477 2965 5551 gentiles,
3000 5478 3136 5534 sicut
3153 5494 3358 5550 genere
3378 5486 3432 5533 et
3454 5479 3704 5550 religio-

2080 5583 2170 5638 ne,
2189 5567 2459 5625 ita'mente
2476 5583 2691 5640 quoque
2704 5567 3052 5636 dissidentes,
3075 5567 3131 5623 in
3152 5567 3468 5624 Christianis
3495 5575 3704 5628 tamen
