3932 6178
229 274 314 329 345
1093 263 1362 321 GLOSSA
1396 263 1803 321 ORDINARIA.
1832 293 1902 306 --
1929 262 2194 322 EVANG.
2225 265 2378 323 LUC.

3396 272 3499 328 346

227 389 624 468 persequendis,
658 397 710 444 et
733 389 837 445 ﬁde
867 389 1066 445 Christi
1085 389 1404 460 perimenda
1435 389 1796 446 consentiunt.
1826 389 1884 450 A
1912 397 2144 459 vertunt,
2177 391 2407 462 utquod
2459 390 2798 447 criminando
2838 392 2924 448 vel
2951 393 3105 464 quasi
3132 392 3500 451 ratiocinando

227 485 276 540 in
300 491 418 554 typo
469 479 706 534 Herodis
755 487 808 534 et
838 479 990 533 Pilati
1021 479 1113 550 qui
1142 495 1240 549 per
1268 480 1455 534 Jesum
1485 479 1643 535 amici
1682 479 1807 534 facti

228 578 351 640 sunt,
380 570 696 624 Iudaeorum
727 568 1080 641 gentiumque
1111 567 1287 641 ﬁgura
1319 578 1588 637 servatur,
1621 576 1678 622 ut
1707 585 1806 638 per

225 659 514 734 passionem
557 657 758 712 Christi
808 657 1092 728 utriusque
1124 657 1311 727 populi
1342 657 1636 713 concordia
1665 656 1807 712 facta

227 751 284 803 sit
308 754 551 816 ventura,
586 747 659 802 ita
689 754 872 800 tamen
902 754 959 799 ut
992 746 1242 800 Gentiliis
1287 745 1441 816 prius
1472 746 1649 816 capiat
1679 763 1804 820 reg-

225 853 338 892 num
382 836 502 905 Dei,
556 843 610 889 et
658 835 728 889 ad
777 835 1026 890 Judaaum
1090 833 1218 889 ﬁdei
1283 851 1396 890 suae
1460 835 1806 891 devotionem

225 924 548 993 transmittat,
572 932 629 978 ut
658 923 738 977 illi
767 939 984 994 quoque
1015 923 1194 996 gloria
1221 923 1522 993 majestatis
1551 940 1662 978 suae
1683 939 1804 980 cor-

221 1030 310 1086 pus
337 1011 572 1067 vestiant
601 1011 821 1081 Christi,
858 1028 1022 1083 quem
1071 1018 1227 1066 antea
1274 1012 1657 1082 despexerunt.

282 1128 440 1182 Vsus.
479 1128 565 1181 14.
601 1157 672 1168 -
707 1127 1020 1183 Obtulistis.
1057 1126 1334 1195 Quantum
1365 1128 1603 1183 studium
1631 1128 1806 1183 dimit-

223 1215 352 1272 tendi
396 1216 588 1270 Jesum
636 1215 837 1270 Pilatus
885 1216 1121 1284 habeat,
1179 1217 1416 1271 attende.
1458 1217 1641 1271 Primo
1697 1217 1803 1271 illis

221 1305 584 1360 accusantibus
632 1305 764 1360 dicit
811 1320 870 1358 se
915 1304 1049 1358 nihil
1097 1319 1274 1359 causa
1317 1305 1373 1359 in
1401 1321 1466 1360 eo
1503 1305 1797 1373 invenisse,

219 1393 396 1448 deinde
443 1402 631 1447 tamen
675 1393 732 1446 in
773 1392 1010 1463 incmpto
1059 1393 1477 1463 persistentibus
1527 1394 1687 1448 mittit
1733 1396 1801 1450 ad

220 1482 501 1551 Herodem,
532 1490 590 1536 ut
621 1481 867 1552 exploret
896 1497 968 1535 an
994 1481 1086 1536 ille
1114 1481 1319 1553 aliquid
1368 1483 1595 1537 sceleris
1641 1483 1696 1537 in
1735 1499 1800 1538 eo

217 1570 446 1626 invenire
477 1570 673 1641 possit,
706 1585 777 1624 an
805 1570 1186 1625 dimittendum
1234 1571 1512 1626 decernat.
1553 1571 1800 1642 Denique

218 1659 432 1713 Herodis
465 1659 653 1731 agnita
699 1658 1006 1727 voluntate,
1039 1674 1144 1714 nec
1172 1658 1390 1714 invento
1420 1659 1475 1712 in
1503 1661 1634 1714 Jesu
1664 1659 1798 1716 faci-

1906 480 2275 550 nequiverant,
2304 480 2416 547 jam
2445 480 2770 551 postulando
2817 489 2869 536 et
2907 480 3258 538 vociferando
3287 490 3340 538 et
3367 500 3498 554 per-

1907 566 2140 623 ﬁciendo
2171 567 2474 638 perﬁciunt.

1978 657 2146 710 Vens.
2173 660 2259 712 25.
2301 688 2369 696 -—
2408 657 2639 712 Dimisit
2667 662 2880 728 autem,
2913 666 3016 714 etc.
3047 660 3248 715 Auctor
3273 658 3500 715 seditio-

1906 743 1990 798 nis
2020 752 2070 798 et
2117 745 2532 800 homicidiorum
2583 747 2782 800 Iudaeis
2828 747 3136 813 dimittitur,
3178 747 3236 802 id
3265 756 3346 803 est
3377 749 3499 804 dia-

1904 833 2062 888 bolus
2081 878 2094 901 ,
2127 835 2220 904 qui
2268 834 2337 888 ob
2382 835 2593 904 culpam
2624 850 2656 888 a
2685 835 2820 891 lucis
2850 836 3022 907 patria
3053 837 3329 907 depulsus,
3364 845 3416 892 et
3444 838 3501 893 in

1905 922 2250 976 tenebrarum
2281 938 2554 978 carcerem
2585 923 2754 977 fuerat
2784 924 3011 991 missus,
3061 932 3114 979 et
3157 925 3279 980 ideo
3306 941 3499 996 pacem

1903 1010 2105 1067 habere
2135 1027 2244 1067 non
2272 1021 2517 1082 possunt,
2554 1012 2677 1082 quia
2738 1012 2892 1084 pacis
2919 1021 3192 1069 auctorem
3244 1031 3354 1070 non
3383 1015 3498 1072 ele-

1903 1109 2117 1171 gerunt.

1973 1207 2144 1262 Vens.
2196 1210 2285 1263 26.
2335 1237 2403 1247 -
2451 1209 2959 1280 Apprehenderunt
2995 1212 3324 1282 quemdam,
3378 1221 3489 1268 etc.

1902 1294 2082 1350 Primo
2115 1295 2377 1350 Dominus
2408 1313 2625 1352 crucem
2655 1299 2920 1368 portavit,
2972 1301 3069 1354 sed
3097 1308 3288 1370 postea
3317 1299 3498 1371 impo-

1902 1383 2006 1437 sita
2036 1393 2118 1438 est
2149 1385 2382 1450 Simoni,
2437 1403 2598 1457 quem
2627 1396 2886 1442 exeuntes
2919 1388 3130 1442 obviam
3179 1390 3496 1458 habuerunt,

1900 1473 2066 1528 ethoc
2083 1488 2359 1545 congrue:
2379 1475 2633 1530 Christus
2656 1478 2809 1531 enim
2814 1493 3017 1548 passus
3039 1482 3126 1533 est
3137 1495 3239 1548 pro
3257 1479 3413 1534 nobis
3434 1483 3501 1534 ut

1896 1563 2215 1632 sequamini
2292 1564 2524 1633 vestigia
2571 1567 2690 1635 ejus
2720 1565 2772 1633 (Ι
2787 1568 2939 1620 Petr.
2965 1565 3048 1636 ιι).
3092 1565 3196 1632 Qui
3226 1581 3354 1621 vero
3375 1582 3499 1621 eum

1898 1648 2009 1703 vult
2030 1650 2200 1721 sequi,
2226 1650 2372 1705 tollat
2393 1667 2606 1707 crucem
2631 1668 2782 1706 suam
2813 1661 2864 1707 et
2894 1662 3164 1724 sequatur.
3200 1653 3340 1722 Quia
3370 1670 3502 1710 vero

218 1763 353 1814 nore,
385 1747 570 1817 plebis
599 1747 922 1802 sententiam
953 1747 1165 1818 quaerit,
1200 1748 1286 1803 cui
1317 1764 1484 1802 unum
1516 1749 1570 1802 in
1593 1748 1869 1808 PaschaB
1902 1736 2088 1791 Simon
2117 1754 2225 1792 Ποη
2274 1739 2514 1794 Israelita
2533 1781 2546 1808 ›
2600 1741 2697 1795 Sed
2741 1741 3032 1812 (ῙΥΓθηῖΒυδ
3062 1749 3204 1811 (πει,
3247 1759 3346 1813 Per
3376 1759 3498 1797 eum

218 1844 413 1906 oportet
445 1835 666 1890 dimitti.
691 1837 888 1890 Iterum
919 1836 1082 1890 etiam
1103 1835 1262 1890 tertio
1294 1837 1484 1891 volens
1505 1837 1797 1905 dimittere,

217 1924 524 1996 interrogat.
578 1923 689 1978 Sed
739 1932 936 1994 quanto
979 1923 1251 1978 curiosius
1280 1924 1552 1980 dimittere
1584 1926 1796 1996 quazrit,

213 2019 345 2068 tanto
373 2012 792 2068 criminosiores
821 2013 891 2067 ad
921 2019 1154 2067 mortem
1202 2013 1319 2081 ejus
1360 2013 1581 2068 invenit.

274 2125 626 2196 ans.:15.—
646 2127 753 2182 Sed
773 2141 950 2198 neque
973 2126 1229 2181 Herodes.
1255 2127 1340 2180 Ad
1361 2127 1798 2197 exprobrandam

212 2215 444 2270 duritiam
497 2215 814 2268 Iudaeorum
863 2214 950 2269 vel
1001 2214 1295 2269 Gentilium
1343 2214 1539 2270 fatetur
1577 2216 1795 2282 Pilatus,

208 2319 298 2360 nec
326 2320 401 2370 se,
435 2319 548 2359 nec
568 2304 846 2358 Herodem
877 2303 1082 2375 aliquid
1103 2304 1157 2356 in
1177 2303 1478 2359 occidendo
1509 2305 1722 2360 Christo
1745 2314 1798 2360 et

207 2392 472 2447 illudendo
504 2392 813 2459 invenisse,
865 2393 963 2448 sed
990 2392 1181 2448 alienae
1207 2385 1546 2449 crudelitatis
1591 2395 1797 2450 clamo-

208 2481 340 2536 ribus
367 2481 808 2552 obtemperasse.

267 2597 428 2651 Vsus.
470 2600 560 2650 16.
585 2625 656 2636 -
675 2596 1053 2652 Emendatum
1081 2612 1229 2667 ergo,
1255 2604 1359 2652 etc.
1386 2596 1588 2651 Pilatus
1617 2597 1797 2652 absol-

171 2751 174 2753 _
207 2684 270 2738 vit
294 2685 483 2740 Iesum
517 2700 682 2755 quem
712 2685 907 2755 probat
937 2685 1234 2754 insontem,
1285 2685 1381 2739 sed
1411 2694 1468 2740 ut
1496 2686 1795 2756 impleren—

202 2780 280 2828 tur
308 2773 630 2844 Scriptura,
667 2773 899 2828 absolvit
921 2773 1140 2844 quidem
1155 2772 1384 2841 judicio,
1423 2790 1588 2845 quem
1618 2781 1798 2831 tamen

207 2861 465 2935 cruciﬁgit
500 2861 782 2932 mysterio.

267 3005 427 3059 Vens.
468 3007 561 3058 18.
588 3033 658 3043 -
688 3003 832 3059 Tolle
863 3004 1031 3072 hunc,
1057 3010 1159 3058 etc.
1187 3001 1324 3071 Quia
1352 3019 1453 3074 pro
1481 3005 1610 3059 Jesu
1637 3003 1796 3059 latro-

1902 1824 2143 1880 Gentiles
2174 1827 2706 1898 designantur,prius
2736 1830 3013 1902 peregrini
3042 1839 3094 1884 et
3122 1831 3364 1901 hospites
3393 1839 3503 1886 tes-

1900 1921 2257 1968 tamentorum
2277 1955 2292 1984 ,
2324 1916 2422 1970 sed
2454 1933 2595 1972 nunc
2620 1917 2674 1970 in
2701 1916 2806 1972 ﬁde
2830 1918 2976 1972 cives
3007 1927 3058 1973 et
3087 1919 3370 1974 domestici
3399 1919 3500 1974 Dei

1898 2010 1952 2056 et
1980 2003 2296 2058 cohaeredes
2329 2005 2548 2073 Christi,
2580 2006 2723 2060 unde
2756 2005 2942 2060 Simon
2961 2007 3223 2061 obediens
3245 2007 3502 2078 Cyreneae

1897 2091 2072 2146 haeres
2121 2090 2531 2162 interpretatur.
2582 2093 2688 2148 Sed
2737 2094 2922 2150 Simon
2971 2095 3117 2150 venit
3162 2096 3231 2151 de
3263 2095 3409 2164 villa,
3445 2097 3501 2151 id

1899 2187 1978 2233 est
2010 2180 2078 2234 de
2109 2197 2252 2252 pago
2271 2221 2284 2247 ,
2319 2197 2348 2234 a
2381 2198 2488 2252 quo
2537 2183 2754 2254 pagani,
2791 2183 2879 2254 qui
2910 2200 2942 2238 a
2969 2183 3184 2238 civitate
3207 2184 3306 2240 Dei
3337 2184 3499 2240 alieni

1897 2267 2117 2322 urbana:
2147 2277 2271 2322 sunt
2301 2270 2728 2325 conversationis
2759 2271 2955 2342 ignari.
2989 2272 3094 2326 Sed
3127 2272 3312 2327 Simon
3353 2289 3500 2346 pago

1897 2356 2190 2428 egrediens
2237 2372 2459 2412 crucem
2508 2367 2681 2428 portat
2727 2367 2849 2430 post
2893 2361 3097 2428 Iesum,
3152 2377 3272 2416 cum
3311 2361 3497 2432 p0pu1i

1898 2444 2140 2518 gentium
2179 2446 2406 2518 paganis
2447 2446 2636 2500 ritibus
2682 2447 2960 2502 derelictis
3007 2449 3328 2505 obedienter
3373 2467 3492 2505 am-

1898 2534 2204 2604 plectuntur
2231 2534 2460 2607 vestigia
2489 2535 2788 2591 Dominicae
2817 2535 3109 2607 passionis.

1971 2649 2140 2703 Vsus.
2174 2650 2263 2705 27.
2294 2677 2363 2688 —-
2391 2649 2770 2722 Sequebatur,
2820 2658 2922 2705 etc.
2977 2651 3084 2705 Sed
3134 2665 3242 2706 non
3301 2652 3494 2708 eadem

1897 2744 2076 2791 mente
2109 2752 2322 2791 crucem
2353 2737 2592 2808 sequitur
2627 2755 2641 2792 :
2675 2737 2797 2792 Mali
2828 2747 3126 2810 sequuntur
3165 2747 3222 2794 ut
3250 2741 3494 2797 morien-

1897 2833 2004 2879 tem
2039 2825 2143 2880 laeti
2174 2825 2455 2897 aspiciant.
2492 2826 2764 2894 Mulieres,
2791 2835 2848 2881 ut
2870 2845 3028 2898 quem
3059 2828 3246 2883 vivere
3281 2829 3496 2884 deside-

1895 2915 2118 2983 rabant,
2171 2915 2521 2982 moriturum,
2568 2915 2921 2981 morientem,
2967 2924 3017 2970 et
3045 2925 3312 2972 mortuum
3371 2919 3494 2989 plo-

1896 3012 2092 3057 rarent.
2125 3005 2240 3059 Nec
2269 3003 2392 3058 ideo
2423 3004 2689 3058 inducitur
2719 3005 2864 3058 solus
2894 3005 3179 3060 mulierum
3209 3006 3460 3076 planctus
3479 3051 3494 3076 ,

203 3108 332 3158 nem,
380 3108 491 3164 pro
539 3091 819 3147 Salvatore
867 3089 1290 3157 interfectorem,
1324 3108 1426 3162 pro
1455 3093 1643 3147 datore
1676 3093 1796 3146 vitae
1827 3092 2111 3171 Cquando
2158 3098 2210 3146 et
2255 3092 2409 3145 multi
2456 3091 2559 3147 viri
2607 3093 2877 3159 dolorent,
2926 3094 3023 3148 sed
3071 3094 3195 3165 quia
3225 3094 3494 3149 femineus

204 3182 574 3252 ademptorem
607 3181 912 3252 elegerunt,
945 3182 1140 3236 merito
1180 3181 1409 3236 salutem
1439 3183 1792 3252 perdiderunt

203 3278 249 3324 et
291 3272 489 3337 vitam,
545 3278 600 3324 et
644 3269 941 3325 latrociniis
989 3278 1041 3324 et
1088 3270 1443 3325 seditionibus
1491 3271 1546 3324 in
1589 3279 1791 3325 tantum

203 3375 254 3413 se
297 3359 700 3426 subdiderunt,
750 3366 806 3412 ut
854 3366 905 3413 et
953 3358 1179 3428 patriam
1244 3375 1586 3430 regnumque
1644 3361 1790 3431 quod

202 3446 400 3503 Christo
450 3447 840 3518 praetulerunt,
873 3448 1192 3516 perderent,
1244 3455 1296 3502 et
1327 3449 1586 3504 hactenus
1619 3449 1790 3503 liber-

198 3543 346 3592 tatem
394 3537 604 3592 animae
650 3536 736 3591 vel
761 3537 1033 3607 ,corporis
1076 3553 1238 3607 quam
1265 3537 1647 3607 vendiderant,
1682 3554 1791 3592 non

199 3625 518 3695 reciperent.
555 3626 884 3692 Barabbam,
919 3633 1023 3680 etc.
1057 3625 1351 3692 Barabbas,
1387 3626 1477 3696 qui
1506 3624 1648 3680 ﬁlius
1676 3643 1790 3681 ma-

196 3713 338 3784 gistri
387 3715 473 3770 vel
508 3713 688 3784 patris
721 3730 913 3768 eorum
941 3714 1343 3783 interpretatur,
1378 3715 1495 3784 ipse
1527 3723 1609 3769 est
1639 3716 1790 3770 Anti-

199 3803 442 3868 ehristus,
469 3819 640 3874 quem
662 3802 738 3855 illi
769 3803 967 3857 Christi
996 3802 1308 3873 praeferant,
1333 3803 1531 3875 quibus
1552 3803 1750 3859 dicitur
1773 3821 1788 3859 :

205 3891 285 3947 Vos
331 3909 405 3947 ex
450 3896 626 3963 patre
655 3892 871 3948 diabolo
904 3894 1058 3946 estis.
1096 3892 1318 3946 'Pilatus
1365 3909 1426 3946 os
1459 3892 1790 3947 malleatoris

195 3978 592 4049 interpretatur,
641 3979 920 4033 diabolum
972 3979 1269 4051 signiﬁcat,
1324 3980 1415 4050 qui
1450 3988 1533 4035 est
1562 3981 1790 4035 malleus

191 4068 449 4124 universa:
502 4068 778 4133 materiae,
831 4085 930 4138 per
978 4085 1140 4140 quem
1189 4069 1338 4123 Deus
1385 4085 1515 4123 vasa
1555 4071 1791 4139 probare

189 4158 481 4226 permittit,
546 4166 602 4214 et
660 4157 878 4210 tandem
937 4157 1194 4226 conterit,
1255 4173 1378 4214 cum
1435 4158 1491 4212 in
1548 4166 1793 4214 extrema

189 4244 531 4302 damnatione
564 4244 880 4318 confringit.

251 4381 420 4434 Vsus.
457 4384 553 4437 21.
579 4410 649 4420 ——
673 4379 960 4451 Cruci/iga,
991 4380 1257 4449 Cruci/ica
1279 4397 1426 4436 eum.
1450 4381 1646 4454 Magna
1666 4397 1790 4438 cru-

1894 3197 2056 3234 sexus
2088 3180 2243 3250 quasi
2272 3181 2745 3251 contemptibilior,
2773 3181 2995 3236 liberius
3016 3190 3225 3252 poterat
3256 3199 3493 3254 praesen-

1891 3269 2034 3322 tibus
2063 3268 2400 3339 principibus
2447 3271 2816 3338 sacerdotum,
2853 3272 2998 3342 quod
3027 3280 3211 3326 contra
3243 3287 3338 3327 eos
3369 3289 3495 3327 sen-

1889 3357 2021 3412 serit
2070 3364 2362 3412 ostentare.
2417 3356 2553 3425 Quia
2573 3375 2701 3412 vero
2742 3362 2898 3415 novit
2919 3353 3190 3416 Domi-nus
3212 3362 3310 3432 qui
3340 3365 3479 3416 sunt

1890 3449 2011 3517 ejus
2046 3446 2124 3515 (II
2166 3447 2303 3501 Tim.
2336 3446 2418 3516 ιι),
2452 3447 2798 3516 pretermissa
2831 3446 3064 3502 furentis
3095 3449 3278 3519 populi
3309 3449 3492 3518 turba,

1890 3535 1959 3589 ad
1989 3542 2230 3589 amantes
2281 3542 2332 3588 et
2359 3535 2683 3606 plangentes
2731 3552 2790 3590 se
2836 3535 3065 3589 feminas
3095 3537 3282 3591 oculos
3315 3546 3367 3592 et
3396 3553 3495 3593 ora

1889 3623 2171 3678 convertit.
2211 3625 2338 3692 Quw
2353 3625 2714 3694 plangebant.
2738 3623 3113 3678 Tristabantur
3131 3625 3199 3679 de
3230 3626 3337 3680 vita
3354 3641 3497 3680 mor-

1889 3712 2001 3780 tali,
2037 3728 2156 3782 quae
2185 3719 2360 3765 morte
2392 3720 2508 3766 erat
2540 3710 2792 3779 ﬁnienda,
2829 3727 2937 3766 non
2967 3713 3035 3766 de
3069 3713 3227 3768 caacis
3258 3713 3350 3786 qui
3375 3729 3490 3770 me-

1888 3800 2068 3856 dicum
2100 3799 2440 3855 occidebant.

1961 3917 2129 3970 Vens.
2144 3919 2233 3972 28.
2255 3946 2323 3955 -
2344 3917 2504 3971 Filia:
2523 3917 2891 3972 Hierusalem.
2908 3917 3048 3973 Nota
3067 3931 3190 3972 cum
3210 3914 3350 3972 ﬁlios
3372 3918 3494 3975 Hie-

1891 4005 2129 4059 rusalem
2159 4013 2336 4074 vocat,
2372 4006 2515 4076 quod
2536 4021 2644 4060 non
2667 4006 2797 4060 solae
2822 4023 2942 4078 qua
2975 4021 3099 4061 cum
3130 4022 3194 4061 eo
3224 4017 3484 4064 venerant

1891 4110 1920 4148 a
1973 4093 2224 4162 Galilaza,
2275 4094 2371 4148 sed
2419 4094 2583 4149 etiam
2603 4096 2849 4164 ejusdem
2867 4095 3015 4150 urbis
3049 4096 3196 4152 cives
3227 4097 3277 4151 ei
3311 4099 3491 4155 multa:

1890 4181 2150 4237 mulieres
2179 4183 2552 4239 adhaeserant.
2603 4185 2784 4239 Nolite
2822 4185 2975 4253 ﬂere.
3009 4186 3092 4240 Ne
3122 4185 3491 4242 lamentemini

1890 4271 2361 4340 me,moriturum,
2413 4273 2561 4340 cujus
2592 4271 2697 4327 cito
2727 4273 3052 4329 resurrectio
3101 4283 3328 4330 mortem
3375 4276 3490 4330 sol-

1891 4377 2021 4416 vere
2069 4369 2274 4430 potest,
2326 4361 2478 4430 cujus
2519 4377 2665 4416 mors
2712 4370 2944 4416 mortem
2992 4370 3044 4416 et
3100 4362 3274 4432 ipsum
3304 4363 3489 4425 mortis

191 4468 374 4523 delitas
409 4486 422 4524 :
461 4485 578 4523 non
610 4468 789 4523 solum
819 4450 1086 4536 ocCidere,
1121 4470 1217 4523 sed
1266 4450 1590 4541 cruciﬁgere
1639 4489 1792 4542 qure-
1818 4471 1869 4532 D
1894 4458 2163 4542 θμοιοτίξξη
2214 4450 2474 4542 ᾂθεξνιιθι-
2526 4451 2637 4505 V05
2683 4451 2862 4542 PPti“_S_
2907 4459 3252 4542 vestramque
3282 4467 3486 4524 Ρτοέθ·

185 4567 332 4625 runt,
397 4566 458 4612 ut
519 4557 774 4611 manibus
831 4565 884 4611 et
930 4558 1160 4627 pedibus
1209 4559 1277 4611 ad
1321 4558 1527 4629 lignum
1562 4560 1787 4615 conﬁxis

181 4647 440 4716 producta
469 4655 656 4701 morte
691 4653 978 4700 necaretur
1000 4688 1015 4715 ,
1049 4663 1117 4701 ne
1147 4647 1304 4701 dolor
1332 4646 1490 4701 citius
1522 4646 1783 4719 ﬁniretur,

181 4743 227 4789 et
256 4744 310 4789 ut
338 4737 394 4789 in
427 4752 606 4792 cruce
636 4734 730 4789 diu
778 4735 1072 4790 videretur.

242 4861 414 4916 Vens.
448 4865 548 4918 22.
573 4890 643 4900 -
670 4862 1003 4932 Corripiam,
1039 4869 1143 4916 ete.
1198 4860 1350 4915 Hanc
1383 4861 1786 4931 correptionem

177 4949 474 5005 deridendo
511 4957 566 5005 et
598 4949 924 5021 ﬂagellando
956 4949 1317 5004 nefandorum
1365 4949 1653 5004 desideriis
1684 4967 1784 5006 ex—

177 5038 355 5108 hibuit,
387 5056 463 5094 ne
516 5055 697 5110 usque
727 5039 800 5094 ad
829 5038 1260 5111 cruciﬁgendum
1304 5038 1572 5094 szevirent.
1626 5039 1786 5108 Quod

176 5134 221 5180 et
248 5128 418 5183 verba
451 5128 687 5183 Joannis
717 5127 1097 5200 evangelistae,
1147 5135 1199 5182 et
1235 5127 1355 5196 ipsa
1386 5128 1640 5184 columna
1669 5137 1784 5185 tes-

174 5224 304 5272 tatur
332 5219 407 5273 ad
441 5232 619 5288 quam
651 5217 850 5289 ligatus
879 5216 977 5270 fuit
1007 5216 1300 5284 Dominus,
1335 5233 1456 5286 quae
1486 5235 1658 5290 usque
1687 5220 1786 5274 ho-

174 5305 251 5360 die
278 5305 574 5361 Dominici
604 5304 886 5378 sanguinis
916 5305 1264 5360 cernantibus
1295 5313 1442 5359 certa
1480 5307 1635 5378 signa
1683 5309 1785 5362 de-

172 5404 456 5451 monstrat.
498 5395 616 5449 Sed
644 5394 772 5450 licet
803 5393 1002 5450 Pilatus
1031 5396 1134 5450 hoc
1164 5403 1308 5466 agat,
1494 5396 1661 5450 abilis
1680 5397 1784 5451 ins-

172 5489 239 5536 tat
267 5486 392 5556 quia
425 5483 866 5553 accusationem,
920 5499 1085 5556 quam
1133 5493 1321 5540 contra
1351 5484 1642 5540 Dominum
1681 5486 1783 5541 de-

169 5571 414 5642 tulerant,
454 5572 703 5629 sollicita
731 5572 883 5627 Pilali
911 5573 1336 5646 interrogatione
1368 5575 1617 5630 viderant
1661 5591 1784 5630 eva-

169 5671 389 5718 cuatam.
455 5662 714 5718 Tandem
741 5662 1001 5736 impudici
1029 5663 1097 5718 ad
1143 5663 1285 5720 solas
1331 5679 1527 5738 preces
1549 5680 1607 5721 se
1647 5680 1782 5722 con-

1889 4539 2034 4592 niem
2082 4538 2264 4611 dignis
2308 4538 2668 4608 lacrymarum
2710 4538 2946 4593 fontibus
2994 4539 3228 4608 abluite,
3262 4556 3331 4595 ne
3363 4556 3487 4596 cum

1887 4626 2109 4697 perﬁdis
2139 4626 2469 4681 damnemini
2500 4626 2553 4679 in
2585 4627 2841 4681 ultionem
2872 4643 3007 4681 mea:
3033 4627 3232 4683 crucis.

1960 4731 2126 4784 Vens.
2164 4733 2252 4786 29.
2278 4760 2346 4769 —
2367 4731 2503 4784 Ecce
2533 4729 2761 4783 venient
2789 4729 2926 4784 dies.
2955 4729 3082 4784 Dies
3113 4731 3370 4787 Romanae
3392 4732 3484 4786 ob-

1887 4817 2114 4873 sidionis
2145 4826 2197 4872 et
2228 4817 2568 4888 captivitatis.
2603 4817 2856 4872 Naturale
2879 4826 2960 4872 est
2979 4819 3292 4874 imminente
3313 4821 3486 4891 capti-

1886 4907 2066 4972 vitate,
2092 4906 2381 4977 hostilique
2413 4922 2511 4976 per
2542 4921 2708 4977 agros
2731 4907 3003 4978 urbesque
3033 4907 3185 4963 clade
3216 4908 3480 4975 fervente,

1888 5003 2112 5051 cunctos
2143 4995 2233 5066 qui
2259 4995 2490 5050 evadere
2520 5003 2734 5065 queant,
2769 4995 2879 5049 alta
2908 5012 3136 5068 quaeque
3165 4997 3254 5052 vel
3299 4997 3484 5053 abdita

1888 5084 2103 5157 refugia
2133 5084 2330 5155 quibus
2353 5084 2771 5152 abscondantur,
2821 5085 3123 5156 requirere.

1958 5200 2128 5253 Vens.
2162 5201 2248 5253 30.
2282 5229 2350 5238 —
2380 5199 2572 5255 Cadite
2601 5216 2768 5272 super
2797 5217 2917 5257 nos.
2951 5201 3134 5256 Potest
3161 5202 3266 5259 hoc
3297 5218 3364 5258 ex
3394 5219 3485 5260 su-

1885 5287 2095 5359 perﬂuo
2125 5287 2353 5360 intelligi
2382 5288 2451 5343 de
2480 5288 2563 5342 his
2585 5287 2678 5360 qui
2710 5289 2958 5345 utrolibet
2980 5307 3112 5347 sexu
3132 5291 3344 5364 seipsos
3363 5307 3484 5350 cas-

1887 5385 2161 5433 traverunt
2188 5385 2414 5449 propter
2444 5394 2671 5452 regnum
2702 5378 2982 5434 caelorum.

1958 5485 2126 5540 Vens.
2149 5488 2235 5540 3-1.
2258 5515 2326 5526 —
2355 5487 2494 5556 Quia
2514 5488 2567 5541 si
2585 5487 2650 5542 in
2671 5487 2847 5542 veridi
2871 5487 3040 5559 ligno.
3065 5486 3250 5542 Viride
3269 5485 3482 5556 lignum

1887 5573 2133 5629 Christus
2191 5582 2243 5630 et
2290 5575 2373 5629 sui
2421 5575 2595 5644 electi,
2623 5575 2833 5630 aridum
2864 5575 3015 5646 impii
3044 5583 3095 5630 et
3123 5579 3435 5645 peccatores
3459 5614 3473 5642 ,

1886 5664 2030 5721 unde
2062 5663 2135 5720 ait
2169 5682 2180 5719 :
2214 5665 2270 5721 Si
2317 5681 2450 5739 ergo
2497 5681 2602 5739 ego
2634 5665 2726 5738 qui
2753 5672 3037 5738 peccatum
3071 5677 3178 5718 non
3207 5657 3339 5731 feci,
3384 5660 3478 5732 qui
