3932 6178
440 214 542 268 347

1046 207 1449 264 WALAFRIDI
1476 206 1719 263 STRABI
1746 205 1948 263 FULD.
1980 205 2152 264 MON.
2195 210 2397 268 PARS.
2438 214 2479 268 ἰ.
2512 241 2583 254 —-
2639 213 3118 272 THEOLOGICA.
3637 228 3718 281 348

434 335 644 409 lignum
673 334 798 391 vitae
825 333 1018 389 merito
1048 333 1352 403 appellatus
1371 332 1655 388 duodenos
1683 329 1889 388 fructus
1920 348 2042 404 gra-
2060 333 2116 396 Α
2145 344 2302 391 erant
2349 337 2550 405 Judaei,
2601 354 2634 393 a
2682 339 2808 394 vino
2854 340 3290 409 patriarcharum
3325 342 3715 414 degenerantes.

433 423 524 478 tiae
551 439 652 493 per
680 422 926 495 singulos
954 437 1171 482 menses
1239 419 1428 486 affero,
1455 420 1572 475 sine
1605 420 1734 498 igne
1764 420 2039 490 passionis

435 511 505 566 de
534 511 638 566 hoc
670 511 875 565 mundo
905 525 1014 565 non
1042 525 1197 578 exeo,
1229 525 1352 580 qua:
1381 516 1652 564 tormenta
1671 517 1893 564 manent
1913 509 2038 563 illos

436 599 529 671 qui
577 599 842 655 fructibus
889 606 1012 652 sunt
1061 597 1235 662 vacui,
1285 597 1510 667 insuper
1558 605 1611 651 et
1657 597 1868 668 lignum
1915 597 2041 652 vitae

438 687 670 742 ﬂammis
698 688 832 742 dare
861 703 971 741 non
1000 684 1233 740 timent?
1261 685 1330 739 Et
1376 687 1426 741 si
1456 703 1612 741 nunc
1661 690 1749 742 est
1797 690 2035 759 tempus,

434 780 499 831 ut
520 777 762 848 incipiat
761 778 793 847 j
797 775 1048 831 udicium
1060 775 1127 829 de
1141 775 1300 830 domo
1312 776 1429 842 Dei,
1452 779 1511 829 et
1526 791 1719 830 omnes
1732 777 1827 848 qui
1845 776 2039 831 volunt

434 866 526 936 pie
568 867 751 924 vivere
801 864 1022 920 Christo
1066 865 1527 933 persecutionem
1570 866 1896 935 patiuntur,
1950 863 2042 934 qui

437 951 561 1006 ﬁnis
592 967 779 1006 eorum
811 950 904 1023 qui
932 966 1043 1006 non
1073 951 1304 1006 credunt
1332 951 1635 1023 Evangelio
1653 952 1680 1006 ?
1701 950 1752 1022 (Ι
1767 953 1920 1006 Petr.
1947 966 2038 1019 IV;

433 1042 462 1095 Ι
494 1041 628 1096 Tim.
664 1039 769 1108 Ill).

505 1150 676 1206 Vens.
710 1152 797 1205 32.
840 1179 907 1190 —
944 1149 1305 1205 Ducebantur
1335 1153 1546 1204 autem.
1583 1147 1844 1218 Impletur
1891 1149 2037 1219 quod

437 1238 642 1295 dictum
673 1245 755 1292 est
790 1255 802 1290 :
838 1239 908 1293 Et
937 1236 1301 1309 cumiiniquis
1321 1238 1624 1309 deputatus
1645 1237 1871 1307 est(Isa.
1895 1235 2035 1307 Lm).

436 1328 496 1382 In
526 1333 700 1381 morte
728 1326 1020 1396 deputatur
1048 1341 1173 1381 cum
1207 1325 1426 1396 iniquis,
1463 1333 1521 1378 ut
1550 1325 1607 1378 in
1635 1324 2040 1381 resurrectione

435 1415 675 1471 viviﬁcet
723 1414 939 1486 iniquos
983 1414 1075 1485 qui
1105 1422 1333 1484 prepter
1360 1413 1608 1468 homines
1639 1414 1802 1468 homo
1833 1413 2037 1483 factus,

436 1503 746 1559 hominibus
779 1503 929 1558 dedit
953 1510 1278 1574 potestatem
1309 1500 1450 1557 ﬁlios
1479 1503 1581 1557 Dei
1612 1500 1749 1557 ﬁeri.

507 1630 678 1686 Vens.
714 1633 800 1685 33.
822 1661 890 1671 —-
912 1632 1184 1688 Calvar-ice
1215 1631 1418 1687 locum.
1449 1631 1621 1685 Extra
1649 1636 1864 1700 portam
1903 1628 2036 1684 Hie—

2139 424 2256 480 Hoc
2301 434 2454 500 aceto
2502 427 2702 481 milites
2727 435 2917 498 potant
2946 429 3272 498 Dominum,
3330 447 3498 504 quem
3530 433 3718 492 illorum

2139 515 2494 586 suggestione
2523 515 2687 571 morti
2716 517 2959 572 tradunt.

2213 643 2379 699 Vrsas.
2414 647 2500 698 38.
2533 675 2602 684 ——
2632 647 2770 700 Erat
2798 649 3123 716 autem,etc.
3151 647 3247 703 Hm
3262 655 3376 704 tres
3400 648 3610 722 lingua
3623 668 3716 723 pra

2140 731 2354 786 caeteris
2385 732 2715 788 eminebant.
2749 733 2999 802 Hebraea,
3031 743 3253 806 propter
3279 737 3502 793 Iudaeos
3533 739 3591 793 in
3620 739 3722 812 lege

2139 815 2442 887 gloriantes
2477 834 2489 870 :
2525 816 2721 873 Graeca
2766 825 2992 888 propter
3034 819 3330 874 Gentilium
3376 822 3720 892 sapientiam:

2140 903 2330 957 Latina
2372 912 2602 975 propter
2648 906 2925 960 Romanos
2973 905 3324 977 imperantes.
3375 909 3530 982 Ergo
3568 909 3725 968 'velint

2139 991 2312 1046 nolint
2339 992 2532 1058 Judmi,
2566 1009 2727 1047 omne
2754 1009 2986 1063 regnum
3017 995 3224 1063 mundi,
3251 997 3430 1053 omnis
3467 999 3725 1056 mundana

2141 1079 2403 1150 sapientia
2424 1123 2438 1147 ,
2473 1080 2656 1135 omnia
2685 1081 2872 1137 divina
2903 1081 3052 1154 legis
3087 1093 3425 1139 sacramenta
3461 1094 3724 1154 testantur,

2141 1168 2286 1239 quod
2333 1169 2492 1223 Jesus
2539 1177 2622 1223 est
2667 1168 2968 1240 imperator
3014 1171 3356 1227 credentium
3386 1181 3439 1228 et
3478 1174 3724 1231 conﬁten-

2140 1255 2289 1310 tium.
2343 1257 2440 1312 Hic
2472 1261 2560 1313 est
2585 1275 2692 1313 rex
2721 1258 3061 1315 Juda’orum.
3094 1259 3300 1315 Titulus
3341 1261 3436 1333 qui
3473 1245 3725 1318 Christum

2139 1360 2330 1417 regem
2375 1352 2603 1400 testatur
2622 1388 2635 1415 ,
2687 1362 2796 1400 non
2827 1346 2986 1414 infra,
3019 1349 3118 1402 sed
3146 1365 3313 1419 supra
3341 1366 3566 1406 crucem
3599 1353 3724 1422 poni-

2139 1440 2258 1498 tur,
2294 1433 2420 1504 quia
2445 1433 2569 1489 licet
2598 1433 2653 1487 in
2683 1450 2847 1490 cruce
2876 1435 3112 1490 hominis
3141 1435 3457 1494 infirmitate
3503 1439 3722 1510 dolebat,

2140 1536 2304 1590 super
2323 1537 2540 1577 crucem
2565 1530 2749 1578 tamen
2764 1523 2910 1594 regis
2935 1525 3218 1592 majestate
3251 1525 3516 1599 fulgebat,
3557 1536 3610 1582 et
3624 1528 3724 1584 ideo

2137 1608 2417 1664 immolato
2449 1609 2631 1664 titulus
2663 1619 2744 1666 est
2776 1628 2937 1682 supra
2968 1612 3197 1682 positus,
3222 1621 3280 1668 ut
3301 1615 3512 1671 cunctis
3535 1615 3721 1687 legere,

437 1719 669 1774 rusalem
715 1727 872 1774 erant
912 1719 1031 1776 loca
1075 1719 1131 1772 in
1177 1719 1373 1790 quibus
1420 1695 1807 1774 truncabantur
1853 1717 2034 1788 capita

2144 1697 2194 1752 id
2221 1706 2320 1764 est,
2379 1699 2608 1754 credere
2658 1700 2963 1755 volentibus
2987 1709 3195 1771 pateat,
3249 1703 3376 1774 quia
3405 1719 3506 1774 per
3533 1720 3724 1760 crucem

437 1807 839 1874 damnatorum,
892 1815 945 1862 et
990 1807 1311 1863 dicebantur
1356 1807 1478 1862 loca
1527 1807 1825 1873 Calvariae,
1873 1807 1926 1860 id
1956 1813 2040 1860 est

438 1895 851 1950 decollatorum.
881 1895 958 1949 Ibi
988 1894 1344 1967 cruciﬁgitur,
1377 1903 1454 1963 ut,
1489 1894 1563 1949 ibi
1593 1902 1712 1949 erat
1732 1910 1861 1949 area
1889 1894 2038 1948 dam-

436 1990 724 2051 natorum,
773 1983 1058 2056 erigantur
1107 1983 1302 2038 vexilla
1345 1982 1612 2053 martyrii.
1663 1984 1733 2038 Et
1766 1984 2032 2048 latrones,

436 2079 542 2127 etc.
600 2071 972 2127 Exsecrabilis
1036 2071 1091 2124 in
1151 2071 1292 2126 facto
1368 2070 1626 2142 iniquitas
1699 2070 2032 2139 Iudaeorum,

439 2175 560 2230 quae
610 2159 766 2232 quasi
813 2159 1080 2214 latronem
1132 2157 1404 2232 cruciﬁgit
1450 2159 1690 2214 omnium
1720 2159 2036 2229 redempto-

438 2263 576 2314 rem,
612 2248 787 2303 bonus
815 2255 996 2302 tamen
1024 2247 1080 2301 in
1108 2248 1370 2317 mysterio
1401 2246 1540 2301 latro
1563 2290 1576 2314 ,
1628 2247 1720 2319 qui
1749 2245 2036 2302 insidiatus

438 2344 522 2392 est
551 2335 767 2392 diabolo
789 2380 801 2402 ,
854 2343 911 2390 ut
958 2352 1090 2391 vasa
1134 2336 1250 2404 ejus
1281 2334 1540 2390 auferret.
1575 2335 1677 2390 Per
1703 2335 1854 2389 illum
1887 2335 1979 2406 qui
2007 2351 2036 2389 a

435 2423 640 2478 dextris
690 2422 1028 2496 signiﬁcatur
1075 2422 1420 2479 mortiﬁcatio
1469 2421 1648 2479 carnis
1695 2439 1796 2494 pro
1826 2423 2035 2480 caelesti

432 2512 629 2585 gloria,
653 2529 752 2583 per
772 2512 925 2567 illum
947 2513 1088 2584 quia
1110 2512 1344 2568 sinistris
1364 2511 1709 2568 mortiﬁcatio
1735 2511 1915 2568 carnis
1936 2526 2034 2582 pro

433 2600 618 2673 aliqua
646 2601 833 2656 mundi
862 2616 1042 2657 causa.

508 2716 679 2771 Vens.
712 2717 800 2769 34.
834 2745 901 2754 —
932 2718 1062 2772 Jesu
1091 2721 1303 2783 autem,
1331 2723 1433 2772 etc.
1460 2713 1602 2783 Quia
1629 2714 1804 2769 Lucas
1829 2714 2030 2769 Christi

437 2803 800 2860 sacerdotium
832 2802 1075 2858 scribere
1105 2803 1392 2874 disposuit,
1416 2811 1564 2858 recte
1597 2802 1860 2857 Dominus
1889 2804 2034 2872 apud

437 2893 612 2947 Deum
638 2907 738 2962 pro
768 2892 1214 2961 persecutoribus
1238 2892 1362 2960 jure
1412 2891 1710 2945 sacerdotis
1750 2891 2037 2946 intercedit

433 2989 486 3036 et
517 2980 716 3035 latroni
746 2978 1020 3035 conﬁtenti
1051 2979 1364 3050 paradisum
1409 2979 1629 3052 pandit,
1681 2994 1782 3034 nec
1830 2977 2030 3033 frustra

435 3076 593 3137 orat,
643 3068 741 3122 sed
786 3083 888 3138 pro
920 3067 998 3122 eis
1029 3069 1118 3139 qui
1142 3076 1266 3138 post
1290 3067 1603 3138 passionem
1631 3067 1747 3134 ejus
1780 3068 2034 3122 credide-

439 3164 597 3222 runt,
631 3157 903 3226 impetrat.
936 3157 1057 3210 Non
1105 3172 1206 3226 pro
1251 3155 1330 3210 eis
1361 3164 1494 3220 orat,
1529 3155 1620 3226 qui
1648 3173 1747 3226 per
1775 3157 2035 3211 invidiam

439 3252 493 3300 et
541 3244 856 3315 superbiam
907 3243 1096 3298 Filium
1145 3245 1245 3299 Dei
1293 3243 1708 3312 intellexerunt,
1755 3252 1955 3315 negant
1985 3253 2037 3300 et

437 3331 800 3406 cruciﬁgunt,
855 3333 951 3387 sed
998 3348 1099 3403 pro
1147 3333 1227 3387 eis
1256 3333 1348 3404 qui
1379 3332 1553 3387 zelum
1603 3332 1701 3387 Dei
1745 3333 2032 3402 habentes,

437 3422 535 3477 sed
548 3437 655 3476 non
669 3421 966 3477 secundum
981 3421 1280 3487 scientiam,
1297 3421 1609 3477 nescierunt
1621 3421 1750 3493 quid
1766 3420 2031 3476 fecerunt.

505 3510 846 3566 Dividentes.
899 3511 978 3564 De
1025 3509 1108 3564 his
1155 3512 1392 3565 Joannes
1423 3509 1597 3563 latius.
1635 3508 2035 3581 Quadripertita

435 3599 602 3654 vestis
652 3595 922 3672 signiﬁcat
968 3598 1276 3655 Ecclesiam
1324 3606 1432 3654 toto
1462 3599 1776 3670 orbe,quaa
1809 3606 2037 3669 quatuor

431 3687 679 3757 partibus
711 3695 958 3754 constat,
981 3685 1259 3755 diffusam,
1300 3687 1550 3743 omnibus
1578 3687 1821 3758 partibus
1851 3703 2035 3759 aequa-

432 3776 575 3845 liter,
609 3777 664 3831 id
697 3785 798 3842 est,
833 3777 1180 3833 concorditer
1202 3777 1564 3831 distributam.
1590 3775 1793 3832 Tunica
1825 3761 2032 3844 sdrtita,

430 3865 673 3920 omnium
702 3865 936 3934 partium
968 3863 1239 3937 signiﬁcat
1266 3865 1528 3919 unitatem
1551 3908 1563 3930 ,
1597 3881 1721 3936 quae
1751 3865 2032 3920 charitatis

433 3953 651 4008 vinculo
682 3953 1002 4008 continetur.
1038 3954 1242 4008 Sortes.
1277 3953 1338 4006 In
1368 3960 1514 4008 sorte
1544 3953 1644 4006 Dei
1691 3952 1869 4025 gratia
1897 3968 2038 4008 com-

433 4041 694 4094 mendata
723 4047 824 4094 est.
860 4040 946 4094 Sic
978 4040 1176 4111 quippe
1225 4040 1280 4093 in
1311 4056 1418 4096 uno
1448 4040 1519 4094 ad
1549 4056 1739 4095 omnes
1768 4041 2034 4111 pervenit,

434 4143 561 4184 cum
610 4143 732 4183 sors
780 4128 1032 4182 omnibus
1077 4128 1312 4198 placuit,
1367 4128 1490 4199 quia
1539 4136 1592 4183 et
1641 4129 1741 4184 Dei
1772 4129 1949 4199 gratia
1979 4130 2034 4183 in

435 4217 638 4277 tmitate
685 4217 754 4272 ad
786 4232 978 4272 omnes
1008 4216 1291 4287 pervenit,
1342 4223 1394 4271 et
1441 4231 1565 4272 cum
1614 4233 1735 4273 sors
1777 4218 2036 4287 mittitur,

431 4321 545 4362 non
589 4321 836 4378 personae
887 4305 1210 4376 cujusquam
1237 4304 1323 4361 vel
1369 4304 1613 4372 meritis,
1662 4307 1758 4362 sed
1827 4306 2039 4362 occulto

432 4396 534 4452 Dei
556 4395 760 4465 judicio
781 4394 1036 4452 creditur.
2032 4413 2085 4474 D

503 4511 676 4566 Vens.
710 4515 797 4567 35.
821 4511 1062 4567 --Alios
1091 4510 1273 4566 salvos
1302 4510 1462 4581 fecit.
1499 4508 1611 4564 Sua
1656 4525 1715 4563 se
1765 4509 2036 4566 sententia

434 4600 718 4668 damnant,
752 4599 843 4671 qui
871 4599 1031 4655 etiam
1062 4598 1310 4654 nolentes
1339 4597 1484 4670 quod
1513 4597 1648 4652 alios
1680 4597 1858 4654 salvos
1890 4597 2034 4654 fece-

435 4687 527 4757 rit,
559 4684 901 4742 conﬁtentur.
934 4688 1152 4743 Poterat
1186 4687 1406 4759 quidem
1436 4702 1497 4740 se
1527 4686 1762 4755 salvare,
1789 4687 1887 4741 sed
1911 4687 2037 4758 quia

435 4775 554 4847 ipse
585 4773 831 4829 Christus
862 4776 962 4830 Dei
992 4776 1200 4832 electus
1220 4819 1232 4843 ,
1266 4775 1335 4830 de
1366 4791 1529 4830 cruce
1560 4775 1899 4831 descendere
1929 4791 2034 4831 no-

434 4863 553 4919 luit.
585 4863 723 4919 Nam
753 4863 844 4934 qui
865 4863 990 4918 ideo
1009 4863 1174 4930 venit,
1207 4873 1266 4919 ut
1294 4879 1394 4935 pro
1415 4864 1574 4920 nobis
1596 4862 2029 4937 cruciﬁgeretur,

433 4952 579 5019 ideo,
615 4968 676 5007 se
703 4951 772 5007 de
803 4967 966 5009 cruce
996 4953 1205 5007 salvare
1234 4953 1493 5026 neglexit,
1518 4953 1646 5026 quia
1675 4969 1798 5008 cum
1820 4953 2032 5008 caeteris

435 5040 820 5112 peccatoribus
866 5041 1029 5096 etiam
1075 5040 1426 5098 cruciﬁxores
1476 5041 1760 5098 moriendo
1825 5039 2034 5097 curavit

435 5129 671 5185 salvare.

505 5245 677 5302 Vrsas.
710 5249 797 5300 36.
827 5276 896 5286 —
925 5246 1242 5302 Illudebcmt
1269 5249 1462 5302 autem
1492 5248 1562 5313 ei,
1590 5253 1693 5302 etc.
1716 5245 1856 5300 Nota
1885 5245 2030 5317 quod

432 5335 604 5392 Judaei
653 5335 979 5390 vocabulum
1027 5334 1228 5390 Christi
1275 5342 1328 5390 et
1375 5335 1491 5390 Filii
1555 5334 1656 5390 Dei
1710 5335 2030 5392 auctoritate

435 5423 732 5496 Scriptura;
745 5423 864 5478 sibi
892 5424 1144 5479 traditum
1174 5423 1417 5480 irrident.
1451 5423 1646 5478 Milites
1674 5439 1807 5479 vero
1838 5423 2028 5494 Scrip-

433 5522 680 5570 turarum
709 5512 866 5570 inscii
901 5527 1009 5568 non
1039 5513 1254 5569 Christo
1283 5513 1385 5567 Dei
1415 5512 1589 5568 electo
1609 5553 1624 5580 ,
1650 5512 1748 5568 sed
1786 5512 1905 5586 regi
1931 5512 2031 5568 Ju-

431 5603 677 5661 daeorum
724 5601 999 5660 insultant.
1051 5604 1119 5658 Et
1166 5606 1391 5660 acetum
1435 5601 1751 5672 offerentes.
1799 5605 2027 5660 Acetum

2137 1802 2245 1842 non
2276 1786 2525 1857 perdidit,
2562 1787 2659 1843 sed
2691 1789 3065 1844 corroboravit
3107 1790 3417 1861 imperium.

2206 1875 2378 1930 Vens.
2415 1877 2499 1930 40.
2535 1907 2602 1916 ——
2632 1878 2965 1950 Increpabat
2993 1895 3142 1933 eum.
3180 1881 3299 1949 Ipsa
3331 1879 3634 1951 increpatio
3658 1881 3724 1937 fu-

2139 1972 2314 2018 turum
2347 1964 2522 2019 crucis
2553 1965 2865 2020 scandalum
2893 1965 3058 2021 etiam
3092 1967 3237 2023 circa
3271 1969 3562 2024 credentes
3592 1986 3723 2026 reve-

2136 2052 2229 2120 lat,
2265 2068 2494 2124 quorum
2527 2053 2618 2108 alii
2647 2069 2680 2108 a
2710 2055 2935 2121 dextris,
2970 2055 3061 2110 alii
3093 2072 3126 2110 a
3166 2056 3420 2111 sinistris.

2205 2143 2376 2196 Vens.
2412 2144 2498 2197 42.
2524 2173 2592 2182 —
2613 2145 2866 2212 Domine,
2891 2150 3176 2201 memento
3196 2147 3329 2201 mei.
3353 2147 3554 2217 Magna
3573 2148 3724 2221 gratia

2136 2230 2188 2284 in
2221 2231 2324 2286 hoc
2352 2230 2560 2287 latrone
2586 2231 2804 2286 eminet.
2831 2231 3050 2286 Nullum
3079 2234 3382 2289 membrum
3414 2251 3446 2289 a
3477 2236 3722 2307 supplicio

2136 2319 2365 2374 liberum
2412 2320 2590 2386 habet,
2622 2328 2820 2390 prieter
2867 2333 2965 2376 cor
2990 2329 3044 2376 et
3073 2321 3331 2392 linguam,
3377 2332 3551 2379 totum
3601 2325 3723 2396 quod

2134 2407 2366 2462 liberum
2415 2409 2597 2478 habet,
2631 2407 2803 2464 oﬁ‘ert.
2839 2408 3015 2464 Corde
3045 2410 3254 2477 credit,
3303 2427 3401 2467 ore
3429 2412 3718 2469 conﬁtetur.

2135 2496 2320 2550 Fidem
2340 2497 2525 2551 habuit
2549 2497 2643 2568 qui
2674 2506 3023 2568 regnaturum
3049 2499 3305 2566 credidit,
3342 2517 3507 2571 quem
3556 2517 3721 2558 secum

2133 2585 2457 2640 morientem
2485 2585 2636 2639 vidit.
2665 2586 2827 2656 Spem
2846 2586 3054 2653 habuit,
3081 2586 3172 2658 qui
3198 2587 3402 2642 aditum
3424 2591 3718 2659 postulavit.

2133 2673 2459 2728 Charitatem
2507 2673 2737 2729 ﬁrmiter
2787 2675 2985 2743 tenuit,
3040 2676 3131 2746 qui
3162 2675 3429 2732 latronem
3461 2688 3516 2733 et
3547 2679 3611 2734 de
3637 2693 3724 2734 sua

2134 2761 2418 2831 iniquitate
2450 2762 2648 2834 arguit,
2685 2771 2737 2818 et
2765 2763 2929 2818 vitam
2961 2781 3123 2836 quam
3154 2774 3488 2838 cognoverat
3514 2768 3564 2822 ei
3591 2784 3721 2839 prae-

2133 2850 2350 2905 dicavit.
2389 2852 2582 2923 Magna
2611 2850 2798 2920 virtus,
2829 2852 3118 2909 conﬁtetur
3137 2871 3299 2926 quem
3333 2855 3482 2910 videt
3502 2857 3720 2911 humana

2133 2937 2447 2994 inﬁrmitate
2493 2939 2859 3008 morientem,
2943 2958 3105 3014 quem
3152 2944 3431 3016 negabant
3484 2946 3716 3016 apostoli,

2062 3049 2111 3111 ρ
2135 3044 2296 3099 quem
2344 3028 2593 3083 viderant
2643 3029 2906 3084 miracula
2952 3031 3132 3087 divina
3188 3033 3383 3088 virtute
3431 3032 3714 3090 facientem.

2207 3127 2375 3179 Vens.
2414 3127 2499 3180 43.
2532 3127 2708 3181 Amen
2759 3128 2882 3182 dico
2913 3129 3030 3183 tibi.
3083 3128 3517 3185 Pulcherrimum
3564 3130 3717 3187 aﬁ'ec-

2136 3214 2310 3269 tandaa
2338 3215 2713 3270 conversionis
2737 3216 3062 3287 exemplum,
3099 3218 3245 3288 quod
3268 3225 3378 3273 tam
3402 3218 3509 3275 cito
3535 3218 3715 3273 latroni

2135 3302 2289 3356 venia
2336 3302 2635 3372 relaxatur,
2687 3311 2738 3357 et
2778 3303 2993 3359 uberior
3040 3305 3217 3377 gratia
3263 3323 3424 3376 quam
3471 3308 3712 3379 precatio.

2136 3391 2362 3460 Semper
2409 3391 2555 3446 enim
2603 3391 2868 3447 Dominus
2911 3393 3034 3464 plus
3066 3393 3250 3448 tribuit
3281 3411 3442 3465 quam
3473 3405 3712 3468 rogatur;

2135 3479 2234 3534 Ille
2265 3479 2497 3550 rogabat
2524 3498 2536 3534 :
2569 3481 2839 3537 Memento
2858 3483 2989 3548 mei,
3018 3488 3122 3537 etc.
3150 3483 3416 3538 Dominus
3435 3485 3506 3538 ait
3529 3503 3541 3538 :
3563 3486 3715 3540 Hodie

2134 3584 2356 3623 mecum
2387 3570 2498 3622 eris
2523 3611 2536 3634 ,
2564 3576 2693 3633 .etc.
2727 3569 2845 3624 Cito
2876 3569 3110 3642 ignoscit
3138 3570 3423 3641 Dominus,
3471 3573 3591 3645 quia
3633 3572 3713 3627 ille

2136 3656 2244 3714 cito
2275 3657 2627 3711 convertitur.

2207 3773 2374 3828 Vens.
2413 3774 2497 3827 44.
2529 3803 2597 3815 -—
2626 3775 2693 3828 Et
2728 3774 2991 3844 tenebrae,
3047 3783 3151 3830 etc.
3184 3775 3276 3831 Sol
3297 3777 3522 3832 retraxit
3546 3777 3711 3833 radios

2135 3877 2204 3916 ne
2233 3869 2323 3916 aut
2352 3861 2679 3932 pendentem
2724 3863 2933 3919 videret
2963 3864 3256 3919 Dominum
3277 3908 3290 3934 ,
3351 3874 3442 3920 aut
3489 3882 3552 3920 ne
3578 3865 3716 3936 impii

2136 3950 2579 4022 blasphementes
2627 3968 2724 4005 sua
2774 3952 2893 4007 luce
2942 3952 3269 4008 fruerentur.
3326 3956 3393 4009 Et
3439 3963 3556 4010 nota
3583 3954 3714 4026 quod

2138 4047 2291 4093 sexta
2319 4041 2488 4109 hora,
2540 4040 2593 4094 id
2645 4047 2728 4093 est
2777 4042 2890 4095 sole
2921 4056 3210 4096 recessuro
3244 4058 3275 4097 a
3315 4051 3500 4099 centro
3525 4042 3713 4110 mundi,

2137 4126 2505 4200 cruciﬁgitur;
2554 4127 2824 4197 diluculo,
2858 4129 2913 4182 id
2945 4137 3027 4184 est
3055 4130 3265 4186 oriente
3299 4131 3435 4201 sole,
3469 4133 3706 4204 resurgit,

2139 4217 2265 4288 quia
2285 4220 2544 4272 mortuus
2564 4221 2650 4272 est
2669 4221 2898 4288 prapter
2913 4222 3147 4290 peccata,
3179 4223 3378 4276 nostra
3398 4264 3410 4286 ,
3445 4225 3500 4276 et
3534 4235 3714 4276 resur-

2138 4307 2296 4361 rexit
2309 4309 2540 4378 propter
2564 4305 3034 4374 iustiﬁcationem
3053 4311 3311 4363 nostram
3331 4309 3508 4378 (Rom.
3538 4307 3713 4377 xvm.)

2138 4395 2313 4449 Adam
2339 4402 2596 4464 peccante
2623 4402 2747 4465 post
2771 4394 3070 4465 meridiem,
3105 4396 3158 4449 id
3188 4403 3270 4451 est
3318 4396 3568 4453 inclinata
3603 4396 3714 4452 lucc

2135 4482 2290 4552 ﬁdei,
2343 4498 2446 4538 vox
2491 4482 2710 4538 Domini
2757 4483 2997 4552 auditur,
3049 4484 3240 4539 eodem
3271 4484 3440 4556 igitur
3470 4484 3714 4556 temporis

2135 4571 2382 4642 articulo,
2432 4587 2538 4643 quo
2568 4579 2695 4627 tunc
2721 4571 2968 4642 peccanti
3012 4572 3146 4628 Adae
3189 4573 3531 4644 obcluserat,
3579 4585 3710 4628 nunc

2134 4661 2324 4716 latroni
2354 4660 2635 4732 pmnitenti
2665 4661 2928 4716 Dominus
2958 4661 3276 4732 paradisum
3322 4671 3549 4720 reserat.

2206 4802 2375 4856 Vens.
2430 4801 2496 4856 45
2521 4843 2533 4866 ,
2558 4802 2644 4856 46.
2680 4831 2749 4841 —
2784 4803 2976 4858 Velum
3002 4803 3218 4875 templi,
3248 4809 3355 4858 etc.
3405 4803 3520 4858 Hoc
3547 4799 3714 4871 exspi-

2134 4897 2287 4944 rante
2317 4889 2547 4945 Domino
2577 4896 2792 4962 gestum
2821 4899 2938 4957 est,
2995 4891 3091 4945 sed
3136 4891 3311 4946 Lucas
3361 4893 3708 4961 praeoccupat,

2133 4978 2325 5034 volens
2373 4979 2692 5033 miraculum
2738 4978 2870 5033 solis
2917 4980 3251 5052 conjungere
3299 4979 3561 5036 miraculo
3595 4975 3708 5033 veli.

2134 5067 2407 5124 Scinditur
2435 5076 2612 5122 autem
2635 5067 2835 5139 velum,
2867 5075 2926 5122 ut
2965 5084 3092 5123 arca
3117 5069 3424 5123 testamenti
3457 5076 3511 5124 et
3544 5065 3715 5124 omnia

2134 5163 2472 5211 sacramenta
2503 5155 2643 5228 legis
2672 5173 2793 5228 quae
2822 5156 3149 5228 tegebantur
3194 5164 3511 5228 appareant,
3558 5165 3611 5212 et
3651 5151 3715 5208 ad

2133 5253 2325 5319 gentes
2373 5253 2667 5300 transeant.
2700 5245 2971 5316 Iosephus
2999 5245 3073 5301 ait
3107 5264 3120 5301 :
3153 5246 3400 5302 Virtutes
3443 5244 3708 5318 angelicas

2132 5334 2396 5405 praesides
2423 5334 2692 5406 quondam
2723 5335 2911 5406 templi
2942 5344 3068 5391 tunc
3088 5335 3288 5407 pariter
3315 5335 3710 5392 conclamasse:

2137 5425 2436 5496 Fugiamus
2465 5424 2532 5478 ab
2561 5423 2646 5479 his
2677 5424 2916 5480 sedibus.
2950 5427 3141 5492 Pater,
3176 5431 3281 5480 etc.
3315 5426 3526 5480 Patrem
3566 5423 3713 5478 invo—

2133 5528 2290 5584 cans,
2324 5528 2383 5567 se
2408 5511 2600 5567 Filium
2621 5512 2722 5568 Dei
2737 5513 2994 5568 declarat.
3029 5511 3291 5584 Spiritum
3319 5511 3710 5572 commendans,

2133 5617 2241 5658 non
2288 5600 2557 5658 defectum
2604 5602 2846 5671 virtutis,
2899 5601 2994 5658 sed
3042 5600 3428 5660 conﬁdentiam
3483 5599 3712 5671 ejusdem
