4006 6178
341 288 437 343 349

1307 281 1579 338 GLOSSA
1609 278 2018 338 ORDINARIA.
2049 311 2119 322 —
2145 278 2410 337 EVANG.
2442 279 2597 337 LUC.

3519 287 3624 340 350

339 425 456 466 cum
481 416 638 481 parte
663 407 955 480 potestatis
984 406 1242 462 insinuat.
1275 409 1436 462 Amat
1465 405 1610 461 enim
1636 405 1772 461 dare
1799 404 1927 477 glo-
1949 405 2007 468 A
2037 406 2204 476 mulo,
2263 405 2442 461 anima
2486 421 2610 462 cum
2659 406 2893 460 Domino
2955 414 3078 477 post
3123 421 3290 476 opera
3333 414 3519 463 manet
3572 407 3628 462 in

340 500 474 554 riam
503 497 670 564 Patri,
706 497 763 551 in
793 511 904 568 quo
934 511 1039 552 nos
1068 495 1345 565 informat,
1377 502 1436 551 ut
1473 495 1708 567 gloriam
1739 494 1932 550 demus

340 587 599 643 Creatori.

410 676 581 731 Vens.
608 675 701 730 Η.
724 701 792 714 -
823 673 1020 729 Viden:
1048 676 1241 728 autem
1261 673 1538 729 centurio.
1562 671 1768 728 Videns
1788 673 1936 745 quod

343 767 416 820 ita
439 762 677 818 haberet
703 768 1029 832 potestatem
1057 760 1307 816 mittendi
1337 760 1605 832 spiritum,
1649 761 1796 832 quod
1825 776 1936 817 non

343 852 505 908 habet
535 851 642 906 nisi
671 850 921 906 conditor
947 849 1273 914 animarum,
1305 849 1424 919 ipse
1452 849 1546 920 qui
1593 849 1936 906 cruciﬁxerat

339 941 398 996 in
426 941 548 1010 ipso
583 938 859 1010 passionis
906 937 1186 1003 seandalo,
1237 936 1524 992 conﬁtetur
1570 937 1671 993 Dei
1719 938 1930 1004 Filium,

345 1044 507 1100 quem
533 1027 707 1083 Judaei
733 1034 859 1098 post
898 1034 976 1081 tot
1022 1025 1293 1080 miracula
1339 1026 1569 1081 credere
1617 1034 1933 1082 renuerunt.

344 1118 494 1174 Unde
523 1133 626 1188 per
670 1115 1046 1171 centurionem
1095 1113 1234 1170 ﬁdes
1278 1115 1544 1170 Ecclesiae
1591 1115 1932 1186 designatur,

342 1222 475 1277 quae,
509 1204 634 1261 velo
661 1204 1048 1276 mysteriorum
1081 1202 1389 1259 ccelestium
1417 1220 1519 1274 per
1555 1211 1789 1258 mortem
1817 1204 1933 1259 Do-

339 1294 469 1348 mini
496 1301 769 1360 reserato,
821 1308 948 1348 mox
987 1293 1194 1362 justum
1242 1299 1296 1347 et
1340 1291 1442 1347 Dei
1481 1291 1675 1347 Filium
1723 1299 1935 1348 tacente

339 1383 634 1455 Synagoga
662 1381 966 1438 conﬁrmat.

405 1470 579 1526 Vens.
611 1472 700 1524 48.
735 1499 803 1512 -
832 1470 1222 1526 Percutientes
1248 1473 1497 1541 pectora.
1543 1467 1702 1536 Quod
1731 1484 1934 1540 percu-

337 1560 480 1614 tiunt
513 1567 744 1630 pectora
774 1558 830 1612 in
859 1557 1077 1630 signum
1103 1557 1436 1628 paenitentiae
1465 1565 1519 1612 et
1547 1557 1722 1613 luctus
1751 1559 1933 1630 dupli-

345 1648 481 1704 citer
513 1655 696 1719 potest
724 1646 974 1718 intelligi.
1010 1645 1135 1702 Sive
1172 1646 1317 1700 enim
1347 1645 1498 1714 cujus
1524 1647 1693 1702 vitam
1721 1647 1932 1704 dilexe-

338 1745 477 1802 rant,
513 1736 712 1806 injuste
740 1735 980 1791 occisum
1010 1734 1272 1790 dolebant
1305 1751 1320 1788 :
1355 1735 1470 1791 sive
1499 1736 1653 1804 cujus
1700 1745 2005 1826 mortemB

338 1840 395 1880 se
423 1825 752 1895 impetrasse
782 1823 1163 1888 meminerant,
1201 1823 1346 1878 hunc
1374 1823 1429 1877 in
1480 1830 1655 1878 morte
1702 1825 1934 1895 amplius

336 1911 698 1986 gloriﬁcatum
726 1912 1048 1967 tremebant.
1085 1911 1195 1967 Sed
1223 1926 1561 1983 quaacunque
1592 1927 1761 1968 causa
1797 1928 1935 1983 pec-

345 2009 432 2056 tus
460 2003 691 2057 tundere
718 2001 984 2074 coegerit,
1017 2000 1300 2056 videamus
1331 2000 1645 2055 distantiam
1674 2002 1852 2073 gentis
1883 2009 1938 2057 et

341 2091 542 2163 gentis.
577 2090 842 2157 Gentiles,
875 2089 1142 2145 moriente
1173 2089 1405 2145 Domino
1457 2091 1631 2144 Deum
1661 2090 1933 2158 timentes,

340 2187 545 2251 apertae
573 2178 939 2235 confessionis
969 2194 1103 2234 voce
1148 2178 1457 2251 gloriﬁcent
1488 2195 1503 2232 :
1533 2179 1705 2234 Judaei
1736 2195 1935 2250 percu-

336 2268 537 2324 tientes
569 2267 746 2324 solum
776 2275 1021 2339 pectora,
1055 2267 1278 2322 silentes
1309 2268 1530 2323 domum
1559 2267 1809 2322 redeunt.

404 2384 584 2440 Vens.
621 2385 709 2440 50.
741 2413 812 2424 —
841 2384 1076 2440 Nomine
1105 2383 1322 2455 Ioseph.
1353 2383 1555 2454 Josepb
1574 2398 1674 2453 per
1694 2381 1938 2438 nobilita-

336 2480 446 2528 tem
474 2472 730 2544 potentiae
762 2471 1046 2528 saecularis
1074 2487 1275 2543 corpus
1308 2471 1578 2542 accipere,
1630 2487 1730 2542 per
1773 2471 1936 2540 justi-

335 2561 470 2617 tiam
500 2561 827 2618 meritorum
861 2561 1059 2633 dignus
1092 2569 1175 2615 est
1207 2560 1466 2632 sepelire.

407 2677 582 2732 Vens.
616 2679 705 2733 52.
739 2705 808 2716 -
836 2677 934 2732 Hic
965 2677 1223 2742 accessit,
1261 2683 1364 2731 etc.
1401 2675 1523 2731 Non
1555 2674 1807 2746 apostoli,
1844 2676 1940 2730 sed

339 2765 544 2837 Josepb
569 2765 748 2834 justus
778 2772 832 2820 et
860 2773 1136 2830 constans,
1171 2770 1224 2818 et
1246 2763 1599 2833 Nicodemus,
1623 2764 1676 2819 in
1700 2780 1807 2836 quo
1829 2781 1938 2820 non

341 2863 463 2911 erat
519 2855 696 2920 dolus,
759 2853 1047 2925 sepeliunt.
1114 2853 1260 2908 Talis
1313 2861 1394 2909 est
1443 2854 1606 2909 etiam
1665 2855 1942 2925 sepultura

281 2953 291 2964 ‘
343 2943 563 3008 Christi,
597 2959 718 3015 quae
749 2942 998 2999 fraudem
1029 2943 1478 3015 iniquitatemque
1511 2959 1618 2998 non
1650 2943 1832 3014 habet,
1885 2943 1940 2998 in

338 3049 446 3105 quo
475 3033 776 3088 obstruitur
805 3032 1180 3105 tergiversatio
1205 3032 1679 3088 JudmorumNam
1710 3032 1755 3086 si
1786 3048 1943 3102 apos-

2038 495 2238 568 quiete,
2271 495 2448 550 donec
2479 495 2536 549 in
2564 503 2758 550 octava
2786 501 3074 567 resurgant
3121 509 3372 566 corpora.

2105 586 2276 640 Vens.
2312 587 2399 640 55.
2429 615 2500 626 —
2529 585 2806 640 Mulieres.
2837 566 2970 638 Aliis
2999 583 3142 640 notis
3155 585 3286 640 Jesu
3313 591 3438 656 post
3456 583 3625 656 depo-
3728 566 3736 577 ’

2035 673 2195 728 situm
2227 689 2422 743 corpus
2452 672 2856 738 recedentibus,
2890 671 3022 728 solae
3051 672 3324 740 mulieres,
3359 689 3479 745 qua:
3506 687 3625 729 arc-

2034 761 2142 816 tius
2171 761 2445 827 amabant,
2481 760 2717 816 officium
2749 760 2957 816 funeris
2986 760 3367 832 inspiciebant,
3401 768 3460 816 ut
3488 776 3624 818 con-

2035 867 2174 923 gruo
2203 859 2445 921 tempore
2478 867 2673 904 munus
2703 850 3007 906 devotionis
3038 867 3152 906 suae
3193 849 3475 917 offerrent,
3521 867 3624 906 ex-

2037 947 2345 1010 spectantes
2384 939 2528 1010 quod
2556 940 2716 994 Jesus
2744 938 3094 1009 promiserat,
3145 947 3198 995 et
3256 939 3380 994 ideo
3436 939 3626 1011 prima:

2036 1027 2300 1083 viderent.

2106 1117 2278 1172 Vens.
2313 1118 2400 1170 56.
2423 1143 2492 1155 -—
2511 1117 2582 1171 Et
2612 1119 2976 1171 revertentes.
3014 1115 3266 1185 Inspecta
3291 1115 3508 1173 Domini
3537 1133 3624 1172 se-

2035 1203 2253 1276 pultura
2281 1210 2612 1259 revertentes
2645 1211 2834 1274 parant
2851 1211 3100 1258 aromata
3132 1211 3184 1258 et
3206 1211 3507 1276 unguenta,
3532 1204 3626 1276 qui

2033 1292 2194 1362 lecta,
2226 1293 2426 1362 audita,
2460 1292 2767 1361 recordata,
2800 1291 3056 1362 passione
3085 1292 3323 1359 Domini,
3358 1293 3428 1347 ad
3457 1307 3628 1364 opera

2034 1380 2292 1435 virtutum
2325 1380 2520 1452 quibus
2553 1379 2796 1435 Christus
2829 1379 3128 1434 delectetur
3174 1395 3235 1436 se
3282 1387 3624 1450 convertunt,

2036 1477 2089 1524 et
2127 1469 2354 1524 sabbato
2400 1469 2578 1524 silent.
2631 1469 2758 1524 Post
2809 1468 3094 1522 sabbatum
3143 1483 3266 1524 cum
3312 1468 3626 1524 muneribus

2035 1558 2249 1612 venturi
2280 1558 2349 1612 ad
2375 1557 2692 1625 Dominum,
2728 1572 2849 1612 cum
2879 1555 3030 1612 ﬁnita
3057 1557 3346 1627 praesentis
3376 1557 3499 1613 vitae
3530 1573 3626 1628 pa-

2035 1662 2261 1702 rasceve
2291 1645 2346 1700 in
2371 1646 2529 1701 beata
2562 1646 2742 1717 quiete
2770 1646 3073 1717 gaudentes
3125 1653 3444 1717 exspectant
3490 1653 3627 1700 tem-

2034 1752 2138 1806 pus
2167 1735 2599 1804 resurrectionis,
2634 1750 2740 1806 quo
2771 1734 2984 1790 Christo
3012 1742 3303 1790 occurrunt
3329 1751 3452 1789 cum
3477 1734 3628 1790 redo-

2035 1823 2268 1878 lentibus
2298 1824 2570 1880 actionum
2601 1823 2954 1877 aromatibus.
2988 1826 3057 1878 Et
3087 1824 3328 1889 sabbato,
3357 1829 3460 1878 etc.
3487 1823 3629 1876 Man-

2036 1912 2218 1966 datum
2247 1920 2384 1982 erat,
2418 1919 2476 1966 ut
2507 1911 2720 1966 sabbati
2753 1911 3027 1966 silentium
3055 1927 3086 1965 a
3109 1927 3337 1981 vespera
3364 1926 3536 1982 usque
3557 1909 3630 1965 ad

2037 2017 2324 2072 vesperam
2357 2008 2674 2056 servaretur.
2702 2000 2830 2054 Ideo
2851 1999 3110 2054 mulieres
3127 1999 3340 2070 sepulto
3371 1998 3625 2065 Domino,

2036 2090 2276 2161 quandiu
2297 2088 2496 2144 licebat
2540 2088 2771 2158 Operari,
2823 2087 2879 2142 in
2923 2088 3214 2162 unguentis
3261 2087 3632 2159 prmparandis

2036 2186 2371 2248 occupantur
2400 2193 2693 2249 parasceve
2737 2194 2910 2250 usque
2959 2178 3029 2231 ad
3075 2177 3205 2232 solis
3253 2191 3529 2246 occasum,
3581 2183 3634 2231 et

2035 2275 2308 2322 transacto
2342 2267 2571 2322 sabbato
2601 2268 2877 2324 accidente
2909 2266 3042 2336 sole,
3075 2273 3134 2320 ut
3162 2281 3322 2320 mane
3352 2264 3632 2320 venientes

2037 2363 2301 2430 ungerent
2332 2372 2474 2425 eum,
2511 2356 2637 2427 quia
2667 2373 2896 2427 vespere
2926 2353 3159 2421 sabbati,
3215 2360 3631 2426 prmoccupante

2030 2444 2143 2512 jam
2175 2445 2349 2500 noctis
2378 2444 2623 2510 articulo,
2667 2451 3075 2500 monumentum
3120 2442 3270 2499 adire
3313 2458 3422 2498 non
3469 2449 3629 2514 pote-

2037 2542 2177 2590 rant.

2604 2647 2826 2703 CAPUT
2854 2646 3055 2702 XXIV.

2107 2791 2276 2846 Vens.
2315 2793 2364 2843 l.
2399 2791 2592 2847 —Una
2625 2794 2818 2844 autem
2847 2788 3079 2854 sabbati,
3116 2794 3219 2842 etc.
3256 2786 3376 2842 Una
3422 2785 3630 2842 sabbati

2033 2880 2177 2935 idem
2210 2888 2292 2934 est
2325 2879 2468 2950 quod
2499 2878 2675 2948 prima
2707 2877 2936 2944 sabbati,
2970 2877 3025 2931 id
3057 2885 3158 2943 est,
3193 2890 3302 2930 una
3332 2875 3448 2929 dies
3479 2891 3511 2930 a
3539 2875 3629 2931 die

2040 2968 2246 3023 sabbati
2275 2967 2362 3024 vel
2392 2966 2762 3032 sabbatorum,
2796 2983 2919 3037 quae
2945 2981 3088 3022 nunc
3103 2963 3389 3020 Dominica
3410 2963 3627 3020 dicitur.

2043 3057 2200 3126 Quod
2230 3057 2386 3112 valde
2415 3072 2574 3111 mane
2602 3055 2856 3110 mulieres
2904 3055 2975 3109 ad
3016 3061 3429 3110 monumentum
3462 3068 3632 3109 vene-

254 3193 261 3200 _
345 3121 438 3176 toli
464 3121 811 3192 sepelissent,
844 3122 1088 3177 dicerent
1117 3135 1229 3177 non
1262 3121 1533 3192 sepultum
1574 3137 1734 3192 quem
1783 3121 1940 3177 dixe-
1971 3121 2188 3214 Camn
2223 3162 2462 3219 magnus
2512 3145 2694 3201 fervor
2740 3144 3013 3200 obarmatis
3062 3141 3338 3216 (parendi
3382 3143 3432 3199 ει
3481 3143 3631 3197 inve-

340 3219 467 3266 runt
498 3219 734 3282 raptum.

410 3318 584 3373 Vens.
619 3321 707 3373 53.
741 3346 810 3359 —
840 3317 1117 3389 Syndone.
1152 3317 1235 3371 Ex
1258 3315 1489 3387 simplici
1521 3315 1796 3388 sepultura
1827 3316 1937 3371 Do-

341 3405 476 3461 mini
505 3404 729 3462 ambitio
759 3405 984 3461 divitum
1015 3406 1428 3474 condemnatur,
1471 3405 1562 3477 qui
1590 3421 1693 3462 nec
1739 3405 1936 3461 mortui

340 3511 530 3550 carere
559 3502 785 3566 possunt
824 3494 1044 3550 divitiis.

410 3599 639 3680 Mystice
675 3625 686 3663 :
723 3609 782 3663 In
815 3609 1060 3679 syndone
1087 3607 1292 3662 munda
1319 3608 1505 3662 Jesum
1549 3607 1794 3677 involvit,
1846 3606 1939 3679 qui

343 3713 477 3768 pura
505 3703 688 3753 mente
720 3713 846 3752 eum
876 3697 1120 3768 suscipit.
1152 3696 1290 3751 Hinc
1321 3696 1484 3750 etiam
1529 3711 1648 3750 mos
1677 3695 1940 3752 Ecclesia:

342 3785 522 3851 habet,
557 3794 613 3840 ut
641 3783 973 3842 sacriﬁcium
1003 3785 1187 3840 altaris
1218 3800 1327 3839 non
1356 3784 1553 3852 serico,
1599 3800 1706 3838 non
1757 3800 1940 3856 panno

345 3875 531 3942 tincto,
566 3875 662 3930 sed
692 3890 826 3946 puro
855 3873 1000 3930 lineo
1041 3874 1365 3930 celebretur.

413 3965 482 4020 Et
509 3964 699 4036 posuit
729 3979 878 4019 eum.
913 3964 1059 4018 Bene
1081 3979 1216 4035 ergo
1236 3961 1486 4017 Christus
1508 3961 1562 4015 in
1583 3968 1936 4017 monumento

337 4051 468 4120 justi
501 4052 776 4121 conditur,
811 4059 866 4106 ut
892 4052 1093 4106 habeat
1121 4051 1285 4106 Filius
1316 4049 1550 4105 hominis
1581 4051 1673 4104 ubi
1715 4050 1943 4106 reclinet

347 4148 529 4212 caput,
566 4149 618 4196 et
652 4139 877 4208 justitiaz
924 4139 1254 4194 habitatione
1307 4139 1576 4212 quiescat.
1605 4139 1751 4194 Bene
1773 4154 1939 4204 novo,

345 4236 401 4283 ut
431 4229 486 4283 in
516 4229 759 4284 novitate
790 4228 914 4284 vita:
944 4229 1035 4300 qui
1084 4228 1356 4283 Christum
1407 4227 1631 4298 suscipit
1679 4227 1938 4282 ambulet.

345 4316 469 4372 Non
501 4317 698 4388 Sepelit
728 4317 1021 4384 Christum,
1073 4316 1180 4372 nisi
1215 4316 1308 4388 qui
1339 4315 1515 4372 credit
1545 4316 1600 4369 in
1647 4316 1941 4371 Christum.

414 4424 480 4480 In
508 4428 876 4480 monumento
907 4426 1117 4480 exciso.
1141 4423 1300 4479 Solus
1328 4421 1592 4478 Dominus
1620 4421 1824 4478 tumulo
1854 4421 1943 4476 in-

347 4510 598 4579 cluditur,
630 4479 688 4568 ut
717 4512 997 4584 sepultura
1024 4479 1168 4566 illius
1199 4519 1253 4568 et
1299 4510 1628 4566 resurrectio
1676 4527 1708 4566 a
1737 4519 1939 4566 nostrae
1967 4487 2020 4551 D
2050 4480 2234 4535 vimus
2269 4479 2498 4584 (",COTA’

350 4599 648 4673 fragilitate
703 4608 910 4656 natura:
958 4600 1241 4656 dissimilis
1288 4607 1639 4655 monstretur.
1694 4599 1946 4670 Sepultus

349 4697 449 4758 est,
491 4690 589 4745 sed
639 4689 880 4761 quandiu
928 4689 1098 4745 voluit
1150 4706 1164 4744 :
1217 4687 1537 4753 resurrexit,
1591 4687 1689 4743 sed
1731 4688 1946 4760 quando

352 4778 533 4834 voluit.
570 4780 634 4834 In
666 4795 770 4851 quo
800 4779 1072 4836 nondum.
1107 4777 1165 4834 Si
1196 4777 1251 4832 in
1282 4784 1636 4832 monumento
1674 4774 1768 4830 ubi
1809 4776 1945 4831 alius

350 4867 557 4937 positus
586 4866 798 4937 fuisset,
833 4876 1146 4938 poneretur,
1177 4866 1312 4922 alius
1342 4865 1714 4920 resurrexisse
1763 4864 1944 4938 ﬁnge-

355 4964 522 5012 retur.
558 4957 619 5013 In
665 4964 824 5028 petra
873 4957 1076 5027 exciso,
1126 4971 1196 5012 ne
1245 4955 1292 5010 si
1341 4971 1406 5010 ex
1449 4954 1630 5008 multis
1674 4954 1946 5026 lapidibus

352 5043 672 5101 aediﬁcatum
703 5053 867 5112 esset,
917 5044 1081 5101 fossis
1129 5043 1318 5101 tumuli
1368 5043 1754 5114 fundamentis,
1804 5042 1946 5099 furto

357 5133 562 5188 ablatus
592 5133 885 5190 diceretur.

425 5248 596 5304 Vens.
631 5250 719 5304 δι.
754 5279 823 5291 -
853 5251 925 5305 Et
952 5249 1068 5306 dies
1099 5253 1242 5314 erat,
1279 5255 1382 5303 etc.
1428 5247 1592 5303 Sex-ta
1641 5247 1729 5302 die
1777 5245 1948 5303 factus

355 5337 534 5406 homo,
571 5338 798 5393 sabbato
827 5338 1031 5410 quievit
1060 5338 1227 5395 Deus.
1265 5338 1430 5392 Sexta
1479 5352 1614 5408 ergo
1660 5335 1949 5392 cruciﬁxus

351 5426 767 5498 praeparationis
825 5425 1014 5497 implet
1068 5442 1344 5483 arcanum.
1407 5424 1640 5480 Sabbato
1696 5424 1949 5496 sepulcro

356 5515 660 5585 quiescens,
713 5515 1129 5572 resurrectionis
1193 5520 1474 5586 exspectat
1521 5519 1798 5570 eventum.
1859 5511 1951 5570 Sic

354 5618 451 5658 nos
480 5604 536 5658 in
568 5611 719 5660 sexta
748 5604 938 5660 mundi
958 5611 1118 5660 aetate
1142 5604 1404 5661 debemus
1427 5603 1539 5675 pati
1569 5618 1668 5674 pro
1689 5602 1944 5658 Domino.

361 5691 418 5745 In
446 5693 694 5766 septima,
726 5692 783 5750 id
811 5702 912 5767 est,
947 5693 1162 5767 quando
1192 5692 1478 5760 morimur,
1530 5706 1731 5768 corpus
1763 5691 1819 5750 in
1864 5698 1950 5748 tu-

2040 3236 2223 3292 niendi
2255 3235 2544 3291 Dominum
2574 3235 2892 3290 ostenditur.

2110 3324 2333 3396 Mystice
2369 3341 2380 3379 :
2415 3324 2740 3395 Exemplum
2771 3323 2951 3392 datur,
2984 3319 3371 3386 ut,illuminata
3389 3317 3516 3385 ﬁde,
3545 3318 3635 3373 de-

2041 3414 2327 3484 cussisque
2356 3413 2612 3468 vitiorum
2645 3411 2904 3477 tenebris,
2941 3411 3008 3464 ad
3038 3425 3258 3466 sacrum
3289 3424 3487 3479 corpus
3516 3409 3632 3463 Do-

2037 3502 2171 3556 mini
2200 3502 2544 3558 accedamus.
2578 3501 2715 3554 Nam
2749 3499 3062 3569 sepulcrum
3094 3497 3274 3570 ﬁgura
3304 3505 3387 3552 est
3426 3495 3630 3566 altaris,

2038 3592 2095 3646 in
2124 3607 2232 3663 quo
2261 3591 2563 3647 celebratur
2590 3588 2907 3660 mysterium
2955 3587 3204 3657 corporis
3251 3595 3303 3642 et
3351 3583 3636 3658 sanguinis

2038 3679 2274 3736 Domini.
2308 3682 2560 3734 Aromata
2591 3694 2710 3749 quae
2741 3675 2990 3731 deferunt
3019 3677 3248 3730 odorem
3276 3673 3556 3740 virtutum,
3582 3681 3636 3729 et

2039 3769 2361 3825 suavitatem
2392 3767 2718 3832 orationum,
2754 3781 2877 3821 cum
2911 3763 3108 3835 quibus
3139 3763 3297 3818 altari
3319 3762 3639 3835 propinqua-

2040 3874 2096 3914 re
2125 3858 2407 3922 debemus,
2453 3853 2745 3928 signiﬁcat.

2110 3947 2278 4001 Vens.
2302 3950 2355 4003 2.
2381 3975 2449 3984 -
2469 3945 2738 4016 Lapidem
2764 3944 3100 3998 revolutum.
3124 3939 3409 3996 Revolutio
3432 3937 3628 4011 lapidis

2039 4035 2311 4107 signiﬁcat
2341 4033 2736 4090 reserationem
2767 4037 3228 4087 sacramentorum
3257 4028 3479 4095 Christi,
3513 4043 3635 4100 qua

2041 4125 2163 4179 velo
2193 4123 2382 4178 litterae
2414 4123 2757 4194 tegebantur.
2802 4121 2912 4175 Lex
2959 4119 3014 4173 in
3062 4118 3241 4189 lapide
3287 4116 3486 4188 scripta
3531 4123 3634 4183 est,

2041 4213 2195 4282 cujus
2224 4212 2403 4268 ablato
2434 4211 2673 4284 tegmine
2704 4209 2920 4265 Domini
2957 4224 3156 4278 corpus
3205 4214 3477 4263 mortuum
3527 4220 3636 4260 non

2041 4301 2334 4368 invenitur,
2367 4301 2467 4356 sed
2497 4299 2681 4355 vivum
2705 4297 3144 4371 evangelizatur:
3169 4298 3300 4368 quia
3319 4297 3426 4351 etsi
3446 4309 3638 4366 cogno-

2044 4392 2225 4446 vimus
2250 4391 2540 4447 Christum
2559 4388 2871 4446 secundum
2888 4402 3136 4451 carnem,
3152 4385 3248 4440 sed
3251 4387 3378 4456 jam
3399 4398 3516 4439 non
3535 4399 3637 4438 no-

2530 4480 2610 4548 v).
2642 4475 2819 4531 Potuit
2847 4481 3028 4530 autem
3059 4472 3248 4530 clauso
3277 4469 3428 4526 exire
3457 4469 3640 4542 sepul-

2048 4583 2162 4637 cro,
2197 4566 2290 4640 qui
2319 4567 2506 4623 clauso
2535 4564 2699 4620 exivit
2725 4572 2898 4618 utero.

2119 4683 2290 4738 Vens.
2323 4684 2376 4737 4,
2410 4711 2479 4720 -
2514 4668 2692 4736 Mente
2723 4679 3121 4735 consternatae.
3173 4675 3354 4730 Mente
3383 4681 3637 4732 conster-

2047 4778 2267 4838 nantur,
2299 4770 2427 4842 quia
2459 4777 2512 4824 et
2541 4767 2778 4839 lapidem
2807 4766 3088 4820 immensas
3124 4763 3518 4838 magnitudinis
3546 4780 3638 4820 re-

2047 4861 2288 4918 volutum
2321 4857 2627 4929 stupebant,
2679 4863 2732 4911 et
2770 4870 2972 4925 corpus
3021 4862 3130 4910 tam
3176 4853 3488 4909 venerabile
3529 4867 3642 4908 non

2046 4949 2327 5006 inventum
2355 4944 2811 5002 dolebam-Sicut
2839 4950 3045 4999 tentato
3091 4943 3148 4997 in
3191 4941 3479 4998 solitudine
3521 4941 3638 4998 Do-

2046 5037 2215 5108 mino,
2265 5036 2477 5107 expleta
2524 5032 2751 5090 victoria
2795 5032 2978 5105 angeli
3022 5030 3406 5087 ministrabant
3449 5030 3520 5102 ei,
3570 5031 3642 5087 ita

2046 5126 2211 5181 modo
2237 5133 2361 5196 post
2389 5124 2659 5181 devictam
2700 5130 2934 5178 mortem
2981 5129 3246 5178 venerunt
3297 5120 3500 5195 angeli,
3550 5122 3641 5194 qui

2047 5230 2157 5270 non
2188 5214 2363 5269 solum
2394 5214 2586 5282 verbo,
2618 5212 2717 5268 sed
2747 5211 2908 5268 etiam
2943 5209 3171 5284 fulgenti
3200 5210 3389 5266 habitu
3409 5209 3642 5284 gloriam

2050 5303 2367 5360 annuntiant
2396 5301 2801 5373 triumphantis.
2834 5303 2901 5356 Et
2931 5300 3071 5356 sicut
3100 5299 3322 5372 corpori
3351 5300 3407 5355 in
3452 5298 3639 5370 sepul-

2049 5407 2145 5449 cro
2177 5392 2485 5463 astiterunt,
2522 5391 2602 5448 sic
2632 5391 2797 5448 etiam
2827 5389 3048 5463 corpori
3069 5397 3392 5448 consecrato
3411 5388 3466 5444 in
3485 5385 3640 5442 altari

2051 5482 2292 5554 quotidie
2323 5481 2605 5538 assistunt.

2119 5598 2290 5654 Vens.
2326 5600 2376 5652 ὃ.
2410 5609 2478 5638 -'—
2507 5597 2874 5655 Declinorent
2903 5596 3145 5652 vultum.
3177 5593 3315 5649 Nota
3360 5588 3505 5662 quod
3532 5604 3638 5648 nec

2051 5695 2254 5745 sanctae
2298 5685 2558 5745 mulieres
2604 5687 2657 5743 in
2705 5693 2906 5743 terram
2962 5682 3248 5749 cecidisse,
3291 5693 3395 5736 nec
3441 5677 3636 5755 aliquis
