4006 6178
365 240 462 297 351
896 232 1301 293 WALAFRIDI
1327 229 1571 290 STRABI
1597 227 1800 289 FULD.
1820 225 1997 286 MON.
2027 224 2180 284 OPP.
2208 225 2387 287 PARS
2415 228 2458 285 Ι.
2477 254 2547 272 -
2571 227 3043 288 THEOLOGICA.
3547 234 3653 293 352

373 369 685 421 sanctorum
735 361 792 416 in
834 359 1239 417 resurrectione
1300 356 1517 415 Domini
1558 360 1870 428 prostratus
1916 352 2049 418 inA
2148 352 3048 428 Vnns.18,19,20.-—Peregrinus
3069 371 3147 427 es,
3171 362 3274 413 etc.
3302 356 3528 429 Quibus,
3550 364 3657 414 etc.

371 461 575 509 terram
605 451 836 507 adorare
867 450 1103 521 legitur;
1137 449 1282 504 unde
1323 463 1444 502 mos
1475 446 1639 516 coepit
1665 444 1722 499 in
1765 443 1965 500 Eccle-
2065 442 2424 514 Peregrinum
2454 452 2660 514 putant,
2693 461 2858 516 quem
2890 461 3000 500 non
3044 453 3367 518 agnoscunt.
3414 446 3484 501 Et
3529 461 3659 502 vere

373 541 456 597 sia
482 540 727 613 paschali
761 548 1006 610 tempore
1051 553 1160 593 non
1190 536 1335 592 ﬂecti
1382 550 1561 608 genua
1590 534 1644 589 in
1694 533 1961 601 oratione,

373 631 473 687 sed
502 630 651 686 vultu
678 630 734 684 in
763 636 963 684 terram
994 626 1261 683 declinato
1292 640 1471 680 orare.

445 747 615 801 Vens.
649 749 701 799 6.
740 774 809 785 -—-
839 743 1252 799 Recordamim’.
1286 741 1387 795 Die
1409 739 1585 815 tertia,
1611 739 1751 794 sicut
1776 754 1841 793 ex
1861 738 1967 793 hoc

371 836 494 892 loco
538 834 821 900 habemus,
868 832 1008 887 inter
1054 829 1353 901 discipulos
1382 828 1544 884 etiam
1587 826 1802 882 feminis
1845 842 1966 898 qua:

374 939 499 979 eum
530 922 914 993 sequebantur,
949 918 1213 975 Dominus
1242 925 1673 973 resurrecturum
1720 931 1780 972 se
1817 931 1964 985 prae-

376 1010 531 1067 dixit.
567 1011 869 1064 Parasceve
897 1009 1031 1063 hora
1060 1022 1205 1062 nona
1236 1004 1547 1077 exspiravit,
1580 1019 1742 1059 mane
1788 1003 1969 1077 prima

374 1098 590 1153 sabbati
620 1096 938 1154 resurrexit.
970 1095 1164 1151 Merito
1210 1102 1394 1150 autem
1422 1109 1533 1148 una
1561 1093 1648 1149 die
1676 1100 1729 1147 et
1759 1092 1967 1146 duabus

374 1186 623 1243 noctibus
654 1187 711 1241 in
737 1185 988 1257 sepulcro
1012 1184 1199 1254 jacuit,
1233 1183 1361 1255 quia
1391 1183 1566 1239 lucem
1614 1197 1727 1237 suae
1757 1180 1968 1251 simplaa

373 1276 563 1330 mortis
593 1275 740 1346 (quae
769 1282 978 1329 tantum
1023 1272 1079 1327 in
1108 1288 1271 1329 carne
1310 1275 1452 1342 erat)
1499 1269 1741 1325 tenebris
1789 1269 1967 1339 duplas

372 1371 578 1419 nostrae
608 1362 801 1418 mortis
830 1378 951 1434 quas
980 1361 1036 1414 in
1066 1375 1291 1431 corpore
1320 1368 1433 1441 erat
1460 1366 1513 1414 et
1544 1358 1741 1424 anima,
1793 1366 1966 1428 app‘o-

377 1450 501 1517 suit,
536 1459 589 1507 et
617 1459 899 1521 utramque
928 1457 1173 1505 nostram
1202 1447 1428 1504 curavit.
1460 1447 1517 1503 Si
1572 1447 1717 1502 enim
1760 1454 1965 1501 utram-

375 1556 480 1612 que
511 1539 864 1611 suscepisset,
896 1554 997 1594 nos
1026 1553 1060 1593 a
1086 1545 1275 1593 neutra
1302 1536 1608 1591 liberasset.

445 1657 615 1713 Vens.
651 1661 702 1711 8.
736 1684 805 1695 -—
834 1657 905 1711 Et
934 1653 1240 1711 recordata:
1269 1656 1425 1709 sunt.
1460 1652 1609 1707 Sicut
1633 1650 1890 1706 mulieres
1910 1650 1967 1706 in

372 1752 721 1802 monumento
750 1743 969 1800 Domini
998 1750 1223 1811 stantes,
1276 1741 1631 1798 recordantur
1673 1740 1965 1795 verborum

372 1850 493 1908 quae
520 1834 589 1889 de
618 1848 717 1888 sua
744 1831 1150 1903 dispensatione
1179 1829 1436 1901 praefatus
1448 1837 1582 1897 erat,
1612 1829 1691 1885 sic
1706 1843 1806 1884 nos
1826 1828 1967 1884 inter

372 1922 671 1979 Dominicm
698 1920 968 1993 passionis
1006 1919 1265 1991 mysteria
1314 1918 1663 1987 celebranda,
1714 1933 1824 1971 non
1869 1932 1963 1973 so-

371 2010 481 2067 lum
510 2010 798 2083 passionis,
833 2009 930 2064 sed
966 2017 1017 2064 et
1048 2007 1458 2064 resurrectionis
1486 2002 1963 2063 debemus-recor-

378 2099 517 2158 dari.

444 2189 614 2245 Vens.
644 2190 697 2243 9.
729 2217 798 2227 -—-
827 2186 1266 2243 Nuntiaverunt.
1303 2184 1451 2240 Sicut
1478 2184 1533 2238 in
1556 2182 1825 2255 principio
1852 2199 1963 2238 mu-

369 2277 476 2336 lier
504 2284 693 2334 auctor
718 2275 893 2347 culpa:
919 2274 1038 2331 viro
1067 2273 1181 2340 fuit,
1203 2274 1286 2331 vir
1312 2280 1597 2329 exsecutor
1621 2271 1717 2326 fuit
1739 2272 1958 2341 erroris,

370 2367 448 2423 ita
474 2381 620 2422 nunc
649 2382 771 2438 qua:
798 2372 1030 2420 mortem
1057 2362 1208 2435 prior
1233 2369 1568 2435 gustaverat,
1611 2356 1961 2416 resurrectio-

370 2471 499 2512 nem
524 2455 676 2520 vidit,
708 2461 857 2509 etne
897 2452 1146 2525 perpetui
1193 2459 1374 2506 reatus
1423 2449 1771 2521 opprobrium
1818 2449 1961 2521 apud

370 2544 517 2601 viros
538 2543 847 2609 sustineret,
870 2559 989 2614 qua:
1005 2542 1222 2613 culpam
1238 2539 1353 2596 viro
1374 2538 1756 2608 transfuderat,
1782 2534 1957 2593 tranS-

368 2632 508 2689 fudit
562 2641 615 2688 et
656 2632 903 2703 gratiam.
949 2632 1019 2685 Et
1065 2630 1193 2702 quia
1238 2628 1597 2684 constantiam
1628 2626 1962 2698 praedicandi
2043 2672 2051 2681 .

372 2738 481 2779 non
510 2722 671 2777 habet
699 2720 927 2776 inferior
955 2736 1117 2775 sexus
1143 2719 1212 2773 ad
1238 2717 1647 2789 exsequendum
1676 2714 1956 2785 inﬁrmior,

369 2810 652 2867 mandatur
679 2809 811 2864 viris
838 2808 1072 2864 cilicium
1102 2805 1530 2877 evangelizandi.

441 2926 613 2982 Vens.
652 2927 738 2979 11.
770 2953 840 2966 -
868 2925 938 2978 Et
968 2939 1082 2979 non
1113 2921 1495 2978 crediderunt.
1519 2918 1679 2988 Quod
1708 2918 1960 2991 discipuli

373 3015 526 3071 tarde
557 3015 802 3081 credunt,
834 3028 943 3067 non
973 3019 1080 3065 tam
1110 3010 1329 3065 illorum
1357 3008 1640 3064 inﬁrmitas
1660 3024 1822 3080 quam
1836 3024 1959 3063 nos-

391 3118 455 3157 ra
482 3101 662 3156 futura
692 3072 915 3155 firmitas
944 3098 1061 3167 fuit,
1095 3115 1221 3153 nam
1247 3098 1354 3152 illis
1380 3072 1748 3152 dubitantibus
1779 3113 1956 3153 resuro
1979 3072 2029 3136 Ο

370 3190 537 3247 rectio
565 3190 750 3244 multis
779 3188 1118 3261 argumentis
1162 3194 1515 3253 monstratur,
1549 3202 1668 3258 qua:
1716 3186 1844 3241 dum
1874 3186 1959 3241 1e-

370 3287 565 3353 gentes
594 3278 967 3351 agnoscimus,
1003 3277 1131 3349 quid
1163 3276 1310 3332 aliud
1340 3276 1601 3348 quamde
1632 3290 1820 3331 eorum
1850 3275 1958 3330 du-

369 3368 631 3424 bitatione
662 3366 958 3422 solidamur
974 3366 1003 3420 ?

442 3458 611 3511 Vens.
634 3459 720 3513 12.
744 3486 814 3497 -—
833 3459 1036 3512 Petrus
1065 3458 1259 3511 autem
1278 3470 1533 3525 surgens.
1554 3454 1791 3508 Joannes
1811 3468 1959 3508 com-

368 3553 649 3612 memorat,
686 3545 831 3616 quod
859 3551 912 3600 et
940 3544 1057 3615 ipse
1087 3550 1140 3599 et
1175 3544 1365 3611 Petrus
1396 3542 1553 3596 simul
1585 3550 1953 3615 cucurrerunt,
2043 3564 2051 3613 ρ

370 3642 423 3691 et
451 3635 599 3706 quod
628 3635 786 3689 Petro
816 3634 960 3688 intus
1000 3633 1304 3687 introeunte
1336 3632 1392 3701 in
1422 3638 1871 3697 monumentum,
1904 3639 1958 3687 et
2040 3674 2047 3685 ,

367 3723 586 3780 vidente
613 3722 931 3779 linteamina
960 3729 1014 3777 et
1044 3721 1341 3789 sudarium,
1376 3721 1493 3792 ipse
1516 3722 1755 3777 Joannes
1795 3710 1957 3776 incli-

368 3828 508 3868 nans
542 3829 620 3879 se,
653 3812 788 3869 vidit
816 3811 1148 3878 linteamina,
1182 3826 1286 3867 nec
1329 3809 1589 3865 introivit.
1637 3809 1745 3865 Sed
1799 3808 1958 3865 intel-

365 3901 649 3975 ligendum
679 3910 761 3955 est
792 3902 1007 3956 Petrum
1044 3901 1219 3970 primo
1262 3899 1709 3970 procumbentem
1752 3898 1957 3953 vidisse

367 3990 513 4061 quod
543 3990 715 4044 Lucas
743 3995 1154 4053 commemorat,
1186 3989 1425 4042 Joannes
1454 3994 1595 4041 tacet
1628 4004 1640 4039 :
1673 3990 1797 4056 pos‘t
1825 4001 1957 4041 vero

365 4078 693 4148 ingressum,
729 4084 788 4129 ut
816 4076 1130 4148 diligentius
1160 4076 1431 4130 interiora
1458 4076 1825 4147 dignosceret,
1858 4074 1956 4129 'in-

368 4181 622 4239 gressum
651 4172 836 4220 tamen
865 4173 1156 4235 antequam
1182 4164 1420 4219 Joannes
1458 4164 1703 4218 intraret.
1922 4186 1933 4219 )

440 4282 610 4338 Vens.
646 4284 732 4336 13.
766 4311 835 4321 —
863 4281 1098 4336 Nomine
1116 4282 1406 4335 Emmaus.
1440 4278 1701 4333 Emmaus
1730 4277 1850 4349 ipsa
1873 4278 1956 4333 es't

366 4370 682 4442 metropolis
713 4369 903 4425 civitas
935 4368 1167 4440 insignis
1196 4366 1517 4439 Palaestinae,
1562 4382 1682 4438 qua:
1712 4374 1835 4437 post
1864 4382 1958 4421 ex-

363 4460 753 4531 pugnationem
780 4458 933 4514 Judte
963 4458 1064 4512 sub
1094 4458 1274 4512 Marco
1306 4455 1522 4510 Aurelio
1552 4448 1780 4509 Antenis
1810 4452 1958 4526 priri-

364 4549 484 4621 cipe
513 4556 830 4615 restaurata,
864 4554 1157 4605 cumstatu
1186 4538 1411 4600 mutavit
1442 4552 1493 4600 et
1521 4560 1738 4599 nomen.
1773 4554 1778 4563 ‘
1820 4566 1857 4573 »τ
1912 4544 1925 4575 ³

438 4646 608 4700 Vnns.
644 4648 824 4711 15,16.
858 4675 926 4685 —
955 4647 1100 4701 Dum
1121 4645 1541 4716 fabularentur.
1562 4640 1870 4713 Loquente's
1888 4642 1957 4715 de
2036 4666 2041 4679 ί

368 4751 430 4791 se
471 4732 735 4788 Dominus
774 4733 1215 4804 apprOpinquans
1243 4731 1549 4798 comitatur,
1602 4738 1658 4786 ut
1700 4738 1753 4787 et
1794 4729 1958 4786 ﬁdem

366 4821 784 4879 resurrectionis
814 4835 1002 4875 eorum
1030 4821 1303 4877 mentibus
1337 4821 1608 4887 incendat,
1642 4828 1695 4875 et
1726 4820 1870 4891 quod
1897 4836 1958 4876 se
2035 4852 2049 4859 -

362 4911 688 4985 promiserat
730 4908 1014 4976 facturum,
1062 4909 1281 4980 impleat
1327 4928 1345 4964 :
1398 4911 1494 4967 Ubi
1535 4913 1672 4965 sunt
1719 4910 1826 4966 duo
1871 4910 1959 4965 vel
2036 4944 2039 4955 ι

371 5005 483 5057 tre:
512 4999 834 5071 congregati
862 5000 927 5054 in
958 5001 1188 5054 nomine
1216 5014 1356 5065 meo,
1391 4999 1467 5054 ibi
1516 5015 1641 5054 sum
1670 4999 1735 5053 in
1762 4994 1956 5055 {medio
2036 5036 2049 5051 κ

367 5104 561 5148 eorum
592 5088 812 5158 (Matth.
847 5086 1075 5159 xxvm).
1108 5087 1597 5160 Appropinquans,
1631 5095 1737 5143 etc.
1773 5082 1952 5157 Oculi,

365 5186 471 5233 etc.
505 5174 768 5247 Apparuit
796 5175 1015 5246 quidem
1046 5175 1100 5229 in
1132 5174 1313 5246 specie
1333 5176 1570 5246 propria,
1603 5176 1700 5231 sed
1716 5172 1952 5248 Speciem
2038 5222 2043 5223 κ

367 5281 532 5339 quam
557 5273 1037 5336 recognoscerent,
1073 5280 1181 5319 non
1214 5264 1468 5319 ostendit.
1505 5264 1656 5319 Sicut
1687 5260 1740 5320 et
1771 5260 1959 5336 ipsi'et

364 5355 510 5411 intus
537 5353 804 5419 amabant,
838 5360 892 5407 et
917 5361 1099 5409 tamen
1126 5353 1465 5419 dubitabant,
1498 5352 1578 5409 sic
1597 5354 1715 5426 ipse
1744 5353 1878 5410 foris
1905 5362 1960 5408 et

363 5459 609 5517 praesens
639 5442 815 5510 adest,
849 5449 902 5497 et
932 5441 1052 5513 quis
1083 5441 1168 5507 sit,
1204 5457 1313 5497 non
1344 5442 1599 5498 ostendit.
1633 5444 1711 5498 De
1730 5460 1790 5498 se
1819 5459 1956 5516 ergo

368 5532 716 5607 loquentibus
745 5530 1096 5604 praesentiam
1126 5530 1364 5601 exhibet,
1397 5532 1494 5587 sed
1523 5532 1591 5589 de
1623 5549 1681 5589 se
1706 5533 1956 5589 dubitan-

366 5621 512 5701 tibus
543 5622 782 5697 speciem
821 5620 1147 5695 cognitionis
1177 5617 1373 5676 aufert.

2066 532 2394 604 peregrinus
2424 539 2543 587 erat
2572 533 2672 603 eis,
2702 549 2733 586 a
2780 549 3009 605 quorum
3052 532 3343 607 fragilitate
3387 550 3488 605 per
3532 535 3660 607 glo-

2068 619 2207 675 riam
2236 621 2651 677 resurrectionis
2673 622 2789 691 jam
2817 608 2983 695 longe
3014 623 3210 689 stabat,
3240 639 3272 677 a
3301 638 3528 695 quorum
3548 622 3659 679 fide

2068 710 2480 765 resurrectionis
2510 710 2699 766 nescia
2736 718 3025 766 extraneus
3079 711 3349 767 manebat.
3403 713 3493 768 Vir
3529 728 3662 784 pro-

2061 798 2253 869 pheta,
2291 804 2395 852 etc.
2429 800 2498 853 Et
2526 799 2791 871 quomodo
2839 799 3217 865 tradiderunt,
3264 808 3370 855 etc.
3415 800 3662 871 Prophe-

2067 892 2176 939 tam
2218 892 2271 940 et
2313 898 2574 957 magnum
2620 886 2855 943 fatentur
2877 930 2891 953 ,
2944 887 3137 941 Filium
3190 886 3286 945 Dei
3328 895 3527 953 tacent,
3574 888 3665 945 vel

2050 973 2189 1044 quia
2220 973 2463 1029 nondum
2490 973 2731 1044 perfecte
2761 974 3009 1044 credunt,
3035 975 3122 1031 vel
3151 975 3198 1030 si
3230 976 3457 1032 credunt
3472 976 3666 1032 timent

2050 1060 2293 1131 ,tradiin
2321 1077 2513 1118 manus
2539 1063 2872 1129 Judaaorum,
2905 1062 3214 1121 nescientes
3261 1079 3387 1121 cum
3428 1079 3535 1137 quo
3584 1064 3667 1121 lo-

2069 1158 2324 1221 quuntur.

2048 1272 2053 1279 ε
2138 1240 2308 1293 Vens.
2340 1243 2429 1296 21.
2460 1268 2531 1280 —
2558 1241 2665 1297 Nos
2695 1245 2910 1310 autem,
2945 1249 3049 1297 etc.
3091 1240 3503 1311 Quodammodo
3533 1243 3665 1298 red-

2067 1336 2303 1399 arguunt
2333 1328 2564 1398 seipsos,
2600 1330 2748 1400 quod
2778 1330 2834 1383 in
2861 1330 3013 1384 illum
3056 1330 3483 1401 redemptionem
3526 1347 3662 1402 spe-

2067 1416 2321 1484 raverint,
2353 1432 2514 1487 quem
2554 1425 2827 1472 mortuum
2868 1417 3132 1485 viderant,
3179 1434 3283 1474 nec
3324 1428 3664 1476 resurrectu-

2066 1519 2187 1558 rum
2217 1504 2535 1574 credebant,
2569 1512 2623 1560 et
2649 1506 2883 1562 maxime
2929 1506 3115 1562 dolent
3160 1522 3287 1563 eum
3334 1507 3452 1562 sine
3498 1507 3664 1579 culpa

2065 1591 2325 1662 occisum,
2358 1609 2519 1665 quem
2547 1593 2894 1650 innocentem
2923 1602 3208 1665 noverant,
3240 1603 3293 1651 et
3324 1611 3391 1652 ex
3406 1596 3512 1652 hoc
3532 1596 3663 1651 tris-

1992 1712 2045 1773 B
2068 1687 2150 1735 tes
2180 1680 2528 1743 incedebant.

2143 1769 2312 1825 Vens.
2341 1774 2430 1826 22.
2461 1800 2529 1810 —
2564 1773 2908 1828 Terruerunt
2935 1788 3057 1838 nos,
3090 1779 3195 1829 etc.
3228 1772 3421 1829 Merito
3462 1772 3660 1829 dicun-

2064 1865 2153 1911 tur
2180 1856 2437 1914 terruisse
2467 1874 2562 1914 eos
2591 1860 2789 1930 quibus
2817 1860 2886 1915 de
2912 1875 3022 1919 non
3050 1860 3270 1918 invento
3291 1876 3515 1934 corpore
3537 1862 3664 1935 plus

2064 1945 2376 2001 maestitiam
2404 1947 2745 2015 addiderunt,
2787 1963 2952 2021 quam
2971 1950 3040 2006 de
3082 1951 3327 2006 nuntiata
3370 1966 3659 2007 resurrec-

2064 2033 2210 2089 tione
2238 2036 2497 2107 gaudium
2528 2052 2635 2107 quo
2666 2045 3065 2107 recrearentur,
3118 2038 3369 2094 afferunt.

2134 2123 2306 2178 Vens.
2338 2126 2427 2183 24.
2460 2154 2531 2166 -
2558 2126 2830 2182 Abierant
2856 2127 3104 2199 quidam,
3157 2135 3262 2184 etc.
3313 2127 3450 2182 Cum
3492 2143 3659 2199 supra

2062 2211 2259 2273 dixerit
2287 2212 2503 2268 Petrum
2532 2215 2836 2271 cucurrisse
2864 2216 2933 2270 ad
2971 2223 3391 2285 monumentum,
3411 2224 3465 2272 et
3493 2218 3661 2273 modo

2058 2300 2201 2357 dicat
2217 2300 2516 2372 Cleophas:
2555 2303 2791 2369 Quidam
2820 2320 2894 2359 ea:
2910 2305 3425 2362 nostrisnbierunt
3454 2305 3662 2362 admo-

2046 2394 2422 2465 numentum,
2457 2398 2562 2447 etc.
2597 2391 3010 2464 Intelligendum
3039 2384 3142 2459 est,
3177 2384 3324 2465 quod
3353 2384 3463 2450 duo
3494 2393 3658 2451 simul

2060 2474 2267 2532 ierunt.
2308 2478 2417 2533 Sed
2462 2479 2683 2534 Petrum
2725 2479 2903 2537 solum
2949 2480 3128 2552 primo
3172 2482 3650 2552 commemoravit,

2060 2566 2188 2638 quia
2216 2565 2468 2637 primitus
2496 2562 2574 2622 illi
2604 2568 2871 2624 nuntiavit
2907 2569 3098 2625 Maria.

2133 2682 2303 2761 Vnns.
2337 2685 2426 2739 25.
2463 2712 2533 2723 -
2565 2676 2802 2740 0'stulti
2830 2688 2887 2740 et
2919 2686 3067 2740 tardi
3094 2686 3274 2761 corde.
3307 2685 3408 2742 Hic
3436 2685 3659 2758 gemina

2057 2770 2379 2825 humiliandi
2408 2772 2710 2828 necessitas
2740 2773 3020 2838 incumbit,
3059 2774 3149 2845 qui
3179 2789 3280 2830 nec
3297 2773 3661 2846 inScripturis

2058 2868 2320 2931 quantum
2349 2868 2564 2931 oportet
2593 2862 2791 2928 edocti,
2823 2878 2925 2917 nec
2946 2862 3016 2917 ad
3046 2861 3321 2934 implenda
3351 2880 3474 2937 qua
3501 2862 3659 2919 novi-

2056 2946 2179 3003 mu's
2210 2956 2470 3020 quantum
2501 2949 2676 3019 decet,
2712 2966 2899 3005 sumus
2930 2951 3140 3007 intenti.
3183 2952 3324 3007 Nam
3354 2952 3400 3006 si
3431 2953 3650 3023 Moyses

2061 3044 2114 3091 et
2142 3038 2422 3108 propheta:
2451 3039 2519 3093 de
2551 3038 2764 3094 Christo
2793 3039 2957 3094 locuti
2989 3048 3132 3107 sunt,
3166 3047 3221 3095 et
3248 3056 3374 3096 eum
3403 3056 3505 3112 per
3523 3055 3651 3110 pas-

2062 3124 2271 3180 sionem
2301 3134 2353 3181 et
2383 3126 2616 3197 gloriam
2645 3127 2969 3182 intraturum
2997 3129 3379 3199 praedixerant,
3413 3145 3651 3201 quomo-

2059 3214 2130 3269 do
2158 3214 2423 3287 gloriatur
2452 3232 2573 3270 esse
2604 3216 2993 3283 Christianum,
3028 3221 3121 3289 qui
3150 3233 3329 3289 neque
3367 3218 3423 3271 in
3453 3217 3647 3290 Scrip-

2046 3303 2197 3367 ituris
2255 3304 2487 3375 qualiter
2542 3304 2612 3358 ad
2669 3305 2944 3360 Christum
3001 3307 3277 3377 pertinent
3330 3307 3648 3382 investigat,

2058 3408 2237 3464 neque
2264 3393 2335 3447 ad
2364 3392 2597 3465 gloriam
2627 3409 2793 3466 quam
2823 3400 2959 3450 cum'
2978 3394 3193 3450 Christo
3223 3395 3429 3451 habere
3480 3394 3654 3468 cupit,

2057 3498 2160 3553 per
2184 3481 2472 3552 passiones
2502 3482 2769 3556 attingere
2807 3483 3085 3538 desiderat
3103 3483 3131 3537 τ

2130 3598 2300 3653 Vans.
2333 3601 2516 3663 28,29.
2549 3628 2619 3637 —-
2646 3599 2718 3653 Et
2746 3601 2883 3671 ipse,
2909 3606 3012 3655 etc.
3033 3600 3192 3655 Mane
3209 3600 3518 3668 nobiscum,
3543 3606 3654 3655 etc.

2057 3686 2244 3742 Talem
2274 3703 2334 3741 se
2361 3686 2603 3741 exhibuit
2631 3687 2687 3741 in
2715 3680 2965 3759 corpore,
3003 3688 3178 3760 qualis
3208 3689 3353 3761 apud
3374 3688 3507 3757 illos
3530 3697 3659 3744 erat

2058 3775 2114 3829 in
2142 3783 2344 3830 mente.
2378 3776 2652 3830 Probandi
2681 3784 2855 3847 erant,
2908 3776 2953 3830 si
3001 3778 3147 3833 hunc
3194 3793 3358 3850 quem
3404 3777 3659 3832 nondum

2057 3871 2115 3918 ut
2144 3865 2319 3919 Deum
2349 3864 2667 3936 diligebant,
2718 3865 2907 3920 saltem
2956 3874 3014 3920 ut
3055 3867 3410 3940 peregrinum
3456 3866 3660 3939 dilige-

2044 3946 2197 4007 'rent.
2232 3952 2339 4007 Sed
2370 3952 2493 4024 quia
2514 3954 2755 4007 extranei
2784 3970 2816 4009 a
2846 3954 3089 4010 claritate
3106 3971 3228 4031 esse
3257 3970 3367 4009 non
3388 3963 3645 4026 possunt,

2040 4050 2181 4097 'cum
2212 4041 2409 4113 quibus
2439 4041 2641 4097 veritas
2669 4043 3049 4115 gradiebatur,
3085 4044 3156 4097 ad
3203 4044 3497 4115 hospitium
3547 4059 3657 4098 vo-

2041 4118 2202 4199 cant,
2236 4130 2345 4185 imo
2376 4139 2597 4202 cogunt.
2632 4130 2752 4201 Quo
2782 4132 3031 4204 exemplo
3061 4132 3357 4204 colligitur,
3394 4132 3521 4203 quia
3548 4148 3651 4203 pe-

2043 4218 2265 4290 ‘regrini
2295 4234 2404 4274 non
2435 4219 2609 4274 solum
2639 4220 2711 4275 ad
2740 4221 3033 4293 hospitium
3078 4229 3203 4277 sunt
3248 4221 3500 4288 vocandi,
3555 4222 3659 4277 sed

2038 4307 2217 4362 'etiam
2240 4308 2507 4363 trahendi.

1960 4409 2051 4496 ,θ’
2130 4380 2299 4493 Vnns.
2351 4412 2437 4465 30.
2489 4441 2558 4451 —
2606 4412 2810 4495 Fregit,
2846 4418 2948 4466 etc.
3004 4410 3177 4481 Quem
3209 4411 3264 4466 in
3314 4411 3656 4483 expositione

2060 4486 2355 4570 Scriptura:
2384 4516 2493 4554 non
2525 4486 2920 4577 cognoverunt,
2960 4501 3013 4554 in
3048 4499 3315 4555 fractione
3360 4501 3518 4571 panis
3547 4517 3653 4556 no-

2034 4590 2269 4659 ‘verunt,
2304 4589 2432 4661 quia
2462 4606 2571 4645 non
2602 4590 2883 4644 auditores
2914 4589 3075 4661 legis,
3111 4590 3208 4643 sed
3241 4589 3479 4645 factores
3494 4590 3653 4658 justi-

2056 4676 2379 4748 ticabuntur,
2422 4687 2475 4733 et
2520 4679 2720 4733 veritas
2766 4678 2963 4735 melius
3015 4678 3297 4749 operando
3346 4694 3508 4751 quam
3555 4693 3651 4733 au-

2055 4766 2255 4822 diendo
2294 4767 2632 4841 intelligitur.

2126 4883 2296 4937 Vens.
2322 4886 2408 4936 31.
2433 4914 2501 4923 —
2521 4884 2715 4955 Aperte”
2743 4888 2895 4950 sunt,
2921 4892 3026 4941 etc.
3060 4883 3408 4939 Subtrahitur
3427 4881 3651 4938 carnali-

2056 4971 2167 5047 bus
2190 4970 2364 5061 oculis
2394 4972 2606 5042 species
2636 4970 2982 5041 inﬁrmitatis,
3016 4980 3076 5028 ut
3106 4972 3381 5029 mentibus
3423 4970 3647 5042 incipiat

2056 5060 2326 5131 apparere
2356 5060 2535 5132 gloria
2564 5061 3005 5117 resurrectionis.

2127 5176 2296 5231 Vens.
2331 5178 2418 5231 32.
2452 5206 2522 5214 —
2549 5177 2621 5230 Et
2649 5177 2945 5243 dixerunt,
2981 5183 3082 5231 etc.
3113 5176 3339 5248 Mystice
3374 5191 3386 5230 :
3422 5174 3551 5231 Ideo
3592 5174 3645 5229 in

2032 5264 2274 5341 ‘Christo
2306 5263 2413 5318 illis
2444 5272 2665 5320 ostensa
2695 5272 2777 5319 est
2806 5265 2914 5319 alia
2961 5264 3190 5339 efﬁgies,
3242 5280 3312 5319 ne
3360 5280 3485 5318 eum
3543 5262 3647 5317 nisi

2056 5353 2113 5407 in
2152 5352 2416 5429 fractione
2436 5352 2594 5424 panis
2642 5361 3058 5426 cognoscerent,
3110 5360 3168 5407 ut
3214 5368 3405 5408 omnes
3452 5351 3650 5406 intelli-

2033 5450 2189 5521 gant
2217 5459 2277 5498 se
2308 5442 2581 5498 Christum
2610 5459 2721 5498 non
2749 5458 3073 5515 agnoscere,
3117 5441 3224 5496 nisi
3251 5440 3383 5496 ﬁant
3427 5440 3651 5512 partici-

2056 5547 2155 5604 pes
2184 5532 2434 5603 corporis
2465 5532 2602 5602 ejus,
2636 5532 2692 5587 id
2722 5539 2803 5588 est
2850 5531 3135 5599 Ecclesiae,
3174 5531 3330 5600 cujus
3377 5528 3643 5585 unitatem

2058 5620 2405 5678 commendat
2434 5621 2725 5695 Apostolus
2755 5622 2810 5676 in
2841 5628 3187 5679 sacramento
3217 5619 3394 5694 panis,
3419 5617 3645 5676 dicens:
