4006 6178
280 284 382 339 353

1212 278 1485 336 GLOSSA
1511 277 1922 337 ORDINARIA.
1952 304 2025 320 —-
2050 276 2317 337 EVANG.
2349 278 2504 337 LUC.

3482 284 3588 339 354

292 407 443 464 Unus
466 405 655 479 panis,
692 420 877 461 unum
905 418 1106 476 eamus
1132 406 1307 461 multi
1337 422 1534 463 sumus
1571 407 1624 475 (Ι
1650 405 1770 463 Cor.
1812 405 1896 476 x).
1919 404 1977 506 A‘
2004 403 2287 461 cicatrices
2313 412 2367 461 et
2391 413 2518 461 tunc
2546 402 2796 473 servavit,
2847 410 2900 459 et
2928 402 2983 459 in
3023 403 3226 474 judicio
3275 412 3592 462 servaturus

287 494 424 550 Cum
470 509 608 567 ergo
652 509 851 565 panem
900 493 1247 549 benedictum
1294 495 1545 568 porrigit,
1596 494 1904 565 aperiuntur

282 583 427 639 oculi
454 591 515 637 ut
544 598 671 639 eum
703 588 1064 656 cognoscant,
1100 590 1155 638 et
1183 591 1502 639 removetur
1534 583 1902 654 impedimen-

287 679 404 727 tum
436 673 582 743 quod
608 688 640 726 a
671 672 871 737 Satana
918 671 975 725 in
1002 671 1175 727 oculis
1206 680 1343 740 erat,
1395 689 1464 728 ne
1509 678 1904 744 agnosceretur

286 760 469 815 Jesus.
496 761 564 814 Et
598 761 700 816 hoc
730 759 1184 831 impedimentum
1210 756 1468 831 permittit
1498 760 1681 815 inesse
1708 760 1895 815 Domi-

285 848 603 903 nusdonec
629 848 697 902 ad
729 855 1124 904 sacramentum
1154 848 1310 919 panis
1340 848 1604 905 veniatur.
1640 849 1749 905 Sed
1778 864 1902 919 par-

286 936 507 1007 ticipata
536 936 739 992 unitate
770 936 1031 1008 corporis,
1066 936 1306 992 aufertur
1334 936 1780 1008 impedimentum
1807 935 1904 991 ini-

290 1024 439 1094 mici,
474 1032 545 1099 ut
564 1025 738 1097 possit
769 1025 1015 1080 Christus
1043 1026 1292 1099 agnosci.

368 1113 608 1169 Ardeas.
644 1113 875 1185 (Gaza)
904 1109 1171 1169 Exaudito
1203 1128 1475 1183 sermone,
1501 1129 1600 1170 cor
1626 1114 1774 1185 prius
1793 1121 1903 1169 tor-

286 1216 426 1274 pore
453 1201 849 1257 incredulitatis
890 1210 942 1256 et
988 1202 1198 1257 timoris
1246 1200 1504 1275 frigidum
1550 1203 1682 1275 igne
1730 1201 1902 1258 sancti

290 1289 526 1360 Spiritus
557 1297 609 1345 et
639 1305 948 1355 accensum,
981 1297 1039 1344 ut
1058 1290 1172 1359 jam
1202 1306 1441 1360 superno
1485 1290 1759 1345 desiderio
1806 1306 1899 1344 ar-

291 1379 444 1445 deat,
480 1386 534 1434 et
562 1378 634 1433 ad
663 1378 993 1433 credendam
1021 1379 1305 1434 veritatem
1336 1395 1395 1434 se
1433 1380 1703 1434 extendat.
1757 1377 1901 1447 Quot

292 1466 586 1538 praeceptis
614 1467 899 1523 instruitur
927 1467 1108 1535 homo,
1146 1467 1298 1538 quasi
1326 1474 1402 1523 tot
1430 1466 1641 1523 facibus
1681 1466 1898 1522 inﬂam-

293 1563 497 1609 matur.

366 1660 542 1716 Vens.
576 1662 664 1716 34.
698 1691 769 1703 -
798 1661 1065 1718 Surrexit
1092 1661 1386 1719 Dominus.
1435 1661 1557 1716 Jam
1587 1658 1734 1715 fama
1779 1666 1899 1716 erat

1961 492 1971 523 τ
2005 503 2111 551 est.
2164 494 2343 550 Primo
2389 494 2457 549 ad
2514 493 2676 550 fidem
2735 492 3150 549 resurrectionis
3196 493 3540 549 astruendam
3574 512 3588 549 :

2004 584 2201 640 deinde
2230 592 2287 639 ut
2314 583 2458 638 Patri
2486 598 2586 654 pro
2631 583 2791 638 nobis
2840 583 3167 655 supplicans,
3219 583 3374 655 quale
3418 597 3592 655 genus

2003 673 2193 729 mortis
2219 688 2322 743 pro
2350 672 2570 727 homine
2598 671 2878 743 pertulerit
2908 687 3123 742 semper
3152 672 3402 727 ostendat
3435 689 3449 725 :
3480 678 3594 727 ter-

2003 760 2095 829 tio,
2126 769 2184 815 ut
2212 777 2306 815 sua
2337 768 2509 816 morte
2537 761 2835 832 redemptis
2855 777 3015 832 quam
3044 759 3471 816 misericorditer
3491 760 3599 814 sint

2002 848 2186 918 adjuti,
2220 849 2513 920 propositis
2562 849 2805 917 ejusdem
2843 848 3034 904 mortis
3081 849 3314 903 insinuat
3360 847 3594 903 indiciis.

2002 937 2110 992 Sed
2139 945 2435 1008 postremo,
2468 945 2523 992 ut
2552 937 2606 991 in
2629 937 2831 1006 judicio
2875 953 3034 1009 quam
3079 937 3221 1005 juste
3272 937 3599 992 damnentur

2000 1024 2152 1095 impii
2180 1025 2475 1091 denuntiet,
2511 1032 2730 1081 ostensa
2757 1040 2919 1097 quam
2958 1026 3029 1079 ab
3075 1025 3180 1079 illis
3219 1025 3427 1095 accepit
3456 1025 3602 1081 cica—

2001 1113 2156 1169 trice.
2185 1114 2307 1169 Non
2340 1128 2471 1185 ergo
2500 1129 2566 1168 ex
2605 1114 2918 1184 impotentia
2945 1114 3170 1169 curandi
3191 1113 3470 1169 cicatrices
3492 1129 3603 1169 ser-

2001 1203 2164 1273 vavit,
2206 1203 2303 1258 sed
2354 1211 2412 1258 ut
2453 1210 2770 1275 perpetuum
2818 1203 3057 1260 victoriae
3103 1219 3215 1259 suae
3261 1202 3603 1260 circumferat

2003 1292 2354 1362 triumphum.

2074 1407 2245 1462 Vens.
2284 1407 2371 1461 41.
2394 1436 2463 1444 -
2483 1405 2706 1461 Habetis
2735 1406 2825 1461 hic
2855 1404 3087 1478 aliquid.
3111 1407 3194 1461 Ad
3224 1403 3601 1461 insinuandam

1999 1497 2278 1553 veritatem
2308 1494 2742 1564 resurrectionis,
2778 1511 2887 1550 non
2916 1498 3088 1549 solum
3119 1495 3287 1565 tangi,
3340 1494 3435 1549 sed
3468 1506 3601 1549 con-

2000 1585 2149 1641 vesci
2180 1583 2367 1651 voluit,
2404 1599 2512 1638 non
2541 1584 2687 1654 quod
2718 1584 2803 1639 vel
2835 1584 2952 1655 ipse
2982 1584 3071 1640 vel
3101 1600 3201 1639 nos
3244 1590 3369 1655 post
3413 1598 3602 1637 resur-

2003 1673 2297 1730 rectionem
2326 1671 2448 1727 cibo
2478 1672 2772 1727 debeamus
2814 1673 3081 1745 indigere,
3135 1673 3233 1728 sed
3281 1679 3337 1727 ut
3384 1686 3600 1742 corpus,

296 1750 447 1822 quod
476 1758 854 1805 resurrexerat
883 1750 1042 1805 Jesus
1074 1751 1142 1805 ab
1171 1751 1277 1805 illis
1307 1751 1624 1809 mulieribus
1655 1750 1814 1819 facta,
1848 1757 1972 1816 etB
2004 1778 2114 1818 non
2144 1762 2389 1833 spiritum
2438 1776 2560 1816 esse
2606 1761 2993 1829 manifestapet,
3041 1761 3382 1817 manducavit
3420 1767 3605 1831 potes-

297 1855 328 1892 a
359 1838 586 1894 Simone
616 1839 778 1894 Petro
809 1839 896 1894 cui
923 1847 1269 1911 apparuerat,
1305 1840 1421 1895 haec
1447 1839 1733 1911 loquentes
1758 1838 1910 1894 inve-

296 1935 503 1983 nerant
533 1926 623 1982 isti
651 1927 778 1994 duo,
815 1928 911 1983 sed
939 1936 991 1983 et
1019 1928 1123 1999 ipsi
1148 1928 1299 2001 prius
1330 1928 1615 1983 audierant
1644 1928 1789 1999 quod
1815 1943 1907 1983 re-

298 2024 646 2082 surrexerat,
684 2017 780 2072 sed
811 2016 1103 2073 timuerunt
1131 2017 1317 2073 dicere
1346 2016 1401 2071 in
1428 2016 1514 2072 via
1543 2017 1761 2089 quando
1788 2024 1910 2071 tan.

299 2105 585 2161 tummodo
610 2105 840 2176 angelos
867 2105 1115 2160 dixerunt
1151 2104 1299 2161 visos
1347 2105 1687 2161 mulieribus.
1738 2106 1908 2177 Igno-

298 2201 486 2249 rantes
544 2194 689 2249 enim
743 2210 866 2249 eum
912 2210 1035 2249 cum
1085 2209 1192 2265 quo
1238 2194 1611 2267 loquebantur,
1662 2200 1912 2264 poterant

300 2282 499 2337 timere
528 2298 599 2338 ne
647 2282 947 2337 inciderent
993 2281 1049 2337 in
1087 2299 1279 2337 manus
1326 2283 1654 2352 Iudaeorum,
1706 2282 1759 2338 si
1782 2282 1911 2354 quid

297 2370 514 2442 passim
538 2370 782 2426 dicerent
809 2370 879 2426 de
907 2370 1107 2426 Christi
1140 2371 1567 2427 resurrectione.

372 2468 550 2523 Vsus.
575 2470 756 2523 36.—
784 2469 957 2525 Stetit
984 2471 1162 2538 Jesus,
1221 2476 1326 2525 etc.
1376 2470 1505 2524 Haec
1545 2468 1785 2525 ostensio
1831 2477 1913 2524 est

300 2556 412 2622 illa,
450 2556 520 2612 de
554 2573 661 2627 qua
689 2557 927 2613 Joannes
955 2557 1029 2612 ait
1056 2558 1238 2629 (Joan.
1274 2559 1379 2629 xx)
1404 2575 1417 2612 :
1453 2558 1591 2613 Cum
1615 2573 1736 2613 sero
1766 2562 1913 2614 esset

302 2645 414 2711 die,
450 2652 578 2713 etc.,
614 2649 673 2701 et
700 2646 854 2701 dixit
881 2647 961 2701 eis
991 2665 1008 2701 :
1039 2648 1166 2702 Pax
1194 2646 1363 2703 vobis.
1416 2643 1573 2714 Quod
1601 2662 1730 2702 vero
1782 2645 1914 2702 dicit

295 2732 538 2788 Joannes
568 2734 829 2788 Thomam
858 2749 969 2789 non
1002 2732 1173 2789 fuisse
1231 2750 1355 2789 cum
1381 2733 1489 2787 illis
1516 2751 1529 2787 :
1564 2749 1689 2789 cum
1735 2734 1912 2790 Lucas

302 2820 454 2878 dicat
480 2820 617 2876 istos
651 2822 789 2877 duos
816 2821 1092 2877 invenisse
1119 2821 1374 2877 undecim
1421 2829 1804 2895 congregatos,
1859 2830 1913 2877 et

303 2925 401 2966 eos
433 2910 523 2982 qui
554 2926 677 2965 cum
707 2910 786 2965 eis
817 2918 950 2979 erat,
985 2909 1400 2983 intelligendum
1447 2918 1530 2967 est
1573 2911 1719 2982 quod
1762 2911 1911 2966 Tho-

305 3014 428 3053 mas
456 2998 584 3054 inde
611 2998 812 3055 exisset
838 3007 1131 3072 antequam
1160 2999 1426 3057 Dominus
1457 2999 1537 3056 eis
1554 3000 1659 3057 hoc
1676 3000 1910 3073 loquen-

307 3088 454 3143 tibus
480 3095 787 3160 appareret.

378 3203 555 3258 Vsus.
589 3203 771 3272 37,38.
804 3235 873 3246 —
905 3204 1183 3277 Spiritum
1230 3203 1435 3261 videre.
1489 3206 1563 3260 Et
1610 3203 1764 3261 dixit
1810 3205 1908 3261 eis.

306 3291 592 3348 Noverant
622 3291 1068 3363 discipulifuisse
1096 3309 1286 3363 verum
1314 3293 1611 3365 hominem,
1647 3292 1744 3348 sed
1772 3301 1915 3363 post-

308 3396 477 3452 quam
504 3388 749 3435 mortuus
776 3388 887 3451 est,
911 3397 1019 3437 non
1050 3382 1289 3450 credunt
1326 3381 1486 3437 tertia
1534 3380 1625 3436 die
1670 3380 1914 3452 potuisse

309 3484 502 3524 veram
526 3483 750 3525 carnem
794 3467 863 3525 de
891 3469 1140 3541 sepulcro
1187 3487 1493 3544 resurgere.
1540 3471 1732 3524 Putant
1779 3485 1915 3542 ergo

307 3574 370 3615 se
397 3557 585 3627 videre
614 3558 861 3630 spiritum
887 3575 1047 3631 quem
1078 3557 1254 3616 emisit
1273 3559 1329 3625 in
1351 3557 1627 3632 passione,
1655 3558 1752 3615 sed
1771 3559 1916 3615 hunc

313 3663 557 3716 errorem
586 3646 762 3703 aufert
788 3647 1073 3705 Dominus.

388 3736 533 3804 Quid
565 3737 778 3793 turbati
821 3738 977 3793 estis.
1029 3737 1259 3808 (Anam)
1308 3736 1613 3792 Credebant
1662 3734 1912 3809 apostoli,

314 3824 414 3880 sed
444 3832 629 3880 tamen
680 3822 983 3893 turbantur,
1036 3832 1162 3895 etc.,
1211 3842 1387 3899 usque
1413 3825 1485 3881 ad
1527 3825 1671 3896 quod
1721 3824 1918 3882 clausis

309 3906 511 3982 ianuis,
544 3913 808 3970 Dominus
837 3930 959 3971 cum
988 3929 1218 3986 corpore
1247 3928 1343 3971 suo
1375 3928 1436 3970 se
1464 3913 1792 3986 improvisus
1837 3914 1920 3969 in-

316 3999 534 4075 fuderit.
744 4061 749 4065 _
956 3995 965 4004 ’
1076 4054 1079 4057 ,

390 4091 786 4163 Cogitationes,
820 4101 923 4148 etc.
960 4090 1132 4148 Falsas
1160 4107 1269 4147 non
1299 4090 1534 4164 desuper
1572 4091 1918 4148 descenden-

317 4186 418 4250 tes,
453 4180 552 4235 sed
583 4179 719 4236 sicut
748 4180 893 4236 mala
922 4180 1089 4237 herba
1129 4180 1185 4235 in
1233 4181 1395 4236 corde
1423 4181 1799 4251 ascendentes,
1850 4179 1919 4234 fi-

321 4264 638 4340 dem'quam
670 4269 724 4324 in
766 4267 920 4325 vobis
966 4267 1207 4341 plantavi
1235 4269 1413 4342 exigo,
1467 4270 1614 4342 quod
1655 4287 1722 4326 ex
1765 4268 1921 4327 vobis

316 4364 611 4427 ortumest
638 4357 963 4433 condemno,
999 4358 1046 4412 si
1071 4374 1183 4413 non
1213 4366 1295 4414 est
1326 4358 1526 4415 veritas
1564 4358 1919 4416 resurrectio-

318 4445 424 4513 nis,
455 4445 699 4516 perditus
727 4454 808 4502 est
839 4434 1043 4503 fructus
1076 4447 1368 4519 passionis.

394 4559 565 4615 Vens.
600 4564 688 4615 39.
707 4591 778 4602 —
797 4563 1035 4634 Palpate
1066 4567 1124 4619 et
1149 4563 1349 4619 videte.
1372 4562 1553 4618 Multis
1584 4561 1922 4619 documentis

320 4648 616 4717 persuadet
642 4649 1099 4706 resurrectionem
1127 4650 1424 4722 praebendo
1452 4667 1532 4718 se,
1565 4658 1619 4706 et
1649 4651 1818 4707 oculis
1847 4650 1923 4709 vi-

323 4734 583 4806 dendum,
615 4744 668 4792 et
698 4738 951 4794 manibus
977 4740 1439 4809 contrectandum,
1489 4739 1579 4812 qui
1628 4740 1756 4795 dum
1800 4740 1921 4812 pal-

321 4825 506 4893 pando
534 4841 663 4880 ossa
681 4842 1007 4901 carnemque
1028 4836 1312 4897 monstrat,
1338 4835 1529 4884 statum
1560 4846 1670 4886 suae
1687 4829 1776 4885 vel
1802 4845 1925 4885 nos-

317 4918 423 4968 tra:
450 4915 1101 4993 resurrectionisisignat,
1150 4916 1206 4970 in
1253 4932 1362 4989 qua
1412 4932 1608 4988 corpus
1654 4925 1919 4988 nostrum,

324 5010 382 5057 et
428 5003 623 5059 subtile
676 5005 776 5060 erit
826 5021 926 5076 per
981 5003 1232 5061 effectum
1286 5005 1576 5077 spiritualis
1633 5006 1919 5078 potentiae,

322 5098 383 5145 et
408 5092 679 5163 palpabile
722 5108 822 5164 per
873 5093 1150 5149 veritatem
1199 5101 1421 5151 naturae.
1472 5095 1598 5151 Post
1646 5111 1930 5151 resurrec-

325 5179 531 5235 tionem
560 5181 824 5236 Dominus
852 5181 909 5236 in
936 5197 1167 5253 corpore
1197 5198 1294 5238 suo
1319 5183 1426 5239 duo
1454 5178 1723 5240 contraria
1751 5191 1926 5240 osten-

322 5267 423 5333 dit,
456 5276 509 5324 et
532 5270 804 5341 palpabile
834 5270 1077 5339 ejusdem
1104 5279 1331 5339 naturae,
1379 5281 1438 5328 ut
1482 5272 1734 5330 informet
1763 5274 1833 5329 ad
1864 5272 1927 5327 fi-

325 5356 473 5425 dem,
503 5366 558 5413 et
586 5358 990 5430 incorruptibile
1014 5359 1235 5417 alterius
1264 5360 1474 5433 gloriae,
1522 5371 1577 5418 ut
1626 5363 1817 5419 invitet
1858 5361 1926 5417 ad

324 5460 632 5515 praealtum.
666 5475 671 5479 -

404 5560 571 5618 Vsus.
614 5562 703 5619 4ο.
726 5592 795 5604 -
821 5565 1079 5623 Ostendit
1108 5567 1189 5626 eis
1215 5584 1443 5638 manus,
1477 5575 1581 5625 etc.
1611 5568 1682 5625 Ut
1708 5574 1927 5625 ostensa

323 5647 609 5713 vulnerum
635 5652 892 5715 cicatrice
913 5653 1245 5716 inﬁdelitatis
1280 5657 1476 5718 vulnus
1505 5664 1737 5730 sanaret,
1789 5671 1928 5730 quas

1934 3112 1983 3175 C

2010 1859 2136 1917 tate,
2170 1866 2281 1905 non
2327 1849 2668 1905 necessitate.
2719 1850 2890 1905 Aliter
2935 1850 3188 1905 absorbet
3225 1864 3421 1921 aquam
3464 1855 3609 1904 terra

2010 1940 2199 1994 sitiens
2229 1938 2385 1993 aliter
2414 1938 2545 1994 solis
2572 1938 2755 1993 radius
2783 1939 2965 1995 calens
2998 1958 3011 1994 :
3034 1939 3137 2009 illa
3163 1936 3479 2010 indigentia,
3503 1935 3607 1991 iste

2008 2027 2267 2100 potentia.

2082 2144 2254 2199 Vens.
2279 2145 2367 2201 42.
2386 2173 2456 2184 -
2474 2143 2654 2200 Piscis
2684 2143 2818 2199 assi.
2850 2140 3022 2197 Piscis
3053 2156 3230 2211 assus,
3263 2141 3381 2213 ipse
3408 2141 3608 2199 media-

2010 2240 2095 2287 tor
2120 2248 2337 2303 passus,
2369 2232 2424 2287 in
2453 2232 2605 2304 aquis
2653 2230 2874 2286 humani
2920 2230 3137 2304 generis
3178 2239 3369 2302 captus
3414 2232 3607 2305 laqueo

2010 2321 2237 2388 mortis,
2289 2329 2502 2375 assatus
2549 2329 2790 2391 tempore
2832 2320 3129 2391 passionis.
3182 2321 3305 2390 Ipse
3350 2327 3403 2376 et
3450 2319 3604 2377 favus

2011 2409 2187 2464 mellis
2215 2408 2371 2464 nobis
2421 2417 2505 2463 est
2541 2409 2595 2461 in
2644 2408 3059 2464 resurrectione.
3109 2408 3284 2464 Favus
3326 2409 3503 2463 mellis
3549 2409 3607 2464 in

2010 2514 2151 2566 cera,
2184 2497 2239 2551 id
2269 2504 2352 2552 est
2380 2496 2647 2551 Divinitas
2678 2496 2733 2550 in
2763 2496 3116 2551 humanitate.
3151 2497 3210 2550 In
3239 2497 3399 2566 hujus
3427 2497 3608 2554 mellis

2011 2584 2345 2641 comestione
2377 2584 2641 2657 signatur,
2695 2583 2826 2655 quia
2851 2584 2973 2639 illos
3019 2584 3074 2638 in
3122 2598 3345 2654 corpore
3394 2600 3491 2640 suo
3536 2585 3608 2641 ad

2011 2682 2271 2728 aeternam
2300 2673 2535 2745 quietem
2565 2671 2810 2743 suscipit,
2843 2672 2933 2743 qui
2961 2688 3081 2727 cum
3112 2671 3484 2728 tribulationes
3503 2660 3605 2744 pro

2011 2763 2127 2817 Deo
2156 2760 2407 2831 sentiunt,
2442 2760 2513 2815 ab
2542 2775 2726 2817 amore
2756 2759 2983 2815 internae
3028 2759 3331 2815 dulcedinis
3380 2775 3490 2815 non
3521 2776 3609 2816 re-

2012 2850 2229 2906 cedunt.
2263 2848 2368 2919 Qui
2396 2848 2482 2905 hic
2512 2855 2785 2917 assantur,
2817 2847 2928 2904 illic
2949 2863 3082 2905 vera
3134 2848 3421 2905 dulcedine
3451 2847 3610 2905 satia-

2013 2947 2228 3002 buntur.

2084 3063 2254 3118 Vens.
2282 3064 2372 3117 43.
2395 3091 2464 3103 -
2494 3063 2563 3118 Et
2608 3078 2739 3119 cum
2766 3062 3185 3118 manducasset.
3238 3060 3443 3118 Omnes
3490 3075 3606 3118 am-

2012 3151 2187 3224 bages
2214 3149 2386 3206 aufert
2417 3168 2432 3205 :
2462 3150 2610 3206 visus
2640 3158 2742 3219 est,
2775 3156 2950 3206 tactus
2990 3158 3090 3216 est,
3141 3150 3504 3218 manducavit,
3555 3160 3609 3207 et

2012 3256 2081 3295 ne
2109 3240 2165 3293 in
2193 3239 2372 3311 aliquo
2401 3255 2594 3295 sensus
2640 3240 2907 3295 humanos
2953 3237 3264 3295 ludiﬁcasse
3312 3238 3603 3308 videretur,

2012 3328 2171 3383 mittit
2197 3344 2390 3383 manus
2420 3329 2489 3383 ad
2517 3327 2845 3399 Scripturas,
2895 3336 2951 3383 ut
2981 3327 3083 3384 etsi
3129 3327 3357 3399 magicis
3401 3328 3608 3384 artibus

2012 3417 2258 3473 videatur
2284 3416 2527 3488 potuisse
2565 3416 2710 3488 quod
2737 3416 2923 3487 voluit,
2974 3417 3115 3473 sicut
3157 3416 3343 3472 dicunt
3387 3416 3605 3491 pagani,

2015 3506 2209 3561 saltem
2240 3505 2459 3563 videant
2493 3506 2818 3578 prophetare
2871 3520 2982 3561 non
3028 3505 3271 3576 potuisse
3320 3513 3610 3579 antequam

2014 3602 2171 3650 natus
2200 3594 2319 3650 fuit.

2087 3728 2257 3785 Vens.
2284 3728 2369 3783 45.
2394 3759 2463 3770 -
2497 3728 2647 3784 Tunc
2676 3728 2919 3800 aperuit.
2954 3727 3081 3782 Post
3109 3726 3304 3794 visum,
3335 3735 3459 3799 post
3486 3742 3612 3783 con-

2017 3824 2218 3873 tactum
2239 3863 2254 3889 ,
2301 3824 2426 3889 post
2472 3822 2950 3873 commemoratam
2993 3816 3176 3889 legem
3220 3816 3429 3887 aperuit
3477 3832 3610 3872 sen-

2018 3923 2155 3974 sum,
2188 3913 2244 3961 ut
2273 3906 2417 3978 quod
2463 3905 2645 3961 vident
2689 3912 2742 3961 et
2784 3904 2992 3977 legunt,
3040 3904 3362 3977 intelligant,
3412 3904 3611 3963 deinde

2016 4004 2141 4068 post
2171 3994 2253 4049 sui
2283 3994 2525 4066 corporis
2555 3993 2993 4050 commandatam
3023 3992 3311 4049 veritatem
3340 4008 3614 4050 commen-

2017 4086 2112 4140 dat
2141 4084 2401 4141 Ecclesiae
2439 4084 2699 4139 unitatem
2736 4100 2750 4136 :
2801 4084 2871 4139 Et
2917 4082 3222 4155 preedicari
3265 4083 3331 4138 in
3378 4085 3610 4142 nomine

2020 4190 2160 4246 ejus.

2092 4290 2260 4346 Vnus.
2281 4290 2369 4344 46.
2397 4319 2466 4328 -
2501 4288 2815 4361 Oportebat,
2848 4296 2952 4344 etc.
3007 4286 3307 4359 Oportebat
3340 4296 3398 4343 ut
3422 4288 3613 4343 minis-

2019 4378 2090 4432 tri
2119 4378 2209 4450 qui
2240 4377 2612 4449 poenitentiam
2643 4386 2695 4432 et
2725 4376 3100 4432 remissionem
3147 4384 3300 4432 erant
3341 4376 3611 4447 praedica~
3659 4388 3666 4395 '

1945 4473 1999 4536 D
2028 4466 2131 4522 turi
2156 4465 2213 4521 in
2241 4482 2432 4522 omnes
2470 4475 2682 4539 gentes,
2734 4465 3034 4537 inciperent
3080 4464 3150 4518 ab
3198 4464 3611 4536 Hierosolymis.

2017 4558 2141 4613 Non
2172 4555 2350 4612 solum
2376 4555 2502 4629 quia
2529 4555 2634 4609 illis
2663 4554 2863 4610 credita
2883 4561 3006 4609 sunt
3034 4552 3251 4624 eloquia
3270 4553 3390 4620 Dei,
3416 4561 3469 4609 et
3488 4554 3617 4626 quia

2021 4661 2209 4701 eorum
2239 4653 2323 4701 est
2350 4644 2569 4715 adoptio
2599 4642 2850 4708 filiorum,
2885 4650 2939 4697 et
2968 4641 3148 4715 gloria
3177 4642 3506 4709 testamenti,
3552 4650 3609 4698 et

2020 4732 2329 4807 legislatio;
2363 4732 2462 4787 sed
2489 4732 2615 4787 ideo
2644 4730 2808 4786 etiam
2832 4738 2890 4784 ut
2918 4737 3111 4802 gentes
3140 4729 3307 4786 variis
3337 4730 3615 4787 erroribus

2022 4830 2076 4877 et
2104 4820 2430 4877 facinoribus
2458 4819 2751 4891 implicitae,
2785 4819 2889 4874 hoc
2916 4818 3150 4874 maxime
3186 4818 3387 4874 indicio
3415 4818 3615 4876 diva

2021 4909 2238 4981 pietatis
2265 4910 2335 4965 ad
2366 4925 2519 4980 spem
2550 4907 2724 4965 veniae
2770 4915 3150 4979 provocentur,
3204 4907 3348 4979 quod
3395 4907 3475 4963 eis
3522 4906 3616 4981 qui

2023 4999 2215 5056 Filium
2245 4999 2347 5056 Dei
2375 4997 2776 5065 crucifixerunt,
2808 4997 3026 5054 veniam
3050 4997 3274 5053 relaxat.

2093 5124 2265 5179 Vens.
2290 5124 2377 5177 49.
2400 5153 2469 5162 -
2508 5123 2603 5180 Vos
2633 5126 2828 5178 autem
2856 5121 3063 5177 sedete.
3113 5119 3406 5193 Postquam
3445 5120 3618 5180 disci-

2022 5212 2180 5285 pulos
2227 5212 2296 5267 de
2342 5211 2540 5268 virtute
2586 5209 2991 5282 praedicationis
3034 5207 3278 5280 perfecte
3333 5210 3615 5283 instruxit,

2025 5318 2147 5358 cum
2177 5308 2399 5373 repente
2428 5301 2474 5356 si
2504 5301 2667 5357 vellet
2694 5308 2883 5372 posset
2932 5314 3028 5354 eos
3055 5299 3339 5369 roborare,
3390 5300 3614 5369 distulit,

2025 5391 2215 5447 dicens
2248 5409 2262 5445 :
2301 5393 2396 5448 Vos
2425 5394 2620 5447 autem
2649 5391 2853 5446 sedete.
2890 5389 2959 5444 Ut
2989 5388 3296 5460 exemplum
3336 5382 3620 5462 sequenti-

2026 5481 2127 5536 bus
2176 5479 2366 5547 daret,
2417 5496 2486 5535 ne
2533 5477 2839 5552 imperfecti
2885 5477 3190 5550 praedicare
3233 5487 3358 5533 ante
3404 5485 3620 5548 tempus

2025 5578 2375 5644 praesumant.
2406 5571 2468 5625 In
2495 5570 2708 5628 civitate
2736 5570 2912 5637 sedet,
2937 5570 3030 5643 qui
3052 5569 3193 5624 intra
3220 5565 3416 5624 mentis
3445 5566 3624 5623 claus-

2026 5663 2110 5716 tra
2136 5672 2198 5716 se
2227 5655 2567 5730 constringit,
2596 5671 2665 5713 ne
2694 5653 2969 5730 loquendo
2997 5652 3231 5713 exterius
3260 5657 3536 5724 evagetur,
3565 5658 3630 5710 ut
