4006 6178
251 259 360 312 357

1254 256 1527 315 GLOSSA
1556 256 1966 314 ORDINARIA.
1998 288 2062 303 —
2099 259 2364 316 EVANG.
2395 260 2596 317 JOAN.

3463 267 3568 320 358

253 369 507 450 quorum
537 379 649 434 vita
694 386 747 434 et
790 377 1136 436 conversatio
1180 379 1234 434 in
1283 381 1438 437 caelis
1485 388 1585 449 est,
1622 380 1779 453 quasi
1807 380 1939 443 inA
2040 384 2326 441 Vens.1’7.
2359 415 2428 425 —
2458 387 2566 441 Per
2611 385 2848 455 Moysen.
2911 384 3016 440 Per
3071 384 3297 456 Moysen
3350 401 3572 442 servum

253 468 368 523 alio
389 467 593 523 mundo
626 476 771 522 sunt.

339 584 511 638 Vens.
534 586 622 638 11.
647 613 717 625 -
738 585 808 638 Et
827 585 918 640 sui
946 598 1076 640 eum
1097 599 1212 641 non
1233 587 1588 656 receperunt.
1611 585 1695 639 Ab
1716 583 1868 639 initio

250 670 450 726 mundi
479 671 690 726 nullum
719 680 934 742 tempus
965 680 1084 727 erat
1116 673 1172 726 in
1215 688 1324 744 quo
1355 680 1671 743 receptores
1699 672 1870 729 divini

251 759 419 814 verbi
433 775 544 816 non
573 768 777 828 essent,
808 761 956 818 unde
992 761 1144 816 addit
1187 778 1200 816 :
1246 762 1522 834 Quotquot
1549 766 1744 818 autem
1774 777 1868 817 re-

251 853 563 920 ceperunt.

334 961 507 1016 Vsus.
532 964 620 1018 12.
652 993 720 1002 -
756 963 926 1018 Filios
947 965 1049 1018 Dei
1075 962 1220 1032 ﬁeri.
1245 960 1511 1016 Mirabilis
1541 968 1784 1033 potestas
1813 967 1873 1016 ut

248 1049 354 1121 qui
385 1048 480 1102 ﬁlii
523 1049 728 1104 diaboli
775 1058 949 1117 erant,
1001 1058 1054 1105 et
1102 1049 1196 1104 filii
1219 1051 1318 1105 Dei
1349 1057 1401 1105 et
1440 1049 1640 1105 fratres
1671 1049 1872 1105 Christi

253 1155 364 1208 per
389 1154 514 1193 eum
541 1138 760 1193 liberati
790 1138 1067 1205 dicantur,
1088 1155 1196 1210 quo
1220 1147 1403 1193 autem
1425 1138 1618 1194 ordine
1648 1137 1744 1192 lilii
1771 1135 1872 1192 Dei

253 1225 418 1291 ﬁant,
459 1234 513 1280 et
568 1227 844 1298 quomodo
888 1229 1006 1283 hinc
1051 1228 1336 1300 generatio
1384 1227 1549 1283 distat
1579 1243 1612 1282 a
1641 1225 1869 1296 carnali,

260 1314 523 1370 subditur
557 1331 570 1370 :
602 1317 704 1384 Qui
732 1332 846 1372 non
873 1333 947 1371 ex
976 1318 1364 1388 sanguinibus.

339 1439 510 1494 Vens.
538 1440 623 1493 14.
649 1469 716 1478 -—
733 1441 803 1493 Et
832 1440 1060 1495 Verbum
1077 1457 1208 1496 caro
1229 1443 1452 1510 factum
1474 1445 1577 1496 est.
1601 1441 1670 1495 Ut
1690 1445 1872 1493 autem

252 1543 460 1583 secure
481 1527 780 1583 credamus
801 1527 1052 1583 homines
1073 1528 1227 1584 nasci
1247 1545 1313 1583 ex
1336 1530 1472 1594 Deo,
1497 1527 1679 1582 subdit
1700 1528 1876 1582 Deum

251 1616 420 1672 nasci
463 1632 530 1670 ex
576 1616 824 1683 homine,
881 1633 948 1671 ex
995 1618 1099 1674 hac
1148 1616 1494 1688 susceptione
1543 1616 1874 1671 infirmitatis

255 1711 493 1759 sanatur
518 1712 709 1759 nostra
736 1704 1044 1774 infirmitas,
1080 1713 1137 1760 ut
1167 1705 1442 1776 possimus
1472 1703 1568 1759 filii
1602 1706 1700 1760 Dei
1731 1704 1868 1760 fieri.
1887 1737 1942 1798 B

253 1794 333 1848 Et
360 1793 466 1849 hoc
485 1800 566 1848 est
591 1808 603 1848 :
631 1795 697 1848 Et
727 1795 955 1850 Verbum
977 1811 1107 1850 caro
1142 1797 1365 1865 factum
1389 1799 1492 1850 est.
1524 1793 1683 1862 Quod
1705 1811 1873 1864 supe-

255 1881 378 1936 rius
409 1889 545 1947 erat,
579 1881 806 1936 inferius
837 1881 1140 1938 descendit.
1177 1882 1321 1951 Quid
1365 1883 1565 1938 mirum
1603 1899 1615 1937 :
1651 1883 1695 1936 si
1729 1882 1876 1953 quod

255 1977 385 2025 erat
411 1968 658 2037 inferius,
694 1969 748 2024 in
778 1970 832 2025 id
863 1971 1009 2042 quod
1041 1971 1291 2040 superius
1323 1979 1404 2026 est
1435 1970 1730 2026 ascendit?
1760 1972 1874 2026 Nec

255 2058 484 2127 mirum,
521 2059 566 2112 si
590 2058 840 2114 homines
868 2066 1170 2114 nascuntur
1201 2076 1267 2114 ex
1301 2061 1435 2125 Deo,
1471 2059 1600 2130 quia
1629 2059 1777 2112 Deus
1808 2075 1872 2112 ex

255 2146 485 2202 homine
515 2154 598 2202 est
628 2155 808 2201 natus.
831 2149 1072 2202 Plenum
1092 2150 1291 2218 gratia:
1312 2152 1367 2202 et
1391 2149 1668 2202 veritatis.
1699 2148 1873 2200 Ilomo

258 2235 513 2290 Christus
544 2234 737 2304 plenus
769 2234 865 2288 fuit
893 2235 1090 2305 gratia,
1145 2235 1273 2306 quia
1301 2234 1464 2288 nullis
1509 2233 1872 2306 prmcedenti-

259 2323 390 2390 bus,
413 2322 626 2377 meritis
656 2339 722 2378 ex
772 2339 879 2393 quo
926 2330 1222 2392 conceptus
1254 2330 1352 2392 est,
1375 2323 1473 2376 fuit
1503 2323 1689 2378 Deitas
1722 2323 1776 2376 in
1807 2339 1872 2377 eo

256 2409 498 2480 implens
515 2411 793 2464 hominem
815 2410 967 2464 illum
985 2410 1132 2464 omni
1149 2409 1484 2481 plenitudine
1508 2411 1870 2475 redundante,

259 2499 322 2552 in
351 2514 542 2553 omnes
582 2506 822 2563 sanctos,
873 2499 1016 2553 unde
1067 2506 1119 2553 et
1168 2506 1346 2553 mater
1376 2499 1493 2567 ejus
1523 2515 1630 2553 non
1662 2506 1872 2552 tantum

263 2586 473 2642 dicitur
504 2595 682 2641 mater
703 2585 956 2656 hominis,
983 2587 1078 2641 sed
1101 2595 1152 2642 et
1171 2594 1349 2642 mater
1370 2587 1488 2641 Dei.
1512 2588 1628 2642 Nec
1649 2586 1867 2655 mirum,

263 2675 316 2730 si
344 2674 563 2744 dicitur,
587 2677 750 2730 homo
772 2674 938 2730 etiam
960 2675 1126 2745 Deus,
1152 2691 1276 2732 cum
1297 2677 1444 2731 Deus
1464 2675 1678 2731 dicatur
1707 2675 1871 2730 etiam

260 2764 452 2832 homo,
473 2764 594 2819 haec
631 2771 812 2818 autem
853 2763 1033 2836 gratia
1052 2764 1250 2820 dicitur
1289 2772 1341 2818 et
1379 2764 1603 2829 veritas,
1637 2763 1764 2834 quia
1793 2763 1873 2820 sic

262 2852 397 2907 olim
426 2851 760 2922 promissum
793 2859 893 2919 est,
927 2860 978 2906 et
1007 2853 1170 2907 modo
1199 2851 1518 2919 exhibitum,
1552 2851 1777 2918 scilicet,
1815 2863 1872 2908 ut

265 2949 416 3004 Deus
449 2949 517 3002 sit
546 2949 602 3003 in
630 2948 850 3004 homine
880 2948 1112 3020 implens
1144 2966 1269 3006 eum
1315 2949 1465 3005 omni
1494 2949 1656 3017 bono,
1691 2957 1743 3004 et
1771 2965 1872 3020 per

267 3054 394 3095 eum
428 3054 579 3093 SUOS.

340 3181 510 3237 Vsus.
537 3183 625 3235 15.
654 3207 723 3223 --
743 3181 842 3236 II-ic
865 3184 988 3236 erat
1011 3194 1175 3252 quem
1198 3180 1342 3236 dixi.
1368 3181 1474 3234 Per
1494 3177 1882 3234 demonstrati-

267 3286 393 3326 vum
412 3285 722 3340 pronomen
742 3268 982 3324 innuitur
1002 3269 1278 3323 Christum
1300 3267 1522 3323 aﬁ'uisse
1543 3267 1598 3321 in
1620 3267 1715 3322 illo
1736 3267 1878 3325 loco.

266 3359 421 3429 Saepe
454 3357 604 3413 enim
633 3357 751 3428 ipse
800 3356 1068 3412 Dominus
1117 3357 1298 3412 adhuc
1327 3356 1548 3428 ignotus
1587 3363 1880 3428 antequam

270 3447 643 3518 baptizaretur
674 3454 726 3502 et
747 3446 1092 3518 praedicaret,
1130 3445 1199 3501 ad
1247 3447 1516 3500 Joannem
1544 3445 1735 3500 solitus
1762 3453 1882 3501 erat

269 3535 474 3591 venire.
503 3535 612 3602 Qui
627 3540 756 3607 post
774 3551 864 3591 me
889 3539 1160 3591 venturus
1184 3538 1288 3590 est.
1319 3533 1423 3602 Qui
1446 3541 1567 3604 post
1586 3550 1674 3588 me
1696 3541 1876 3602 natus,

269 3632 387 3694 post
416 3640 506 3678 me
536 3623 958 3695 praedicaturus,
993 3622 1391 3694 baptizatm'us,
1415 3623 1732 3678 moriturus.
1755 3623 1879 3676 Non

270 3713 412 3784 quod
435 3714 554 3782 jam
584 3728 694 3768 non
724 3720 869 3768 esset
889 3719 1070 3778 natus,
1115 3701 1335 3782 quando
1384 3711 1502 3768 haec
1551 3711 1704 3778 dixit,
1751 3709 1880 3781 quia

275 3802 433 3856 etiam
463 3801 806 3872 baptizatus:
840 3801 938 3856 sed
977 3807 1238 3858 venturus
1287 3799 1342 3854 in
1381 3799 1790 3870 praedicatione,
1822 3797 1878 3852 in

273 3898 464 3947 morte.
490 3889 590 3944 sed
618 3907 728 3946 non
750 3890 806 3944 in
827 3888 1252 3944 resurrectione.
1276 3888 1422 3944 Ante
1440 3905 1530 3944 me
1558 3891 1747 3959 factus
1769 3891 1874 3953 est,

274 3979 398 4048 quia
434 3980 598 4050 prior
633 3995 722 4033 me
771 3983 913 4034 erat.
967 3979 1049 4032 Εχ
1097 3976 1312 4042 Graeco,
1347 3992 1535 4032 coram
1564 3992 1653 4030 me
1701 3975 1877 4031 factus

274 4072 370 4131 est,
402 4064 458 4120 id
479 4073 584 4133 est,
609 4066 862 4138 apparuit
882 4065 1014 4120 mihi
1037 4063 1278 4137 quidem,
1317 4064 1542 4135 scilicet,
1577 4063 1704 4136 quia
1725 4063 1876 4136 prior

275 4168 358 4207 me
389 4160 525 4208 erat.

344 4295 509 4351 Vsus.
537 4299 625 4350 16.
641 4299 710 4336 —'
740 4297 810 4352 Et
831 4295 900 4351 de
920 4295 1303 4367 plenitudine.
1338 4293 1602 4364 Exposito
1630 4293 1874 4349 testimo-

271 4383 361 4437 nio
389 4383 768 4454 pmcursoris,
819 4384 960 4440 redit
1005 4384 1347 4457 evangelista
1389 4383 1460 4438 ad
1505 4383 1875 4438 testimonium

269 4471 908 4541 suaeassertionisQuasi
927 4473 1073 4529 dicat
1089 4490 1100 4528 :
1115 4474 1346 4530 Verbum
1365 4488 1496 4528 caro
1518 4475 1739 4542 factum
1752 4476 1836 4528 est
1857 4487 1869 4526 :

267 4560 513 4616 vidimus
523 4562 765 4632 gloriam
781 4564 901 4632 ejus
921 4577 1023 4617 nos
1036 4562 1270 4633 plenam
1283 4563 1472 4632 gratia
1517 4564 1572 4615 et
1593 4562 1872 4627 veritatis,

272 4653 327 4702 et
346 4650 412 4704 de
419 4650 779 4721 plenitudine
795 4652 916 4722 ejus
937 4666 1039 4706 nos
1050 4665 1243 4706 omnes
1255 4651 1595 4721 accepimus.
1605 4648 1872 4716 Gratiam,

273 4743 332 4789 ut
351 4737 526 4807 ipsum
554 4739 868 4806 credamus,
901 4747 954 4793 et
982 4737 1270 4794 veritatem
1321 4753 1429 4808 qua
1475 4737 1627 4790 illum
1675 4736 1874 4792 intelli-

269 4841 479 4895 gemus.
512 4828 864 4899 Accepimus.
900 4827 1092 4899 (Λυσι.)
1123 4827 1246 4882 Νοιι
1269 4826 1447 4882 solum
1470 4825 1727 4898 gratiam,
1753 4842 1874 4897 quae

273 4913 428 4982 plane
456 4915 629 4988 gratis
658 4916 840 4984 datur,
875 4931 986 4972 non
1015 4932 1117 4987 pro
1139 4915 1338 4970 merito
1367 4922 1426 4970 ut
1448 4914 1612 4970 fidem
1635 4931 1758 4986 quae
1775 4931 1875 4986 per

268 5000 614 5059 dilectionem
643 5012 926 5075 operatur,
960 5021 1027 5060 ex
1059 5020 1168 5075 qua
1190 5005 1372 5072 justus
1418 5003 1568 5070 vivit,
1624 5004 1721 5058 sed
1772 5018 1874 5074 pro

268 5089 388 5159 ista,
418 5094 674 5163 gratiam,
706 5092 762 5147 id
791 5101 874 5148 est
907 5093 1300 5148 beatitudinem
1336 5100 1619 5161 aeternam,
1667 5109 1789 5163 qua:
1821 5098 1875 5146 et

270 5195 477 5236 merces
501 5181 727 5250 justitiae
756 5181 975 5249 dicitur,
1009 5190 1063 5237 et
1090 5181 1258 5238 etiam
1299 5181 1560 5254 gratiam,
1599 5180 1728 5253 quia
1757 5196 1873 5236 me-

271 5267 428 5322 ritum
455 5286 523 5325 ex
552 5269 752 5342 gratia.
781 5271 1036 5327 Gratiam
1053 5287 1156 5343 pro
1185 5273 1392 5342 gratia.
1429 5269 1622 5326 Gratia
1651 5269 1706 5323 in
1734 5285 1871 5326 con-

269 5358 510 5427 ceptione
538 5359 669 5413 boni
699 5375 800 5430 per
827 5359 1066 5430 gratiam
1096 5359 1279 5414 datur.
1315 5359 1509 5415 Gratia
1551 5357 1872 5429 simpliciter

273 5460 388 5516 quas
413 5464 522 5504 non
548 5456 633 5504 est
661 5447 867 5516 meriti,
899 5449 945 5504 si
973 5456 1169 5521 postea
1193 5464 1319 5506 cum
1339 5447 1433 5502 illa
1463 5463 1780 5520 operemur,
1814 5445 1876 5502 in

272 5531 421 5590 bonis
445 5537 881 5604 consuescimus,
923 5545 978 5596 et
1007 5546 1138 5597 tunc
1163 5538 1326 5595 datur
1356 5537 1538 5610 gratia
1565 5551 1667 5608 pro
1689 5534 1871 5607 gratia

271 5624 450 5690 priori.

1969 472 2371 543 praenuntiatio,
2432 489 2534 544 per
2598 473 2890 528 Dominum
2952 474 3141 529 Jesum
3205 472 3398 530 salutis
3461 474 3571 530 im-

1968 560 2155 631 pletio.

2042 685 2211 740 Vens.
2246 689 2330 740 18.
2365 715 2435 725 -
2465 686 2642 741 Deum
2666 701 2830 742 nemo
2861 685 3002 741 vidit
3046 701 3316 758 unquam.
3364 684 3428 740 Id
3465 691 3568 757 est,

1969 772 2152 827 nullus
2181 789 2352 844 purus
2380 774 2545 829 homo
2574 774 2762 829 vivens
2782 774 2837 828 in
2865 775 2970 830 hoc
2989 789 3223 844 corpore
3244 773 3375 829 vidit
3395 774 3574 829 Deum

1971 867 2030 916 ut
2046 869 2147 927 est,
2167 861 2311 916 unde
2327 861 2532 918 dictum
2547 869 2629 917 est
2645 861 2846 934 Moysi:
2872 863 2991 918 Non
3007 862 3212 918 videbit
3232 879 3322 918 me
3343 863 3502 919 homo
3515 866 3572 920 et

1969 951 2114 1004 vivet
2138 949 2582 1021 (Exodxxxm),
2607 950 2662 1004 id
2684 959 2785 1016 est,
2809 967 2971 1006 nemo
3018 950 3208 1007 vivens
3245 950 3300 1005 in
3338 966 3572 1020 corpore
3645 965 3648 970 '

1970 1037 2176 1093 videbit
2204 1038 2543 1093 divinitatem
2569 1055 2769 1093 meam.
2821 1039 2975 1094 Unde
3023 1039 3130 1094 ista
3177 1039 3374 1108 adjecit
3423 1039 3574 1094 Deus

1971 1125 2174 1198 Moysi:
2199 1128 2298 1182 Sta
2319 1129 2381 1183 in
2403 1130 2685 1198 foramine
2702 1132 2899 1199 petrae,
2925 1132 2979 1183 et
3020 1145 3151 1184 cum
3184 1129 3574 1200 pertransiero

1973 1216 2178 1271 videbis
2198 1218 2510 1287 posteriora
2531 1216 2875 1286 mea(Ibid.).
2891 1217 3070 1280 Petra,
3094 1215 3150 1270 id
3171 1223 3272 1282 est,
3299 1216 3568 1283 Christus,

1971 1303 2241 1371 foramen,
2307 1304 2486 1360 crucis
2534 1304 2857 1374 patibulum,
2917 1305 3309 1374 pertransiero,
3359 1304 3414 1358 id
3465 1311 3565 1370 est,

1972 1392 2246 1448 transiero
2277 1393 2344 1447 de
2376 1393 2580 1448 mundo
2628 1393 2698 1447 ad
2747 1394 2983 1447 Patrem.
3037 1393 3369 1460 Posteriora,
3419 1400 3573 1447 ortus

1974 1482 2112 1549 ejus,
2145 1481 2351 1552 passio,
2375 1481 2727 1550 resurrectio,
2764 1481 3033 1547 ascensio,
3069 1497 3168 1551 per
3207 1498 3329 1552 qua:
3369 1481 3579 1537 credita

1973 1570 2044 1624 ad
2075 1570 2190 1639 ejus
2219 1570 2612 1625 beatitudinem
2643 1578 2696 1625 et
2725 1570 2989 1625 visionem
3019 1569 3389 1641 pervenimus.
3417 1569 3578 1638 Quod

1971 1657 2175 1731 legitur
2212 1659 2387 1715 Deum
2415 1658 2737 1730 apparuisse
2784 1658 3101 1713 hominibus
3146 1658 3260 1716 sive
3288 1657 3579 1714 visibiliter

1973 1748 2288 1804 carnalibus
2316 1748 2510 1815 oculis,
2557 1747 2670 1803 sive
2719 1747 3061 1802 invisibiliter
3111 1747 3443 1818 prOpheticis
3490 1747 3578 1803 vi-

1973 1837 2218 1892 sionibus
2267 1854 2367 1907 per
2417 1837 2718 1906 subjectam
2767 1844 3099 1902 creaturam,
3161 1835 3577 1907 intelligendum

1974 1933 2074 1990 est,
2118 1925 2355 1981 visiones
2395 1925 2539 1979 enim
2587 1927 2980 1996 prOphetarum
3029 1924 3267 1996 quadam
3308 1923 3577 1995 spirituali

1971 2021 2230 2069 creatura
2258 2013 2416 2068 facta:
2445 2021 2588 2079 sunt,
2625 2014 2822 2084 quibus
2853 2015 3027 2068 Deum
3060 2012 3260 2069 vidisse
3282 2012 3575 2085 perhiben-

1973 2109 2080 2155 tur.

2049 2191 2378 2260 Unigenitus
2409 2191 2452 2242 F
2453 2190 2607 2254 ilius,
2643 2197 2748 2245 etc.
2781 2188 2914 2258 Quae
2943 2188 3011 2243 sit
3041 2205 3256 2244 summa
3302 2189 3494 2263 gratiae
3525 2198 3579 2247 et

1971 2277 2236 2343 veritatis,
2291 2277 2532 2334 breviter
2595 2277 2794 2343 subdit,
2862 2277 3069 2333 scilicet
3125 2278 3365 2351 cognitio
3405 2278 3575 2350 ipsius

1971 2365 2267 2434 Trinitatis,
2285 2365 2426 2420 unde
2444 2368 2586 2420 :Ilwc
2605 2369 2688 2420 est
2703 2368 2818 2420 vita
2839 2370 3074 2430 wterna,
3095 2371 3158 2421 ut
3172 2373 3508 2438 cognoscant
3523 2373 3577 2424 te

1972 2471 2152 2509 unum
2167 2470 2359 2508 verum
2371 2455 2568 2518 Deum,
2585 2457 2638 2507 et
2651 2469 2813 2524 quem
2826 2454 3037 2507 misisti
3049 2455 3240 2508 Iesum
3263 2455 3571 2510 Christum.

1973 2541 2107 2610 Quae
2136 2540 2189 2594 in
2219 2542 2322 2596 hac
2353 2540 2462 2596 vita
2490 2556 2600 2594 non
2630 2540 2789 2610 plene
2820 2548 2922 2609 est,
2957 2539 3083 2611 quia
3115 2557 3276 2596 nemo
3314 2541 3369 2595 in
3410 2558 3578 2598 carne

1972 2629 2104 2684 vidit
2135 2630 2309 2684 Deum
2340 2637 2396 2682 ut
2418 2636 2518 2683 est.
2545 2627 2698 2683 Unde
2725 2643 2826 2683 nec
2857 2627 2975 2698 ipse
3007 2628 3224 2698 Moyses
3254 2629 3457 2684 nedum
3477 2647 3578 2701 per

1973 2735 2097 2773 eum
2127 2717 2252 2771 data
2281 2716 2348 2770 sit
2378 2716 2574 2788 gratia,
2608 2715 2746 2771 sicut
2776 2715 2939 2770 etiam
2968 2715 3084 2786 ipse
3115 2724 3236 2786 post
3257 2718 3441 2772 omnia
3461 2719 3581 2774 visa

1971 2807 2026 2861 in
2041 2814 2168 2878 typo
2183 2805 2281 2860 Dei
2295 2805 2447 2859 dixit:
2466 2805 2704 2860 Ostende
2716 2805 2858 2860 mihi
2872 2806 3114 2876 teipsum
3127 2805 3328 2874 (Exod.
3344 2808 3577 2878 χχχιιι),

1974 2895 2070 2950 sed
2100 2894 2266 2949 Filius
2295 2893 2386 2964 qui
2427 2901 2510 2948 est
2558 2892 2614 2946 in
2663 2901 2875 2948 secreto
2921 2892 3097 2947 Patris
3133 2894 3396 2965 narravit,
3446 2898 3580 2968 quia

1971 3000 2134 3039 nemo
2157 2984 2313 3039 novit
2335 2985 2563 3037 Patrem
2584 2983 2701 3036 nisi
2724 2983 2921 3050 Filius,
2949 2985 3003 3037 et
3025 2983 3118 3037 cui
3139 2983 3381 3038 voluerit
3403 2985 3579 3041 Filius

1887 3089 1938 3154 α
1973 3073 2224 3128 revelare
2242 3072 2399 3142 (Luc.
2421 3071 2503 3141 χ).
2532 3072 2653 3140 Ipse
2686 3077 2875 3124 narrat
2908 3069 3022 3124 suis
3053 3071 3181 3142 quid
3213 3071 3281 3126 de
3323 3071 3584 3129 Trinitate

1982 3161 2198 3216 deitatis
2230 3159 2570 3215 sentiendum
2602 3160 2689 3224 sit,
2724 3159 2999 3229 quomodo
3028 3159 3100 3214 ad
3121 3175 3243 3215 eam
3262 3161 3581 3232 pervenien-

1981 3250 2131 3319 dum,
2157 3256 2209 3304 et
2237 3249 2307 3304 ad
2337 3248 2513 3320 ipsam
2541 3247 2852 3304 introducit.

2053 3365 2222 3419 Vnus.
2253 3366 2337 3418 19.
2361 3393 2431 3403 —
2457 3365 2526 3418 Et
2556 3363 2674 3419 hoc.
2707 3363 2776 3416 Et
2805 3363 2923 3418 haec
2966 3369 3018 3418 et
3056 3370 3256 3418 caetera
3297 3363 3582 3436 sequentia

1981 3451 2291 3507 testimonia
2327 3451 2570 3517 Joannis,
2622 3450 2860 3506 exhibita
2909 3458 3033 3505 sunt
3079 3459 3202 3522 post
3249 3453 3581 3523 baptizatum

1981 3541 2275 3604 Christum,
2310 3555 2435 3596 cum
2449 3540 2734 3608 jamJesus
2760 3539 2970 3594 veniret
2999 3539 3229 3595 invitare
3259 3540 3580 3613 discipulos,

1981 3645 2120 3700 quos
2146 3631 2386 3683 Joannes
2421 3627 2535 3682 suis
2561 3627 2885 3682 testimoniis
2914 3627 3074 3682 mittit
3109 3627 3180 3682 ad
3219 3645 3363 3684 eum.
3407 3631 3581 3685 Testi-

1978 3717 2222 3773 monium
2238 3725 2430 3773 contra
2445 3718 2569 3781 hoc,
2595 3716 2741 3787 quod
2761 3715 3007 3772 occultus
3027 3716 3274 3771 Christus
3295 3733 3306 3772 :
3332 3717 3581 3774 occultus

1979 3806 2108 3878 quia
2135 3804 2388 3860 humilis:
2419 3803 2638 3858 humilis
2661 3811 2719 3858 ut
2738 3803 2911 3875 possit
2933 3804 3119 3874 sperni
3138 3812 3192 3859 et
3213 3805 3474 3875 occidi,ut
3494 3822 3581 3862 re-

1977 3895 2211 3950 dimeret
2240 3893 2522 3948 mundum.
2561 3895 2637 3948 Tu
2664 3895 2760 3965 qui
2790 3909 2866 3948 es.
2898 3893 3168 3947 Putabant
3187 3892 3359 3948 Judaei
3407 3893 3580 3949 Joan-

1976 4000 2103 4039 nem
2135 3999 2256 4039 esse
2288 3981 2583 4050 Christum,
2615 3981 2708 4052 qui
2733 3981 2789 4036 in
2814 3981 2939 4054 lege
2982 3981 3433 4053 promittebatur:
3475 3981 3583 4038 Alii

1975 4073 2243 4144 putabant
2270 4087 2396 4127 eum
2424 4087 2547 4126 esse
2575 4069 2773 4138 Eliam,
2806 4078 3032 4142 prepter
3059 4069 3283 4126 nimiam
3304 4070 3584 4128 abstinen-

1974 4160 2108 4216 tiam
2126 4168 2178 4216 et
2198 4160 2523 4227 castitatem,
2549 4166 2601 4214 et
2625 4159 2926 4215 solitariam
2941 4159 3126 4229 vitam,
3149 4167 3201 4214 et
3217 4159 3580 4231 asperrimam

1975 4250 2304 4306 delictorum
2341 4248 2850 4320 reprehensionem,
2899 4255 2952 4304 et
2996 4248 3351 4303 durissimum
3384 4249 3581 4306 futurae

1976 4339 2228 4395 vindicta}
2258 4345 2552 4394 terrorem.
2582 4337 2688 4391 Alii
2716 4337 2972 4393 dicebant
3002 4353 3127 4392 eum
3158 4352 3279 4392 esse
3311 4354 3480 4392 unum
3509 4338 3579 4394 de

1901 4445 1954 4508 D
1976 4426 2258 4498 prOphetis
2327 4425 2730 4496 resuscitatum,
2803 4433 3029 4496 propter
3085 4424 3385 4496 prephctiaa
3447 4443 3579 4500 gra-

1977 4511 2128 4566 tiam.

2046 4626 2218 4681 Vens.
2235 4627 2324 4681 20.
2349 4651 2418 4662 -
2437 4624 2733 4692 Confessus
2751 4625 2854 4676 est.
2877 4620 3172 4676 Confessus
3185 4629 3286 4692 est,
3308 4631 3365 4678 ut
3387 4633 3579 4696 postea

1975 4713 2125 4780 dicit,
2177 4729 2286 4768 non
2335 4711 2482 4782 quod
2529 4717 2646 4764 erat
2693 4710 2958 4765 Christus.
3010 4711 3135 4765 Non
3180 4712 3401 4784 negavit
3432 4715 3578 4786 quod

1975 4809 2113 4868 erat,
2137 4800 2192 4855 id
2213 4807 2312 4866 est,
2339 4799 2485 4871 quod
2512 4807 2656 4853 esset
2677 4814 3006 4869 prmcursor,
3032 4806 3090 4854 ut
3118 4808 3240 4871 post
3261 4800 3576 4877 interroga-

1975 4897 2062 4944 tus
2079 4889 2207 4946 dicit
2232 4905 2243 4944 :
2269 4891 2376 4960 Ego
2395 4904 2502 4944 vox
2520 4889 2845 4943 clamantis.
2868 4887 3020 4943 Ordo
3037 4889 3356 4958 verborum,
3379 4899 3432 4946 et
3453 4907 3578 4948 con-

1975 4978 2152 5034 fessus
2183 4985 2266 5032 est
2296 4984 2348 5032 et
2375 4993 2486 5031 non
2513 4975 2735 5049 negavit
2766 4977 2986 5048 quando
3016 4979 3302 5034 miserunt.

2047 5093 2214 5148 Vans.
2239 5095 2328 5150 21.
2352 5122 2422 5132 -
2451 5094 2604 5149 Elias
2626 5110 2683 5150 es
2714 5097 2820 5149 tu?
2849 5095 2986 5149 Cum
3024 5111 3215 5151 omnes
3245 5095 3451 5152 scirent
3479 5113 3578 5154 no-
3623 5157 3626 5160 _

1972 5197 2100 5236 men
2122 5179 2339 5247 Christi,
2374 5181 2618 5237 sciebant
2649 5182 2814 5237 etiam
2846 5183 2993 5254 quod
3022 5184 3172 5239 Elias
3201 5201 3578 5256 praacessurus

1972 5269 2040 5324 sit
2071 5286 2216 5324 eum.
2269 5269 2379 5324 Sed
2408 5269 2523 5340 ipse
2576 5271 2726 5326 Elias
2765 5287 3160 5342 praacessurus,
3210 5273 3267 5329 in
3309 5283 3579 5346 potestate

1966 5358 2360 5428 judicaturum,
2385 5359 2624 5414 Joannes
2647 5360 2953 5432 ﬁguraliter
2972 5361 3122 5416 Elias
3152 5363 3409 5418 eumdem
3429 5363 3575 5432 judi-

1971 5448 2228 5517 candum,
2259 5455 2318 5501 ut
2365 5447 2471 5502 sint
2519 5448 2628 5503 duo
2678 5465 2965 5520 prmeones
3002 5451 3141 5507 sicut
3170 5452 3280 5506 duo
3309 5453 3574 5506 adventus

1972 5537 2239 5606 ejusdem,
2269 5535 2415 5591 unde
2448 5553 2460 5591 :
2492 5537 2612 5593 Non
2639 5553 2769 5595 sum
2795 5541 2972 5607 Elias,
3004 5539 3060 5596 id
3081 5547 3182 5605 est,
3214 5556 3323 5595 non
3351 5551 3554 5608 praeco:

1970 5625 2272 5698 potentiam
2302 5625 2579 5696 indicans;
2625 5626 2723 5684 sed
2753 5626 2810 5684 in
2851 5644 3015 5701 quam
3045 5626 3315 5684 offenditis
3342 5622 3572 5683 ostendo
