4006 6178
403 216 506 272 359

898 213 1304 274 WALAFRIDI
1334 213 1578 272 STRABI
1607 213 1809 273 FULD.
1840 212 2015 271 MON.
2039 210 2193 270 OPP.
2225 215 2403 276 PARS
2430 219 2473 275 Ι.
2502 249 2572 261 -
2598 220 3073 279 THEOLOGICA.

3599 227 3713 281 360

405 337 797 407 humilitatem;
830 339 988 411 quasi
1016 340 1194 397 dicat:
1242 340 1453 396 Servite
1480 340 1671 395 humili
1708 337 2075 411 antequamA
2100 340 2155 397 in
2205 358 2314 414 qua
2368 344 2613 401 Christus
2669 354 2947 405 mortuum
2976 346 3202 405 suscitat
3240 345 3369 421 quia
3412 362 3447 403 a
3472 356 3711 420 peccato

410 428 661 484 excelsus
687 428 914 498 judicet.
944 431 1088 489 Ecce
1117 445 1220 487 nec
1248 445 1353 503 ego
1384 430 1651 499 Christus,
1676 445 1779 487 nec
1798 444 1832 485 a
1850 436 2009 503 parte

409 517 665 587 potentia:
687 517 874 586 judex.

481 641 651 697 Vens.
674 646 762 700 23.
786 671 856 683 -
886 642 992 713 Ego
1021 657 1129 698 vox
1157 644 1465 699 clamantis
1495 644 1557 698 in
1607 644 1842 700 deserto.
1886 643 2011 700 Non

411 729 559 798 dicit,
593 731 712 802 Ego
735 745 852 783 sum
882 731 1063 798 homo,
1101 730 1187 785 vel
1213 732 1471 799 Joannes,
1513 731 1598 786 vel
1628 730 1769 786 ﬁlius
1799 732 2011 788 Zacha-

413 819 529 874 riae.
589 819 710 873 Non
760 817 1071 873 considerat
1108 819 1401 876 humanam
1451 818 1859 876 subsistentiam
1925 819 2015 877 vel

410 906 840 978 generationem,
883 907 980 960 sed
1010 907 1153 962 ultra
1180 908 1299 963 haec
1336 907 1521 962 omnia
1559 908 1824 963 exaltatus
1862 925 2011 979 prae-

409 1009 601 1051 cursor
627 993 813 1063 Verbi,
847 994 1052 1050 deserit
1071 996 1253 1050 omnia
1284 1014 1404 1068 qua:
1432 996 1575 1051 intra
1594 998 1856 1051 mundum
1879 1012 2009 1053 con-

408 1083 663 1138 tinentur.
696 1084 955 1161 Ascendit
984 1084 1038 1137 in
1066 1084 1231 1140 altum
1261 1084 1433 1140 factus
1462 1101 1565 1142 vox
1598 1085 1781 1155 Verbi,
1808 1086 2016 1142 nullam

406 1170 462 1226 in
492 1187 551 1227 se
580 1171 937 1227 substantiam
968 1172 1165 1228 fatetur
1204 1180 1401 1243 praeter
1448 1173 1837 1229 abundantiam
1888 1191 2016 1247 gra-

405 1259 512 1325 tiae,
548 1277 657 1332 qua
676 1261 889 1317 excedit
917 1276 1133 1317 omnem
1164 1270 1493 1329 creaturam,
1528 1270 1584 1316 ut
1603 1263 1671 1317 sit
1693 1279 1797 1319 vox
1820 1263 2015 1318 Verbi.

409 1349 525 1404 Vox
555 1357 637 1403 est
666 1348 932 1420 interpres
962 1350 1146 1417 animi,
1194 1351 1405 1406 animus
1444 1360 1643 1419 autem,
1697 1351 1752 1406 id
1796 1360 1879 1407 est
1929 1352 2019 1406 in-

411 1436 663 1493 tellectus
692 1437 930 1493 omnium
960 1446 1044 1492 est
1074 1439 1241 1493 Filius
1280 1439 1396 1506 Dei,
1450 1440 1688 1494 Joannes
1738 1456 1873 1512 ergo
1913 1455 2019 1495 vox

414 1533 498 1581 est
519 1532 569 1580 et
597 1526 864 1596 interpres
884 1527 1041 1595 hujus
1072 1527 1257 1593 animi,
1293 1527 1419 1598 quia
1446 1528 1623 1599 primo
1661 1529 1863 1583 mundo
1893 1545 2019 1583 eum

406 1614 829 1671 demonstravit:
886 1618 1025 1671 Ecce
1095 1633 1273 1687 agnus
1335 1618 1458 1671 Dei.
1524 1619 1729 1684 Isaias,
1782 1619 1897 1672 Hoc
1949 1618 2019 1672 de

2110 430 2328 489 liberat.

2181 522 2352 578 Vsus.
2367 526 2456 581 29.
2468 526 2743 581 -Altera
2754 526 2844 582 die
2854 527 3250 584 viditloannes
3262 530 3474 585 Iesum.
3489 528 3714 601 Typice.

2110 612 2369 681 Joannes,
2403 612 2457 667 id
2486 620 2569 668 est
2613 614 2847 685 populus
2894 617 3105 689 gratiae,
3157 617 3329 672 altera
3374 618 3481 685 die,
3532 616 3588 672 id
3630 624 3722 673 est

2112 708 2236 771 post
2264 702 2466 772 legem,
2490 703 2774 775 cognoscit
2795 719 2999 777 agnum
3021 722 3128 777 quo
3150 706 3454 761 redimitur.
3486 708 3723 763 Venien-

2076 802 2081 805 '
2116 793 2229 844 tem
2257 791 2330 845 ad
2350 807 2427 856 se,
2452 796 2507 846 et
2528 793 2631 847 ait.
2657 793 2782 848 Non
2802 794 2980 848 solum
3002 795 3286 865 gressibus
3321 794 3589 864 corporis,
3612 793 3720 849 sed

2116 877 2279 933 etiam
2342 878 2618 935 interioris
2680 898 2793 937 suae
2848 882 3317 954 contemplationis
3374 882 3718 950 accessibus,

2116 966 2245 1039 quia
2275 966 2529 1039 dignatus
2550 975 2633 1025 est
2662 985 2695 1024 a
2721 971 2928 1026 Joanne
2960 971 3222 1044 cognosci
3250 971 3552 1028 secundum
3569 971 3723 1028 divi-

2115 1055 2340 1111 nitatem
2372 1065 2425 1111 et
2453 1058 2861 1114 humanitatem.
2894 1062 3034 1116 Ecce
3053 1078 3231 1132 agnus
3259 1062 3378 1125 Dei,
3430 1067 3534 1116 etc.
3586 1059 3722 1114 Tria

2115 1144 2388 1201 ministrat
2416 1162 2593 1220 agnus
2622 1148 3026 1219 possidentibus
3041 1165 3133 1215 -se,
3167 1149 3255 1205 lac
3301 1148 3562 1219 simplicis
3611 1148 3723 1203 do-

2118 1234 2307 1290 ctrinae
2338 1252 2446 1307 quo
2476 1236 2685 1307 parvuli
2711 1237 3040 1307 nutriuntur,
3073 1238 3274 1304 lanam,
3308 1237 3365 1293 id
3402 1245 3484 1293 est
3529 1236 3724 1293 incre-

2117 1332 2302 1378 menta
2331 1324 2607 1391 virtutum,
2642 1342 2797 1380 esum
2825 1326 3004 1382 carnis
3035 1343 3165 1381 suae.
3206 1329 3446 1382 Peccata
3488 1327 3718 1381 mundi.

2118 1412 2409 1468 Peccatum
2437 1413 2625 1468 mundi
2673 1414 2871 1471 dicitur
2917 1413 3187 1487 originale
3234 1422 3519 1486 peccatum
3568 1413 3725 1485 quod

2120 1509 2201 1555 est
2229 1517 2517 1557 commune
2547 1503 2710 1557 totius
2739 1503 2927 1558 mundi
2947 1520 3055 1574 quo
3086 1511 3194 1558 tota
3237 1505 3476 1558 humana
3521 1511 3729 1558 natura

2121 1589 2280 1643 simul
2311 1598 2363 1644 et
2398 1590 2567 1645 semel
2615 1592 2829 1647 condita
2885 1592 3039 1664 leges
3092 1591 3305 1646 divinas
3362 1608 3463 1662 per
3516 1591 3725 1647 iuobe-

404 1703 613 1758 Joanne
642 1703 1014 1774 prophetavit:
1048 1677 1157 1775 Ego
1186 1721 1294 1760 vox
1317 1705 1627 1762 clamantis
1668 1677 1731 1761 in
1772 1706 2010 1775 deserto,
2035 1696 2088 1757 B
2117 1677 2378 1775 dﬁemiflm
2408 1686 2859 1775 ινδηδὲνθδξξὶέδῖ
2880 1680 2934 1733 in
2953 1680 3232 1775 Ρξπδάξεον
3258 1680 3404 1752 (ἰυοά
3425 1678 3724 1752 originale:

408 1789 462 1845 in
491 1807 598 1862 qua
626 1792 854 1846 verbum
885 1800 1059 1859 sonat,
1092 1793 1148 1847 id
1180 1802 1263 1847 est
1310 1795 1619 1865 prophetia,
1672 1802 1725 1850 et
1772 1794 2015 1850 ostensio

411 1887 465 1935 et
484 1880 713 1936 lucerna
741 1880 895 1936 verbi
924 1880 1232 1951 praesentis.

482 1995 650 2051 Vens.
682 1998 772 2053 2L.
796 2026 864 2035 —
885 1997 974 2050 Ex
1002 1997 1326 2051 Pharisazis.
1359 1996 1419 2050 Id
1450 2004 1549 2065 est,
1584 2012 1651 2051 ex
1672 1996 2016 2067 principibus

406 2084 737 2150 Iudaeorum,
764 2084 854 2155 qui
875 2084 1181 2139 doctrinam
1203 2100 1313 2139 non
1335 2093 1601 2155 quaerunt,
1633 2086 1730 2140 sed
1750 2085 2012 2141 invident.

411 2168 516 2241 Qui
544 2180 727 2227 tamen
756 2173 825 2226 ad
852 2173 1116 2227 Joannem
1174 2172 1298 2228 ideo
1352 2174 1590 2240 veniunt,
1635 2174 1761 2245 quia
1791 2175 2018 2230 audiunt

411 2277 533 2316 eum
578 2261 911 2331 praedicasse
957 2276 1300 2316 communem
1359 2261 1599 2317 omnium
1663 2263 2018 2319 resurrectio-

410 2365 555 2415 nem,
588 2365 748 2419 quam
780 2357 833 2404 et
860 2348 964 2419 ipsi
993 2350 1309 2416 credebant,
1343 2351 1487 2405 unde
1528 2358 1581 2405 et
1609 2350 1714 2421 ipsi
1744 2350 1799 2405 in
1830 2351 2016 2406 multis

412 2436 627 2493 Christo
655 2437 1013 2493 consentiunt.
1061 2437 1285 2494 Paulum
1336 2454 1552 2510 quoque
1606 2439 1912 2511 apostolum
1959 2439 2014 2494 in

412 2524 596 2582 multis
616 2525 919 2581 audierunt.

482 2654 653 2711 Vnus.
686 2657 774 2711 25.
798 2683 867 2694 —
894 2653 1035 2722 Quid
1062 2668 1187 2725 ergo
1216 2653 1488 2725 baptizas.
1523 2652 1832 2708 Audiebant
1866 2653 2014 2707 Pha-

412 2742 559 2799 risaei
587 2742 641 2796 in
674 2740 952 2812 prophetis
982 2740 1256 2796 Christum
1296 2749 1581 2796 venturum
1614 2749 1668 2796 et
1708 2741 2012 2811 baptizatu-

412 2848 553 2899 rum,
595 2830 828 2887 scientes
868 2828 1161 2884 Jordanem
1192 2827 1429 2901 ﬁguram
1460 2829 1714 2899 baptismi
1746 2829 2008 2901 gessisse,

413 2935 649 2991 eumque
685 2918 860 2974 Eliam
906 2926 959 2972 et
987 2917 1243 2973 Elisaeum
1272 2917 1433 2973 siccis
1462 2918 1693 2988 pedibus
1723 2918 2008 2987 transisse,

414 3008 752 3082 ﬁguramque
783 3005 1035 3077 baptismi
1064 3006 1118 3059 in
1151 3005 1273 3061 Elia
1318 3013 1372 3061 et
1419 3006 1618 3062 Elisaeo
1648 3021 1757 3061 non
1788 3006 2011 3062 dubita-

416 3098 547 3151 bant
575 3094 944 3167 praacessisse,
976 3095 1120 3149 unde
1150 3102 1204 3149 et
1232 3110 1376 3150 nunc
1404 3111 1500 3149 eos
1532 3095 1834 3150 surrexisse
1863 3103 2016 3166 puta-

418 3185 548 3239 bant
593 3191 648 3240 et
693 3183 1019 3254 baptizasse,
1069 3183 1216 3238 unde
1260 3198 1363 3238 nec
1421 3184 1777 3256 interrogant,
1824 3185 1900 3238 Es
1956 3192 2014 3239 tu

417 3289 556 3328 unus
576 3273 963 3344 prophetarum
980 3272 1008 3325 ‘P
1023 3271 1120 3326 sed
1142 3271 1482 3327 solummodo
1504 3288 1516 3327 :
1541 3273 1615 3326 Es
1639 3280 1694 3328 tu
1707 3272 1974 3343 prOpheta
1986 3273 2015 3328 ?

416 3360 508 3417 ille
538 3360 789 3417 videlicet
812 3360 904 3432 qui
932 3358 1304 3434 praeﬁguravit
1332 3360 1680 3432 baptismum.

487 3477 659 3533 Vnus.
694 3479 782 3533 26.
808 3507 876 3515 —
904 3477 1015 3549 Ego
1044 3476 1261 3547 baptizo
1289 3477 1353 3532 in
1383 3493 1549 3549 aqua.
1571 3476 1695 3531 Non
1723 3475 2015 3547 imputetur

418 3564 661 3621 audaciae
690 3564 835 3635 quod
863 3579 988 3637 ago,
1041 3563 1169 3635 quia
1214 3579 1449 3635 corpora
1485 3564 1648 3619 abluo
1694 3579 1853 3636 aqua,
1904 3579 2017 3619 non

419 3653 611 3709 aufero
650 3660 895 3724 peccata,
944 3660 1003 3707 ut
1058 3652 1196 3708 sicut
1242 3652 1520 3709 nascendo
1569 3661 1622 3708 et
1662 3652 2016 3724 praedicando

418 3758 728 3814 praecursor
755 3759 895 3809 sum,
928 3740 1008 3798 sic
1038 3749 1092 3797 et
1130 3741 1471 3812 baptizando,
1520 3742 1618 3798 sed
1660 3740 1761 3798 iste
1802 3740 2017 3797 medius

420 3830 563 3889 inter
589 3847 688 3887 vos
716 3839 797 3886 est
826 3830 920 3902 qui
947 3837 1174 3901 peccata
1203 3830 1360 3886 tollit.

489 3960 662 4015 Vens.
684 3960 772 4016 2'7.
807 3989 876 3999 —
909 3958 1078 4029 Cujus
1110 3973 1203 4028 ego
1223 3973 1337 4013 non
1357 3973 1485 4012 sum
1506 3956 1730 4028 dignus,
1755 3964 1859 4012 etc.
1892 3956 2019 4011 Non

421 4046 497 4102 ait
520 4062 632 4101 non
661 4046 889 4114 solvam.
924 4045 1096 4099 Solvit
1124 4044 1287 4112 enim,
1321 4044 1580 4116 quoniam
1628 4044 1806 4115 ipsum
1835 4044 2018 4098 mani-

424 4134 641 4191 festavit
671 4141 724 4189 et
762 4134 830 4189 de
870 4133 1149 4189 divinitate
1171 4141 1224 4187 et
1268 4132 1600 4188 humanitate
1629 4132 1800 4203 ipsius
1849 4132 2019 4190 multa

420 4223 661 4295 aperuit;
695 4222 811 4292 sed,
843 4222 967 4277 Non
987 4238 1104 4275 sum
1125 4221 1343 4293 dignus,
1370 4221 1498 4292 quia
1518 4220 1802 4293 indignum
1822 4222 1892 4277 ad
1911 4223 2020 4277 hoc

343 4326 348 4331 '
420 4312 697 4387 agendum
727 4328 787 4368 se
817 4318 1049 4383 reputat,
1081 4308 1139 4363 in
1167 4326 1276 4382 quo
1296 4309 1617 4380 simpliciter
1635 4309 1906 4366 indicatur
1919 4311 2020 4366 hu-

420 4401 641 4458 militas.

491 4526 661 4581 Vsus.
685 4527 777 4581 28.
794 4555 863 4565 —
884 4525 1008 4580 Haec
1024 4524 1089 4578 in
1108 4522 1405 4578 Bethania.
1422 4522 1557 4577 Duae
1578 4528 1702 4576 sunt
1720 4521 2013 4578 Bethaniae.

418 4614 539 4670 Una
549 4620 703 4667 trans
722 4612 1037 4677 Jordanem,
1062 4611 1236 4666 altera
1256 4611 1402 4667 circa
1417 4626 1526 4665 non
1546 4609 1712 4681 longe
1733 4610 1803 4665 ab
1824 4610 2020 4665 Hieru-

422 4701 613 4769 salem,
638 4698 732 4755 ubi
753 4700 990 4758 Lazarus
1012 4701 1302 4756 suscitatus
1324 4707 1423 4755 est.
1450 4699 1550 4754 Illa
1580 4715 1702 4770 quae
1721 4706 1871 4754 trans
1890 4699 2018 4754 Jor-

421 4791 620 4846 danem
666 4796 749 4845 est
797 4787 1067 4862 significat
1108 4790 1404 4843 humanam
1450 4796 1704 4843 naturam
1749 4788 1849 4842 sub
1895 4786 2020 4857 lege

420 4878 655 4935 naturali
685 4884 811 4933 ante
846 4876 1047 4931 ﬂuenta
1076 4877 1286 4949 gratiae,
1322 4893 1443 4948 quae
1472 4876 1653 4949 gratia
1680 4883 1803 4947 post
1832 4874 2019 4932 incar-

423 4967 700 5023 nationem
730 4965 930 5021 Christi
968 4965 1252 5021 abundans
1297 4964 1411 5033 fuit,
1461 4981 1582 5035 quae
1603 4972 1794 5019 natura
1824 4965 1895 5019 ad
1915 4966 2021 5021 hoc

421 5062 608 5111 creata
638 5061 787 5121 erat;
819 5061 877 5109 ut
904 5053 1016 5126 legi
1045 5061 1256 5109 natura:
1284 5052 1533 5108 obediret
1562 5052 1619 5106 in
1649 5069 1756 5124 qua
1782 5053 2021 5109 Joannes

420 5143 675 5214 baptizat,
700 5142 826 5214 quia
854 5158 888 5197 a
916 5149 1143 5213 peccato
1173 5157 1283 5197 non
1325 5140 1541 5196 liberat.
1592 5141 1831 5212 Baptizat
1880 5142 2023 5197 ultra

421 5231 625 5287 ﬂuenta
652 5231 960 5287 divinorum
990 5231 1279 5296 donorum,
1314 5246 1436 5301 quae
1465 5230 1709 5285 nondum
1727 5231 1784 5284 in
1805 5230 2022 5285 Christo

420 5321 812 5379 inchoaverant
848 5320 903 5374 in
931 5321 1223 5374 humanam
1252 5325 1502 5373 naturam
1531 5319 1888 5375 descendere.
1923 5318 2024 5373 Illa

422 5427 545 5483 qua:
574 5417 657 5466 est
685 5409 823 5467 citra
859 5408 1153 5464 Jordanem
1192 5406 1462 5480 signiﬁcat
1502 5408 1697 5463 eadem
1725 5409 2024 5463 humanam

421 5507 676 5557 naturam
705 5497 1049 5555 obedientem
1079 5497 1182 5552 sub
1224 5496 1349 5570 lege
1379 5496 1588 5570 gratiae,
1625 5513 1747 5569 quae
1778 5503 1860 5552 est
1886 5510 2023 5567 pro-

418 5589 564 5650 xima
582 5586 947 5661 Hierusalem,
970 5586 1028 5644 id
1047 5592 1131 5644 est
1151 5584 1347 5645 visioni
1363 5585 1536 5659 pacis,
1560 5600 1662 5657 per
1680 5584 2021 5655 charitatem,

2118 1766 2828 1853 singulaque_superaddita
2857 1768 3038 1841 gratia
3069 1768 3298 1824 relaxat.

2188 1856 2357 1909 Vens.
2391 1859 2479 1910 30.
2512 1886 2584 1897 —
2611 1859 2741 1912 Post
2769 1872 2860 1912 me
2887 1859 3043 1912 venit
3072 1859 3176 1912 vir.
3212 1856 3458 1912 Christus
3502 1864 3587 1912 est
3636 1855 3729 1911 vir

2116 1941 2171 1995 in
2201 1959 2309 2013 quo
2337 1943 2496 1997 nobis
2528 1943 2784 2017 congruit
2813 1951 2865 2000 et
2885 1960 2986 2015 pro
3017 1944 3175 2000 nobis
3218 1944 3397 2011 solvit,
3449 1952 3502 1999 et
3550 1944 3729 1999 Filius

2115 2031 2213 2085 Dei
2242 2031 2298 2085 in
2329 2048 2437 2103 quo
2468 2032 2615 2086 Patri
2644 2033 2898 2105 congruit
2934 2041 2988 2089 et
3017 2041 3245 2105 peccata
3274 2032 3596 2089 dimittendo
3629 2050 3729 2089 re-

2116 2120 2371 2175 conciliat
2401 2136 2502 2175 nos
2534 2121 2603 2176 ei.

2186 2242 2357 2297 Vnus.
2390 2245 2478 2296 31.
2510 2272 2580 2281 -
2613 2243 2676 2299 Ut
2706 2244 3132 2314 manifestetur.
3165 2243 3266 2299 Hic
3297 2249 3380 2297 est
3418 2257 3602 2315 agnus
3632 2240 3728 2315 qui

2118 2329 2255 2384 tollit
2284 2337 2532 2400 peccata,
2577 2330 2725 2401 quod
2780 2346 2892 2385 non
2945 2347 3050 2402 ego
3110 2347 3273 2402 quem
3316 2330 3479 2386 etiam
3527 2330 3732 2386 melius

2114 2418 2279 2473 modo
2307 2418 2454 2484 novi,
2490 2418 2587 2473 sed
2619 2427 2915 2489 propterea
2962 2419 3178 2490 baptizo
3226 2427 3285 2474 ut
3339 2418 3730 2474 manifestatur

2115 2506 2322 2561 lsraeli.
2347 2507 2429 2561 Ne
2459 2506 2602 2561 enim
2632 2515 2857 2578 propter
2896 2507 3240 2563 insolentiam
3262 2506 3439 2561 minus
3485 2507 3737 2578 baptiza-

2115 2603 2304 2649 rentur
2333 2610 2366 2649 a
2403 2594 2619 2650 Christo
2649 2594 2707 2649 in
2735 2595 2948 2666 spiritu,
2989 2612 3091 2651 usu
3119 2595 3431 2667 baptizandi
3475 2595 3527 2650 ei
3576 2595 3730 2651 viam

2112 2683 2346 2754 paravit,
2380 2684 2524 2738 unde
2556 2692 2847 2755 postquam
2876 2684 2947 2739 ad
2973 2684 3171 2755 ipsum,
3197 2683 3290 2756 qui
3316 2684 3408 2739 via
3437 2692 3541 2751 est,
3589 2700 3729 2740 ven-

2112 2779 2228 2825 tum
2259 2779 2359 2838 est,
2397 2772 2701 2842 baptismus
2739 2773 2857 2842 ejus
2886 2780 3081 2828 cessat.
3125 2774 3185 2827 In
3233 2772 3501 2843 baptismo
3554 2772 3727 2827 etiam

2111 2860 2336 2914 Joannis
2368 2859 2750 2914 manifestatur
2778 2860 3055 2915 humilitas
3088 2859 3307 2928 Christi,
3342 2877 3463 2932 quae
3492 2868 3578 2915 est
3610 2860 3726 2915 im-

2110 2947 2275 3018 pletio
2305 2947 2466 3003 totius
2490 2948 2745 3017 justitiaz;
2780 2948 2920 3004 sicut
2946 2948 3093 3003 enim
3112 2965 3251 3019 opus
3301 2956 3385 3003 est
3431 2948 3725 3004 Christum

2032 3049 2083 3114 α
2112 3036 2265 3092 nasci
2286 3044 2339 3091 et
2364 3036 2523 3103 mori,
2558 3037 2637 3093 sic
2685 3045 2737 3091 et
2775 3036 3061 3108 baptizari.
3126 3036 3183 3092 Si
3239 3036 3385 3092 enim
3442 3037 3564 3108 ipse
3623 3035 3725 3108 qui

2111 3140 2222 3179 non
2251 3133 2376 3197 eget
2406 3140 2440 3180 a
2459 3141 2620 3180 servo
2650 3124 2976 3195 baptizatur,
3008 3141 3121 3181 non
3140 3124 3515 3199 dedignentur
3543 3139 3728 3197 quan-

2110 3220 2443 3285 tumcunque
2475 3213 2751 3284 sapientes
2771 3221 2822 3268 et
2854 3214 3027 3270 sancti
3057 3229 3091 3267 a
3138 3213 3372 3269 Domino
3423 3213 3719 3284 baptizari,

2114 3301 2230 3356 sine
2257 3318 2366 3383 quo
2394 3310 2718 3373 permanent
2744 3301 2803 3356 in
2830 3301 3090 3373 peccatis.
3113 3303 3439 3375 Baptizans.
3462 3301 3723 3357 Christus

2111 3405 2146 3445 a
2171 3391 2382 3445 Joanne
2417 3390 2741 3461 baptizatur,
2791 3398 2850 3445 ut
2893 3390 3165 3446 indicetur
3211 3391 3390 3446 omnis
3435 3389 3723 3445 humilitas

2112 3496 2235 3550 quae
2263 3486 2347 3534 est
2372 3480 2549 3534 omnis
2572 3478 2799 3548 justitia.
2834 3478 2942 3535 Sed
2970 3495 3081 3536 non
3117 3478 3285 3547 solus,
3327 3495 3397 3535 ne
3444 3478 3727 3550 baptisma

2110 3567 2336 3623 Joannis
2365 3568 2605 3624 sanctius
2636 3568 2914 3636 etcnajus,
2944 3566 3001 3622 in
3030 3584 3139 3639 quo
3169 3569 3317 3624 Deus
3344 3568 3510 3622 homo
3531 3567 3724 3639 bapti-

2114 3664 2266 3711 zatus
2294 3664 2394 3727 est,
2426 3656 2705 3713 videretur
2731 3642 3004 3726 baptismo
3033 3655 3253 3723 Christi,
3288 3656 3345 3710 in
3375 3671 3483 3728 quo
3532 3656 3725 3711 homi-

2115 3760 2214 3800 nes
2242 3744 2606 3815 baptizantur.
2638 3743 2988 3816 Baptizantur
3033 3751 3217 3800 autem
3273 3743 3366 3799 alii
3411 3759 3448 3798 a
3481 3743 3724 3813 Joanne,

2116 3840 2174 3887 ut
2203 3849 2335 3888 usus
2371 3832 2684 3904 baptizandi
2729 3839 3003 3905 praeparet
3032 3832 3177 3889 viam
3233 3831 3507 3904 baptismo
3556 3831 3730 3887 Chri-

2118 3920 2205 3975 sti.

2186 4044 2358 4100 Vnns.
2392 4048 2480 4101 32.
2511 4074 2580 4087 —
2594 4047 2667 4101 Et
2682 4046 3089 4103 testimonium.
3111 4044 3262 4101 Sicut
3277 4045 3411 4100 dixit
3427 4060 3486 4101 se
3503 4043 3733 4102 venisse

2118 4149 2176 4195 ut
2228 4140 2604 4197 manifestaret
2661 4142 2956 4208 Christum,
3015 4142 3093 4197 ita
3151 4141 3425 4213 perhibuit
3471 4140 3730 4197 testimo-

2118 4229 2289 4297 nium,
2323 4229 2531 4286 scilicet
2562 4231 2707 4286 vidit
2732 4232 3021 4303 spiritum.
3069 4230 3132 4283 In
3175 4246 3282 4301 quo
3322 4228 3532 4295 didicit,
3575 4229 3735 4302 quod
3822 4304 3825 4307 γ

2118 4318 2271 4389 prius
2292 4317 2549 4374 nescivit:
2573 4327 2798 4374 venerat
2818 4318 2983 4374 etiam
3002 4317 3304 4389 praedicare
3320 4317 3732 4388 paenitentiam,

2043 4406 2099 4468 D
2118 4406 2176 4462 id
2197 4413 2300 4476 est,
2324 4405 2507 4463 facere
2547 4406 3007 4478 praeparationem
3044 4406 3447 4477 praedicationis
3495 4405 3732 4473 Christi,

2119 4496 2225 4552 sed
2238 4503 2450 4551 tantum
2468 4495 2537 4551 de
2557 4495 2958 4566 praeparatione
2994 4494 3252 4565 baptismi
3296 4494 3450 4565 ponit
3477 4493 3743 4567 singula-

2118 4584 2271 4653 riter,
2306 4584 2434 4655 quia
2462 4582 2765 4654 baptismus
2786 4582 2987 4639 Christi
3014 4591 3097 4640 est
3118 4598 3393 4638 summum
3411 4597 3741 4639 sacramen-

2119 4681 2235 4728 tum
2271 4673 2413 4728 inter
2460 4672 2586 4727 alia.
2628 4673 2909 4744 Spiritum
2938 4672 3390 4729 descendentem.
3420 4672 3548 4728 Non
3578 4671 3742 4743 quod

2120 4762 2284 4818 modo
2314 4762 2550 4833 primum
2578 4760 2945 4827 descenderit,
2981 4760 3080 4816 sed
3118 4768 3177 4815 ut
3205 4776 3305 4831 per
3333 4760 3441 4815 hoc
3485 4758 3744 4815 descen-

2119 4850 2275 4905 deret
2316 4849 2654 4915 ostendatur,
2686 4857 2740 4904 et
2767 4864 2992 4904 manere
3040 4847 3099 4903 in
3144 4847 3431 4919 baptizatis
3478 4862 3631 4918 aqua
3682 4856 3749 4905 et

2120 4954 2231 4993 non
2259 4937 2437 5003 aliter,
2469 4945 2524 4992 et
2550 4945 2608 4991 ut
2635 4938 2875 4993 Joannes
2901 4952 3003 5009 per
3028 4952 3156 4992 eum
3181 4936 3252 4992 de
3295 4935 3511 4992 Christo
3543 4935 3745 4993 excel-

2120 5025 2319 5082 lentius
2347 5026 2698 5098 intelligeret.

2193 5141 2363 5195 Vsns.
2395 5142 2483 5194 33.
2515 5170 2585 5179 —
2615 5141 2685 5194 Et
2705 5154 2798 5211 ego
2825 5138 3165 5195 nesciebam.
3215 5138 3408 5210 (Ασα.)
3439 5136 3576 5193 Visa
3624 5152 3744 5194 co-

2121 5228 2327 5295 lumba,
2352 5228 2479 5284 dicit
2501 5245 2560 5283 se
2580 5244 2679 5299 per
2699 5242 2823 5283 eam
2842 5227 3122 5293 didicisse,
3147 5226 3294 5298 quod
3314 5226 3467 5298 prius
3499 5226 3746 5283 nescie-

2122 5317 2236 5383 bat,
2260 5324 2387 5385 etc.,
2413 5333 2586 5390 usque
2604 5317 2678 5372 ad
2698 5316 2843 5371 unde
2863 5316 3187 5386 Apostolus:
3212 5317 3278 5371 In
3291 5316 3477 5371 labore
3492 5319 3552 5370 et
3561 5331 3747 5372 men-

2126 5410 2181 5463 te
2200 5410 2336 5462 sunt
2358 5406 2703 5477 differentes,
2728 5407 2791 5460 in
2812 5405 3136 5476 operatione
3156 5403 3576 5475 indi/Terent”.

2194 5493 2667 5567 (Hmn.)Ostendit
2684 5493 2950 5549 Joannem
2970 5507 3081 5548 non
3101 5492 3243 5549 scire
3262 5507 3362 5564 per
3390 5492 3753 5563 baptismum

2126 5582 2344 5654 Christi,
2364 5582 2422 5639 id
2442 5589 2523 5640 est
2542 5581 2807 5664 mundum
2844 5596 2967 5639 esse
3002 5579 3367 5654 redemptum,
3408 5595 3542 5639 nam
3582 5582 3755 5642 scie-
