3932 6178
184 217 265 269 361

896 292 899 293 γ
990 206 1261 265 GLOSSA
1298 206 1708 264 ORDINARIA.
1748 236 1818 249 -
1846 204 2110 263 EVANG.
2150 204 2349 262 JOAN.

3337 211 3441 266 862
3488 247 3507 267 ι

193 344 401 393 bateum
428 332 611 389 Filium
642 331 743 388 Dei
772 347 915 399 esse,
959 340 1011 388 et
1038 340 1221 388 natum
1278 333 1333 388 in
1361 347 1542 389 carne.
1600 336 1741 405 Aug.
1766 340 1822 400 Α
1852 332 2135 405 sanguine,
2177 331 2245 386 sit
2275 337 2328 385 et
2355 345 2646 402 germanus
2695 329 2750 384 in
2795 329 2919 386 ﬁde.
2942 331 3267 388 Invenimus
3308 333 3445 389 Mes-

192 424 303 480 dicit
329 423 583 478 Joannem
612 420 901 493 ignorasse
934 421 1036 475 hoc
1058 429 1266 476 tantum
1308 430 1486 476 utrum
1528 421 1632 475 sibi
1661 437 1752 475 re-
1854 423 2018 486 siam,
2050 429 2152 475 etc.
2188 419 2434 474 Christus
2465 419 2676 485 Graece,
2697 419 2924 474 Messias
2946 419 3232 485 Hebraice,
3255 430 3448 476 unctus

190 514 333 568 tineat
367 511 473 565 vim
498 509 820 582 baptizandi,
844 525 914 564 an
944 509 1106 565 alicui
1146 527 1367 565 suorum
1411 511 1625 564 tribuat.
1684 511 1758 565 Et

191 605 510 658 manentem.
535 599 723 670 (Λυσι.)
758 598 1117 669 Spiritualiter
1146 600 1348 655 dicitur
1369 599 1617 670 spiritum
1641 614 1755 653 ma-

193 707 307 745 nere
334 690 388 743 in
408 688 635 756 Christo,
669 703 702 742 a
730 703 838 759 quo
868 704 1145 759 nunquam
1200 705 1300 759 per
1351 698 1631 759 peccatum
1662 703 1755 741 re-

196 777 354 847 cessit,
388 777 443 831 in
471 792 575 848 quo
604 792 822 847 semper
849 776 1170 831 mirabiliter
1195 776 1325 831 vixit
1355 785 1406 831 et
1435 776 1759 831 mirabiliter

196 874 422 938 operatus
451 873 568 932 est;
618 866 672 919 in
705 874 918 920 sanctos
944 866 1110 931 venit,
1144 873 1195 920 et
1222 882 1321 936 per
1348 874 1572 935 peccata
1599 880 1757 919 rece-

196 955 275 1010 dit.
300 955 463 1009 Manet
492 961 672 1008 tamen
699 970 918 1024 semper
949 953 1004 1008 in
1032 954 1110 1008 eis
1141 954 1210 1009 ad
1240 953 1463 1024 aliquid,
1496 961 1554 1008 ut
1597 953 1757 1007 Chri-

198 1053 295 1098 stus
322 1042 397 1097 eis
424 1040 684 1113 promisit,
719 1042 924 1097 scilicet
954 1050 1012 1095 ut
1056 1041 1214 1096 bonis
1244 1057 1463 1112 semper
1490 1041 1758 1095 insistant.

198 1131 267 1186 Ad
293 1130 482 1202 aliquid
512 1146 617 1185 non
650 1138 850 1196 manet,
887 1130 1092 1185 scilicet
1123 1138 1179 1185 ut
1216 1146 1283 1185 ex
1312 1146 1378 1185 eo
1410 1130 1759 1201 prophetent,

198 1219 272 1275 vel
293 1218 544 1274 miracula
570 1218 790 1285 faciant,
826 1226 878 1274 et
907 1218 1031 1273 ideo
1060 1220 1165 1274 hoc
1208 1218 1353 1291 quod
1381 1218 1510 1273 dicit
1540 1226 1622 1273 est
1653 1216 1765 1289 pri-

198 1324 324 1363 mum
352 1308 563 1380 signum
592 1307 926 1381 agnoscendi
955 1307 1255 1363 Christum.

260 1398 352 1464 Qui
397 1398 661 1469 baptizat.
692 1396 936 1467 Baptizat
968 1396 1214 1451 Christus
1230 1396 1286 1449 in
1317 1394 1529 1466 spiritu,
1554 1410 1664 1450 non
1684 1410 1766 1450 so-

200 1485 293 1539 lum
342 1485 659 1539 remittendo
713 1494 941 1556 peccata
971 1485 1026 1538 in
1055 1500 1217 1557 aqua,
1250 1485 1347 1539 sed
1393 1492 1445 1538 et
1483 1491 1606 1555 post
1635 1500 1765 1554 pur-

202 1574 378 1645 gando,
417 1582 468 1629 et
488 1590 737 1628 amorem
776 1574 1144 1640 accendendo,
1192 1582 1243 1627 et
1277 1572 1434 1627 donis
1465 1572 1761 1643 implendo.

1855 509 2061 574 Latine,
2094 525 2220 564 vere
2251 508 2395 563 enim
2425 516 2618 563 unctus
2645 516 2727 562 est
2754 524 2785 561 a
2824 508 3024 578 Spirito
3081 515 3270 563 sancto
3317 525 3447 580 spe-

1856 597 2078 663 cialiter,
2138 612 2171 653 a
2228 611 2335 669 qua
2409 597 2661 652 unctione
2718 596 3006 651 Christiani
3088 597 3447 668 appellantur.

1859 686 2016 755 Quod
2045 685 2211 741 Jacob
2240 684 2411 740 erexit
2447 686 2683 755 lapidem
2714 694 2837 756 post
2866 684 3129 740 visionem
3159 686 3215 739 in
3244 686 3453 741 titulum

1858 792 2022 846 quem
2052 775 2159 830 olei
2188 774 2493 845 superfusio
2522 774 2693 841 unxit,
2716 774 2829 842 jam
2857 774 3112 830 divinitus
3143 791 3242 845 per
3301 774 3453 829 illam

1860 872 2089 935 petram,
2138 862 2374 917 futuram
2404 871 2633 933 petram,
2696 862 2903 919 scilicet
2950 863 3219 918 Christum
3252 863 3451 935 Spiritu

1861 960 2051 1007 sancto
2079 952 2389 1024 ungendum
2417 950 2715 1024 figuraliter
2760 951 3039 1018 intellexit,
3078 951 3132 1005 in
3164 968 3269 1024 qua
3296 959 3456 1023 petra

1863 1040 1943 1096 sic
1973 1040 2188 1095 fundari
2209 1039 2513 1095 Ecclesium
2533 1038 2934 1113 praefigurabat,
2970 1048 3076 1096 etc.

1935 1156 2106 1210 Vens.
2133 1158 2295 1212 42.-
2330 1157 2407 1210 Tu
2427 1171 2484 1210 es
2513 1156 2704 1212 Simon
2724 1156 2901 1224 ﬁlius.
2930 1155 3083 1209 Prius
3103 1153 3232 1211 dicit
3253 1169 3452 1211 nomen

1863 1252 1923 1299 ut
1968 1244 2131 1299 habet
2187 1260 2220 1301 a
2275 1243 2610 1314 parentibus,
2670 1250 2728 1298 ut
2783 1243 3120 1314 signiﬁcetur
3204 1244 3453 1311 mutatio,

1864 1334 1995 1388 dum
2015 1333 2084 1387 de
2116 1332 2335 1388 Simone
2366 1333 2583 1387 Petrum
2618 1331 2766 1388 dicit.
2818 1333 2876 1385 In
2935 1332 3227 1387 mutatione
3275 1340 3458 1388 autem

1865 1429 2081 1477 notatur
2134 1420 2396 1477 vivacitas
2452 1420 2714 1491 mysterii,
2777 1420 2874 1474 sed
2932 1436 3035 1475 nec
3078 1420 3231 1490 prius
3259 1436 3458 1476 nomen

1865 1519 2015 1565 caret
2043 1509 2258 1565 virtute.
2292 1511 2389 1564 Est
2409 1509 2554 1564 enim
2592 1509 2779 1563 Simon
2822 1508 3085 1564 obediens
3106 1508 3246 1563 filius
3270 1509 3461 1582 gratias

1867 1598 1954 1653 vel
1983 1598 2266 1664 columba},
2292 1598 2419 1652 dum
2449 1598 2597 1653 venit
2617 1598 2688 1652 ad
2715 1598 2919 1664 Jesum,
2953 1613 3188 1668 sequens
3208 1597 3454 1665 fratrem,

258 1664 445 1756 Ηίέθδί
470 1664 650 1756 “ius
681 1664 811 1756 Dei;
840 1662 938 1717 Hic
968 1670 1190 1756 ίθδίίξίίπ
1227 1661 1415 1756 Filium
1474 1661 1573 1715 Dei
1604 1676 1836 1756 quem};
1869 1687 2012 1741 unde
2041 1702 2074 1741 a
2102 1661 2261 1756 petra
2286 1686 2501 1740 Christo
2522 1686 2719 1742 dicitur
2748 1661 2956 1751 Petrus,
2990 1661 3236 1740 inﬁrmus
3257 1686 3314 1740 in
3339 1661 3455 1753 illo,

204 1750 424 1820 superius
450 1750 631 1804 virum
660 1750 890 1805 vocabat
916 1767 929 1803 :
962 1759 1016 1805 ut
1047 1751 1117 1806 ab
1147 1766 1212 1807 eo
1235 1750 1495 1806 habeatur
1521 1748 1768 1805 testimo-

202 1837 325 1893 nium
352 1838 632 1910 utriusque
652 1848 882 1893 naturae.

262 1945 416 2000 Vsus.
447 1948 537 1999 35.
568 1976 637 1985 —
667 1946 862 2001 Altera
906 1946 994 2001 die
1028 1947 1239 2002 iterum
1276 1944 1460 2000 stabat
1504 1946 1766 2001 Joannes.

202 2033 392 2104 Typice.
429 2034 546 2089 Stat
578 2035 833 2103 Joannes,
862 2041 1040 2088 cessat
1068 2033 1174 2099 lex,
1197 2041 1378 2088 tamen
1407 2032 1771 2087 testimonium

203 2122 468 2193 perhibens
497 2122 734 2178 Christo.
762 2122 1016 2178 Ambulat
1036 2123 1211 2187 Jesus,
1247 2122 1302 2177 id
1332 2130 1413 2178 est
1442 2122 1620 2195 gratia
1648 2122 1774 2176 hinc

207 2210 312 2265 inde
338 2211 622 2284 colligens.

261 2309 413 2363 Vens.
446 2310 535 2363 37.
587 2338 658 2349 ——-
699 2307 886 2365 Secuti
924 2313 1060 2364 sunt
1087 2309 1296 2365 Iesum.
1331 2307 1511 2363 Secuti
1541 2316 1683 2377 sunt,
1718 2314 1777 2362 ut

205 2413 305 2451 eum
326 2398 432 2465 jam
456 2397 640 2468 potius
670 2413 829 2468 quam
858 2397 1123 2452 Joannem
1154 2396 1418 2461 audirent,
1452 2412 1561 2451 non
1591 2404 1777 2450 tamen

206 2486 356 2541 adhuc
376 2486 423 2540 ei
451 2485 673 2556 penitus
703 2485 1061 2549 adhaerentes,
1097 2485 1194 2540 sed
1221 2493 1278 2539 ut
1294 2485 1510 2539 videant
1552 2484 1644 2538 ubi
1673 2486 1775 2537 ha~

201 2574 326 2640 bitat,
355 2582 409 2629 ut
435 2574 661 2628 assidue
696 2573 763 2627 ad
790 2589 911 2628 eum
940 2574 1176 2639 veniant,
1208 2582 1259 2628 et
1289 2574 1357 2628 ab
1416 2589 1481 2628 eo
1524 2573 1780 2627 erudian-

206 2669 294 2729 tur,
321 2670 369 2717 et
395 2671 593 2733 postea
620 2660 863 2732 perfecte
895 2670 1017 2716 sunt
1047 2661 1240 2728 secuti,
1293 2661 1507 2733 quando
1558 2678 1653 2716 eos
1711 2661 1780 2717 de

203 2752 311 2807 navi
326 2752 557 2808 vocavit.
590 2751 710 2806 Duo
742 2759 1058 2823 sequuntur,
1092 2750 1215 2822 quia
1237 2749 1329 2821 qui
1349 2757 1645 2831 sequuntur
1676 2766 1779 2823 ge-

208 2839 330 2895 mina
357 2841 620 2895 charitate
649 2839 850 2895 debent
871 2839 1120 2895 accendi.

262 2937 415 2993 Vens.
456 2941 547 2992 38.
574 2966 646 2977 —
679 2938 1004 2993 Conversus.
1042 2935 1212 3005 Quasi
1240 2952 1271 2990 a
1299 2943 1454 3009 tergo
1512 2935 1780 3002 viderant,

1870 1776 1926 1829 in
1951 1774 2127 1848 ﬁgura
2158 1774 2420 1829 Ecclesiae
2450 1790 2571 1845 qua:
2602 1775 2657 1828 in
2686 1782 2840 1845 petra
2859 1774 3139 1829 fundatur.

1946 1866 2024 1919 Tu
2052 1880 2108 1919 es
2131 1865 2343 1920 Simon.
2389 1863 2645 1934 (Caus)
2695 1863 2823 1918 Ideo
2879 1879 3078 1918 nomen
3133 1863 3360 1919 mutavit
3405 1871 3466 1919 ut

1872 1952 2124 2007 ostendat
2154 1951 2278 2023 quia
2308 1951 2425 2022 ipse
2446 1959 2529 2007 est
2558 1951 2650 2022 qui
2676 1952 2843 2006 Vetus
2901 1952 3304 2007 Testamentum
3360 1952 3463 2008 de-

1873 2041 1969 2107 dit,
2002 2048 2057 2095 et
2076 2040 2292 2095 nomina
2323 2039 2717 2107 transmutavit,
2753 2039 2877 2112 quia
2935 2041 3139 2095 Abram
3192 2041 3466 2096 Abraham

1873 2130 2107 2197 vocavit,
2140 2138 2190 2184 et
2213 2129 2364 2185 Sarai
2404 2130 2613 2196 Saram,
2648 2136 2702 2185 et
2747 2129 2917 2184 Jacob
2968 2130 3243 2186 Israelem.
3296 2129 3469 2203 Igitur

1873 2217 2055 2273 multis
2113 2218 2332 2290 quidem
2370 2226 2421 2273 et
2480 2235 2510 2272 a
2567 2217 2803 2273 navitate
2840 2218 3057 2274 nomina
3093 2217 3369 2289 imposuit,
3414 2225 3475 2273 ut

1876 2309 2026 2364 Isaac
2057 2316 2109 2361 et
2139 2307 2388 2373 Samson,
2420 2306 2542 2361 aliis
2572 2314 2754 2362 autem
2804 2315 2929 2377 post
2974 2323 3095 2362 eam
3125 2323 3245 2378 quae
3283 2322 3471 2378 apro-

1876 2394 2212 2469 genitoribus
2258 2403 2342 2449 est
2385 2395 2863 2465 nuncupationem,
2921 2403 2980 2449 ut
3028 2396 3188 2450 Petro
3238 2402 3290 2449 et
3345 2394 3473 2451 ﬁliis

1877 2482 2144 2540 Zebedaei.
2178 2484 2319 2539 Nam
2368 2482 2561 2553 quibus
2583 2482 2803 2553 quidam
2834 2499 2864 2536 a
2892 2482 3071 2553 prima
3114 2489 3268 2538 aetate
3299 2483 3473 2539 debe-

1878 2572 1972 2626 bat
2001 2571 2173 2626 virtus
2202 2571 2528 2637 clarescere,
2563 2588 2629 2626 ex
2658 2579 2784 2626 tunc
2813 2570 3037 2626 nomina
3064 2579 3424 2643 susceperunt
3457 2588 3472 2625 :

1879 2660 2077 2733 quibus
2107 2667 2285 2714 autem
2314 2667 2504 2731 postea
2532 2660 2763 2716 debebat
2791 2659 2995 2733 augeri,
3030 2667 3218 2731 postea
3272 2675 3476 2717 nuncu-

1879 2749 2026 2820 patio
2052 2748 2231 2819 posita
2259 2756 2362 2803 est.

1953 2840 2132 2894 Filius
2152 2839 2393 2903 Joanna,
2427 2844 2532 2893 etc.
2563 2837 2705 2893 Jona
2731 2836 2929 2893 dicitur
2956 2846 3010 2894 et
3038 2838 3245 2893 Joanna
3272 2836 3481 2895 indiffe-

1883 2934 2086 2983 renter.
2120 2926 2259 2981 Jona
2289 2926 2563 2994 columba,
2597 2926 2804 2981 Joanna
2838 2929 3027 2999 gratia
3074 2926 3481 2999 interpretatur.

213 3024 293 3079 sed
320 3025 467 3097 quasi
496 3025 701 3082 faciem
730 3024 1074 3096 praebuitillis
1094 3025 1222 3078 dum
1252 3025 1320 3079 de
1349 3024 1625 3094 majestate
1652 3024 1776 3078 des-

1955 3041 2126 3096 Vens.
2164 3042 2251 3096 L3.
2275 3071 2344 3080 —
2375 3042 2440 3096 In
2474 3041 2767 3097 Galilaeam
2798 3046 2855 3097 et
2874 3043 3095 3098 invenit
3122 3042 3474 3116 Philippum.

214 3115 386 3184 cendit,
414 3123 469 3169 ut
498 3122 693 3186 posset
713 3114 903 3180 videri,
937 3114 1063 3168 dum
1092 3129 1197 3184 pro
1216 3114 1413 3168 umbra
1442 3113 1581 3186 legis
1602 3114 1785 3168 Evan-

216 3202 323 3273 gelii
340 3204 506 3258 lucem
539 3202 807 3258 exhibuit.
844 3203 985 3269 Quid
1004 3204 1260 3274 quaeritis
1295 3208 1317 3257 ἵ
1344 3203 1652 3274 Interrogat
1674 3217 1783 3257 non

212 3290 461 3361 ignorans,
495 3292 596 3347 sed
648 3299 704 3345 ut
742 3291 1055 3346 mercedem
1093 3291 1329 3346 habeant
1358 3292 1779 3362 respondentes,

217 3379 290 3448 qui
313 3397 437 3446 rem,
469 3396 582 3435 non
613 3395 930 3450 personam,
963 3380 1113 3451 quid,
1148 3395 1258 3434 non
1289 3395 1473 3450 quem,
1505 3396 1574 3434 ne
1607 3396 1665 3435 se
1695 3380 1782 3435 vi-

213 3465 378 3523 deatur
395 3469 708 3534 ostendere,
733 3468 811 3521 illi
840 3483 1133 3538 personam
1155 3468 1512 3538 respondent.
1565 3469 1659 3525 Ubi
1683 3469 1788 3524 ha-

215 3556 378 3611 bitas?
405 3558 654 3628 Mystice.
688 3557 887 3611 Volunt
915 3556 1128 3611 ostendi
1157 3557 1261 3610 sibi
1288 3556 1344 3610 in
1376 3556 1570 3628 quibus
1620 3556 1783 3611 Chri-

217 3650 313 3697 stus
354 3646 577 3711 habitet,
610 3653 671 3700 ut
699 3661 760 3700 se
790 3645 897 3699 illis
923 3645 1240 3700 assimilent.
1276 3645 1395 3711 Vel,
1454 3644 1545 3716 qui
1600 3645 1783 3700 incar-

212 3732 451 3789 nationem
480 3735 691 3804 vident,
722 3733 812 3805 pie
843 3742 1087 3805 quierunt
1130 3733 1344 3789 ostendi
1393 3733 1496 3788 sibi
1525 3741 1785 3789 aeternam

211 3823 519 3879 mansionem
550 3823 831 3896 quomodo
861 3823 929 3878 sit
949 3823 1093 3893 apud
1122 3824 1355 3878 Patrem.

272 3935 423 3992 Vens.
458 3941 546 3993 39.
572 3968 647 3978 —
674 3939 883 3994 Venite.
909 3936 1074 4005 Quasi
1094 3953 1347 3992 sermone
1370 3953 1479 3993 non
1501 3945 1676 4009 potest
1692 3954 1786 3993 ex-

216 4021 398 4093 plicari,
431 4026 527 4081 sed
565 4041 734 4097 opere
763 4026 1182 4093 demonstratur,
1215 4026 1393 4081 venite
1423 4027 1695 4081 credendo
1735 4034 1787 4082 et

214 4115 484 4182 cperando,
519 4115 937 4187 etintelligetis;
972 4116 1153 4171 venite
1200 4115 1511 4171 testimonio
1565 4116 1788 4171 Joannis

213 4208 257 4255 et
280 4217 308 4256 a
332 4202 451 4277 lege
477 4203 802 4269 recedite,et
833 4203 1062 4276 gratiam
1080 4204 1376 4275 recipietis.
1399 4206 1496 4260 Die
1525 4206 1644 4260 illo.
1676 4204 1787 4260 Os-

215 4291 361 4345 tendit
386 4293 600 4347 Novum
632 4292 1055 4360 Testamentum,
1091 4293 1205 4349 sive
1235 4302 1560 4363 praesentem
1599 4286 1784 4349 vitam.

214 4377 344 4471 liora»
364 4386 555 4437 autem
570 4383 739 4471 quasi
765 4381 1013 4471 decima.
1054 4381 1201 4471 Quia
1252 4398 1320 4437 ex
1350 4382 1475 4471 lege
1505 4390 1784 4451 venerant,
1805 4412 1858 4471 D
1958 4409 2129 4463 γης,
2154 4411 2242 4465 45,
2265 4440 2335 4450 .-

212 4466 485 4541 decalogus
542 4469 615 4524 ad
650 4468 922 4524 Christum
941 4470 1106 4536 misit,
1130 4471 1263 4525 hora
1300 4470 1512 4525 decima
1541 4478 1789 4542 quaerunt

226 4555 286 4609 ab
310 4572 371 4612 eo
388 4557 598 4624 doceri,
623 4557 752 4629 quia
774 4574 885 4613 non
912 4558 1047 4613 alius
1076 4559 1236 4615 docet
1290 4559 1489 4632 legem,
1545 4559 1650 4613 nisi
1699 4559 1791 4630 qui

212 4642 344 4699 dedit
361 4661 499 4701 eam.
536 4647 714 4703 Docet
731 4652 914 4702 autem
935 4662 1058 4703 cum
1085 4647 1467 4704 misericordia
1486 4655 1539 4702 et
1568 4647 1792 4718 implen-

215 4736 288 4785 tur
314 4750 427 4805 quae
445 4735 680 4806 implere
701 4750 811 4791 non
820 4743 1085 4807 poterant,
1110 4736 1197 4792 vel
1216 4737 1351 4792 hora
1366 4736 1575 4793 decima
1588 4752 1788 4808 vespe-

214 4834 310 4875 ram
338 4824 522 4879 mundi
549 4823 775 4881 indicat.

272 4926 432 4984 Vsus.
464 4932 557 4985 40.
591 4959 661 4971 --
689 4931 889 4987 Frater
905 4932 1148 4990 Simonis
1166 4932 1357 4999 Patri,
1382 4949 1533 4989 unus
1554 4948 1628 4989 ex
1648 4933 1787 4989 duo-

214 5013 299 5071 bus
324 5021 417 5089 qui
432 5019 746 5075 audierant
763 5037 799 5075 a
818 5022 1052 5087 Joanne,
1082 5025 1140 5076 et
1158 5022 1339 5077 secuti
1366 5023 1619 5092 fuerant.
1657 5022 1789 5076 Fra-

215 5108 284 5157 ter
300 5105 473 5173 junior
498 5116 632 5162 natu
662 5108 813 5179 prior
840 5109 1028 5177 credit,
1062 5124 1173 5165 non
1203 5109 1349 5164 enim
1378 5117 1461 5163 est
1498 5110 1631 5165 ordo
1660 5108 1787 5164 fidei

212 5190 389 5250 inanis.
420 5196 584 5251 Ferte
615 5197 683 5252 ad
740 5197 1056 5271 dignitatem
1104 5198 1351 5253 Andreas
1416 5197 1610 5254 dicitur
1662 5214 1785 5254 esse

214 5277 356 5337 frater
373 5283 535 5350 Petri,
559 5301 724 5356 super
752 5302 934 5358 quem,
968 5287 1024 5341 id
1069 5294 1152 5343 est
1200 5303 1365 5359 super
1410 5287 1565 5356 cujus
1621 5287 1785 5343 ﬁdem

213 5365 412 5426 fundata
432 5381 550 5428 erat
578 5374 848 5433 Ecclesia.

273 5492 429 5553 Vens.
470 5499 565 5553 41.
615 5528 682 5538 -
714 5498 937 5554 Invenit
973 5496 1064 5555 hic
1099 5501 1368 5571 primum.
1421 5498 1565 5556 Vera
1609 5498 1784 5570 pietas

215 5582 370 5639 statim
396 5586 679 5643 inventum
711 5587 1025 5643 thesaurum
1052 5588 1260 5644 nuntiat
1284 5587 1451 5656 fratri,
1473 5594 1530 5645 ut
1550 5587 1687 5645 sicut
1702 5596 1787 5645 est

513 5702 761 5762 PATROL.
793 5703 981 5764 CXIV.

1883 3130 2103 3185 Galilaaa
2132 3129 2331 3185 dicitur
2343 3130 2770 3203 transmigratio,
2790 3130 2877 3187 vel
2900 3130 3176 3186 revelatio.
3201 3131 3485 3186 Transmi-

1883 3226 2007 3291 grat
2037 3218 2181 3273 enim
2213 3220 2376 3273 homo
2407 3218 2476 3273 de
2505 3218 2651 3273 vitiis
2680 3219 2748 3273 ad
2777 3218 3025 3285 virtutes,
3060 3227 3246 3291 etpost
3272 3220 3342 3275 de
3371 3219 3484 3276 vir-

1883 3315 1993 3362 tute
2022 3307 2078 3361 in
2110 3307 2383 3373 virtutem,
2418 3314 2472 3361 et
2511 3307 2589 3362 sic
2618 3307 2676 3361 ﬁt
2730 3308 2779 3362 ei
2806 3308 3088 3376 revelatio,
3121 3317 3178 3363 ut
3231 3309 3483 3365 videatur

1882 3397 2031 3451 Deus
2058 3396 2285 3451 deorum
2316 3396 2370 3449 in
2401 3395 2550 3450 Sion.
2604 3397 2906 3452 Vocaturus
2956 3413 3088 3471 ergo
3153 3397 3486 3470 discipulum

1888 3485 1957 3539 ad
1989 3485 2343 3555 sequendum,
2380 3484 2435 3538 id
2467 3492 2549 3539 est
2606 3485 2677 3539 ad
2725 3484 3046 3540 imitandum
3093 3486 3202 3541 exit
3230 3486 3287 3541 in
3347 3485 3490 3543 Gali-

1884 3572 2060 3639 laeam,
2093 3573 2213 3643 ipso
2243 3573 2365 3628 loco
2385 3572 2636 3641 innuens,
2671 3574 2877 3628 utsicut
2902 3573 3019 3644 ipse
3048 3573 3369 3645 proﬁciebat
3398 3592 3489 3630 sa-

1882 3656 2105 3727 pientia,
2139 3664 2192 3710 et
2222 3656 2359 3711 sicut
2386 3671 2488 3727 per
2536 3656 2825 3727 passiones
2874 3656 3093 3713 intravit
3134 3658 3190 3712 in
3236 3658 3486 3731 gloriam,

1887 3745 1967 3801 sic
1998 3752 2051 3799 et
2081 3760 2366 3816 sequaces.

1957 3850 2127 3905 Vnus.
2162 3852 2248 3904 44.
2284 3850 2323 3904 Α
2358 3849 2659 3906 Bethsaida
2689 3851 2943 3907 civitate.
2976 3852 3101 3907 Non
3149 3851 3353 3909 frustra
3379 3870 3487 3911 no-

1884 3939 2121 3993 minatur
2150 3939 2363 4005 civitas,
2397 3954 2500 3995 nec
2529 3938 2727 3993 frustra
2758 3940 2954 3995 dicitur
2980 3940 3229 4013 Philippi,
3264 3942 3407 3999 Petri
3434 3952 3490 4001 et

1886 4028 2139 4083 Andreae.
2177 4027 2346 4084 Sonat
2366 4027 2512 4082 enim
2543 4028 2737 4083 domus
2757 4037 3094 4098 venatorum,
3142 4030 3198 4085 in
3226 4046 3334 4104 quo
3380 4047 3486 4089 no-
3550 4054 3556 4059 ν

1886 4124 2028 4171 tatur
2056 4115 2270 4171 animus
2299 4125 2351 4171 et
2401 4115 2635 4172 ofﬁcium
2682 4117 2912 4174 istorum
2944 4137 2957 4173 :
2993 4127 3118 4175 sunt
3148 4119 3291 4175 enim
3318 4136 3488 4177 vena-

1887 4213 2036 4260 tores
2064 4206 2120 4259 in
2150 4205 2430 4276 capiendis
2458 4206 2764 4274 animabus,
2789 4208 2934 4263 unde
2962 4208 3261 4280 Philippus,
3324 4218 3483 4268 ante-

1888 4310 2054 4366 quam
2082 4293 2174 4349 tiat
2204 4295 2502 4365 apostolus,
2538 4303 2733 4366 sponte
2765 4305 2925 4354 vocat
2945 4298 3360 4354 Nathanaelem.

2363 4410 2585 4465 Invenit
2602 4412 2916 4483 Philippus,
2938 4418 3042 4467 etc.
3063 4412 3367 4468 Nathanael
3394 4428 3485 4485 pe-

1889 4496 2180 4551 ritissimus
2238 4497 2640 4568 Scripturarum
2694 4498 2945 4571 intelligit
3011 4500 3157 4570 quod
3212 4516 3324 4556 non
3368 4501 3480 4569 alii,

1890 4585 2098 4642 scilicet
2126 4601 2160 4640 a
2212 4587 2478 4641 Nazareth
2529 4586 2679 4641 exire
2722 4585 3057 4659 singularem
3085 4589 3429 4646 Nazarenum
3464 4609 3478 4646 :

1888 4674 2016 4746 quia
2045 4682 2225 4729 autem
2254 4674 2623 4740 doctissimus,
2666 4690 2774 4730 non
2806 4682 2889 4729 est
2918 4675 2975 4729 in
3028 4677 3334 4748 apostolum
3363 4679 3482 4737 ele-

1888 4770 2009 4819 ctus
2042 4781 2054 4817 :
2088 4779 2279 4818 omnes
2309 4763 2453 4818 enim
2484 4762 2715 4833 apostoli
2759 4763 2996 4833 primum
3044 4765 3113 4821 de
3168 4766 3371 4837 idiotis,
3423 4777 3483 4825 ut

1888 4851 2286 4908 confundantur
2322 4851 2614 4923 sapientes.
2667 4851 2838 4919 Quem
2874 4855 3106 4927 scripsit
3147 4856 3373 4930 Moyses.
3412 4859 3483 4916 Ut

1887 4948 2079 4996 cautus
2126 4947 2352 4997 venator
2404 4939 2587 4994 multis
2625 4939 2924 4996 rationibus
2972 4943 3256 4999 veritatem
3328 4943 3482 5003 fratri

1887 5029 2097 5095 astruit,
2148 5028 2355 5085 scilicet
2403 5029 2547 5100 quod
2592 5029 2752 5084 Jesus
2809 5037 2893 5085 est
2946 5031 3038 5103 qui
3093 5035 3482 5105 praenuntiatur

1885 5117 1942 5173 in
1968 5118 2093 5191 lege
2121 5126 2173 5173 et
2202 5116 2497 5189 prophetis.
2533 5118 2697 5173 Filius
2725 5118 2946 5190 Joseph,
2982 5120 3074 5193 qui
3103 5131 3186 5178 est
3218 5122 3285 5179 de
3316 5125 3479 5183 domo

1885 5207 2078 5273 David,
2104 5214 2161 5261 ut
2188 5222 2287 5277 per
2316 5223 2438 5262 eum
2460 5206 2592 5278 (non
2621 5207 2767 5279 quod
2796 5208 2866 5263 de
2895 5224 2961 5264 eo
2986 5210 3173 5284 nat'is)
3203 5227 3327 5269 cum
3355 5216 3476 5270 Ma-

1883 5296 1965 5350 ria
1994 5303 2166 5350 matre
2189 5295 2303 5364 ejus
2333 5295 2517 5367 (quam
2566 5296 2770 5351 sciebat
2799 5314 2865 5351 ex
2892 5300 3175 5371 prophetis
3204 5301 3475 5375 virginem

1883 5383 2188 5456 peperisse)
2217 5391 2432 5439 notetur
2461 5401 2583 5440 esse
2607 5401 2672 5440 ex
2694 5385 2885 5441 David.

1955 5498 2123 5555 Vens.
2160 5500 2246 5554 £6.
2271 5530 2339 5542 —-
2355 5502 2424 5556 Et
2445 5500 2596 5555 dixit
2617 5502 2671 5556 ei
2686 5501 3024 5559 Nathanael.
3057 5505 3155 5561 Vel
3175 5505 3471 5563 dubitando

1882 5588 2184 5662 interrogat
2211 5588 2300 5645 vel
2346 5587 2575 5649 afﬁrmat
2628 5597 2687 5648 ut
2740 5590 3112 5669 legisperitus,
3168 5607 3204 5655 ο.
3255 5594 3476 5658 civitate

3054 5710 3120 5768 19
