  <div class='ocr_page' id='page_1' title='image "/cluster/home/n/w/nwhite01/storage/ocr_20150623/114/hvd.32044052819893/187.png"; bbox 0 0 4006 6178; ppageno 0'>
   <div class='ocr_carea' id='block_1_1' title="bbox 447 205 548 259">
    <p class='ocr_par' dir='ltr' id='par_1_1' title="bbox 447 205 548 259">
     <span class='ocr_line' id='line_1_1' title="bbox 447 205 548 259; baseline -0.02 0"><span class='ocrx_word' id='word_1_1' title='bbox 447 205 548 259; x_wconf 85' lang='grc'>363</span> 
     </span>
    </p>
   </div>
   <div class='ocr_carea' id='block_1_2' title="bbox 899 152 3076 282">
    <p class='ocr_par' dir='ltr' id='par_1_2' title="bbox 899 152 3076 282">
     <span class='ocr_line' id='line_1_2' title="bbox 899 152 3076 282; baseline -0.003 -26"><span class='ocrx_word' id='word_1_2' title='bbox 899 201 1305 256; x_wconf 81' lang='lat' dir='ltr'>WALAFRIDI</span> <span class='ocrx_word' id='word_1_3' title='bbox 1329 152 1574 257; x_wconf 77' lang='lat' dir='ltr'>STRABI</span> <span class='ocrx_word' id='word_1_4' title='bbox 1603 197 1988 254; x_wconf 72' lang='lat' dir='ltr'>FULDMON.</span> <span class='ocrx_word' id='word_1_5' title='bbox 2028 193 2182 250; x_wconf 85' lang='lat' dir='ltr'>OPP.</span> <span class='ocrx_word' id='word_1_6' title='bbox 2229 195 2405 252; x_wconf 82' lang='lat' dir='ltr'>PARS</span> <span class='ocrx_word' id='word_1_7' title='bbox 2433 197 2478 250; x_wconf 93' lang='grc' dir='ltr'>Ι.</span> <span class='ocrx_word' id='word_1_8' title='bbox 2511 193 3076 282; x_wconf 81' lang='lat' dir='ltr'>-THEOLQGICA.</span> 
     </span>
    </p>
   </div>
   <div class='ocr_carea' id='block_1_3' title="bbox 3634 194 3735 249">
    <p class='ocr_par' dir='ltr' id='par_1_3' title="bbox 3634 194 3735 249">
     <span class='ocr_line' id='line_1_3' title="bbox 3634 194 3735 249; baseline -0.02 0"><span class='ocrx_word' id='word_1_9' title='bbox 3634 194 3735 249; x_wconf 69' lang='grc'>364</span> 
     </span>
    </p>
   </div>
   <div class='ocr_carea' id='block_1_4' title="bbox 452 318 3744 397">
    <p class='ocr_par' dir='ltr' id='par_1_4' title="bbox 452 318 3744 397">
     <span class='ocr_line' id='line_1_4' title="bbox 452 318 3744 397; baseline -0.003 -17"><span class='ocrx_word' id='word_1_10' title='bbox 452 325 584 381; x_wconf 86' lang='lat' dir='ltr'>tanti</span> <span class='ocrx_word' id='word_1_11' title='bbox 612 325 848 381; x_wconf 86' lang='lat' dir='ltr'>nominis</span> <span class='ocrx_word' id='word_1_12' title='bbox 876 341 1039 397; x_wconf 82' lang='lat' dir='ltr'>posse</span> <span class='ocrx_word' id='word_1_13' title='bbox 1069 342 1191 381; x_wconf 90' lang='lat' dir='ltr'>esse</span> <span class='ocrx_word' id='word_1_14' title='bbox 1248 325 1483 396; x_wconf 88' lang='lat' dir='ltr'>aliquem</span> <span class='ocrx_word' id='word_1_15' title='bbox 1530 324 1729 378; x_wconf 90' lang='lat' dir='ltr'>bonum</span> <span class='ocrx_word' id='word_1_16' title='bbox 1782 323 1867 377; x_wconf 90' lang='lat' dir='ltr'>vel</span> <span class='ocrx_word' id='word_1_17' title='bbox 1924 321 2041 376; x_wconf 90' lang='lat' dir='ltr'>exi-</span> <span class='ocrx_word' id='word_1_18' title='bbox 2064 318 2121 378; x_wconf 87' lang='lat' dir='ltr'><strong>A</strong></span> <span class='ocrx_word' id='word_1_19' title='bbox 2151 320 2302 376; x_wconf 81' lang='lat' dir='ltr'>tione</span> <span class='ocrx_word' id='word_1_20' title='bbox 2334 320 2457 376; x_wconf 78' lang='lat' dir='ltr'>cceli</span> <span class='ocrx_word' id='word_1_21' title='bbox 2487 327 2540 375; x_wconf 94' lang='lat' dir='ltr'>et</span> <span class='ocrx_word' id='word_1_22' title='bbox 2587 327 2761 385; x_wconf 65' lang='lat' dir='ltr'>terra),</span> <span class='ocrx_word' id='word_1_23' title='bbox 2815 327 2942 385; x_wconf 89' lang='lat' dir='ltr'>etc.,</span> <span class='ocrx_word' id='word_1_24' title='bbox 2983 335 3156 391; x_wconf 85' lang='lat' dir='ltr'>usque</span> <span class='ocrx_word' id='word_1_25' title='bbox 3194 318 3265 373; x_wconf 86' lang='lat' dir='ltr'>ad</span> <span class='ocrx_word' id='word_1_26' title='bbox 3292 334 3392 389; x_wconf 84' lang='lat' dir='ltr'>per</span> <span class='ocrx_word' id='word_1_27' title='bbox 3421 334 3543 389; x_wconf 76' lang='lat' dir='ltr'>quae</span> <span class='ocrx_word' id='word_1_28' title='bbox 3571 324 3744 372; x_wconf 83' lang='lat' dir='ltr'>virtus</span> 
     </span>
    </p>
   </div>
   <div class='ocr_carea' id='block_1_5' title="bbox 454 405 3740 491">
    <p class='ocr_par' dir='ltr' id='par_1_5' title="bbox 454 405 3740 491">
     <span class='ocr_line' id='line_1_5' title="bbox 454 405 3740 491; baseline -0.003 -21"><span class='ocrx_word' id='word_1_29' title='bbox 454 417 621 470; x_wconf 90' lang='lat' dir='ltr'>mium</span> <span class='ocrx_word' id='word_1_30' title='bbox 675 417 972 482; x_wconf 89' lang='lat' dir='ltr'>doctorem,</span> <span class='ocrx_word' id='word_1_31' title='bbox 1052 431 1322 470; x_wconf 92' lang='lat' dir='ltr'>summum</span> <span class='ocrx_word' id='word_1_32' title='bbox 1398 413 1753 468; x_wconf 86' lang='lat' dir='ltr'>Salvatorem.</span> <span class='ocrx_word' id='word_1_33' title='bbox 1838 412 2046 467; x_wconf 82' lang='lat' dir='ltr'>Dicitur</span> <span class='ocrx_word' id='word_1_34' title='bbox 2140 428 2262 491; x_wconf 56' lang='grc' dir='ltr'>(με</span> <span class='ocrx_word' id='word_1_35' title='bbox 2309 410 2365 463; x_wconf 92' lang='lat' dir='ltr'>in</span> <span class='ocrx_word' id='word_1_36' title='bbox 2425 410 2718 479; x_wconf 83' lang='lat' dir='ltr'>majoribus</span> <span class='ocrx_word' id='word_1_37' title='bbox 2755 408 2919 464; x_wconf 89' lang='lat' dir='ltr'>etiam</span> <span class='ocrx_word' id='word_1_38' title='bbox 2974 415 3246 478; x_wconf 77' lang='lat' dir='ltr'>operatur,</span> <span class='ocrx_word' id='word_1_39' title='bbox 3297 407 3367 462; x_wconf 89' lang='lat' dir='ltr'>ad</span> <span class='ocrx_word' id='word_1_40' title='bbox 3424 405 3740 462; x_wconf 82' lang='lat' dir='ltr'>memoriam</span> 
     </span>
    </p>
   </div>
   <div class='ocr_carea' id='block_1_6' title="bbox 453 501 2045 575">
    <p class='ocr_par' dir='ltr' id='par_1_6' title="bbox 453 501 2045 575">
     <span class='ocr_line' id='line_1_6' title="bbox 453 501 2045 575; baseline -0.004 -14"><span class='ocrx_word' id='word_1_41' title='bbox 453 506 596 561; x_wconf 90' lang='lat' dir='ltr'>enim</span> <span class='ocrx_word' id='word_1_42' title='bbox 628 506 914 572; x_wconf 90' lang='lat' dir='ltr'>Nazareth,</span> <span class='ocrx_word' id='word_1_43' title='bbox 948 505 1050 560; x_wconf 87' lang='lat' dir='ltr'>ﬂos</span> <span class='ocrx_word' id='word_1_44' title='bbox 1079 505 1163 559; x_wconf 88' lang='lat' dir='ltr'>vel</span> <span class='ocrx_word' id='word_1_45' title='bbox 1197 519 1420 575; x_wconf 86' lang='lat' dir='ltr'>germen</span> <span class='ocrx_word' id='word_1_46' title='bbox 1450 502 1742 571; x_wconf 66' lang='lat' dir='ltr'>munditiae,</span> <span class='ocrx_word' id='word_1_47' title='bbox 1796 501 1881 556; x_wconf 89' lang='lat' dir='ltr'>vel</span> <span class='ocrx_word' id='word_1_48' title='bbox 1914 517 2045 554; x_wconf 91' lang='lat' dir='ltr'>san-</span> 
     </span>
    </p>
   </div>
   <div class='ocr_carea' id='block_1_7' title="bbox 451 589 2049 665">
    <p class='ocr_par' dir='ltr' id='par_1_7' title="bbox 451 589 2049 665">
     <span class='ocr_line' id='line_1_7' title="bbox 451 589 2049 665; baseline -0.004 -14"><span class='ocrx_word' id='word_1_49' title='bbox 451 595 625 651; x_wconf 89' lang='lat' dir='ltr'>ctitas.</span> <span class='ocrx_word' id='word_1_50' title='bbox 658 594 1093 665; x_wconf 78' lang='lat' dir='ltr'>Utriqueautcir</span> <span class='ocrx_word' id='word_1_51' title='bbox 1129 591 1554 662; x_wconf 76' lang='lat' dir='ltr'>pronuntiationi</span> <span class='ocrx_word' id='word_1_52' title='bbox 1601 606 1839 661; x_wconf 84' lang='lat' dir='ltr'>congrue</span> <span class='ocrx_word' id='word_1_53' title='bbox 1870 589 2049 644; x_wconf 90' lang='lat' dir='ltr'>subdi-</span> 
     </span>
    </p>
   </div>
   <div class='ocr_carea' id='block_1_8' title="bbox 454 683 1145 749">
    <p class='ocr_par' dir='ltr' id='par_1_8' title="bbox 454 683 1145 749">
     <span class='ocr_line' id='line_1_8' title="bbox 454 683 1145 749; baseline -0.001 -11"><span class='ocrx_word' id='word_1_54' title='bbox 454 693 544 738; x_wconf 85' lang='lat' dir='ltr'>tur</span> <span class='ocrx_word' id='word_1_55' title='bbox 576 701 589 737; x_wconf 91' lang='lat'><strong>:</strong></span> <span class='ocrx_word' id='word_1_56' title='bbox 633 684 763 739; x_wconf 83' lang='lat' dir='ltr'>Veni</span> <span class='ocrx_word' id='word_1_57' title='bbox 791 687 846 738; x_wconf 89' lang='lat' dir='ltr'>et</span> <span class='ocrx_word' id='word_1_58' title='bbox 866 683 1006 749; x_wconf 86' lang='lat' dir='ltr'>vide,</span> <span class='ocrx_word' id='word_1_59' title='bbox 1041 690 1145 737; x_wconf 85' lang='lat' dir='ltr'>etc.</span> 
     </span>
    </p>
   </div>
   <div class='ocr_carea' id='block_1_9' title="bbox 525 768 2048 835">
    <p class='ocr_par' dir='ltr' id='par_1_9' title="bbox 525 768 2048 835">
     <span class='ocr_line' id='line_1_9' title="bbox 525 768 2048 835; baseline -0.003 -9"><span class='ocrx_word' id='word_1_60' title='bbox 525 773 696 827; x_wconf 87' lang='lat' dir='ltr'>Vens.</span> <span class='ocrx_word' id='word_1_61' title='bbox 728 775 814 826; x_wconf 76' lang='grc'>47.</span> <span class='ocrx_word' id='word_1_62' title='bbox 847 802 916 810; x_wconf 95' lang='lat'><strong>—</strong></span> <span class='ocrx_word' id='word_1_63' title='bbox 947 773 1085 826; x_wconf 87' lang='lat' dir='ltr'>Ecce</span> <span class='ocrx_word' id='word_1_64' title='bbox 1112 787 1237 826; x_wconf 88' lang='lat' dir='ltr'>vere</span> <span class='ocrx_word' id='word_1_65' title='bbox 1267 770 1549 825; x_wconf 80' lang='lat' dir='ltr'>Israelita.</span> <span class='ocrx_word' id='word_1_66' title='bbox 1573 769 1765 835; x_wconf 86' lang='lat' dir='ltr'>Dolus,</span> <span class='ocrx_word' id='word_1_67' title='bbox 1785 769 1841 824; x_wconf 94' lang='lat' dir='ltr'>id</span> <span class='ocrx_word' id='word_1_68' title='bbox 1871 776 1954 823; x_wconf 90' lang='lat' dir='ltr'>est</span> <span class='ocrx_word' id='word_1_69' title='bbox 1975 768 2048 822; x_wconf 90' lang='lat' dir='ltr'>si-</span> 
     </span>
    </p>
   </div>
   <div class='ocr_carea' id='block_1_10' title="bbox 456 857 2046 929">
    <p class='ocr_par' dir='ltr' id='par_1_10' title="bbox 456 857 2046 929">
     <span class='ocr_line' id='line_1_10' title="bbox 456 857 2046 929; baseline -0.003 -14"><span class='ocrx_word' id='word_1_70' title='bbox 456 860 698 915; x_wconf 90' lang='lat' dir='ltr'>mulatio.</span> <span class='ocrx_word' id='word_1_71' title='bbox 739 860 795 914; x_wconf 87' lang='lat' dir='ltr'>Si</span> <span class='ocrx_word' id='word_1_72' title='bbox 845 859 986 913; x_wconf 91' lang='lat' dir='ltr'>enim</span> <span class='ocrx_word' id='word_1_73' title='bbox 1040 859 1203 913; x_wconf 86' lang='lat' dir='ltr'>habet</span> <span class='ocrx_word' id='word_1_74' title='bbox 1258 863 1504 929; x_wconf 82' lang='lat' dir='ltr'>peceata,</span> <span class='ocrx_word' id='word_1_75' title='bbox 1564 857 1870 912; x_wconf 92' lang='lat' dir='ltr'>conﬁtetur.</span> <span class='ocrx_word' id='word_1_76' title='bbox 1924 858 2046 912; x_wconf 90' lang='lat' dir='ltr'>Non</span> 
     </span>
    </p>
   </div>
   <div class='ocr_carea' id='block_1_11' title="bbox 457 946 2048 1019">
    <p class='ocr_par' dir='ltr' id='par_1_11' title="bbox 457 946 2048 1019">
     <span class='ocr_line' id='line_1_11' title="bbox 457 946 2048 1019; baseline -0.002 -15"><span class='ocrx_word' id='word_1_77' title='bbox 457 964 594 1019; x_wconf 88' lang='lat' dir='ltr'>ergo</span> <span class='ocrx_word' id='word_1_78' title='bbox 622 955 786 1018; x_wconf 86' lang='lat' dir='ltr'>negat</span> <span class='ocrx_word' id='word_1_79' title='bbox 815 955 1174 1018; x_wconf 89' lang='lat' dir='ltr'>peccatorem,</span> <span class='ocrx_word' id='word_1_80' title='bbox 1211 948 1308 1002; x_wconf 89' lang='lat' dir='ltr'>sed</span> <span class='ocrx_word' id='word_1_81' title='bbox 1336 948 1392 1001; x_wconf 92' lang='lat' dir='ltr'>in</span> <span class='ocrx_word' id='word_1_82' title='bbox 1423 964 1488 1002; x_wconf 88' lang='lat' dir='ltr'>eo</span> <span class='ocrx_word' id='word_1_83' title='bbox 1517 947 1698 1001; x_wconf 86' lang='lat' dir='ltr'>laudat</span> <span class='ocrx_word' id='word_1_84' title='bbox 1743 946 2048 1002; x_wconf 88' lang='lat' dir='ltr'>confessio-</span> 
     </span>
    </p>
   </div>
   <div class='ocr_carea' id='block_1_12' title="bbox 455 1036 2049 1108">
    <p class='ocr_par' dir='ltr' id='par_1_12' title="bbox 455 1036 2049 1108">
     <span class='ocr_line' id='line_1_12' title="bbox 455 1036 2049 1108; baseline 0 -18"><span class='ocrx_word' id='word_1_85' title='bbox 455 1053 581 1091; x_wconf 90' lang='lat' dir='ltr'>nem</span> <span class='ocrx_word' id='word_1_86' title='bbox 613 1055 627 1091; x_wconf 90' lang='lat'><strong>:</strong></span> <span class='ocrx_word' id='word_1_87' title='bbox 659 1037 918 1091; x_wconf 65' lang='lat' dir='ltr'>Pharisaei</span> <span class='ocrx_word' id='word_1_88' title='bbox 951 1045 1131 1092; x_wconf 89' lang='lat' dir='ltr'>autem</span> <span class='ocrx_word' id='word_1_89' title='bbox 1162 1037 1479 1092; x_wconf 90' lang='lat' dir='ltr'>suntdolosi</span> <span class='ocrx_word' id='word_1_90' title='bbox 1508 1036 1599 1108; x_wconf 87' lang='lat' dir='ltr'>qui</span> <span class='ocrx_word' id='word_1_91' title='bbox 1621 1054 1680 1091; x_wconf 90' lang='lat' dir='ltr'>se</span> <span class='ocrx_word' id='word_1_92' title='bbox 1708 1036 1880 1091; x_wconf 91' lang='lat' dir='ltr'>bonos</span> <span class='ocrx_word' id='word_1_93' title='bbox 1908 1052 2049 1106; x_wconf 70' lang='lat' dir='ltr'>prae-</span> 
     </span>
    </p>
   </div>
   <div class='ocr_carea' id='block_1_13' title="bbox 453 1125 1099 1181">
    <p class='ocr_par' dir='ltr' id='par_1_13' title="bbox 453 1125 1099 1181">
     <span class='ocr_line' id='line_1_13' title="bbox 453 1125 1099 1181; baseline 0.002 -2"><span class='ocrx_word' id='word_1_94' title='bbox 453 1125 637 1181; x_wconf 86' lang='lat' dir='ltr'>dicant</span> <span class='ocrx_word' id='word_1_95' title='bbox 659 1142 782 1180; x_wconf 90' lang='lat' dir='ltr'>cum</span> <span class='ocrx_word' id='word_1_96' title='bbox 816 1125 922 1179; x_wconf 91' lang='lat' dir='ltr'>sint</span> <span class='ocrx_word' id='word_1_97' title='bbox 951 1125 1099 1180; x_wconf 91' lang='lat' dir='ltr'>mali.</span> 
     </span>
    </p>
   </div>
   <div class='ocr_carea' id='block_1_14' title="bbox 526 1212 2050 1286">
    <p class='ocr_par' dir='ltr' id='par_1_14' title="bbox 526 1212 2050 1286">
     <span class='ocr_line' id='line_1_14' title="bbox 526 1212 2050 1286; baseline -0.001 -18"><span class='ocrx_word' id='word_1_98' title='bbox 526 1215 697 1268; x_wconf 87' lang='lat' dir='ltr'>Vens.</span> <span class='ocrx_word' id='word_1_99' title='bbox 732 1216 819 1268; x_wconf 80' lang='grc'>48.</span> <span class='ocrx_word' id='word_1_100' title='bbox 877 1214 1026 1270; x_wconf 88' lang='lat' dir='ltr'>Unde</span> <span class='ocrx_word' id='word_1_101' title='bbox 1073 1230 1162 1268; x_wconf 86' lang='lat' dir='ltr'>me</span> <span class='ocrx_word' id='word_1_102' title='bbox 1207 1216 1417 1270; x_wconf 80' lang='lat' dir='ltr'>nosti?</span> <span class='ocrx_word' id='word_1_103' title='bbox 1469 1214 1824 1286; x_wconf 89' lang='lat' dir='ltr'>Cognoscens</span> <span class='ocrx_word' id='word_1_104' title='bbox 1872 1212 2050 1267; x_wconf 90' lang='lat' dir='ltr'>Domi-</span> 
     </span>
    </p>
   </div>
   <div class='ocr_carea' id='block_1_15' title="bbox 451 1302 2050 1374">
    <p class='ocr_par' dir='ltr' id='par_1_15' title="bbox 451 1302 2050 1374">
     <span class='ocr_line' id='line_1_15' title="bbox 451 1302 2050 1374; baseline 0 -18"><span class='ocrx_word' id='word_1_105' title='bbox 451 1309 585 1356; x_wconf 63' lang='lat' dir='ltr'>~num</span> <span class='ocrx_word' id='word_1_106' title='bbox 615 1303 766 1373; x_wconf 88' lang='lat' dir='ltr'>loqui</span> <span class='ocrx_word' id='word_1_107' title='bbox 795 1303 862 1357; x_wconf 92' lang='lat' dir='ltr'>de</span> <span class='ocrx_word' id='word_1_108' title='bbox 895 1318 989 1355; x_wconf 89' lang='lat' dir='ltr'>sua</span> <span class='ocrx_word' id='word_1_109' title='bbox 1028 1302 1378 1367; x_wconf 84' lang='lat' dir='ltr'>conscientia,</span> <span class='ocrx_word' id='word_1_110' title='bbox 1441 1317 1550 1356; x_wconf 89' lang='lat' dir='ltr'>non</span> <span class='ocrx_word' id='word_1_111' title='bbox 1585 1319 1650 1356; x_wconf 86' lang='lat' dir='ltr'>ex</span> <span class='ocrx_word' id='word_1_112' title='bbox 1679 1302 2050 1374; x_wconf 80' lang='lat' dir='ltr'>indignatione</span> 
     </span>
    </p>
   </div>
   <div class='ocr_carea' id='block_1_16' title="bbox 373 1391 2045 1462">
    <p class='ocr_par' dir='ltr' id='par_1_16' title="bbox 373 1391 2045 1462">
     <span class='ocr_line' id='line_1_16' title="bbox 373 1391 2045 1462; baseline 0 -18"><span class='ocrx_word' id='word_1_113' title='bbox 373 1445 386 1456; x_wconf 77' lang='grc'><em>,</em></span> <span class='ocrx_word' id='word_1_114' title='bbox 452 1391 665 1462; x_wconf 61' lang='lat' dir='ltr'>quaerit,</span> <span class='ocrx_word' id='word_1_115' title='bbox 726 1392 825 1445; x_wconf 91' lang='lat' dir='ltr'>sed</span> <span class='ocrx_word' id='word_1_116' title='bbox 859 1391 1217 1457; x_wconf 88' lang='lat' dir='ltr'>admirando,</span> <span class='ocrx_word' id='word_1_117' title='bbox 1253 1392 1398 1444; x_wconf 90' lang='lat' dir='ltr'>unde</span> <span class='ocrx_word' id='word_1_118' title='bbox 1455 1400 1508 1444; x_wconf 91' lang='lat' dir='ltr'>et</span> <span class='ocrx_word' id='word_1_119' title='bbox 1573 1408 1639 1445; x_wconf 91' lang='lat' dir='ltr'>ex</span> <span class='ocrx_word' id='word_1_120' title='bbox 1671 1406 1779 1462; x_wconf 89' lang='lat' dir='ltr'>qua</span> <span class='ocrx_word' id='word_1_121' title='bbox 1833 1391 2045 1446; x_wconf 87' lang='lat' dir='ltr'>virtute.</span> 
     </span>
    </p>
   </div>
   <div class='ocr_carea' id='block_1_17' title="bbox 459 1479 2050 1550">
    <p class='ocr_par' dir='ltr' id='par_1_17' title="bbox 459 1479 2050 1550">
     <span class='ocr_line' id='line_1_17' title="bbox 459 1479 2050 1550; baseline -0.003 -13"><span class='ocrx_word' id='word_1_122' title='bbox 459 1481 568 1537; x_wconf 87' lang='lat' dir='ltr'>Sub</span> <span class='ocrx_word' id='word_1_123' title='bbox 607 1481 720 1548; x_wconf 84' lang='lat' dir='ltr'>ﬁcu</span> <span class='ocrx_word' id='word_1_124' title='bbox 775 1480 894 1534; x_wconf 85' lang='lat' dir='ltr'>vidi</span> <span class='ocrx_word' id='word_1_125' title='bbox 925 1484 996 1535; x_wconf 88' lang='lat' dir='ltr'>te.</span> <span class='ocrx_word' id='word_1_126' title='bbox 1051 1479 1242 1550; x_wconf 82' lang='lat' dir='ltr'>(Auc.)</span> <span class='ocrx_word' id='word_1_127' title='bbox 1273 1480 1593 1546; x_wconf 87' lang='lat' dir='ltr'>Nathanael,</span> <span class='ocrx_word' id='word_1_128' title='bbox 1627 1480 1683 1533; x_wconf 88' lang='lat' dir='ltr'>id</span> <span class='ocrx_word' id='word_1_129' title='bbox 1739 1488 1819 1534; x_wconf 92' lang='lat' dir='ltr'>est</span> <span class='ocrx_word' id='word_1_130' title='bbox 1849 1480 2050 1534; x_wconf 87' lang='lat' dir='ltr'>donum</span> 
     </span>
    </p>
   </div>
   <div class='ocr_carea' id='block_1_18' title="bbox 453 1568 2052 1639">
    <p class='ocr_par' dir='ltr' id='par_1_18' title="bbox 453 1568 2052 1639">
     <span class='ocr_line' id='line_1_18' title="bbox 453 1568 2052 1639; baseline -0.001 -16"><span class='ocrx_word' id='word_1_131' title='bbox 453 1569 576 1634; x_wconf 89' lang='lat' dir='ltr'>Dei,</span> <span class='ocrx_word' id='word_1_132' title='bbox 610 1577 691 1623; x_wconf 90' lang='lat' dir='ltr'>est</span> <span class='ocrx_word' id='word_1_133' title='bbox 721 1585 881 1624; x_wconf 88' lang='lat' dir='ltr'>verus</span> <span class='ocrx_word' id='word_1_134' title='bbox 910 1569 1141 1639; x_wconf 91' lang='lat' dir='ltr'>populus</span> <span class='ocrx_word' id='word_1_135' title='bbox 1178 1568 1348 1623; x_wconf 88' lang='lat' dir='ltr'>Israel</span> <span class='ocrx_word' id='word_1_136' title='bbox 1389 1569 1588 1623; x_wconf 87' lang='lat' dir='ltr'>donum</span> <span class='ocrx_word' id='word_1_137' title='bbox 1638 1569 1758 1636; x_wconf 87' lang='lat' dir='ltr'>Dei,</span> <span class='ocrx_word' id='word_1_138' title='bbox 1812 1569 1904 1639; x_wconf 89' lang='lat' dir='ltr'>qui</span> <span class='ocrx_word' id='word_1_139' title='bbox 1938 1575 2052 1622; x_wconf 88' lang='lat' dir='ltr'>erat</span> 
     </span>
    </p>
   </div>
   <div class='ocr_carea' id='block_1_19' title="bbox 2146 499 2436 554">
    <p class='ocr_par' dir='ltr' id='par_1_19' title="bbox 2146 499 2436 554">
     <span class='ocr_line' id='line_1_19' title="bbox 2146 499 2436 554; baseline 0.003 -2"><span class='ocrx_word' id='word_1_140' title='bbox 2146 499 2436 554; x_wconf 89' lang='lat' dir='ltr'>reducitur.</span> 
     </span>
    </p>
   </div>
   <div class='ocr_carea' id='block_1_20' title="bbox 2218 584 3744 657">
    <p class='ocr_par' dir='ltr' id='par_1_20' title="bbox 2218 584 3744 657">
     <span class='ocr_line' id='line_1_20' title="bbox 2218 584 3744 657; baseline -0.003 -14"><span class='ocrx_word' id='word_1_141' title='bbox 2218 589 2388 643; x_wconf 86' lang='lat' dir='ltr'>Vens.</span> <span class='ocrx_word' id='word_1_142' title='bbox 2423 590 2475 642; x_wconf 78' lang='grc'>4.</span> <span class='ocrx_word' id='word_1_143' title='bbox 2508 618 2577 626; x_wconf 91' lang='grc'><strong>-</strong></span> <span class='ocrx_word' id='word_1_144' title='bbox 2609 586 2750 654; x_wconf 83' lang='lat' dir='ltr'>Quid</span> <span class='ocrx_word' id='word_1_145' title='bbox 2797 586 2958 642; x_wconf 86' lang='lat' dir='ltr'>mihi.</span> <span class='ocrx_word' id='word_1_146' title='bbox 3010 585 3139 656; x_wconf 83' lang='grc' dir='ltr'>(Ιο.)</span> <span class='ocrx_word' id='word_1_147' title='bbox 3196 586 3256 639; x_wconf 91' lang='lat' dir='ltr'>In</span> <span class='ocrx_word' id='word_1_148' title='bbox 3304 584 3389 639; x_wconf 89' lang='lat' dir='ltr'>his</span> <span class='ocrx_word' id='word_1_149' title='bbox 3436 599 3546 639; x_wconf 89' lang='lat' dir='ltr'>non</span> <span class='ocrx_word' id='word_1_150' title='bbox 3575 593 3744 657; x_wconf 88' lang='lat' dir='ltr'>negat</span> 
     </span>
    </p>
   </div>
   <div class='ocr_carea' id='block_1_21' title="bbox 2145 673 3740 744">
    <p class='ocr_par' dir='ltr' id='par_1_21' title="bbox 2145 673 3740 744">
     <span class='ocr_line' id='line_1_21' title="bbox 2145 673 3740 744; baseline -0.002 -13"><span class='ocrx_word' id='word_1_151' title='bbox 2145 685 2395 743; x_wconf 89' lang='lat' dir='ltr'>matrem,</span> <span class='ocrx_word' id='word_1_152' title='bbox 2429 685 2486 730; x_wconf 92' lang='lat' dir='ltr'>ut</span> <span class='ocrx_word' id='word_1_153' title='bbox 2514 675 2752 731; x_wconf 64' lang='lat' dir='ltr'>haeretici</span> <span class='ocrx_word' id='word_1_154' title='bbox 2785 675 2986 740; x_wconf 89' lang='lat' dir='ltr'>dicunt,</span> <span class='ocrx_word' id='word_1_155' title='bbox 3020 683 3150 740; x_wconf 90' lang='lat' dir='ltr'>etc.,</span> <span class='ocrx_word' id='word_1_156' title='bbox 3185 689 3355 744; x_wconf 83' lang='lat' dir='ltr'>usque</span> <span class='ocrx_word' id='word_1_157' title='bbox 3384 674 3456 729; x_wconf 85' lang='lat' dir='ltr'>ad</span> <span class='ocrx_word' id='word_1_158' title='bbox 3485 673 3740 728; x_wconf 90' lang='lat' dir='ltr'>intratio—</span> 
     </span>
    </p>
   </div>
   <div class='ocr_carea' id='block_1_22' title="bbox 2147 763 3262 836">
    <p class='ocr_par' dir='ltr' id='par_1_22' title="bbox 2147 763 3262 836">
     <span class='ocr_line' id='line_1_22' title="bbox 2147 763 3262 836; baseline -0.002 -17"><span class='ocrx_word' id='word_1_159' title='bbox 2147 782 2271 821; x_wconf 83' lang='lat' dir='ltr'>nem</span> <span class='ocrx_word' id='word_1_160' title='bbox 2294 766 2364 820; x_wconf 92' lang='lat' dir='ltr'>ad</span> <span class='ocrx_word' id='word_1_161' title='bbox 2393 766 2569 820; x_wconf 92' lang='lat' dir='ltr'>Deum</span> <span class='ocrx_word' id='word_1_162' title='bbox 2596 763 2866 836; x_wconf 85' lang='lat' dir='ltr'>intelligit,</span> <span class='ocrx_word' id='word_1_163' title='bbox 2899 763 3083 818; x_wconf 90' lang='lat' dir='ltr'>vinum</span> <span class='ocrx_word' id='word_1_164' title='bbox 3112 763 3262 818; x_wconf 90' lang='lat' dir='ltr'>bibit.</span> 
     </span>
    </p>
   </div>
   <div class='ocr_carea' id='block_1_23' title="bbox 2217 851 3744 923">
    <p class='ocr_par' dir='ltr' id='par_1_23' title="bbox 2217 851 3744 923">
     <span class='ocr_line' id='line_1_23' title="bbox 2217 851 3744 923; baseline -0.002 -14"><span class='ocrx_word' id='word_1_165' title='bbox 2217 856 2387 909; x_wconf 85' lang='lat' dir='ltr'>Vens.</span> <span class='ocrx_word' id='word_1_166' title='bbox 2421 859 2472 909; x_wconf 87' lang='lat'>6.</span> <span class='ocrx_word' id='word_1_167' title='bbox 2502 885 2573 894; x_wconf 96' lang='lat'><strong><em>—</em></strong></span> <span class='ocrx_word' id='word_1_168' title='bbox 2603 855 2774 909; x_wconf 86' lang='lat' dir='ltr'>Binas</span> <span class='ocrx_word' id='word_1_169' title='bbox 2827 854 2931 908; x_wconf 88' lang='lat' dir='ltr'>vel.</span> <span class='ocrx_word' id='word_1_170' title='bbox 2967 853 3096 923; x_wconf 86' lang='lat' dir='ltr'>([D.)</span> <span class='ocrx_word' id='word_1_171' title='bbox 3125 852 3457 907; x_wconf 70' lang='lat' dir='ltr'>Estimantis</span> <span class='ocrx_word' id='word_1_172' title='bbox 3500 859 3584 906; x_wconf 90' lang='lat' dir='ltr'>est</span> <span class='ocrx_word' id='word_1_173' title='bbox 3639 851 3744 906; x_wconf 90' lang='lat' dir='ltr'>hoc</span> 
     </span>
    </p>
   </div>
   <div class='ocr_carea' id='block_1_24' title="bbox 2149 941 3742 1014">
    <p class='ocr_par' dir='ltr' id='par_1_24' title="bbox 2149 941 3742 1014">
     <span class='ocr_line' id='line_1_24' title="bbox 2149 941 3742 1014; baseline -0.003 -17"><span class='ocrx_word' id='word_1_174' title='bbox 2149 944 2350 1010; x_wconf 89' lang='lat' dir='ltr'>dicere,</span> <span class='ocrx_word' id='word_1_175' title='bbox 2385 952 2439 998; x_wconf 92' lang='lat' dir='ltr'>ut</span> <span class='ocrx_word' id='word_1_176' title='bbox 2468 944 2614 1014; x_wconf 90' lang='lat' dir='ltr'>ipsas</span> <span class='ocrx_word' id='word_1_177' title='bbox 2647 943 2852 997; x_wconf 89' lang='lat' dir='ltr'>diceret</span> <span class='ocrx_word' id='word_1_178' title='bbox 2883 941 3040 995; x_wconf 90' lang='lat' dir='ltr'>binas</span> <span class='ocrx_word' id='word_1_179' title='bbox 3096 957 3229 1012; x_wconf 88' lang='lat' dir='ltr'>quas</span> <span class='ocrx_word' id='word_1_180' title='bbox 3276 949 3328 996; x_wconf 93' lang='lat' dir='ltr'>et</span> <span class='ocrx_word' id='word_1_181' title='bbox 3377 948 3574 1009; x_wconf 88' lang='lat' dir='ltr'>ternas,</span> <span class='ocrx_word' id='word_1_182' title='bbox 3611 948 3742 1005; x_wconf 92' lang='lat' dir='ltr'>etc.,</span> 
     </span>
    </p>
   </div>
   <div class='ocr_carea' id='block_1_25' title="bbox 2145 1030 3339 1106">
    <p class='ocr_par' dir='ltr' id='par_1_25' title="bbox 2145 1030 3339 1106">
     <span class='ocr_line' id='line_1_25' title="bbox 2145 1030 3339 1106; baseline -0.003 -17"><span class='ocrx_word' id='word_1_183' title='bbox 2145 1049 2318 1106; x_wconf 86' lang='lat' dir='ltr'>usque</span> <span class='ocrx_word' id='word_1_184' title='bbox 2340 1033 2412 1088; x_wconf 88' lang='lat' dir='ltr'>ad</span> <span class='ocrx_word' id='word_1_185' title='bbox 2440 1032 2612 1086; x_wconf 91' lang='lat' dir='ltr'>tribus</span> <span class='ocrx_word' id='word_1_186' title='bbox 2641 1030 2765 1085; x_wconf 90' lang='lat' dir='ltr'>ﬁliis</span> <span class='ocrx_word' id='word_1_187' title='bbox 2802 1031 2921 1085; x_wconf 92' lang='lat' dir='ltr'>Noe</span> <span class='ocrx_word' id='word_1_188' title='bbox 2954 1030 3339 1085; x_wconf 73' lang='lat' dir='ltr'>disseminatze.</span> 
     </span>
    </p>
   </div>
   <div class='ocr_carea' id='block_1_26' title="bbox 2217 1135 3740 1208">
    <p class='ocr_par' dir='ltr' id='par_1_26' title="bbox 2217 1135 3740 1208">
     <span class='ocr_line' id='line_1_26' title="bbox 2217 1135 3740 1208; baseline -0.004 -13"><span class='ocrx_word' id='word_1_189' title='bbox 2217 1140 2388 1195; x_wconf 83' lang='lat' dir='ltr'>Vens.</span> <span class='ocrx_word' id='word_1_190' title='bbox 2422 1141 2476 1194; x_wconf 84' lang='lat'>7.</span> <span class='ocrx_word' id='word_1_191' title='bbox 2501 1169 2570 1178; x_wconf 95' lang='lat'><strong>—</strong></span> <span class='ocrx_word' id='word_1_192' title='bbox 2597 1141 2667 1194; x_wconf 88' lang='lat' dir='ltr'>Et</span> <span class='ocrx_word' id='word_1_193' title='bbox 2695 1139 3094 1208; x_wconf 84' lang='lat' dir='ltr'>impleverunt.</span> <span class='ocrx_word' id='word_1_194' title='bbox 3128 1135 3286 1204; x_wconf 86' lang='lat' dir='ltr'>Quod</span> <span class='ocrx_word' id='word_1_195' title='bbox 3299 1137 3455 1206; x_wconf 85' lang='lat' dir='ltr'>jussu</span> <span class='ocrx_word' id='word_1_196' title='bbox 3485 1137 3606 1205; x_wconf 88' lang='lat' dir='ltr'>ejus</span> <span class='ocrx_word' id='word_1_197' title='bbox 3638 1135 3740 1188; x_wconf 87' lang='lat' dir='ltr'>im-</span> 
     </span>
    </p>
   </div>
   <div class='ocr_carea' id='block_1_27' title="bbox 2148 1223 3742 1299">
    <p class='ocr_par' dir='ltr' id='par_1_27' title="bbox 2148 1223 3742 1299">
     <span class='ocr_line' id='line_1_27' title="bbox 2148 1223 3742 1299; baseline -0.003 -18"><span class='ocrx_word' id='word_1_198' title='bbox 2148 1229 2308 1298; x_wconf 65' lang='lat' dir='ltr'>pleta:</span> <span class='ocrx_word' id='word_1_199' title='bbox 2339 1235 2465 1282; x_wconf 90' lang='lat' dir='ltr'>sunt</span> <span class='ocrx_word' id='word_1_200' title='bbox 2523 1226 2746 1297; x_wconf 69' lang='lat' dir='ltr'>hydrina,</span> <span class='ocrx_word' id='word_1_201' title='bbox 2809 1224 3081 1299; x_wconf 75' lang='lat' dir='ltr'>significat</span> <span class='ocrx_word' id='word_1_202' title='bbox 3102 1226 3245 1297; x_wconf 92' lang='lat' dir='ltr'>quod</span> <span class='ocrx_word' id='word_1_203' title='bbox 3276 1225 3436 1280; x_wconf 89' lang='lat' dir='ltr'>etiam</span> <span class='ocrx_word' id='word_1_204' title='bbox 3465 1223 3558 1278; x_wconf 88' lang='lat' dir='ltr'>illa</span> <span class='ocrx_word' id='word_1_205' title='bbox 3589 1223 3742 1279; x_wconf 88' lang='lat' dir='ltr'>Scri-</span> 
     </span>
    </p>
   </div>
   <div class='ocr_carea' id='block_1_28' title="bbox 2147 1312 3741 1390">
    <p class='ocr_par' dir='ltr' id='par_1_28' title="bbox 2147 1312 3741 1390">
     <span class='ocr_line' id='line_1_28' title="bbox 2147 1312 3741 1390; baseline -0.004 -17"><span class='ocrx_word' id='word_1_206' title='bbox 2147 1327 2306 1390; x_wconf 91' lang='lat' dir='ltr'>ptura</span> <span class='ocrx_word' id='word_1_207' title='bbox 2333 1334 2366 1372; x_wconf 90' lang='lat' dir='ltr'>a</span> <span class='ocrx_word' id='word_1_208' title='bbox 2387 1316 2618 1372; x_wconf 90' lang='lat' dir='ltr'>Domino</span> <span class='ocrx_word' id='word_1_209' title='bbox 2640 1324 2742 1384; x_wconf 89' lang='lat' dir='ltr'>est,</span> <span class='ocrx_word' id='word_1_210' title='bbox 2776 1316 2873 1370; x_wconf 91' lang='lat' dir='ltr'>sed</span> <span class='ocrx_word' id='word_1_211' title='bbox 2901 1315 3030 1369; x_wconf 91' lang='lat' dir='ltr'>dum</span> <span class='ocrx_word' id='word_1_212' title='bbox 3085 1315 3141 1368; x_wconf 91' lang='lat' dir='ltr'>in</span> <span class='ocrx_word' id='word_1_213' title='bbox 3174 1330 3240 1370; x_wconf 87' lang='lat' dir='ltr'>ea</span> <span class='ocrx_word' id='word_1_214' title='bbox 3295 1314 3394 1368; x_wconf 91' lang='lat' dir='ltr'>sub</span> <span class='ocrx_word' id='word_1_215' title='bbox 3451 1312 3741 1379; x_wconf 82' lang='lat' dir='ltr'>velamine,</span> 
     </span>
    </p>
   </div>
   <div class='ocr_carea' id='block_1_29' title="bbox 2149 1401 3749 1476">
    <p class='ocr_par' dir='ltr' id='par_1_29' title="bbox 2149 1401 3749 1476">
     <span class='ocr_line' id='line_1_29' title="bbox 2149 1401 3749 1476; baseline -0.004 -16"><span class='ocrx_word' id='word_1_216' title='bbox 2149 1407 2204 1462; x_wconf 89' lang='lat' dir='ltr'>id</span> <span class='ocrx_word' id='word_1_217' title='bbox 2261 1415 2344 1461; x_wconf 90' lang='lat' dir='ltr'>est</span> <span class='ocrx_word' id='word_1_218' title='bbox 2399 1405 2750 1476; x_wconf 86' lang='lat' dir='ltr'>adOpertionc</span> <span class='ocrx_word' id='word_1_219' title='bbox 2805 1404 3019 1470; x_wconf 60' lang='lat' dir='ltr'>litterae,</span> <span class='ocrx_word' id='word_1_220' title='bbox 3100 1403 3230 1457; x_wconf 88' lang='lat' dir='ltr'>latet</span> <span class='ocrx_word' id='word_1_221' title='bbox 3276 1402 3542 1468; x_wconf 89' lang='lat' dir='ltr'>Christus,</span> <span class='ocrx_word' id='word_1_222' title='bbox 3603 1401 3749 1472; x_wconf 88' lang='lat' dir='ltr'>sapit</span> 
     </span>
    </p>
   </div>
   <div class='ocr_carea' id='block_1_30' title="bbox 2150 1491 3742 1566">
    <p class='ocr_par' dir='ltr' id='par_1_30' title="bbox 2150 1491 3742 1566">
     <span class='ocr_line' id='line_1_30' title="bbox 2150 1491 3742 1566; baseline -0.003 -17"><span class='ocrx_word' id='word_1_223' title='bbox 2150 1512 2345 1566; x_wconf 90' lang='lat' dir='ltr'>aquam</span> <span class='ocrx_word' id='word_1_224' title='bbox 2404 1494 2714 1565; x_wconf 87' lang='lat' dir='ltr'>insipidam.</span> <span class='ocrx_word' id='word_1_225' title='bbox 2759 1493 2893 1547; x_wconf 91' lang='lat' dir='ltr'>Cum</span> <span class='ocrx_word' id='word_1_226' title='bbox 2952 1500 3137 1547; x_wconf 87' lang='lat' dir='ltr'>autem</span> <span class='ocrx_word' id='word_1_227' title='bbox 3180 1491 3420 1547; x_wconf 84' lang='lat' dir='ltr'>aufertur</span> <span class='ocrx_word' id='word_1_228' title='bbox 3473 1491 3742 1556; x_wconf 81' lang='lat' dir='ltr'>velamen,</span> 
     </span>
    </p>
   </div>
   <div class='ocr_carea' id='block_1_31' title="bbox 2151 1579 3746 1652">
    <p class='ocr_par' dir='ltr' id='par_1_31' title="bbox 2151 1579 3746 1652">
     <span class='ocr_line' id='line_1_31' title="bbox 2151 1579 3746 1652; baseline -0.003 -13"><span class='ocrx_word' id='word_1_229' title='bbox 2151 1593 2233 1639; x_wconf 89' lang='lat' dir='ltr'>est</span> <span class='ocrx_word' id='word_1_230' title='bbox 2260 1584 2446 1639; x_wconf 90' lang='lat' dir='ltr'>vinum</span> <span class='ocrx_word' id='word_1_231' title='bbox 2493 1583 2788 1638; x_wconf 89' lang='lat' dir='ltr'>inebrians.</span> <span class='ocrx_word' id='word_1_232' title='bbox 2834 1582 3010 1636; x_wconf 86' lang='lat' dir='ltr'>Potuit</span> <span class='ocrx_word' id='word_1_233' title='bbox 3040 1581 3260 1652; x_wconf 91' lang='lat' dir='ltr'>quidem</span> <span class='ocrx_word' id='word_1_234' title='bbox 3290 1596 3488 1637; x_wconf 88' lang='lat' dir='ltr'>vacuas</span> <span class='ocrx_word' id='word_1_235' title='bbox 3517 1579 3746 1650; x_wconf 90' lang='lat' dir='ltr'>implere</span> 
     </span>
    </p>
   </div>
   <div class='ocr_carea' id='block_1_32' title="bbox 454 1656 3745 1744">
    <p class='ocr_par' dir='ltr' id='par_1_32' title="bbox 454 1656 3745 1744">
     <span class='ocr_line' id='line_1_32' title="bbox 454 1656 3745 1744; baseline -0.001 -34"><span class='ocrx_word' id='word_1_236' title='bbox 454 1658 558 1712; x_wconf 89' lang='lat' dir='ltr'>sub</span> <span class='ocrx_word' id='word_1_237' title='bbox 587 1657 691 1712; x_wconf 87' lang='lat' dir='ltr'>ﬁcu</span> <span class='ocrx_word' id='word_1_238' title='bbox 721 1657 938 1711; x_wconf 87' lang='lat' dir='ltr'>abditus</span> <span class='ocrx_word' id='word_1_239' title='bbox 963 1701 975 1722; x_wconf 95' lang='lat'>,</span> <span class='ocrx_word' id='word_1_240' title='bbox 1009 1658 1065 1711; x_wconf 94' lang='lat' dir='ltr'>id</span> <span class='ocrx_word' id='word_1_241' title='bbox 1093 1665 1175 1712; x_wconf 92' lang='lat' dir='ltr'>est</span> <span class='ocrx_word' id='word_1_242' title='bbox 1223 1657 1470 1712; x_wconf 92' lang='lat' dir='ltr'>subditus</span> <span class='ocrx_word' id='word_1_243' title='bbox 1519 1657 1619 1710; x_wconf 90' lang='lat' dir='ltr'>sub</span> <span class='ocrx_word' id='word_1_244' title='bbox 1659 1656 2121 1738; x_wconf 83' lang='lat' dir='ltr'>consuetudineB</span> <span class='ocrx_word' id='word_1_245' title='bbox 2151 1673 2299 1740; x_wconf 53' lang='lat' dir='ltr'>vino,</span> <span class='ocrx_word' id='word_1_246' title='bbox 2360 1672 2452 1744; x_wconf 72' lang='lat' dir='ltr'>qui</span> <span class='ocrx_word' id='word_1_247' title='bbox 2505 1680 2699 1728; x_wconf 47' lang='lat' dir='ltr'>cuncta</span> <span class='ocrx_word' id='word_1_248' title='bbox 2731 1679 2880 1726; x_wconf 55' lang='lat' dir='ltr'>creat</span> <span class='ocrx_word' id='word_1_249' title='bbox 2927 1688 2993 1725; x_wconf 67' lang='lat' dir='ltr'>ex</span> <span class='ocrx_word' id='word_1_250' title='bbox 3043 1670 3231 1737; x_wconf 54' lang='lat' dir='ltr'>nihilo,</span> <span class='ocrx_word' id='word_1_251' title='bbox 3288 1670 3386 1724; x_wconf 76' lang='lat' dir='ltr'>sed</span> <span class='ocrx_word' id='word_1_252' title='bbox 3443 1668 3634 1724; x_wconf 54' lang='lat' dir='ltr'>malui;</span> <span class='ocrx_word' id='word_1_253' title='bbox 3673 1668 3745 1723; x_wconf 74' lang='lat' dir='ltr'>de</span> 
     </span>
    </p>
   </div>
   <div class='ocr_carea' id='block_1_33' title="bbox 454 1745 2049 1816">
    <p class='ocr_par' dir='ltr' id='par_1_33' title="bbox 454 1745 2049 1816">
     <span class='ocr_line' id='line_1_33' title="bbox 454 1745 2049 1816; baseline -0.001 -16"><span class='ocrx_word' id='word_1_254' title='bbox 454 1746 720 1816; x_wconf 86' lang='lat' dir='ltr'>peccandi</span> <span class='ocrx_word' id='word_1_255' title='bbox 751 1754 804 1800; x_wconf 89' lang='lat' dir='ltr'>et</span> <span class='ocrx_word' id='word_1_256' title='bbox 833 1747 1022 1800; x_wconf 90' lang='lat' dir='ltr'>umbra</span> <span class='ocrx_word' id='word_1_257' title='bbox 1069 1746 1281 1812; x_wconf 91' lang='lat' dir='ltr'>mortis,</span> <span class='ocrx_word' id='word_1_258' title='bbox 1333 1755 1390 1800; x_wconf 93' lang='lat' dir='ltr'>ut</span> <span class='ocrx_word' id='word_1_259' title='bbox 1445 1746 1606 1816; x_wconf 91' lang='lat' dir='ltr'>primi</span> <span class='ocrx_word' id='word_1_260' title='bbox 1665 1753 1920 1816; x_wconf 88' lang='lat' dir='ltr'>parentes</span> <span class='ocrx_word' id='word_1_261' title='bbox 1949 1745 2049 1799; x_wconf 90' lang='lat' dir='ltr'>sub</span> 
     </span>
    </p>
   </div>
   <div class='ocr_carea' id='block_1_34' title="bbox 450 1834 2049 1905">
    <p class='ocr_par' dir='ltr' id='par_1_34' title="bbox 450 1834 2049 1905">
     <span class='ocr_line' id='line_1_34' title="bbox 450 1834 2049 1905; baseline 0.001 -17"><span class='ocrx_word' id='word_1_262' title='bbox 450 1834 539 1890; x_wconf 86' lang='lat' dir='ltr'>ﬁci</span> <span class='ocrx_word' id='word_1_263' title='bbox 571 1834 710 1890; x_wconf 86' lang='lat' dir='ltr'>foliis</span> <span class='ocrx_word' id='word_1_264' title='bbox 742 1851 801 1889; x_wconf 91' lang='lat' dir='ltr'>se</span> <span class='ocrx_word' id='word_1_265' title='bbox 833 1843 1098 1900; x_wconf 89' lang='lat' dir='ltr'>texerunt,</span> <span class='ocrx_word' id='word_1_266' title='bbox 1135 1835 1226 1887; x_wconf 92' lang='lat' dir='ltr'>ubi</span> <span class='ocrx_word' id='word_1_267' title='bbox 1256 1834 1409 1905; x_wconf 91' lang='lat' dir='ltr'>prius</span> <span class='ocrx_word' id='word_1_268' title='bbox 1466 1834 1616 1890; x_wconf 85' lang='lat' dir='ltr'>visus</span> <span class='ocrx_word' id='word_1_269' title='bbox 1674 1842 1819 1889; x_wconf 90' lang='lat' dir='ltr'>esset</span> <span class='ocrx_word' id='word_1_270' title='bbox 1874 1851 1902 1887; x_wconf 91' lang='lat' dir='ltr'>a</span> <span class='ocrx_word' id='word_1_271' title='bbox 1933 1835 2049 1889; x_wconf 93' lang='lat' dir='ltr'>Do—</span> 
     </span>
    </p>
   </div>
   <div class='ocr_carea' id='block_1_35' title="bbox 452 1923 2052 1995">
    <p class='ocr_par' dir='ltr' id='par_1_35' title="bbox 452 1923 2052 1995">
     <span class='ocr_line' id='line_1_35' title="bbox 452 1923 2052 1995; baseline 0 -17"><span class='ocrx_word' id='word_1_272' title='bbox 452 1923 600 1978; x_wconf 89' lang='lat' dir='ltr'>mino</span> <span class='ocrx_word' id='word_1_273' title='bbox 631 1933 684 1978; x_wconf 90' lang='lat' dir='ltr'>et</span> <span class='ocrx_word' id='word_1_274' title='bbox 730 1924 1007 1995; x_wconf 54' lang='lat' dir='ltr'>quaesitus,</span> <span class='ocrx_word' id='word_1_275' title='bbox 1063 1939 1220 1994; x_wconf 89' lang='lat' dir='ltr'>quam</span> <span class='ocrx_word' id='word_1_276' title='bbox 1259 1923 1549 1978; x_wconf 92' lang='lat' dir='ltr'>Dominum</span> <span class='ocrx_word' id='word_1_277' title='bbox 1597 1923 1807 1978; x_wconf 85' lang='lat' dir='ltr'>videret</span> <span class='ocrx_word' id='word_1_278' title='bbox 1836 1931 1889 1978; x_wconf 91' lang='lat' dir='ltr'>et</span> <span class='ocrx_word' id='word_1_279' title='bbox 1910 1940 2052 1994; x_wconf 62' lang='lat' dir='ltr'>quaa—</span> 
     </span>
    </p>
   </div>
   <div class='ocr_carea' id='block_1_36' title="bbox 451 2012 1938 2084">
    <p class='ocr_par' dir='ltr' id='par_1_36' title="bbox 451 2012 1938 2084">
     <span class='ocr_line' id='line_1_36' title="bbox 451 2012 1938 2084; baseline 0.001 -19"><span class='ocrx_word' id='word_1_280' title='bbox 451 2021 613 2078; x_wconf 89' lang='lat' dir='ltr'>reret,</span> <span class='ocrx_word' id='word_1_281' title='bbox 649 2021 701 2067; x_wconf 90' lang='lat' dir='ltr'>et</span> <span class='ocrx_word' id='word_1_282' title='bbox 730 2020 857 2067; x_wconf 85' lang='lat' dir='ltr'>ante</span> <span class='ocrx_word' id='word_1_283' title='bbox 887 2013 1048 2067; x_wconf 86' lang='lat' dir='ltr'>etiam</span> <span class='ocrx_word' id='word_1_284' title='bbox 1079 2029 1236 2084; x_wconf 90' lang='lat' dir='ltr'>quam</span> <span class='ocrx_word' id='word_1_285' title='bbox 1264 2028 1361 2082; x_wconf 90' lang='lat' dir='ltr'>per</span> <span class='ocrx_word' id='word_1_286' title='bbox 1389 2012 1668 2083; x_wconf 90' lang='lat' dir='ltr'>apostolos</span> <span class='ocrx_word' id='word_1_287' title='bbox 1697 2021 1938 2068; x_wconf 88' lang='lat' dir='ltr'>vocaret.</span> 
     </span>
    </p>
   </div>
   <div class='ocr_carea' id='block_1_37' title="bbox 522 2100 2051 2172">
    <p class='ocr_par' dir='ltr' id='par_1_37' title="bbox 522 2100 2051 2172">
     <span class='ocr_line' id='line_1_37' title="bbox 522 2100 2051 2172; baseline 0 -16"><span class='ocrx_word' id='word_1_288' title='bbox 522 2102 693 2157; x_wconf 84' lang='lat' dir='ltr'>Vens.</span> <span class='ocrx_word' id='word_1_289' title='bbox 723 2105 811 2157; x_wconf 80' lang='grc'>49.</span> <span class='ocrx_word' id='word_1_290' title='bbox 846 2132 913 2140; x_wconf 92' lang='grc'><strong><em>-</em></strong></span> <span class='ocrx_word' id='word_1_291' title='bbox 943 2102 1128 2170; x_wconf 83' lang='lat' dir='ltr'>Rabbi,</span> <span class='ocrx_word' id='word_1_292' title='bbox 1159 2105 1223 2156; x_wconf 90' lang='lat' dir='ltr'>tu</span> <span class='ocrx_word' id='word_1_293' title='bbox 1251 2118 1308 2157; x_wconf 87' lang='lat' dir='ltr'>es</span> <span class='ocrx_word' id='word_1_294' title='bbox 1329 2103 1508 2156; x_wconf 85' lang='lat' dir='ltr'>Filius</span> <span class='ocrx_word' id='word_1_295' title='bbox 1539 2102 1658 2156; x_wconf 87' lang='lat' dir='ltr'>Dei.</span> <span class='ocrx_word' id='word_1_296' title='bbox 1683 2100 1822 2170; x_wconf 85' lang='lat' dir='ltr'>Quia</span> <span class='ocrx_word' id='word_1_297' title='bbox 1851 2117 2051 2172; x_wconf 83' lang='lat' dir='ltr'>cogno-</span> 
     </span>
    </p>
   </div>
   <div class='ocr_carea' id='block_1_38' title="bbox 456 2190 2050 2262">
    <p class='ocr_par' dir='ltr' id='par_1_38' title="bbox 456 2190 2050 2262">
     <span class='ocr_line' id='line_1_38' title="bbox 456 2190 2050 2262; baseline 0 -17"><span class='ocrx_word' id='word_1_298' title='bbox 456 2190 530 2245; x_wconf 89' lang='lat' dir='ltr'>vit</span> <span class='ocrx_word' id='word_1_299' title='bbox 560 2191 860 2245; x_wconf 90' lang='lat' dir='ltr'>Nathanael</span> <span class='ocrx_word' id='word_1_300' title='bbox 891 2190 1167 2245; x_wconf 88' lang='lat' dir='ltr'>Christum</span> <span class='ocrx_word' id='word_1_301' title='bbox 1218 2191 1500 2245; x_wconf 86' lang='lat' dir='ltr'>absentem</span> <span class='ocrx_word' id='word_1_302' title='bbox 1532 2190 1736 2245; x_wconf 78' lang='lat' dir='ltr'>vidisse</span> <span class='ocrx_word' id='word_1_303' title='bbox 1792 2207 1912 2262; x_wconf 71' lang='lat' dir='ltr'>quae</span> <span class='ocrx_word' id='word_1_304' title='bbox 1932 2190 2050 2260; x_wconf 90' lang='lat' dir='ltr'>ipse</span> 
     </span>
    </p>
   </div>
   <div class='ocr_carea' id='block_1_39' title="bbox 452 2279 2048 2351">
    <p class='ocr_par' dir='ltr' id='par_1_39' title="bbox 452 2279 2048 2351">
     <span class='ocr_line' id='line_1_39' title="bbox 452 2279 2048 2351; baseline -0.001 -18"><span class='ocrx_word' id='word_1_305' title='bbox 452 2279 505 2333; x_wconf 92' lang='lat' dir='ltr'>in</span> <span class='ocrx_word' id='word_1_306' title='bbox 536 2280 642 2335; x_wconf 91' lang='lat' dir='ltr'>alio</span> <span class='ocrx_word' id='word_1_307' title='bbox 672 2280 793 2335; x_wconf 89' lang='lat' dir='ltr'>loco</span> <span class='ocrx_word' id='word_1_308' title='bbox 823 2288 1093 2351; x_wconf 82' lang='lat' dir='ltr'>gesserat,</span> <span class='ocrx_word' id='word_1_309' title='bbox 1113 2279 1169 2333; x_wconf 91' lang='lat' dir='ltr'>id</span> <span class='ocrx_word' id='word_1_310' title='bbox 1189 2287 1290 2346; x_wconf 91' lang='lat' dir='ltr'>est,</span> <span class='ocrx_word' id='word_1_311' title='bbox 1316 2280 1592 2350; x_wconf 91' lang='lat' dir='ltr'>quomodo</span> <span class='ocrx_word' id='word_1_312' title='bbox 1623 2288 1675 2334; x_wconf 89' lang='lat' dir='ltr'>et</span> <span class='ocrx_word' id='word_1_313' title='bbox 1705 2279 1799 2334; x_wconf 91' lang='lat' dir='ltr'>ubi</span> <span class='ocrx_word' id='word_1_314' title='bbox 1828 2286 2048 2335; x_wconf 89' lang='lat' dir='ltr'>vocatus</span> 
     </span>
    </p>
   </div>
   <div class='ocr_carea' id='block_1_40' title="bbox 450 2367 2049 2439">
    <p class='ocr_par' dir='ltr' id='par_1_40' title="bbox 450 2367 2049 2439">
     <span class='ocr_line' id='line_1_40' title="bbox 450 2367 2049 2439; baseline -0.001 -17"><span class='ocrx_word' id='word_1_315' title='bbox 450 2367 520 2422; x_wconf 87' lang='lat' dir='ltr'>sit</span> <span class='ocrx_word' id='word_1_316' title='bbox 549 2385 579 2422; x_wconf 90' lang='lat' dir='ltr'>a</span> <span class='ocrx_word' id='word_1_317' title='bbox 606 2368 873 2439; x_wconf 89' lang='lat' dir='ltr'>Philippo,</span> <span class='ocrx_word' id='word_1_318' title='bbox 896 2369 1040 2439; x_wconf 91' lang='lat' dir='ltr'>quod</span> <span class='ocrx_word' id='word_1_319' title='bbox 1071 2376 1155 2423; x_wconf 94' lang='lat' dir='ltr'>est</span> <span class='ocrx_word' id='word_1_320' title='bbox 1173 2367 1432 2424; x_wconf 90' lang='lat' dir='ltr'>indicium</span> <span class='ocrx_word' id='word_1_321' title='bbox 1446 2368 1691 2434; x_wconf 85' lang='lat' dir='ltr'>Deitatis,</span> <span class='ocrx_word' id='word_1_322' title='bbox 1718 2368 1912 2422; x_wconf 86' lang='lat' dir='ltr'>fatetur</span> <span class='ocrx_word' id='word_1_323' title='bbox 1939 2383 2049 2424; x_wconf 90' lang='lat' dir='ltr'>non</span> 
     </span>
    </p>
   </div>
   <div class='ocr_carea' id='block_1_41' title="bbox 448 2456 2044 2529">
    <p class='ocr_par' dir='ltr' id='par_1_41' title="bbox 448 2456 2044 2529">
     <span class='ocr_line' id='line_1_41' title="bbox 448 2456 2044 2529; baseline -0.002 -17"><span class='ocrx_word' id='word_1_324' title='bbox 448 2456 626 2512; x_wconf 91' lang='lat' dir='ltr'>solum</span> <span class='ocrx_word' id='word_1_325' title='bbox 654 2456 994 2528; x_wconf 89' lang='lat' dir='ltr'>magistrum,</span> <span class='ocrx_word' id='word_1_326' title='bbox 1023 2457 1119 2512; x_wconf 92' lang='lat' dir='ltr'>sed</span> <span class='ocrx_word' id='word_1_327' title='bbox 1139 2465 1192 2512; x_wconf 91' lang='lat' dir='ltr'>et</span> <span class='ocrx_word' id='word_1_328' title='bbox 1213 2457 1311 2511; x_wconf 89' lang='lat' dir='ltr'>Dei</span> <span class='ocrx_word' id='word_1_329' title='bbox 1334 2457 1546 2524; x_wconf 89' lang='lat' dir='ltr'>Filium,</span> <span class='ocrx_word' id='word_1_330' title='bbox 1573 2466 1622 2512; x_wconf 90' lang='lat' dir='ltr'>et</span> <span class='ocrx_word' id='word_1_331' title='bbox 1652 2473 1842 2529; x_wconf 89' lang='lat' dir='ltr'>regem</span> <span class='ocrx_word' id='word_1_332' title='bbox 1856 2456 2044 2523; x_wconf 87' lang='lat' dir='ltr'>Israel,</span> 
     </span>
    </p>
   </div>
   <div class='ocr_carea' id='block_1_42' title="bbox 445 2545 2049 2617">
    <p class='ocr_par' dir='ltr' id='par_1_42' title="bbox 445 2545 2049 2617">
     <span class='ocr_line' id='line_1_42' title="bbox 445 2545 2049 2617; baseline 0 -19"><span class='ocrx_word' id='word_1_333' title='bbox 445 2545 501 2600; x_wconf 91' lang='lat' dir='ltr'>id</span> <span class='ocrx_word' id='word_1_334' title='bbox 533 2553 612 2601; x_wconf 91' lang='lat' dir='ltr'>est</span> <span class='ocrx_word' id='word_1_335' title='bbox 639 2546 912 2600; x_wconf 88' lang='lat' dir='ltr'>Christum</span> <span class='ocrx_word' id='word_1_336' title='bbox 969 2546 1025 2599; x_wconf 92' lang='lat' dir='ltr'>in</span> <span class='ocrx_word' id='word_1_337' title='bbox 1082 2562 1188 2617; x_wconf 91' lang='lat' dir='ltr'>quo</span> <span class='ocrx_word' id='word_1_338' title='bbox 1247 2547 1512 2616; x_wconf 88' lang='lat' dir='ltr'>probatur</span> <span class='ocrx_word' id='word_1_339' title='bbox 1540 2562 1664 2601; x_wconf 90' lang='lat' dir='ltr'>esse</span> <span class='ocrx_word' id='word_1_340' title='bbox 1693 2545 1958 2612; x_wconf 89' lang='lat' dir='ltr'>Israelita,</span> <span class='ocrx_word' id='word_1_341' title='bbox 1992 2552 2049 2598; x_wconf 89' lang='lat' dir='ltr'>ut</span> 
     </span>
    </p>
   </div>
   <div class='ocr_carea' id='block_1_43' title="bbox 448 2634 1605 2700">
    <p class='ocr_par' dir='ltr' id='par_1_43' title="bbox 448 2634 1605 2700">
     <span class='ocr_line' id='line_1_43' title="bbox 448 2634 1605 2700; baseline 0.002 -11"><span class='ocrx_word' id='word_1_342' title='bbox 448 2634 666 2700; x_wconf 89' lang='lat' dir='ltr'>dicitur,</span> <span class='ocrx_word' id='word_1_343' title='bbox 699 2634 752 2689; x_wconf 92' lang='lat' dir='ltr'>id</span> <span class='ocrx_word' id='word_1_344' title='bbox 782 2643 862 2690; x_wconf 89' lang='lat' dir='ltr'>est</span> <span class='ocrx_word' id='word_1_345' title='bbox 882 2635 1074 2689; x_wconf 90' lang='lat' dir='ltr'>videns</span> <span class='ocrx_word' id='word_1_346' title='bbox 1106 2636 1300 2689; x_wconf 92' lang='lat' dir='ltr'>Deum.</span> <span class='ocrx_word' id='word_1_347' title='bbox 1538 2635 1548 2642; x_wconf 85' lang='grc'><em>’</em></span> <span class='ocrx_word' id='word_1_348' title='bbox 1598 2684 1605 2691; x_wconf 94' lang='grc'>.</span> 
     </span>
    </p>
   </div>
   <div class='ocr_carea' id='block_1_44' title="bbox 512 2722 2039 2794">
    <p class='ocr_par' dir='ltr' id='par_1_44' title="bbox 512 2722 2039 2794">
     <span class='ocr_line' id='line_1_44' title="bbox 512 2722 2039 2794; baseline -0.001 -17"><span class='ocrx_word' id='word_1_349' title='bbox 512 2724 682 2778; x_wconf 88' lang='lat' dir='ltr'>Vens.</span> <span class='ocrx_word' id='word_1_350' title='bbox 717 2727 803 2777; x_wconf 79' lang='grc'>51.</span> <span class='ocrx_word' id='word_1_351' title='bbox 835 2754 904 2762; x_wconf 95' lang='lat'><strong><em>—</em></strong></span> <span class='ocrx_word' id='word_1_352' title='bbox 948 2723 1202 2778; x_wconf 89' lang='lat' dir='ltr'>Videbitis</span> <span class='ocrx_word' id='word_1_353' title='bbox 1241 2724 1444 2778; x_wconf 71' lang='lat' dir='ltr'>coelum</span> <span class='ocrx_word' id='word_1_354' title='bbox 1499 2726 1782 2794; x_wconf 86' lang='lat' dir='ltr'>apertum.</span> <span class='ocrx_word' id='word_1_355' title='bbox 1824 2722 2039 2776; x_wconf 86' lang='lat' dir='ltr'>Natha-</span> 
     </span>
    </p>
   </div>
   <div class='ocr_carea' id='block_1_45' title="bbox 443 2810 2047 2880">
    <p class='ocr_par' dir='ltr' id='par_1_45' title="bbox 443 2810 2047 2880">
     <span class='ocr_line' id='line_1_45' title="bbox 443 2810 2047 2880; baseline -0.002 -14"><span class='ocrx_word' id='word_1_356' title='bbox 443 2811 568 2867; x_wconf 90' lang='lat' dir='ltr'>nael</span> <span class='ocrx_word' id='word_1_357' title='bbox 587 2811 851 2877; x_wconf 88' lang='lat' dir='ltr'>Israelita,</span> <span class='ocrx_word' id='word_1_358' title='bbox 876 2811 1071 2866; x_wconf 89' lang='lat' dir='ltr'>dicitur</span> <span class='ocrx_word' id='word_1_359' title='bbox 1100 2810 1316 2864; x_wconf 89' lang='lat' dir='ltr'>visurus</span> <span class='ocrx_word' id='word_1_360' title='bbox 1348 2818 1595 2880; x_wconf 89' lang='lat' dir='ltr'>apertum</span> <span class='ocrx_word' id='word_1_361' title='bbox 1617 2811 1834 2876; x_wconf 76' lang='lat' dir='ltr'>ccelum,</span> <span class='ocrx_word' id='word_1_362' title='bbox 1871 2819 1924 2865; x_wconf 91' lang='lat' dir='ltr'>et</span> <span class='ocrx_word' id='word_1_363' title='bbox 1953 2827 2047 2863; x_wconf 91' lang='lat' dir='ltr'>an-</span> 
     </span>
    </p>
   </div>
   <div class='ocr_carea' id='block_1_46' title="bbox 442 2899 2045 2971">
    <p class='ocr_par' dir='ltr' id='par_1_46' title="bbox 442 2899 2045 2971">
     <span class='ocr_line' id='line_1_46' title="bbox 442 2899 2045 2971; baseline -0.002 -16"><span class='ocrx_word' id='word_1_364' title='bbox 442 2900 598 2971; x_wconf 86' lang='lat' dir='ltr'>gelos</span> <span class='ocrx_word' id='word_1_365' title='bbox 628 2899 728 2954; x_wconf 90' lang='lat' dir='ltr'>Dei</span> <span class='ocrx_word' id='word_1_366' title='bbox 757 2899 1155 2954; x_wconf 86' lang='lat' dir='ltr'>descendentes</span> <span class='ocrx_word' id='word_1_367' title='bbox 1186 2907 1239 2953; x_wconf 91' lang='lat' dir='ltr'>et</span> <span class='ocrx_word' id='word_1_368' title='bbox 1259 2899 1638 2966; x_wconf 89' lang='lat' dir='ltr'>ascendentes,</span> <span class='ocrx_word' id='word_1_369' title='bbox 1691 2907 1749 2953; x_wconf 90' lang='lat' dir='ltr'>ut</span> <span class='ocrx_word' id='word_1_370' title='bbox 1787 2899 1915 2953; x_wconf 92' lang='lat' dir='ltr'>olim</span> <span class='ocrx_word' id='word_1_371' title='bbox 1945 2915 2045 2970; x_wconf 87' lang='lat' dir='ltr'>pa-</span> 
     </span>
    </p>
   </div>
   <div class='ocr_carea' id='block_1_47' title="bbox 443 2987 2045 3056">
    <p class='ocr_par' dir='ltr' id='par_1_47' title="bbox 443 2987 2045 3056">
     <span class='ocr_line' id='line_1_47' title="bbox 443 2987 2045 3056; baseline 0.001 -15"><span class='ocrx_word' id='word_1_372' title='bbox 443 2989 683 3044; x_wconf 87' lang='lat' dir='ltr'>triarcha</span> <span class='ocrx_word' id='word_1_373' title='bbox 701 2987 864 3042; x_wconf 87' lang='lat' dir='ltr'>Jacob</span> <span class='ocrx_word' id='word_1_374' title='bbox 886 2987 1018 3041; x_wconf 88' lang='lat' dir='ltr'>vidit</span> <span class='ocrx_word' id='word_1_375' title='bbox 1039 2987 1258 3054; x_wconf 89' lang='lat' dir='ltr'>scalam,</span> <span class='ocrx_word' id='word_1_376' title='bbox 1283 2995 1336 3041; x_wconf 88' lang='lat' dir='ltr'>et</span> <span class='ocrx_word' id='word_1_377' title='bbox 1352 2987 1577 3056; x_wconf 86' lang='lat' dir='ltr'>angelos</span> <span class='ocrx_word' id='word_1_378' title='bbox 1605 2988 1968 3043; x_wconf 86' lang='lat' dir='ltr'>ascendentes</span> <span class='ocrx_word' id='word_1_379' title='bbox 1993 2996 2045 3042; x_wconf 89' lang='lat' dir='ltr'>et</span> 
     </span>
    </p>
   </div>
   <div class='ocr_carea' id='block_1_48' title="bbox 445 3075 2047 3146">
    <p class='ocr_par' dir='ltr' id='par_1_48' title="bbox 445 3075 2047 3146">
     <span class='ocr_line' id='line_1_48' title="bbox 445 3075 2047 3146; baseline 0 -16"><span class='ocrx_word' id='word_1_380' title='bbox 445 3076 861 3139; x_wconf 89' lang='lat' dir='ltr'>descendentes,</span> <span class='ocrx_word' id='word_1_381' title='bbox 895 3075 986 3146; x_wconf 89' lang='lat' dir='ltr'>qui</span> <span class='ocrx_word' id='word_1_382' title='bbox 1041 3091 1140 3144; x_wconf 91' lang='lat' dir='ltr'>per</span> <span class='ocrx_word' id='word_1_383' title='bbox 1198 3075 1634 3130; x_wconf 84' lang='lat' dir='ltr'>benedictionem</span> <span class='ocrx_word' id='word_1_384' title='bbox 1692 3083 1916 3131; x_wconf 91' lang='lat' dir='ltr'>vocatus</span> <span class='ocrx_word' id='word_1_385' title='bbox 1964 3085 2047 3131; x_wconf 89' lang='lat' dir='ltr'>est</span> 
     </span>
    </p>
   </div>
   <div class='ocr_carea' id='block_1_49' title="bbox 448 3163 2048 3236">
    <p class='ocr_par' dir='ltr' id='par_1_49' title="bbox 448 3163 2048 3236">
     <span class='ocr_line' id='line_1_49' title="bbox 448 3163 2048 3236; baseline -0.001 -17"><span class='ocrx_word' id='word_1_386' title='bbox 448 3164 638 3220; x_wconf 89' lang='lat' dir='ltr'>Israel.</span> <span class='ocrx_word' id='word_1_387' title='bbox 672 3164 907 3234; x_wconf 81' lang='lat' dir='ltr'>Angelos</span> <span class='ocrx_word' id='word_1_388' title='bbox 937 3163 1055 3219; x_wconf 88' lang='lat' dir='ltr'>Dei.</span> <span class='ocrx_word' id='word_1_389' title='bbox 1091 3163 1245 3233; x_wconf 67' lang='lat' dir='ltr'>Saepe</span> <span class='ocrx_word' id='word_1_390' title='bbox 1273 3164 1377 3220; x_wconf 90' lang='lat' dir='ltr'>hoc</span> <span class='ocrx_word' id='word_1_391' title='bbox 1417 3164 1739 3219; x_wconf 89' lang='lat' dir='ltr'>miraculum</span> <span class='ocrx_word' id='word_1_392' title='bbox 1797 3165 2048 3236; x_wconf 87' lang='lat' dir='ltr'>apparuit</span> 
     </span>
    </p>
   </div>
   <div class='ocr_carea' id='block_1_50' title="bbox 449 3251 2045 3325">
    <p class='ocr_par' dir='ltr' id='par_1_50' title="bbox 449 3251 2045 3325">
     <span class='ocr_line' id='line_1_50' title="bbox 449 3251 2045 3325; baseline 0.001 -19"><span class='ocrx_word' id='word_1_393' title='bbox 449 3252 594 3325; x_wconf 90' lang='lat' dir='ltr'>quod</span> <span class='ocrx_word' id='word_1_394' title='bbox 642 3251 823 3324; x_wconf 86' lang='lat' dir='ltr'>angeli</span> <span class='ocrx_word' id='word_1_395' title='bbox 866 3251 1234 3307; x_wconf 88' lang='lat' dir='ltr'>ascendebant</span> <span class='ocrx_word' id='word_1_396' title='bbox 1291 3261 1342 3307; x_wconf 91' lang='lat' dir='ltr'>et</span> <span class='ocrx_word' id='word_1_397' title='bbox 1413 3252 1823 3308; x_wconf 87' lang='lat' dir='ltr'>descendebant</span> <span class='ocrx_word' id='word_1_398' title='bbox 1879 3270 2045 3324; x_wconf 89' lang='lat' dir='ltr'>super</span> 
     </span>
    </p>
   </div>
   <div class='ocr_carea' id='block_1_51' title="bbox 448 3341 2046 3413">
    <p class='ocr_par' dir='ltr' id='par_1_51' title="bbox 448 3341 2046 3413">
     <span class='ocr_line' id='line_1_51' title="bbox 448 3341 2046 3413; baseline 0.001 -18"><span class='ocrx_word' id='word_1_399' title='bbox 448 3341 742 3396; x_wconf 88' lang='lat' dir='ltr'>Christum.</span> <span class='ocrx_word' id='word_1_400' title='bbox 778 3342 957 3413; x_wconf 83' lang='lat' dir='ltr'>Super</span> <span class='ocrx_word' id='word_1_401' title='bbox 988 3341 1196 3396; x_wconf 85' lang='lat' dir='ltr'>Filium</span> <span class='ocrx_word' id='word_1_402' title='bbox 1225 3341 1490 3397; x_wconf 83' lang='lat' dir='ltr'>hominis.</span> <span class='ocrx_word' id='word_1_403' title='bbox 1526 3341 1772 3396; x_wconf 90' lang='lat' dir='ltr'>Christus</span> <span class='ocrx_word' id='word_1_404' title='bbox 1801 3341 1932 3397; x_wconf 89' lang='lat' dir='ltr'>dicit</span> <span class='ocrx_word' id='word_1_405' title='bbox 1987 3359 2046 3397; x_wconf 89' lang='lat' dir='ltr'>se</span> 
     </span>
    </p>
   </div>
   <div class='ocr_carea' id='block_1_52' title="bbox 449 3427 2043 3500">
    <p class='ocr_par' dir='ltr' id='par_1_52' title="bbox 449 3427 2043 3500">
     <span class='ocr_line' id='line_1_52' title="bbox 449 3427 2043 3500; baseline 0 -16"><span class='ocrx_word' id='word_1_406' title='bbox 449 3429 645 3485; x_wconf 89' lang='lat' dir='ltr'>Filium</span> <span class='ocrx_word' id='word_1_407' title='bbox 675 3428 928 3495; x_wconf 89' lang='lat' dir='ltr'>hominis,</span> <span class='ocrx_word' id='word_1_408' title='bbox 964 3427 1233 3484; x_wconf 76' lang='lat' dir='ltr'>aﬁirmans</span> <span class='ocrx_word' id='word_1_409' title='bbox 1291 3430 1437 3500; x_wconf 91' lang='lat' dir='ltr'>quod</span> <span class='ocrx_word' id='word_1_410' title='bbox 1467 3429 1646 3486; x_wconf 90' lang='lat' dir='ltr'>minus</span> <span class='ocrx_word' id='word_1_411' title='bbox 1667 3439 1769 3496; x_wconf 90' lang='lat' dir='ltr'>est,</span> <span class='ocrx_word' id='word_1_412' title='bbox 1832 3430 2043 3486; x_wconf 85' lang='lat' dir='ltr'>scilicet</span> 
     </span>
    </p>
   </div>
   <div class='ocr_carea' id='block_1_53' title="bbox 450 3517 2047 3591">
    <p class='ocr_par' dir='ltr' id='par_1_53' title="bbox 450 3517 2047 3591">
     <span class='ocr_line' id='line_1_53' title="bbox 450 3517 2047 3591; baseline 0.002 -20"><span class='ocrx_word' id='word_1_413' title='bbox 450 3517 856 3582; x_wconf 90' lang='lat' dir='ltr'>humanitatem,</span> <span class='ocrx_word' id='word_1_414' title='bbox 889 3518 1186 3573; x_wconf 88' lang='lat' dir='ltr'>Nathanael</span> <span class='ocrx_word' id='word_1_415' title='bbox 1217 3527 1270 3572; x_wconf 91' lang='lat' dir='ltr'>et</span> <span class='ocrx_word' id='word_1_416' title='bbox 1295 3518 1489 3572; x_wconf 89' lang='lat' dir='ltr'>Petrus</span> <span class='ocrx_word' id='word_1_417' title='bbox 1520 3518 1714 3572; x_wconf 90' lang='lat' dir='ltr'>Filium</span> <span class='ocrx_word' id='word_1_418' title='bbox 1744 3518 1863 3584; x_wconf 90' lang='lat' dir='ltr'>Dei,</span> <span class='ocrx_word' id='word_1_419' title='bbox 1901 3519 2047 3591; x_wconf 91' lang='lat' dir='ltr'>quod</span> 
     </span>
    </p>
   </div>
   <div class='ocr_carea' id='block_1_54' title="bbox 448 3604 2053 3676">
    <p class='ocr_par' dir='ltr' id='par_1_54' title="bbox 448 3604 2053 3676">
     <span class='ocr_line' id='line_1_54' title="bbox 448 3604 2053 3676; baseline 0.001 -16"><span class='ocrx_word' id='word_1_420' title='bbox 448 3607 623 3676; x_wconf 88' lang='lat' dir='ltr'>majus</span> <span class='ocrx_word' id='word_1_421' title='bbox 655 3615 755 3674; x_wconf 89' lang='lat' dir='ltr'>est,</span> <span class='ocrx_word' id='word_1_422' title='bbox 791 3604 1122 3662; x_wconf 74' lang='lat' dir='ltr'>afﬁrmantes</span> <span class='ocrx_word' id='word_1_423' title='bbox 1152 3606 1510 3662; x_wconf 88' lang='lat' dir='ltr'>divinitatem.</span> <span class='ocrx_word' id='word_1_424' title='bbox 1538 3608 1681 3663; x_wconf 89' lang='lat' dir='ltr'>Ecce</span> <span class='ocrx_word' id='word_1_425' title='bbox 1712 3605 2053 3664; x_wconf 89' lang='lat' dir='ltr'>conﬁrmatio</span> 
     </span>
    </p>
   </div>
   <div class='ocr_carea' id='block_1_55' title="bbox 453 3694 2055 3767">
    <p class='ocr_par' dir='ltr' id='par_1_55' title="bbox 453 3694 2055 3767">
     <span class='ocr_line' id='line_1_55' title="bbox 453 3694 2055 3767; baseline 0.001 -18"><span class='ocrx_word' id='word_1_426' title='bbox 453 3696 735 3767; x_wconf 90' lang='lat' dir='ltr'>utriusque</span> <span class='ocrx_word' id='word_1_427' title='bbox 779 3703 983 3750; x_wconf 87' lang='lat' dir='ltr'>naturae</span> <span class='ocrx_word' id='word_1_428' title='bbox 1033 3695 1088 3748; x_wconf 90' lang='lat' dir='ltr'>in</span> <span class='ocrx_word' id='word_1_429' title='bbox 1119 3695 1354 3751; x_wconf 90' lang='lat' dir='ltr'>Christo.</span> <span class='ocrx_word' id='word_1_430' title='bbox 1389 3696 1481 3750; x_wconf 86' lang='lat' dir='ltr'>Isti</span> <span class='ocrx_word' id='word_1_431' title='bbox 1513 3694 1833 3751; x_wconf 87' lang='lat' dir='ltr'>conﬁtentes</span> <span class='ocrx_word' id='word_1_432' title='bbox 1883 3696 2055 3751; x_wconf 90' lang='lat' dir='ltr'>deita-</span> 
     </span>
    </p>
   </div>
   <div class='ocr_carea' id='block_1_56' title="bbox 454 3783 2056 3852">
    <p class='ocr_par' dir='ltr' id='par_1_56' title="bbox 454 3783 2056 3852">
     <span class='ocr_line' id='line_1_56' title="bbox 454 3783 2056 3852; baseline 0 -14"><span class='ocrx_word' id='word_1_433' title='bbox 454 3793 582 3852; x_wconf 91' lang='lat' dir='ltr'>tem,</span> <span class='ocrx_word' id='word_1_434' title='bbox 632 3793 907 3839; x_wconf 86' lang='lat' dir='ltr'>merentur</span> <span class='ocrx_word' id='word_1_435' title='bbox 943 3784 1262 3849; x_wconf 86' lang='lat' dir='ltr'>ascendere,</span> <span class='ocrx_word' id='word_1_436' title='bbox 1315 3783 1406 3838; x_wconf 90' lang='lat' dir='ltr'>ille</span> <span class='ocrx_word' id='word_1_437' title='bbox 1461 3801 1715 3839; x_wconf 90' lang='lat' dir='ltr'>asserens</span> <span class='ocrx_word' id='word_1_438' title='bbox 1761 3784 2056 3840; x_wconf 86' lang='lat' dir='ltr'>humanita-</span> 
     </span>
    </p>
   </div>
   <div class='ocr_carea' id='block_1_57' title="bbox 455 3872 2055 3945">
    <p class='ocr_par' dir='ltr' id='par_1_57' title="bbox 455 3872 2055 3945">
     <span class='ocr_line' id='line_1_57' title="bbox 455 3872 2055 3945; baseline 0 -17"><span class='ocrx_word' id='word_1_439' title='bbox 455 3881 589 3938; x_wconf 91' lang='lat' dir='ltr'>tem,</span> <span class='ocrx_word' id='word_1_440' title='bbox 625 3880 854 3928; x_wconf 87' lang='lat' dir='ltr'>testatur</span> <span class='ocrx_word' id='word_1_441' title='bbox 882 3889 940 3928; x_wconf 89' lang='lat' dir='ltr'>se</span> <span class='ocrx_word' id='word_1_442' title='bbox 972 3873 1043 3927; x_wconf 88' lang='lat' dir='ltr'>ad</span> <span class='ocrx_word' id='word_1_443' title='bbox 1071 3872 1449 3927; x_wconf 89' lang='lat' dir='ltr'>redimendum</span> <span class='ocrx_word' id='word_1_444' title='bbox 1479 3873 1717 3928; x_wconf 86' lang='lat' dir='ltr'>venisse.</span> <span class='ocrx_word' id='word_1_445' title='bbox 1749 3874 1929 3945; x_wconf 84' lang='lat' dir='ltr'>Super</span> <span class='ocrx_word' id='word_1_446' title='bbox 1957 3873 2055 3928; x_wconf 85' lang='lat' dir='ltr'>Fi-</span> 
     </span>
    </p>
   </div>
   <div class='ocr_carea' id='block_1_58' title="bbox 459 3959 2055 4033">
    <p class='ocr_par' dir='ltr' id='par_1_58' title="bbox 459 3959 2055 4033">
     <span class='ocr_line' id='line_1_58' title="bbox 459 3959 2055 4033; baseline -0.002 -16"><span class='ocrx_word' id='word_1_447' title='bbox 459 3963 602 4017; x_wconf 84' lang='lat' dir='ltr'>lium</span> <span class='ocrx_word' id='word_1_448' title='bbox 624 3963 894 4017; x_wconf 86' lang='lat' dir='ltr'>hominis.</span> <span class='ocrx_word' id='word_1_449' title='bbox 935 3959 1228 4016; x_wconf 87' lang='lat' dir='ltr'>Conﬁrmat</span> <span class='ocrx_word' id='word_1_450' title='bbox 1256 3977 1315 4015; x_wconf 90' lang='lat' dir='ltr'>se</span> <span class='ocrx_word' id='word_1_451' title='bbox 1345 3977 1468 4015; x_wconf 91' lang='lat' dir='ltr'>esse</span> <span class='ocrx_word' id='word_1_452' title='bbox 1498 3961 1774 4016; x_wconf 89' lang='lat' dir='ltr'>hominem</span> <span class='ocrx_word' id='word_1_453' title='bbox 1795 3977 1863 4015; x_wconf 91' lang='lat' dir='ltr'>ne</span> <span class='ocrx_word' id='word_1_454' title='bbox 1885 3961 2055 4033; x_wconf 88' lang='lat' dir='ltr'>aliqui</span> 
     </span>
    </p>
   </div>
   <div class='ocr_carea' id='block_1_59' title="bbox 458 4049 2058 4119">
    <p class='ocr_par' dir='ltr' id='par_1_59' title="bbox 458 4049 2058 4119">
     <span class='ocr_line' id='line_1_59' title="bbox 458 4049 2058 4119; baseline 0.001 -15"><span class='ocrx_word' id='word_1_455' title='bbox 458 4058 732 4113; x_wconf 88' lang='lat' dir='ltr'>errarent,</span> <span class='ocrx_word' id='word_1_456' title='bbox 768 4049 1057 4104; x_wconf 89' lang='lat' dir='ltr'>credentes</span> <span class='ocrx_word' id='word_1_457' title='bbox 1087 4049 1264 4119; x_wconf 88' lang='lat' dir='ltr'>ipsum</span> <span class='ocrx_word' id='word_1_458' title='bbox 1324 4056 1529 4103; x_wconf 89' lang='lat' dir='ltr'>tantum</span> <span class='ocrx_word' id='word_1_459' title='bbox 1587 4065 1710 4104; x_wconf 90' lang='lat' dir='ltr'>esse</span> <span class='ocrx_word' id='word_1_460' title='bbox 1771 4051 1946 4105; x_wconf 90' lang='lat' dir='ltr'>Deum</span> <span class='ocrx_word' id='word_1_461' title='bbox 2001 4058 2058 4105; x_wconf 91' lang='lat' dir='ltr'>ut</span> 
     </span>
    </p>
   </div>
   <div class='ocr_carea' id='block_1_60' title="bbox 446 4136 1825 4218">
    <p class='ocr_par' dir='ltr' id='par_1_60' title="bbox 446 4136 1825 4218">
     <span class='ocr_line' id='line_1_60' title="bbox 446 4136 1825 4218; baseline 0 -26"><span class='ocrx_word' id='word_1_462' title='bbox 446 4137 622 4218; x_wconf 89' lang='lat' dir='ltr'>etiam</span> <span class='ocrx_word' id='word_1_463' title='bbox 641 4137 838 4194; x_wconf 88' lang='lat' dir='ltr'>Petrus</span> <span class='ocrx_word' id='word_1_464' title='bbox 866 4154 990 4193; x_wconf 90' lang='lat' dir='ltr'>cum</span> <span class='ocrx_word' id='word_1_465' title='bbox 1017 4136 1150 4192; x_wconf 88' lang='lat' dir='ltr'>dixit</span> <span class='ocrx_word' id='word_1_466' title='bbox 1185 4155 1197 4190; x_wconf 95' lang='lat'>:</span> <span class='ocrx_word' id='word_1_467' title='bbox 1232 4138 1387 4193; x_wconf 83' lang='lat' dir='ltr'>Absit</span> <span class='ocrx_word' id='word_1_468' title='bbox 1416 4142 1545 4207; x_wconf 88' lang='lat' dir='ltr'>ate,</span> <span class='ocrx_word' id='word_1_469' title='bbox 1572 4139 1825 4194; x_wconf 85' lang='lat' dir='ltr'>Domine.</span> 
     </span>
    </p>
   </div>
   <div class='ocr_carea' id='block_1_61' title="bbox 1083 4313 1418 4368">
    <p class='ocr_par' dir='ltr' id='par_1_61' title="bbox 1083 4313 1418 4368">
     <span class='ocr_line' id='line_1_61' title="bbox 1083 4313 1418 4368; baseline -0.003 0"><span class='ocrx_word' id='word_1_470' title='bbox 1083 4313 1308 4368; x_wconf 82' lang='lat' dir='ltr'>CAPUT</span> <span class='ocrx_word' id='word_1_471' title='bbox 1352 4314 1418 4368; x_wconf 89' lang='grc' dir='ltr'>ΙΙ.</span> 
     </span>
    </p>
   </div>
   <div class='ocr_carea' id='block_1_62' title="bbox 2152 1757 3747 1834">
    <p class='ocr_par' dir='ltr' id='par_1_62' title="bbox 2152 1757 3747 1834">
     <span class='ocr_line' id='line_1_62' title="bbox 2152 1757 3747 1834; baseline -0.003 -18"><span class='ocrx_word' id='word_1_472' title='bbox 2152 1778 2290 1834; x_wconf 90' lang='lat' dir='ltr'>aqua</span> <span class='ocrx_word' id='word_1_473' title='bbox 2319 1762 2503 1816; x_wconf 90' lang='lat' dir='ltr'>vinum</span> <span class='ocrx_word' id='word_1_474' title='bbox 2533 1760 2736 1827; x_wconf 89' lang='lat' dir='ltr'>facere,</span> <span class='ocrx_word' id='word_1_475' title='bbox 2786 1769 2844 1814; x_wconf 89' lang='lat' dir='ltr'>ut</span> <span class='ocrx_word' id='word_1_476' title='bbox 2901 1760 3123 1815; x_wconf 89' lang='lat' dir='ltr'>doceret</span> <span class='ocrx_word' id='word_1_477' title='bbox 3182 1776 3240 1814; x_wconf 91' lang='lat' dir='ltr'>se</span> <span class='ocrx_word' id='word_1_478' title='bbox 3267 1775 3375 1814; x_wconf 91' lang='lat' dir='ltr'>non</span> <span class='ocrx_word' id='word_1_479' title='bbox 3407 1758 3623 1815; x_wconf 88' lang='lat' dir='ltr'>solvere</span> <span class='ocrx_word' id='word_1_480' title='bbox 3659 1757 3747 1812; x_wconf 87' lang='lat' dir='ltr'>le-</span> 
     </span>
    </p>
   </div>
   <div class='ocr_carea' id='block_1_63' title="bbox 2151 1846 3750 1923">
    <p class='ocr_par' dir='ltr' id='par_1_63' title="bbox 2151 1846 3750 1923">
     <span class='ocr_line' id='line_1_63' title="bbox 2151 1846 3750 1923; baseline -0.004 -18"><span class='ocrx_word' id='word_1_481' title='bbox 2151 1867 2297 1923; x_wconf 90' lang='lat' dir='ltr'>gem,</span> <span class='ocrx_word' id='word_1_482' title='bbox 2330 1851 2428 1904; x_wconf 91' lang='lat' dir='ltr'>sed</span> <span class='ocrx_word' id='word_1_483' title='bbox 2477 1849 2724 1920; x_wconf 89' lang='lat' dir='ltr'>implere,</span> <span class='ocrx_word' id='word_1_484' title='bbox 2757 1865 2860 1904; x_wconf 92' lang='lat' dir='ltr'>nec</span> <span class='ocrx_word' id='word_1_485' title='bbox 2891 1848 2946 1902; x_wconf 90' lang='lat' dir='ltr'>in</span> <span class='ocrx_word' id='word_1_486' title='bbox 2985 1848 3285 1920; x_wconf 90' lang='lat' dir='ltr'>Evangelio</span> <span class='ocrx_word' id='word_1_487' title='bbox 3316 1847 3421 1902; x_wconf 88' lang='lat' dir='ltr'>alia</span> <span class='ocrx_word' id='word_1_488' title='bbox 3447 1847 3631 1903; x_wconf 85' lang='lat' dir='ltr'>facere</span> <span class='ocrx_word' id='word_1_489' title='bbox 3660 1846 3750 1902; x_wconf 86' lang='lat' dir='ltr'>vel</span> 
     </span>
    </p>
   </div>
   <div class='ocr_carea' id='block_1_64' title="bbox 2148 1937 3309 2011">
    <p class='ocr_par' dir='ltr' id='par_1_64' title="bbox 2148 1937 3309 2011">
     <span class='ocr_line' id='line_1_64' title="bbox 2148 1937 3309 2011; baseline -0.003 -15"><span class='ocrx_word' id='word_1_490' title='bbox 2148 1940 2348 1996; x_wconf 90' lang='lat' dir='ltr'>docere</span> <span class='ocrx_word' id='word_1_491' title='bbox 2379 1955 2544 2011; x_wconf 90' lang='lat' dir='ltr'>quam</span> <span class='ocrx_word' id='word_1_492' title='bbox 2575 1956 2694 2010; x_wconf 67' lang='lat' dir='ltr'>qua:</span> <span class='ocrx_word' id='word_1_493' title='bbox 2731 1937 3015 2009; x_wconf 89' lang='lat' dir='ltr'>prophetia</span> <span class='ocrx_word' id='word_1_494' title='bbox 3041 1937 3309 2008; x_wconf 64' lang='lat' dir='ltr'>praedixit.</span> 
     </span>
    </p>
   </div>
   <div class='ocr_carea' id='block_1_65' title="bbox 2219 2050 3751 2126">
    <p class='ocr_par' dir='ltr' id='par_1_65' title="bbox 2219 2050 3751 2126">
     <span class='ocr_line' id='line_1_65' title="bbox 2219 2050 3751 2126; baseline -0.005 -15"><span class='ocrx_word' id='word_1_495' title='bbox 2219 2055 2390 2111; x_wconf 84' lang='lat' dir='ltr'>Vens.</span> <span class='ocrx_word' id='word_1_496' title='bbox 2416 2060 2468 2109; x_wconf 86' lang='lat'>9.</span> <span class='ocrx_word' id='word_1_497' title='bbox 2501 2085 2569 2094; x_wconf 90' lang='grc'><strong><em>--</em></strong></span> <span class='ocrx_word' id='word_1_498' title='bbox 2604 2057 2669 2112; x_wconf 87' lang='lat' dir='ltr'>Ut</span> <span class='ocrx_word' id='word_1_499' title='bbox 2689 2057 2884 2110; x_wconf 88' lang='lat' dir='ltr'>autem</span> <span class='ocrx_word' id='word_1_500' title='bbox 2911 2055 3179 2126; x_wconf 80' lang='lat' dir='ltr'>gustavit.</span> <span class='ocrx_word' id='word_1_501' title='bbox 3229 2051 3563 2118; x_wconf 89' lang='lat' dir='ltr'>Triclinium,</span> <span class='ocrx_word' id='word_1_502' title='bbox 3585 2050 3645 2106; x_wconf 90' lang='lat' dir='ltr'>id</span> <span class='ocrx_word' id='word_1_503' title='bbox 3665 2059 3751 2106; x_wconf 89' lang='lat' dir='ltr'>est</span> 
     </span>
    </p>
   </div>
   <div class='ocr_carea' id='block_1_66' title="bbox 2151 2140 3749 2208">
    <p class='ocr_par' dir='ltr' id='par_1_66' title="bbox 2151 2140 3749 2208">
     <span class='ocr_line' id='line_1_66' title="bbox 2151 2140 3749 2208; baseline -0.002 -11"><span class='ocrx_word' id='word_1_504' title='bbox 2151 2153 2260 2199; x_wconf 90' lang='lat' dir='ltr'>tres</span> <span class='ocrx_word' id='word_1_505' title='bbox 2291 2143 2514 2199; x_wconf 88' lang='lat' dir='ltr'>ordines</span> <span class='ocrx_word' id='word_1_506' title='bbox 2549 2142 3027 2208; x_wconf 90' lang='lat' dir='ltr'>discumbentium,</span> <span class='ocrx_word' id='word_1_507' title='bbox 3062 2141 3344 2196; x_wconf 88' lang='lat' dir='ltr'>altitudine</span> <span class='ocrx_word' id='word_1_508' title='bbox 3365 2141 3626 2196; x_wconf 83' lang='lat' dir='ltr'>distantes</span> <span class='ocrx_word' id='word_1_509' title='bbox 3659 2140 3749 2194; x_wconf 88' lang='lat' dir='ltr'>in-</span> 
     </span>
    </p>
   </div>
   <div class='ocr_carea' id='block_1_67' title="bbox 2147 2229 3748 2302">
    <p class='ocr_par' dir='ltr' id='par_1_67' title="bbox 2147 2229 3748 2302">
     <span class='ocr_line' id='line_1_67' title="bbox 2147 2229 3748 2302; baseline -0.003 -15"><span class='ocrx_word' id='word_1_510' title='bbox 2147 2241 2229 2287; x_wconf 90' lang='lat' dir='ltr'>ter</span> <span class='ocrx_word' id='word_1_511' title='bbox 2255 2249 2334 2298; x_wconf 90' lang='lat' dir='ltr'>se,</span> <span class='ocrx_word' id='word_1_512' title='bbox 2369 2232 2422 2286; x_wconf 91' lang='lat' dir='ltr'>id</span> <span class='ocrx_word' id='word_1_513' title='bbox 2455 2240 2537 2287; x_wconf 92' lang='lat' dir='ltr'>est</span> <span class='ocrx_word' id='word_1_514' title='bbox 2567 2232 2839 2298; x_wconf 90' lang='lat' dir='ltr'>doctores,</span> <span class='ocrx_word' id='word_1_515' title='bbox 2897 2231 3262 2297; x_wconf 86' lang='lat' dir='ltr'>continentes,</span> <span class='ocrx_word' id='word_1_516' title='bbox 3313 2229 3608 2302; x_wconf 85' lang='lat' dir='ltr'>conjugati.</span> <span class='ocrx_word' id='word_1_517' title='bbox 3641 2231 3748 2284; x_wconf 74' lang='lat' dir='ltr'>Ar-</span> 
     </span>
    </p>
   </div>
   <div class='ocr_carea' id='block_1_68' title="bbox 2147 2318 3751 2392">
    <p class='ocr_par' dir='ltr' id='par_1_68' title="bbox 2147 2318 3751 2392">
     <span class='ocr_line' id='line_1_68' title="bbox 2147 2318 3751 2392; baseline -0.003 -15"><span class='ocrx_word' id='word_1_518' title='bbox 2147 2321 2483 2377; x_wconf 90' lang='lat' dir='ltr'>chitriclinus</span> <span class='ocrx_word' id='word_1_519' title='bbox 2514 2320 2708 2392; x_wconf 82' lang='lat' dir='ltr'>aliquis</span> <span class='ocrx_word' id='word_1_520' title='bbox 2727 2320 3098 2392; x_wconf 89' lang='lat' dir='ltr'>legisperitus,</span> <span class='ocrx_word' id='word_1_521' title='bbox 3136 2320 3228 2392; x_wconf 90' lang='lat' dir='ltr'>qui</span> <span class='ocrx_word' id='word_1_522' title='bbox 3250 2319 3382 2373; x_wconf 88' lang='lat' dir='ltr'>bibit</span> <span class='ocrx_word' id='word_1_523' title='bbox 3413 2318 3751 2389; x_wconf 86' lang='lat' dir='ltr'>spiritualem</span> 
     </span>
    </p>
   </div>
   <div class='ocr_carea' id='block_1_69' title="bbox 2147 2406 3751 2482">
    <p class='ocr_par' dir='ltr' id='par_1_69' title="bbox 2147 2406 3751 2482">
     <span class='ocr_line' id='line_1_69' title="bbox 2147 2406 3751 2482; baseline -0.003 -17"><span class='ocrx_word' id='word_1_524' title='bbox 2147 2427 2367 2465; x_wconf 90' lang='lat' dir='ltr'>sensum</span> <span class='ocrx_word' id='word_1_525' title='bbox 2383 2409 2543 2482; x_wconf 89' lang='lat' dir='ltr'>legis.</span> <span class='ocrx_word' id='word_1_526' title='bbox 2576 2409 2731 2464; x_wconf 88' lang='lat' dir='ltr'>Unde</span> <span class='ocrx_word' id='word_1_527' title='bbox 2763 2408 3101 2479; x_wconf 88' lang='lat' dir='ltr'>spiritualem</span> <span class='ocrx_word' id='word_1_528' title='bbox 3126 2425 3346 2463; x_wconf 90' lang='lat' dir='ltr'>sensum</span> <span class='ocrx_word' id='word_1_529' title='bbox 3366 2407 3420 2461; x_wconf 90' lang='lat' dir='ltr'>in</span> <span class='ocrx_word' id='word_1_530' title='bbox 3454 2406 3751 2477; x_wconf 90' lang='lat' dir='ltr'>Scripturis</span> 
     </span>
    </p>
   </div>
   <div class='ocr_carea' id='block_1_70' title="bbox 2144 2497 3749 2570">
    <p class='ocr_par' dir='ltr' id='par_1_70' title="bbox 2144 2497 3749 2570">
     <span class='ocr_line' id='line_1_70' title="bbox 2144 2497 3749 2570; baseline -0.001 -18"><span class='ocrx_word' id='word_1_531' title='bbox 2144 2499 2356 2570; x_wconf 88' lang='lat' dir='ltr'>aperire</span> <span class='ocrx_word' id='word_1_532' title='bbox 2385 2497 2666 2568; x_wconf 90' lang='lat' dir='ltr'>discipulis</span> <span class='ocrx_word' id='word_1_533' title='bbox 2712 2505 2795 2551; x_wconf 92' lang='lat' dir='ltr'>est</span> <span class='ocrx_word' id='word_1_534' title='bbox 2823 2513 3020 2568; x_wconf 89' lang='lat' dir='ltr'>aquam</span> <span class='ocrx_word' id='word_1_535' title='bbox 3059 2497 3115 2551; x_wconf 90' lang='lat' dir='ltr'>in</span> <span class='ocrx_word' id='word_1_536' title='bbox 3162 2497 3349 2553; x_wconf 89' lang='lat' dir='ltr'>vinum</span> <span class='ocrx_word' id='word_1_537' title='bbox 3409 2503 3749 2560; x_wconf 85' lang='lat' dir='ltr'>convertere,</span> 
     </span>
    </p>
   </div>
   <div class='ocr_carea' id='block_1_71' title="bbox 2151 2585 3742 2659">
    <p class='ocr_par' dir='ltr' id='par_1_71' title="bbox 2151 2585 3742 2659">
     <span class='ocr_line' id='line_1_71' title="bbox 2151 2585 3742 2659; baseline -0.003 -17"><span class='ocrx_word' id='word_1_538' title='bbox 2151 2596 2205 2642; x_wconf 91' lang='lat' dir='ltr'>ut</span> <span class='ocrx_word' id='word_1_539' title='bbox 2234 2587 2452 2659; x_wconf 89' lang='lat' dir='ltr'>quando</span> <span class='ocrx_word' id='word_1_540' title='bbox 2481 2594 2602 2657; x_wconf 91' lang='lat' dir='ltr'>post</span> <span class='ocrx_word' id='word_1_541' title='bbox 2633 2586 3090 2642; x_wconf 89' lang='lat' dir='ltr'>resurrectionem</span> <span class='ocrx_word' id='word_1_542' title='bbox 3135 2585 3344 2657; x_wconf 87' lang='lat' dir='ltr'>aperuit</span> <span class='ocrx_word' id='word_1_543' title='bbox 3371 2585 3477 2639; x_wconf 90' lang='lat' dir='ltr'>illis</span> <span class='ocrx_word' id='word_1_544' title='bbox 3497 2600 3742 2648; x_wconf 89' lang='lat' dir='ltr'>sensum,</span> 
     </span>
    </p>
   </div>
   <div class='ocr_carea' id='block_1_72' title="bbox 2153 2672 3761 2748">
    <p class='ocr_par' dir='ltr' id='par_1_72' title="bbox 2153 2672 3761 2748">
     <span class='ocr_line' id='line_1_72' title="bbox 2153 2672 3761 2748; baseline -0.003 -18"><span class='ocrx_word' id='word_1_545' title='bbox 2153 2675 2523 2748; x_wconf 84' lang='lat' dir='ltr'>intelligerent</span> <span class='ocrx_word' id='word_1_546' title='bbox 2552 2675 2888 2746; x_wconf 88' lang='lat' dir='ltr'>Scripturas.</span> <span class='ocrx_word' id='word_1_547' title='bbox 2921 2677 3137 2748; x_wconf 85' lang='lat' dir='ltr'>Aquam</span> <span class='ocrx_word' id='word_1_548' title='bbox 3153 2676 3350 2730; x_wconf 83' lang='lat' dir='ltr'>vinum</span> <span class='ocrx_word' id='word_1_549' title='bbox 3379 2677 3621 2745; x_wconf 79' lang='lat' dir='ltr'>factam.</span> <span class='ocrx_word' id='word_1_550' title='bbox 3653 2672 3761 2726; x_wconf 90' lang='lat' dir='ltr'>Per</span> 
     </span>
    </p>
   </div>
   <div class='ocr_carea' id='block_1_73' title="bbox 2148 2759 3756 2836">
    <p class='ocr_par' dir='ltr' id='par_1_73' title="bbox 2148 2759 3756 2836">
     <span class='ocr_line' id='line_1_73' title="bbox 2148 2759 3756 2836; baseline -0.003 -18"><span class='ocrx_word' id='word_1_551' title='bbox 2148 2781 2345 2836; x_wconf 89' lang='lat' dir='ltr'>aquam</span> <span class='ocrx_word' id='word_1_552' title='bbox 2377 2764 2684 2835; x_wconf 90' lang='lat' dir='ltr'>baptismus</span> <span class='ocrx_word' id='word_1_553' title='bbox 2703 2763 2952 2830; x_wconf 87' lang='lat' dir='ltr'>Joannis,</span> <span class='ocrx_word' id='word_1_554' title='bbox 2982 2780 3080 2835; x_wconf 89' lang='lat' dir='ltr'>per</span> <span class='ocrx_word' id='word_1_555' title='bbox 3105 2763 3287 2818; x_wconf 93' lang='lat' dir='ltr'>vinum</span> <span class='ocrx_word' id='word_1_556' title='bbox 3317 2762 3499 2834; x_wconf 90' lang='lat' dir='ltr'>passio</span> <span class='ocrx_word' id='word_1_557' title='bbox 3531 2759 3756 2825; x_wconf 88' lang='lat' dir='ltr'>Christi,</span> 
     </span>
    </p>
   </div>
   <div class='ocr_carea' id='block_1_74' title="bbox 2145 2849 3760 2923">
    <p class='ocr_par' dir='ltr' id='par_1_74' title="bbox 2145 2849 3760 2923">
     <span class='ocr_line' id='line_1_74' title="bbox 2145 2849 3760 2923; baseline -0.003 -16"><span class='ocrx_word' id='word_1_558' title='bbox 2145 2853 2288 2908; x_wconf 92' lang='lat' dir='ltr'>unde</span> <span class='ocrx_word' id='word_1_559' title='bbox 2339 2861 2392 2908; x_wconf 91' lang='lat' dir='ltr'>et</span> <span class='ocrx_word' id='word_1_560' title='bbox 2444 2853 2628 2908; x_wconf 92' lang='lat' dir='ltr'>vinum</span> <span class='ocrx_word' id='word_1_561' title='bbox 2686 2853 2836 2923; x_wconf 91' lang='lat' dir='ltr'>prius</span> <span class='ocrx_word' id='word_1_562' title='bbox 2884 2852 3057 2908; x_wconf 90' lang='lat' dir='ltr'>fertur</span> <span class='ocrx_word' id='word_1_563' title='bbox 3112 2850 3502 2916; x_wconf 89' lang='lat' dir='ltr'>architriclino,</span> <span class='ocrx_word' id='word_1_564' title='bbox 3563 2849 3620 2904; x_wconf 91' lang='lat' dir='ltr'>id</span> <span class='ocrx_word' id='word_1_565' title='bbox 3676 2856 3760 2904; x_wconf 89' lang='lat' dir='ltr'>est</span> 
     </span>
    </p>
   </div>
   <div class='ocr_carea' id='block_1_75' title="bbox 2146 2939 3613 3014">
    <p class='ocr_par' dir='ltr' id='par_1_75' title="bbox 2146 2939 3613 3014">
     <span class='ocr_line' id='line_1_75' title="bbox 2146 2939 3613 3014; baseline -0.003 -17"><span class='ocrx_word' id='word_1_566' title='bbox 2146 2942 2348 2997; x_wconf 84' lang='lat' dir='ltr'>Joanni</span> <span class='ocrx_word' id='word_1_567' title='bbox 2370 2941 2464 3014; x_wconf 92' lang='lat' dir='ltr'>qui</span> <span class='ocrx_word' id='word_1_568' title='bbox 2493 2950 2616 2997; x_wconf 90' lang='lat' dir='ltr'>ante</span> <span class='ocrx_word' id='word_1_569' title='bbox 2650 2941 2784 2996; x_wconf 91' lang='lat' dir='ltr'>bibit</span> <span class='ocrx_word' id='word_1_570' title='bbox 2813 2941 3122 3013; x_wconf 91' lang='lat' dir='ltr'>passionem</span> <span class='ocrx_word' id='word_1_571' title='bbox 3155 2956 3317 3012; x_wconf 89' lang='lat' dir='ltr'>quam</span> <span class='ocrx_word' id='word_1_572' title='bbox 3347 2939 3613 2995; x_wconf 89' lang='lat' dir='ltr'>Christus.</span> 
     </span>
    </p>
   </div>
   <div class='ocr_carea' id='block_1_76' title="bbox 2074 3036 3758 3111">
    <p class='ocr_par' dir='ltr' id='par_1_76' title="bbox 2074 3036 3758 3111">
     <span class='ocr_line' id='line_1_76' title="bbox 2074 3036 3758 3111; baseline -0.007 -10"><span class='ocrx_word' id='word_1_573' title='bbox 2074 3037 2124 3101; x_wconf 91' lang='lat' dir='ltr'>C</span> <span class='ocrx_word' id='word_1_574' title='bbox 2218 3041 2388 3096; x_wconf 85' lang='lat' dir='ltr'>Vens.</span> <span class='ocrx_word' id='word_1_575' title='bbox 2436 3044 2521 3094; x_wconf 83' lang='grc'>11.</span> <span class='ocrx_word' id='word_1_576' title='bbox 2555 3070 2624 3080; x_wconf 91' lang='grc'><strong>-</strong></span> <span class='ocrx_word' id='word_1_577' title='bbox 2653 3042 2761 3096; x_wconf 87' lang='lat' dir='ltr'>Hoc</span> <span class='ocrx_word' id='word_1_578' title='bbox 2791 3042 2952 3111; x_wconf 81' lang='lat' dir='ltr'>fecit.</span> <span class='ocrx_word' id='word_1_579' title='bbox 2974 3039 3184 3110; x_wconf 83' lang='lat' dir='ltr'>(Hien.)</span> <span class='ocrx_word' id='word_1_580' title='bbox 3205 3040 3264 3092; x_wconf 90' lang='lat' dir='ltr'>In</span> <span class='ocrx_word' id='word_1_581' title='bbox 3293 3038 3443 3092; x_wconf 89' lang='lat' dir='ltr'>initio</span> <span class='ocrx_word' id='word_1_582' title='bbox 3472 3036 3758 3110; x_wconf 87' lang='lat' dir='ltr'>signorum</span> 
     </span>
    </p>
   </div>
   <div class='ocr_carea' id='block_1_77' title="bbox 2149 3122 3758 3201">
    <p class='ocr_par' dir='ltr' id='par_1_77' title="bbox 2149 3122 3758 3201">
     <span class='ocr_line' id='line_1_77' title="bbox 2149 3122 3758 3201; baseline -0.002 -18"><span class='ocrx_word' id='word_1_583' title='bbox 2149 3145 2268 3201; x_wconf 69' lang='lat' dir='ltr'>quae</span> <span class='ocrx_word' id='word_1_584' title='bbox 2298 3129 2544 3184; x_wconf 88' lang='lat' dir='ltr'>mortalis</span> <span class='ocrx_word' id='word_1_585' title='bbox 2571 3122 2898 3184; x_wconf 78' lang='lat' dir='ltr'>mortalibus</span> <span class='ocrx_word' id='word_1_586' title='bbox 2923 3137 3040 3184; x_wconf 88' lang='lat' dir='ltr'>erat</span> <span class='ocrx_word' id='word_1_587' title='bbox 3077 3128 3319 3195; x_wconf 90' lang='lat' dir='ltr'>daturus,</span> <span class='ocrx_word' id='word_1_588' title='bbox 3354 3142 3552 3198; x_wconf 88' lang='lat' dir='ltr'>aquam</span> <span class='ocrx_word' id='word_1_589' title='bbox 3598 3124 3758 3181; x_wconf 87' lang='lat' dir='ltr'>vertit</span> 
     </span>
    </p>
   </div>
   <div class='ocr_carea' id='block_1_78' title="bbox 2152 3213 3765 3287">
    <p class='ocr_par' dir='ltr' id='par_1_78' title="bbox 2152 3213 3765 3287">
     <span class='ocr_line' id='line_1_78' title="bbox 2152 3213 3765 3287; baseline -0.004 -15"><span class='ocrx_word' id='word_1_590' title='bbox 2152 3235 2208 3272; x_wconf 84' lang='lat' dir='ltr'>in</span> <span class='ocrx_word' id='word_1_591' title='bbox 2240 3218 2456 3284; x_wconf 90' lang='lat' dir='ltr'>vinum,</span> <span class='ocrx_word' id='word_1_592' title='bbox 2493 3218 2634 3274; x_wconf 89' lang='lat' dir='ltr'>sicut</span> <span class='ocrx_word' id='word_1_593' title='bbox 2684 3218 2798 3287; x_wconf 88' lang='lat' dir='ltr'>jam</span> <span class='ocrx_word' id='word_1_594' title='bbox 2838 3216 3163 3272; x_wconf 85' lang='lat' dir='ltr'>immortalis</span> <span class='ocrx_word' id='word_1_595' title='bbox 3211 3215 3491 3286; x_wconf 90' lang='lat' dir='ltr'>discipulis</span> <span class='ocrx_word' id='word_1_596' title='bbox 3547 3213 3765 3284; x_wconf 84' lang='lat' dir='ltr'>aperuit</span> 
     </span>
    </p>
   </div>
   <div class='ocr_carea' id='block_1_79' title="bbox 2149 3302 3759 3378">
    <p class='ocr_par' dir='ltr' id='par_1_79' title="bbox 2149 3302 3759 3378">
     <span class='ocr_line' id='line_1_79' title="bbox 2149 3302 3759 3378; baseline -0.004 -16"><span class='ocrx_word' id='word_1_597' title='bbox 2149 3323 2396 3373; x_wconf 89' lang='lat' dir='ltr'>sensum,</span> <span class='ocrx_word' id='word_1_598' title='bbox 2433 3314 2492 3360; x_wconf 91' lang='lat' dir='ltr'>ut</span> <span class='ocrx_word' id='word_1_599' title='bbox 2519 3306 2574 3360; x_wconf 93' lang='lat' dir='ltr'>in</span> <span class='ocrx_word' id='word_1_600' title='bbox 2623 3305 2749 3378; x_wconf 85' lang='lat' dir='ltr'>lege</span> <span class='ocrx_word' id='word_1_601' title='bbox 2807 3313 2861 3361; x_wconf 88' lang='lat' dir='ltr'>ct</span> <span class='ocrx_word' id='word_1_602' title='bbox 2889 3305 3170 3376; x_wconf 86' lang='lat' dir='ltr'>prephetis</span> <span class='ocrx_word' id='word_1_603' title='bbox 3200 3303 3569 3376; x_wconf 89' lang='lat' dir='ltr'>intelligerent</span> <span class='ocrx_word' id='word_1_604' title='bbox 3597 3302 3759 3356; x_wconf 89' lang='lat' dir='ltr'>Chri-</span> 
     </span>
    </p>
   </div>
   <div class='ocr_carea' id='block_1_80' title="bbox 2153 3390 3766 3465">
    <p class='ocr_par' dir='ltr' id='par_1_80' title="bbox 2153 3390 3766 3465">
     <span class='ocr_line' id='line_1_80' title="bbox 2153 3390 3766 3465; baseline -0.002 -17"><span class='ocrx_word' id='word_1_605' title='bbox 2153 3404 2314 3461; x_wconf 88' lang='lat' dir='ltr'>stum,</span> <span class='ocrx_word' id='word_1_606' title='bbox 2375 3395 2447 3448; x_wconf 91' lang='lat' dir='ltr'>ita</span> <span class='ocrx_word' id='word_1_607' title='bbox 2505 3394 2755 3450; x_wconf 88' lang='lat' dir='ltr'>carnales</span> <span class='ocrx_word' id='word_1_608' title='bbox 2815 3402 3026 3449; x_wconf 89' lang='lat' dir='ltr'>mentes</span> <span class='ocrx_word' id='word_1_609' title='bbox 3058 3393 3206 3465; x_wconf 90' lang='lat' dir='ltr'>prius</span> <span class='ocrx_word' id='word_1_610' title='bbox 3256 3408 3449 3464; x_wconf 89' lang='lat' dir='ltr'>sapore</span> <span class='ocrx_word' id='word_1_611' title='bbox 3478 3390 3766 3462; x_wconf 71' lang='lat' dir='ltr'>sapientia:</span> 
     </span>
    </p>
   </div>
   <div class='ocr_carea' id='block_1_81' title="bbox 2153 3479 3762 3555">
    <p class='ocr_par' dir='ltr' id='par_1_81' title="bbox 2153 3479 3762 3555">
     <span class='ocr_line' id='line_1_81' title="bbox 2153 3479 3762 3555; baseline -0.002 -18"><span class='ocrx_word' id='word_1_612' title='bbox 2153 3483 2364 3550; x_wconf 87' lang='lat' dir='ltr'>imbuit,</span> <span class='ocrx_word' id='word_1_613' title='bbox 2399 3490 2590 3555; x_wconf 88' lang='lat' dir='ltr'>postea</span> <span class='ocrx_word' id='word_1_614' title='bbox 2648 3481 3002 3538; x_wconf 89' lang='lat' dir='ltr'>resuscitatos</span> <span class='ocrx_word' id='word_1_615' title='bbox 3052 3481 3242 3551; x_wconf 89' lang='lat' dir='ltr'>majori</span> <span class='ocrx_word' id='word_1_616' title='bbox 3289 3479 3462 3553; x_wconf 80' lang='lat' dir='ltr'>gloria</span> <span class='ocrx_word' id='word_1_617' title='bbox 3507 3479 3762 3550; x_wconf 88' lang='lat' dir='ltr'>comple-</span> 
     </span>
    </p>
   </div>
   <div class='ocr_carea' id='block_1_82' title="bbox 2155 3580 2324 3627">
    <p class='ocr_par' dir='ltr' id='par_1_82' title="bbox 2155 3580 2324 3627">
     <span class='ocr_line' id='line_1_82' title="bbox 2155 3580 2324 3627; baseline 0.006 -1"><span class='ocrx_word' id='word_1_618' title='bbox 2155 3580 2324 3627; x_wconf 91' lang='lat' dir='ltr'>turus.</span> 
     </span>
    </p>
   </div>
   <div class='ocr_carea' id='block_1_83' title="bbox 2228 3682 3762 3756">
    <p class='ocr_par' dir='ltr' id='par_1_83' title="bbox 2228 3682 3762 3756">
     <span class='ocr_line' id='line_1_83' title="bbox 2228 3682 3762 3756; baseline -0.004 -14"><span class='ocrx_word' id='word_1_619' title='bbox 2228 3688 2395 3744; x_wconf 91' lang='lat' dir='ltr'>Vens.</span> <span class='ocrx_word' id='word_1_620' title='bbox 2423 3692 2509 3747; x_wconf 76' lang='lat' dir='ltr'>t2.</span> <span class='ocrx_word' id='word_1_621' title='bbox 2545 3718 2614 3729; x_wconf 93' lang='lat'>—</span> <span class='ocrx_word' id='word_1_622' title='bbox 2645 3690 2776 3745; x_wconf 85' lang='lat' dir='ltr'>Post</span> <span class='ocrx_word' id='word_1_623' title='bbox 2809 3687 2942 3756; x_wconf 67' lang='lat' dir='ltr'>haec,</span> <span class='ocrx_word' id='word_1_624' title='bbox 2981 3697 3084 3744; x_wconf 91' lang='lat' dir='ltr'>etc.</span> <span class='ocrx_word' id='word_1_625' title='bbox 3119 3688 3244 3742; x_wconf 89' lang='lat' dir='ltr'>Post</span> <span class='ocrx_word' id='word_1_626' title='bbox 3292 3685 3503 3739; x_wconf 89' lang='lat' dir='ltr'>initium</span> <span class='ocrx_word' id='word_1_627' title='bbox 3562 3682 3762 3756; x_wconf 88' lang='lat' dir='ltr'>signo-</span> 
     </span>
    </p>
   </div>
   <div class='ocr_carea' id='block_1_84' title="bbox 2153 3772 3763 3842">
    <p class='ocr_par' dir='ltr' id='par_1_84' title="bbox 2153 3772 3763 3842">
     <span class='ocr_line' id='line_1_84' title="bbox 2153 3772 3763 3842; baseline -0.003 -12"><span class='ocrx_word' id='word_1_628' title='bbox 2153 3793 2278 3831; x_wconf 90' lang='lat' dir='ltr'>rum</span> <span class='ocrx_word' id='word_1_629' title='bbox 2311 3778 2378 3831; x_wconf 91' lang='lat' dir='ltr'>de</span> <span class='ocrx_word' id='word_1_630' title='bbox 2410 3777 2558 3842; x_wconf 91' lang='lat' dir='ltr'>vino,</span> <span class='ocrx_word' id='word_1_631' title='bbox 2593 3777 2775 3832; x_wconf 90' lang='lat' dir='ltr'>subdit</span> <span class='ocrx_word' id='word_1_632' title='bbox 2804 3776 2951 3832; x_wconf 91' lang='lat' dir='ltr'>aliud</span> <span class='ocrx_word' id='word_1_633' title='bbox 2991 3775 3250 3832; x_wconf 89' lang='lat' dir='ltr'>indicium</span> <span class='ocrx_word' id='word_1_634' title='bbox 3271 3773 3468 3829; x_wconf 64' lang='lat' dir='ltr'>divinae</span> <span class='ocrx_word' id='word_1_635' title='bbox 3493 3772 3763 3841; x_wconf 85' lang='lat' dir='ltr'>majesta-</span> 
     </span>
    </p>
   </div>
   <div class='ocr_carea' id='block_1_85' title="bbox 2157 3859 3767 3934">
    <p class='ocr_par' dir='ltr' id='par_1_85' title="bbox 2157 3859 3767 3934">
     <span class='ocr_line' id='line_1_85' title="bbox 2157 3859 3767 3934; baseline -0.005 -15"><span class='ocrx_word' id='word_1_636' title='bbox 2157 3865 2224 3919; x_wconf 92' lang='lat' dir='ltr'>tis</span> <span class='ocrx_word' id='word_1_637' title='bbox 2244 3865 2297 3919; x_wconf 92' lang='lat' dir='ltr'>in</span> <span class='ocrx_word' id='word_1_638' title='bbox 2326 3865 2591 3934; x_wconf 89' lang='lat' dir='ltr'>ejectione</span> <span class='ocrx_word' id='word_1_639' title='bbox 2622 3864 2974 3920; x_wconf 89' lang='lat' dir='ltr'>vendentium</span> <span class='ocrx_word' id='word_1_640' title='bbox 3004 3864 3074 3919; x_wconf 92' lang='lat' dir='ltr'>de</span> <span class='ocrx_word' id='word_1_641' title='bbox 3093 3863 3314 3933; x_wconf 89' lang='lat' dir='ltr'>templo.</span> <span class='ocrx_word' id='word_1_642' title='bbox 3346 3861 3567 3932; x_wconf 80' lang='lat' dir='ltr'>Typice.</span> <span class='ocrx_word' id='word_1_643' title='bbox 3592 3859 3767 3915; x_wconf 90' lang='lat' dir='ltr'>Filius</span> 
     </span>
    </p>
   </div>
   <div class='ocr_carea' id='block_1_86' title="bbox 2158 3947 3770 4023">
    <p class='ocr_par' dir='ltr' id='par_1_86' title="bbox 2158 3947 3770 4023">
     <span class='ocr_line' id='line_1_86' title="bbox 2158 3947 3770 4023; baseline -0.004 -15"><span class='ocrx_word' id='word_1_644' title='bbox 2158 3954 2258 4008; x_wconf 90' lang='lat' dir='ltr'>Dei</span> <span class='ocrx_word' id='word_1_645' title='bbox 2286 3961 2342 4008; x_wconf 89' lang='lat' dir='ltr'>ut</span> <span class='ocrx_word' id='word_1_646' title='bbox 2399 3953 2638 4019; x_wconf 90' lang='lat' dir='ltr'>humilis,</span> <span class='ocrx_word' id='word_1_647' title='bbox 2703 3953 2988 4020; x_wconf 79' lang='lat' dir='ltr'>descendit</span> <span class='ocrx_word' id='word_1_648' title='bbox 3043 3952 3436 4023; x_wconf 88' lang='lat' dir='ltr'>Capharnaum,</span> <span class='ocrx_word' id='word_1_649' title='bbox 3486 3947 3546 4003; x_wconf 90' lang='lat' dir='ltr'>id</span> <span class='ocrx_word' id='word_1_650' title='bbox 3595 3956 3685 4003; x_wconf 89' lang='lat' dir='ltr'>est</span> <span class='ocrx_word' id='word_1_651' title='bbox 3713 3948 3770 4001; x_wconf 90' lang='lat' dir='ltr'>in</span> 
     </span>
    </p>
   </div>
   <div class='ocr_carea' id='block_1_87' title="bbox 2159 4035 3770 4113">
    <p class='ocr_par' dir='ltr' id='par_1_87' title="bbox 2159 4035 3770 4113">
     <span class='ocr_line' id='line_1_87' title="bbox 2159 4035 3770 4113; baseline -0.004 -17"><span class='ocrx_word' id='word_1_652' title='bbox 2159 4042 2440 4107; x_wconf 90' lang='lat' dir='ltr'>mundum,</span> <span class='ocrx_word' id='word_1_653' title='bbox 2502 4041 2801 4097; x_wconf 90' lang='lat' dir='ltr'>secundum</span> <span class='ocrx_word' id='word_1_654' title='bbox 2831 4041 2978 4113; x_wconf 90' lang='lat' dir='ltr'>quod</span> <span class='ocrx_word' id='word_1_655' title='bbox 3009 4041 3172 4096; x_wconf 89' lang='lat' dir='ltr'>habet</span> <span class='ocrx_word' id='word_1_656' title='bbox 3199 4047 3425 4095; x_wconf 90' lang='lat' dir='ltr'>matrem</span> <span class='ocrx_word' id='word_1_657' title='bbox 3455 4046 3508 4092; x_wconf 92' lang='lat' dir='ltr'>et</span> <span class='ocrx_word' id='word_1_658' title='bbox 3535 4035 3770 4092; x_wconf 86' lang='lat' dir='ltr'>fratres.</span> 
     </span>
    </p>
   </div>
   <div class='ocr_carea' id='block_1_88' title="bbox 2230 4153 3774 4230">
    <p class='ocr_par' dir='ltr' id='par_1_88' title="bbox 2230 4153 3774 4230">
     <span class='ocr_line' id='line_1_88' title="bbox 2230 4153 3774 4230; baseline -0.002 -18"><span class='ocrx_word' id='word_1_659' title='bbox 2230 4159 2400 4213; x_wconf 88' lang='lat' dir='ltr'>Vens.</span> <span class='ocrx_word' id='word_1_660' title='bbox 2435 4161 2521 4212; x_wconf 86' lang='grc'>13.</span> <span class='ocrx_word' id='word_1_661' title='bbox 2548 4187 2616 4198; x_wconf 87' lang='grc'><strong><em>--</em></strong></span> <span class='ocrx_word' id='word_1_662' title='bbox 2649 4160 2722 4214; x_wconf 88' lang='lat' dir='ltr'>Et</span> <span class='ocrx_word' id='word_1_663' title='bbox 2743 4173 2916 4230; x_wconf 86' lang='lat' dir='ltr'>prope</span> <span class='ocrx_word' id='word_1_664' title='bbox 2945 4161 3072 4213; x_wconf 87' lang='lat' dir='ltr'>erat</span> <span class='ocrx_word' id='word_1_665' title='bbox 3115 4157 3352 4212; x_wconf 82' lang='lat' dir='ltr'>Pascha.</span> <span class='ocrx_word' id='word_1_666' title='bbox 3400 4153 3613 4210; x_wconf 87' lang='lat' dir='ltr'>Pascha</span> <span class='ocrx_word' id='word_1_667' title='bbox 3645 4154 3774 4226; x_wconf 80' lang='lat' dir='ltr'>agi—</span> 
     </span>
    </p>
   </div>
   <div class='ocr_carea' id='block_1_89' title="bbox 2160 4242 3779 4313">
    <p class='ocr_par' dir='ltr' id='par_1_89' title="bbox 2160 4242 3779 4313">
     <span class='ocr_line' id='line_1_89' title="bbox 2160 4242 3779 4313; baseline -0.003 -12"><span class='ocrx_word' id='word_1_668' title='bbox 2160 4263 2303 4313; x_wconf 92' lang='lat' dir='ltr'>mus,</span> <span class='ocrx_word' id='word_1_669' title='bbox 2337 4247 2467 4300; x_wconf 92' lang='lat' dir='ltr'>dum</span> <span class='ocrx_word' id='word_1_670' title='bbox 2506 4261 2540 4300; x_wconf 91' lang='lat' dir='ltr'>a</span> <span class='ocrx_word' id='word_1_671' title='bbox 2573 4245 2715 4301; x_wconf 90' lang='lat' dir='ltr'>vitiis</span> <span class='ocrx_word' id='word_1_672' title='bbox 2762 4247 2830 4301; x_wconf 91' lang='lat' dir='ltr'>ad</span> <span class='ocrx_word' id='word_1_673' title='bbox 2861 4245 3091 4300; x_wconf 83' lang='lat' dir='ltr'>virtutes</span> <span class='ocrx_word' id='word_1_674' title='bbox 3146 4243 3466 4300; x_wconf 86' lang='lat' dir='ltr'>transimus.</span> <span class='ocrx_word' id='word_1_675' title='bbox 3531 4242 3621 4297; x_wconf 85' lang='lat' dir='ltr'>Ad</span> <span class='ocrx_word' id='word_1_676' title='bbox 3672 4243 3779 4297; x_wconf 88' lang='lat' dir='ltr'>hoc</span> 
     </span>
    </p>
   </div>
   <div class='ocr_carea' id='block_1_90' title="bbox 2159 4331 3784 4406">
    <p class='ocr_par' dir='ltr' id='par_1_90' title="bbox 2159 4331 3784 4406">
     <span class='ocr_line' id='line_1_90' title="bbox 2159 4331 3784 4406; baseline -0.004 -16"><span class='ocrx_word' id='word_1_677' title='bbox 2159 4336 2319 4390; x_wconf 83' lang='lat' dir='ltr'>Jesus</span> <span class='ocrx_word' id='word_1_678' title='bbox 2339 4334 2488 4391; x_wconf 90' lang='lat' dir='ltr'>venit</span> <span class='ocrx_word' id='word_1_679' title='bbox 2505 4335 2635 4389; x_wconf 90' lang='lat' dir='ltr'>dum</span> <span class='ocrx_word' id='word_1_680' title='bbox 2661 4333 2970 4390; x_wconf 89' lang='lat' dir='ltr'>Ecclesiam</span> <span class='ocrx_word' id='word_1_681' title='bbox 2999 4333 3240 4406; x_wconf 90' lang='lat' dir='ltr'>quotidie</span> <span class='ocrx_word' id='word_1_682' title='bbox 3307 4331 3503 4399; x_wconf 86' lang='lat' dir='ltr'>visitat,</span> <span class='ocrx_word' id='word_1_683' title='bbox 3545 4338 3602 4384; x_wconf 92' lang='lat' dir='ltr'>et</span> <span class='ocrx_word' id='word_1_684' title='bbox 3622 4339 3784 4386; x_wconf 82' lang='lat' dir='ltr'>actus</span> 
     </span>
    </p>
   </div>
   <div class='ocr_carea' id='block_1_91' title="bbox 2077 4391 3778 4494">
    <p class='ocr_par' dir='ltr' id='par_1_91' title="bbox 2077 4391 3778 4494">
     <span class='ocr_line' id='line_1_91' title="bbox 2077 4391 3778 4494; baseline -0.005 -14"><span class='ocrx_word' id='word_1_685' title='bbox 2077 4391 2130 4452; x_wconf 86' lang='lat' dir='ltr'>D</span> <span class='ocrx_word' id='word_1_686' title='bbox 2171 4425 2435 4494; x_wconf 89' lang='lat' dir='ltr'>cujusque</span> <span class='ocrx_word' id='word_1_687' title='bbox 2463 4422 2792 4489; x_wconf 88' lang='lat' dir='ltr'>considerat,</span> <span class='ocrx_word' id='word_1_688' title='bbox 2826 4430 2880 4478; x_wconf 90' lang='lat' dir='ltr'>et</span> <span class='ocrx_word' id='word_1_689' title='bbox 2911 4438 3007 4478; x_wconf 91' lang='lat' dir='ltr'>eos</span> <span class='ocrx_word' id='word_1_690' title='bbox 3053 4421 3195 4491; x_wconf 90' lang='lat' dir='ltr'>ejicit</span> <span class='ocrx_word' id='word_1_691' title='bbox 3223 4419 3313 4493; x_wconf 91' lang='lat' dir='ltr'>qui</span> <span class='ocrx_word' id='word_1_692' title='bbox 3344 4417 3495 4488; x_wconf 68' lang='lat' dir='ltr'>inter}</span> <span class='ocrx_word' id='word_1_693' title='bbox 3520 4427 3778 4484; x_wconf 86' lang='lat' dir='ltr'>sanctos,</span> 
     </span>
    </p>
   </div>
   <div class='ocr_carea' id='block_1_92' title="bbox 540 4482 2068 4555">
    <p class='ocr_par' dir='ltr' id='par_1_92' title="bbox 540 4482 2068 4555">
     <span class='ocr_line' id='line_1_92' title="bbox 540 4482 2068 4555; baseline -0.001 -14"><span class='ocrx_word' id='word_1_694' title='bbox 540 4482 710 4541; x_wconf 82' lang='lat' dir='ltr'>Vens.</span> <span class='ocrx_word' id='word_1_695' title='bbox 736 4489 785 4540; x_wconf 89' lang='grc'>1.</span> <span class='ocrx_word' id='word_1_696' title='bbox 806 4514 875 4525; x_wconf 89' lang='grc'><strong>-</strong></span> <span class='ocrx_word' id='word_1_697' title='bbox 903 4485 974 4540; x_wconf 89' lang='lat' dir='ltr'>Et</span> <span class='ocrx_word' id='word_1_698' title='bbox 1002 4484 1092 4540; x_wconf 84' lang='lat' dir='ltr'>die</span> <span class='ocrx_word' id='word_1_699' title='bbox 1114 4485 1306 4540; x_wconf 87' lang='lat' dir='ltr'>tertia.</span> <span class='ocrx_word' id='word_1_700' title='bbox 1332 4483 1523 4555; x_wconf 82' lang='lat' dir='ltr'>(Auc.)</span> <span class='ocrx_word' id='word_1_701' title='bbox 1549 4484 1677 4538; x_wconf 90' lang='lat' dir='ltr'>Post</span> <span class='ocrx_word' id='word_1_702' title='bbox 1697 4485 2068 4540; x_wconf 90' lang='lat' dir='ltr'>ostensionem</span> 
     </span>
    </p>
   </div>
   <div class='ocr_carea' id='block_1_93' title="bbox 467 4571 2071 4644">
    <p class='ocr_par' dir='ltr' id='par_1_93' title="bbox 467 4571 2071 4644">
     <span class='ocr_line' id='line_1_93' title="bbox 467 4571 2071 4644; baseline 0 -14"><span class='ocrx_word' id='word_1_703' title='bbox 467 4574 666 4630; x_wconf 88' lang='lat' dir='ltr'>Christi</span> <span class='ocrx_word' id='word_1_704' title='bbox 711 4590 812 4644; x_wconf 90' lang='lat' dir='ltr'>per</span> <span class='ocrx_word' id='word_1_705' title='bbox 869 4572 1180 4630; x_wconf 89' lang='lat' dir='ltr'>testimonia</span> <span class='ocrx_word' id='word_1_706' title='bbox 1219 4571 1443 4628; x_wconf 83' lang='lat' dir='ltr'>Joannis</span> <span class='ocrx_word' id='word_1_707' title='bbox 1499 4572 1617 4644; x_wconf 92' lang='lat' dir='ltr'>ipse</span> <span class='ocrx_word' id='word_1_708' title='bbox 1690 4589 1749 4628; x_wconf 91' lang='lat' dir='ltr'>se</span> <span class='ocrx_word' id='word_1_709' title='bbox 1806 4573 2071 4630; x_wconf 89' lang='lat' dir='ltr'>miraculo</span> 
     </span>
    </p>
   </div>
   <div class='ocr_carea' id='block_1_94' title="bbox 473 4661 729 4718">
    <p class='ocr_par' dir='ltr' id='par_1_94' title="bbox 473 4661 729 4718">
     <span class='ocr_line' id='line_1_94' title="bbox 473 4661 729 4718; baseline -0.012 0"><span class='ocrx_word' id='word_1_710' title='bbox 473 4661 729 4718; x_wconf 89' lang='lat' dir='ltr'>ostendit.</span> 
     </span>
    </p>
   </div>
   <div class='ocr_carea' id='block_1_95' title="bbox 549 4776 2074 4850">
    <p class='ocr_par' dir='ltr' id='par_1_95' title="bbox 549 4776 2074 4850">
     <span class='ocr_line' id='line_1_95' title="bbox 549 4776 2074 4850; baseline -0.002 -17"><span class='ocrx_word' id='word_1_711' title='bbox 549 4780 619 4833; x_wconf 88' lang='lat' dir='ltr'>Et</span> <span class='ocrx_word' id='word_1_712' title='bbox 648 4777 756 4833; x_wconf 86' lang='lat' dir='ltr'>die.</span> <span class='ocrx_word' id='word_1_713' title='bbox 791 4776 1069 4849; x_wconf 89' lang='lat' dir='ltr'>Signiﬁcat</span> <span class='ocrx_word' id='word_1_714' title='bbox 1099 4777 1255 4832; x_wconf 90' lang='lat' dir='ltr'>tertia</span> <span class='ocrx_word' id='word_1_715' title='bbox 1285 4777 1392 4844; x_wconf 91' lang='lat' dir='ltr'>die,</span> <span class='ocrx_word' id='word_1_716' title='bbox 1435 4777 1491 4831; x_wconf 89' lang='lat' dir='ltr'>id</span> <span class='ocrx_word' id='word_1_717' title='bbox 1522 4785 1605 4831; x_wconf 92' lang='lat' dir='ltr'>est</span> <span class='ocrx_word' id='word_1_718' title='bbox 1659 4785 1900 4847; x_wconf 88' lang='lat' dir='ltr'>tempore</span> <span class='ocrx_word' id='word_1_719' title='bbox 1945 4792 2074 4850; x_wconf 86' lang='lat' dir='ltr'>gra-</span> 
     </span>
    </p>
   </div>
   <div class='ocr_carea' id='block_1_96' title="bbox 482 4865 2077 4938">
    <p class='ocr_par' dir='ltr' id='par_1_96' title="bbox 482 4865 2077 4938">
     <span class='ocr_line' id='line_1_96' title="bbox 482 4865 2077 4938; baseline 0 -18"><span class='ocrx_word' id='word_1_720' title='bbox 482 4867 587 4936; x_wconf 69' lang='lat' dir='ltr'>tiae,</span> <span class='ocrx_word' id='word_1_721' title='bbox 619 4873 742 4937; x_wconf 91' lang='lat' dir='ltr'>post</span> <span class='ocrx_word' id='word_1_722' title='bbox 772 4872 1003 4935; x_wconf 90' lang='lat' dir='ltr'>tempus,</span> <span class='ocrx_word' id='word_1_723' title='bbox 1039 4865 1091 4918; x_wconf 93' lang='lat' dir='ltr'>id</span> <span class='ocrx_word' id='word_1_724' title='bbox 1132 4874 1214 4920; x_wconf 89' lang='lat' dir='ltr'>est</span> <span class='ocrx_word' id='word_1_725' title='bbox 1279 4873 1403 4922; x_wconf 89' lang='lat' dir='ltr'>ante</span> <span class='ocrx_word' id='word_1_726' title='bbox 1446 4865 1625 4938; x_wconf 90' lang='lat' dir='ltr'>legem</span> <span class='ocrx_word' id='word_1_727' title='bbox 1669 4874 1722 4920; x_wconf 90' lang='lat' dir='ltr'>et</span> <span class='ocrx_word' id='word_1_728' title='bbox 1782 4865 1884 4919; x_wconf 91' lang='lat' dir='ltr'>sub</span> <span class='ocrx_word' id='word_1_729' title='bbox 1950 4865 2077 4938; x_wconf 88' lang='lat' dir='ltr'>lege</span> 
     </span>
    </p>
   </div>
   <div class='ocr_carea' id='block_1_97' title="bbox 481 4953 2073 5024">
    <p class='ocr_par' dir='ltr' id='par_1_97' title="bbox 481 4953 2073 5024">
     <span class='ocr_line' id='line_1_97' title="bbox 481 4953 2073 5024; baseline -0.001 -15"><span class='ocrx_word' id='word_1_730' title='bbox 481 4955 754 5009; x_wconf 91' lang='lat' dir='ltr'>Christum</span> <span class='ocrx_word' id='word_1_731' title='bbox 782 4954 854 5008; x_wconf 89' lang='lat' dir='ltr'>ad</span> <span class='ocrx_word' id='word_1_732' title='bbox 885 4953 1101 5024; x_wconf 91' lang='lat' dir='ltr'>nuptias</span> <span class='ocrx_word' id='word_1_733' title='bbox 1124 4953 1384 5009; x_wconf 76' lang='lat' dir='ltr'>Ecclesiae</span> <span class='ocrx_word' id='word_1_734' title='bbox 1433 4970 1532 5024; x_wconf 90' lang='lat' dir='ltr'>per</span> <span class='ocrx_word' id='word_1_735' title='bbox 1571 4969 1788 5009; x_wconf 89' lang='lat' dir='ltr'>carnem</span> <span class='ocrx_word' id='word_1_736' title='bbox 1836 4953 2073 5009; x_wconf 90' lang='lat' dir='ltr'>venisse.</span> 
     </span>
    </p>
   </div>
   <div class='ocr_carea' id='block_1_98' title="bbox 556 5042 2080 5113">
    <p class='ocr_par' dir='ltr' id='par_1_98' title="bbox 556 5042 2080 5113">
     <span class='ocr_line' id='line_1_98' title="bbox 556 5042 2080 5113; baseline 0 -17"><span class='ocrx_word' id='word_1_737' title='bbox 556 5043 728 5096; x_wconf 85' lang='lat' dir='ltr'>Vens.</span> <span class='ocrx_word' id='word_1_738' title='bbox 758 5046 811 5098; x_wconf 75' lang='grc'>2.</span> <span class='ocrx_word' id='word_1_739' title='bbox 847 5072 917 5082; x_wconf 89' lang='grc'><strong><em>-</em></strong></span> <span class='ocrx_word' id='word_1_740' title='bbox 954 5042 1182 5098; x_wconf 85' lang='lat' dir='ltr'>Vocatus</span> <span class='ocrx_word' id='word_1_741' title='bbox 1204 5046 1288 5096; x_wconf 88' lang='lat' dir='ltr'>est</span> <span class='ocrx_word' id='word_1_742' title='bbox 1338 5045 1549 5098; x_wconf 88' lang='lat' dir='ltr'>autem.</span> <span class='ocrx_word' id='word_1_743' title='bbox 1584 5043 1645 5096; x_wconf 92' lang='lat' dir='ltr'>In</span> <span class='ocrx_word' id='word_1_744' title='bbox 1679 5058 1785 5113; x_wconf 91' lang='lat' dir='ltr'>quo</span> <span class='ocrx_word' id='word_1_745' title='bbox 1844 5042 2080 5097; x_wconf 89' lang='lat' dir='ltr'>ostendit</span> 
     </span>
    </p>
   </div>
   <div class='ocr_carea' id='block_1_99' title="bbox 487 5129 2083 5201">
    <p class='ocr_par' dir='ltr' id='par_1_99' title="bbox 487 5129 2083 5201">
     <span class='ocr_line' id='line_1_99' title="bbox 487 5129 2083 5201; baseline 0.001 -16"><span class='ocrx_word' id='word_1_746' title='bbox 487 5146 596 5185; x_wconf 90' lang='lat' dir='ltr'>non</span> <span class='ocrx_word' id='word_1_747' title='bbox 625 5130 1007 5200; x_wconf 90' lang='lat' dir='ltr'>despiciendas</span> <span class='ocrx_word' id='word_1_748' title='bbox 1036 5129 1254 5201; x_wconf 90' lang='lat' dir='ltr'>nuptias</span> <span class='ocrx_word' id='word_1_749' title='bbox 1284 5146 1420 5201; x_wconf 89' lang='lat' dir='ltr'>quas</span> <span class='ocrx_word' id='word_1_750' title='bbox 1453 5129 1596 5199; x_wconf 86' lang='lat' dir='ltr'>fecit,</span> <span class='ocrx_word' id='word_1_751' title='bbox 1617 5138 2083 5187; x_wconf 88' lang='lat' dir='ltr'>etsacramentum</span> 
     </span>
    </p>
   </div>
   <div class='ocr_carea' id='block_1_100' title="bbox 487 5217 1081 5290">
    <p class='ocr_par' dir='ltr' id='par_1_100' title="bbox 487 5217 1081 5290">
     <span class='ocr_line' id='line_1_100' title="bbox 487 5217 1081 5290; baseline -0.003 -16"><span class='ocrx_word' id='word_1_752' title='bbox 487 5217 793 5290; x_wconf 87' lang='lat' dir='ltr'>nuptiarum</span> <span class='ocrx_word' id='word_1_753' title='bbox 824 5219 1081 5273; x_wconf 90' lang='lat' dir='ltr'>insinuat.</span> 
     </span>
    </p>
   </div>
   <div class='ocr_carea' id='block_1_101' title="bbox 563 5305 2084 5376">
    <p class='ocr_par' dir='ltr' id='par_1_101' title="bbox 563 5305 2084 5376">
     <span class='ocr_line' id='line_1_101' title="bbox 563 5305 2084 5376; baseline 0.001 -14"><span class='ocrx_word' id='word_1_754' title='bbox 563 5306 732 5362; x_wconf 83' lang='lat' dir='ltr'>Vens.</span> <span class='ocrx_word' id='word_1_755' title='bbox 757 5311 809 5361; x_wconf 87' lang='lat'>3.</span> <span class='ocrx_word' id='word_1_756' title='bbox 841 5337 911 5347; x_wconf 91' lang='lat'>-—</span> <span class='ocrx_word' id='word_1_757' title='bbox 931 5307 1253 5376; x_wconf 85' lang='lat' dir='ltr'>Deﬁciente.</span> <span class='ocrx_word' id='word_1_758' title='bbox 1278 5306 1473 5360; x_wconf 93' lang='lat' dir='ltr'>Vinum</span> <span class='ocrx_word' id='word_1_759' title='bbox 1497 5305 1694 5373; x_wconf 88' lang='lat' dir='ltr'>deﬁcit,</span> <span class='ocrx_word' id='word_1_760' title='bbox 1733 5316 1790 5362; x_wconf 93' lang='lat' dir='ltr'>ut</span> <span class='ocrx_word' id='word_1_761' title='bbox 1818 5308 2084 5364; x_wconf 87' lang='lat' dir='ltr'>mirabili-</span> 
     </span>
    </p>
   </div>
   <div class='ocr_carea' id='block_1_102' title="bbox 493 5394 2085 5468">
    <p class='ocr_par' dir='ltr' id='par_1_102' title="bbox 493 5394 2085 5468">
     <span class='ocr_line' id='line_1_102' title="bbox 493 5394 2085 5468; baseline 0.001 -18"><span class='ocrx_word' id='word_1_762' title='bbox 493 5403 578 5452; x_wconf 88' lang='lat' dir='ltr'>ter</span> <span class='ocrx_word' id='word_1_763' title='bbox 607 5395 733 5451; x_wconf 92' lang='lat' dir='ltr'>vino</span> <span class='ocrx_word' id='word_1_764' title='bbox 763 5395 832 5450; x_wconf 92' lang='lat' dir='ltr'>de</span> <span class='ocrx_word' id='word_1_765' title='bbox 862 5411 1006 5467; x_wconf 89' lang='lat' dir='ltr'>aqua</span> <span class='ocrx_word' id='word_1_766' title='bbox 1034 5394 1194 5461; x_wconf 84' lang='lat' dir='ltr'>facto,</span> <span class='ocrx_word' id='word_1_767' title='bbox 1247 5395 1419 5450; x_wconf 92' lang='lat' dir='ltr'>virtus</span> <span class='ocrx_word' id='word_1_768' title='bbox 1464 5395 1678 5450; x_wconf 88' lang='lat' dir='ltr'>latentis</span> <span class='ocrx_word' id='word_1_769' title='bbox 1727 5396 1956 5452; x_wconf 89' lang='lat' dir='ltr'>Deitatis</span> <span class='ocrx_word' id='word_1_770' title='bbox 1985 5413 2085 5468; x_wconf 86' lang='lat' dir='ltr'>ap-</span> 
     </span>
    </p>
   </div>
   <div class='ocr_carea' id='block_1_103' title="bbox 493 5492 704 5557">
    <p class='ocr_par' dir='ltr' id='par_1_103' title="bbox 493 5492 704 5557">
     <span class='ocr_line' id='line_1_103' title="bbox 493 5492 704 5557; baseline -0.005 -17"><span class='ocrx_word' id='word_1_771' title='bbox 493 5492 704 5557; x_wconf 89' lang='lat' dir='ltr'>pareat.</span> 
     </span>
    </p>
   </div>
   <div class='ocr_carea' id='block_1_104' title="bbox 565 5571 2113 5648">
    <p class='ocr_par' dir='ltr' id='par_1_104' title="bbox 565 5571 2113 5648">
     <span class='ocr_line' id='line_1_104' title="bbox 565 5571 2113 5648; baseline 0 -18"><span class='ocrx_word' id='word_1_772' title='bbox 565 5573 756 5645; x_wconf 77' lang='grc' dir='ltr'>(Λυσι.)</span> <span class='ocrx_word' id='word_1_773' title='bbox 787 5571 955 5644; x_wconf 89' lang='lat' dir='ltr'>Major</span> <span class='ocrx_word' id='word_1_774' title='bbox 983 5571 1155 5627; x_wconf 85' lang='lat' dir='ltr'>virtus</span> <span class='ocrx_word' id='word_1_775' title='bbox 1194 5581 1274 5628; x_wconf 91' lang='lat' dir='ltr'>est</span> <span class='ocrx_word' id='word_1_776' title='bbox 1303 5572 1358 5627; x_wconf 91' lang='lat' dir='ltr'>in</span> <span class='ocrx_word' id='word_1_777' title='bbox 1403 5573 1676 5630; x_wconf 89' lang='lat' dir='ltr'>creatione</span> <span class='ocrx_word' id='word_1_778' title='bbox 1734 5583 1787 5630; x_wconf 91' lang='lat' dir='ltr'>et</span> <span class='ocrx_word' id='word_1_779' title='bbox 1815 5576 2113 5648; x_wconf 53' lang='lat' dir='ltr'>gubernar</span> 
     </span>
    </p>
   </div>
   <div class='ocr_carea' id='block_1_105' title="bbox 2171 4507 3785 4582">
    <p class='ocr_par' dir='ltr' id='par_1_105' title="bbox 2171 4507 3785 4582">
     <span class='ocr_line' id='line_1_105' title="bbox 2171 4507 3785 4582; baseline -0.004 -15"><span class='ocrx_word' id='word_1_780' title='bbox 2171 4512 2259 4567; x_wconf 90' lang='lat' dir='ltr'>vel</span> <span class='ocrx_word' id='word_1_781' title='bbox 2287 4511 2411 4568; x_wconf 89' lang='lat' dir='ltr'>ﬁcte</span> <span class='ocrx_word' id='word_1_782' title='bbox 2442 4510 2603 4578; x_wconf 88' lang='lat' dir='ltr'>bona,</span> <span class='ocrx_word' id='word_1_783' title='bbox 2627 4511 2717 4568; x_wconf 91' lang='lat' dir='ltr'>vel</span> <span class='ocrx_word' id='word_1_784' title='bbox 2742 4519 2928 4582; x_wconf 88' lang='lat' dir='ltr'>aperte</span> <span class='ocrx_word' id='word_1_785' title='bbox 2976 4510 3120 4565; x_wconf 89' lang='lat' dir='ltr'>mala</span> <span class='ocrx_word' id='word_1_786' title='bbox 3175 4509 3394 4566; x_wconf 87' lang='lat' dir='ltr'>faciunt.</span> <span class='ocrx_word' id='word_1_787' title='bbox 3453 4507 3558 4561; x_wconf 90' lang='lat' dir='ltr'>Per</span> <span class='ocrx_word' id='word_1_788' title='bbox 3602 4507 3785 4563; x_wconf 88' lang='lat' dir='ltr'>boves</span> 
     </span>
    </p>
   </div>
   <div class='ocr_carea' id='block_1_106' title="bbox 2173 4593 3784 4672">
    <p class='ocr_par' dir='ltr' id='par_1_106' title="bbox 2173 4593 3784 4672">
     <span class='ocr_line' id='line_1_106' title="bbox 2173 4593 3784 4672; baseline -0.004 -17"><span class='ocrx_word' id='word_1_789' title='bbox 2173 4600 2264 4672; x_wconf 90' lang='lat' dir='ltr'>qui</span> <span class='ocrx_word' id='word_1_790' title='bbox 2295 4608 2464 4666; x_wconf 90' lang='lat' dir='ltr'>arant,</span> <span class='ocrx_word' id='word_1_791' title='bbox 2497 4600 2885 4671; x_wconf 63' lang='lat' dir='ltr'>praedicatores</span> <span class='ocrx_word' id='word_1_792' title='bbox 2942 4598 3203 4655; x_wconf 73' lang='lat' dir='ltr'>doctrina:</span> <span class='ocrx_word' id='word_1_793' title='bbox 3256 4595 3493 4653; x_wconf 81' lang='lat' dir='ltr'>caelestis</span> <span class='ocrx_word' id='word_1_794' title='bbox 3552 4593 3784 4669; x_wconf 85' lang='lat' dir='ltr'>signiﬁ-</span> 
     </span>
    </p>
   </div>
   <div class='ocr_carea' id='block_1_107' title="bbox 2174 4683 3788 4760">
    <p class='ocr_par' dir='ltr' id='par_1_107' title="bbox 2174 4683 3788 4760">
     <span class='ocr_line' id='line_1_107' title="bbox 2174 4683 3788 4760; baseline -0.006 -14"><span class='ocrx_word' id='word_1_795' title='bbox 2174 4697 2385 4754; x_wconf 88' lang='lat' dir='ltr'>cantur,</span> <span class='ocrx_word' id='word_1_796' title='bbox 2409 4689 2512 4744; x_wconf 90' lang='lat' dir='ltr'>hos</span> <span class='ocrx_word' id='word_1_797' title='bbox 2549 4689 2793 4744; x_wconf 89' lang='lat' dir='ltr'>vendunt</span> <span class='ocrx_word' id='word_1_798' title='bbox 2834 4688 2926 4760; x_wconf 82' lang='lat' dir='ltr'>qui</span> <span class='ocrx_word' id='word_1_799' title='bbox 2982 4704 3093 4743; x_wconf 89' lang='lat' dir='ltr'>non</span> <span class='ocrx_word' id='word_1_800' title='bbox 3135 4701 3318 4742; x_wconf 88' lang='lat' dir='ltr'>amore</span> <span class='ocrx_word' id='word_1_801' title='bbox 3377 4683 3496 4750; x_wconf 88' lang='lat' dir='ltr'>Dei,</span> <span class='ocrx_word' id='word_1_802' title='bbox 3541 4685 3649 4739; x_wconf 90' lang='lat' dir='ltr'>sed</span> <span class='ocrx_word' id='word_1_803' title='bbox 3681 4699 3788 4755; x_wconf 90' lang='lat' dir='ltr'>pro</span> 
     </span>
    </p>
   </div>
   <div class='ocr_carea' id='block_1_108' title="bbox 2175 4773 3792 4849">
    <p class='ocr_par' dir='ltr' id='par_1_108' title="bbox 2175 4773 3792 4849">
     <span class='ocr_line' id='line_1_108' title="bbox 2175 4773 3792 4849; baseline -0.004 -17"><span class='ocrx_word' id='word_1_804' title='bbox 2175 4786 2386 4849; x_wconf 69' lang='lat' dir='ltr'>quaastu</span> <span class='ocrx_word' id='word_1_805' title='bbox 2415 4777 2700 4848; x_wconf 88' lang='lat' dir='ltr'>temporali</span> <span class='ocrx_word' id='word_1_806' title='bbox 2751 4776 3068 4847; x_wconf 67' lang='lat' dir='ltr'>praedicant.</span> <span class='ocrx_word' id='word_1_807' title='bbox 3119 4775 3267 4830; x_wconf 89' lang='lat' dir='ltr'>Oves</span> <span class='ocrx_word' id='word_1_808' title='bbox 3313 4773 3639 4828; x_wconf 89' lang='lat' dir='ltr'>innocentes</span> <span class='ocrx_word' id='word_1_809' title='bbox 3692 4788 3792 4827; x_wconf 89' lang='lat' dir='ltr'>sua</span> 
     </span>
    </p>
   </div>
   <div class='ocr_carea' id='block_1_109' title="bbox 2177 4863 3800 4936">
    <p class='ocr_par' dir='ltr' id='par_1_109' title="bbox 2177 4863 3800 4936">
     <span class='ocr_line' id='line_1_109' title="bbox 2177 4863 3800 4936; baseline -0.002 -16"><span class='ocrx_word' id='word_1_810' title='bbox 2177 4866 2379 4921; x_wconf 90' lang='lat' dir='ltr'>vellera</span> <span class='ocrx_word' id='word_1_811' title='bbox 2411 4865 2706 4920; x_wconf 89' lang='lat' dir='ltr'>vestiendis</span> <span class='ocrx_word' id='word_1_812' title='bbox 2735 4865 2998 4936; x_wconf 65' lang='lat' dir='ltr'>praebent,</span> <span class='ocrx_word' id='word_1_813' title='bbox 3031 4879 3131 4935; x_wconf 91' lang='lat' dir='ltr'>per</span> <span class='ocrx_word' id='word_1_814' title='bbox 3157 4864 3256 4918; x_wconf 87' lang='lat' dir='ltr'>has</span> <span class='ocrx_word' id='word_1_815' title='bbox 3298 4863 3587 4935; x_wconf 87' lang='lat' dir='ltr'>signantur</span> <span class='ocrx_word' id='word_1_816' title='bbox 3618 4876 3800 4933; x_wconf 84' lang='lat' dir='ltr'>Opera</span> 
     </span>
    </p>
   </div>
   <div class='ocr_carea' id='block_1_110' title="bbox 2177 4951 3794 5025">
    <p class='ocr_par' dir='ltr' id='par_1_110' title="bbox 2177 4951 3794 5025">
     <span class='ocr_line' id='line_1_110' title="bbox 2177 4951 3794 5025; baseline -0.001 -17"><span class='ocrx_word' id='word_1_817' title='bbox 2177 4954 2455 5009; x_wconf 70' lang='lat' dir='ltr'>munditiae</span> <span class='ocrx_word' id='word_1_818' title='bbox 2477 4962 2530 5009; x_wconf 92' lang='lat' dir='ltr'>et</span> <span class='ocrx_word' id='word_1_819' title='bbox 2556 4953 2795 5024; x_wconf 89' lang='lat' dir='ltr'>pietatis,</span> <span class='ocrx_word' id='word_1_820' title='bbox 2829 4969 2951 5025; x_wconf 77' lang='lat' dir='ltr'>quae</span> <span class='ocrx_word' id='word_1_821' title='bbox 2983 4953 3307 5018; x_wconf 90' lang='lat' dir='ltr'>venduntur,</span> <span class='ocrx_word' id='word_1_822' title='bbox 3349 4951 3476 5006; x_wconf 91' lang='lat' dir='ltr'>dum</span> <span class='ocrx_word' id='word_1_823' title='bbox 3522 4966 3637 5020; x_wconf 92' lang='lat' dir='ltr'>pro</span> <span class='ocrx_word' id='word_1_824' title='bbox 3684 4952 3794 5006; x_wconf 90' lang='lat' dir='ltr'>hu-</span> 
     </span>
    </p>
   </div>
   <div class='ocr_carea' id='block_1_111' title="bbox 2179 5039 3798 5114">
    <p class='ocr_par' dir='ltr' id='par_1_111' title="bbox 2179 5039 3798 5114">
     <span class='ocr_line' id='line_1_111' title="bbox 2179 5039 3798 5114; baseline -0.002 -18"><span class='ocrx_word' id='word_1_825' title='bbox 2179 5059 2335 5096; x_wconf 88' lang='lat' dir='ltr'>mana</span> <span class='ocrx_word' id='word_1_826' title='bbox 2361 5041 2522 5097; x_wconf 89' lang='lat' dir='ltr'>laude</span> <span class='ocrx_word' id='word_1_827' title='bbox 2554 5051 2835 5114; x_wconf 90' lang='lat' dir='ltr'>geruntur.</span> <span class='ocrx_word' id='word_1_828' title='bbox 2871 5042 3099 5112; x_wconf 85' lang='lat' dir='ltr'>Spiritus</span> <span class='ocrx_word' id='word_1_829' title='bbox 3139 5050 3195 5096; x_wconf 92' lang='lat' dir='ltr'>ut</span> <span class='ocrx_word' id='word_1_830' title='bbox 3233 5039 3480 5096; x_wconf 85' lang='lat' dir='ltr'>columba</span> <span class='ocrx_word' id='word_1_831' title='bbox 3509 5040 3798 5110; x_wconf 85' lang='lat' dir='ltr'>apparuit,</span> 
     </span>
    </p>
   </div>
   <div class='ocr_carea' id='block_1_112' title="bbox 2181 5129 3804 5202">
    <p class='ocr_par' dir='ltr' id='par_1_112' title="bbox 2181 5129 3804 5202">
     <span class='ocr_line' id='line_1_112' title="bbox 2181 5129 3804 5202; baseline -0.001 -17"><span class='ocrx_word' id='word_1_832' title='bbox 2181 5131 2328 5187; x_wconf 91' lang='lat' dir='ltr'>unde</span> <span class='ocrx_word' id='word_1_833' title='bbox 2355 5147 2454 5202; x_wconf 89' lang='lat' dir='ltr'>per</span> <span class='ocrx_word' id='word_1_834' title='bbox 2476 5131 2784 5186; x_wconf 89' lang='lat' dir='ltr'>columbam</span> <span class='ocrx_word' id='word_1_835' title='bbox 2831 5130 3052 5201; x_wconf 88' lang='lat' dir='ltr'>spiritus</span> <span class='ocrx_word' id='word_1_836' title='bbox 3098 5129 3373 5200; x_wconf 89' lang='lat' dir='ltr'>accipitur,</span> <span class='ocrx_word' id='word_1_837' title='bbox 3434 5144 3603 5200; x_wconf 88' lang='lat' dir='ltr'>quam</span> <span class='ocrx_word' id='word_1_838' title='bbox 3663 5144 3804 5185; x_wconf 88' lang='lat' dir='ltr'>ven-</span> 
     </span>
    </p>
   </div>
   <div class='ocr_carea' id='block_1_113' title="bbox 2183 5217 3804 5285">
    <p class='ocr_par' dir='ltr' id='par_1_113' title="bbox 2183 5217 3804 5285">
     <span class='ocr_line' id='line_1_113' title="bbox 2183 5217 3804 5285; baseline 0.001 -12"><span class='ocrx_word' id='word_1_839' title='bbox 2183 5221 2317 5274; x_wconf 92' lang='lat' dir='ltr'>dunt</span> <span class='ocrx_word' id='word_1_840' title='bbox 2363 5219 2677 5276; x_wconf 86' lang='lat' dir='ltr'>Simoniaci.</span> <span class='ocrx_word' id='word_1_841' title='bbox 2727 5221 2992 5275; x_wconf 91' lang='lat' dir='ltr'>Nummos</span> <span class='ocrx_word' id='word_1_842' title='bbox 3040 5220 3169 5274; x_wconf 90' lang='lat' dir='ltr'>dant</span> <span class='ocrx_word' id='word_1_843' title='bbox 3213 5227 3396 5274; x_wconf 91' lang='lat' dir='ltr'>mutuo</span> <span class='ocrx_word' id='word_1_844' title='bbox 3425 5217 3481 5271; x_wconf 89' lang='lat' dir='ltr'>in</span> <span class='ocrx_word' id='word_1_845' title='bbox 3509 5217 3804 5285; x_wconf 88' lang='lat' dir='ltr'>Ecclesia,</span> 
     </span>
    </p>
   </div>
   <div class='ocr_carea' id='block_1_114' title="bbox 2189 5307 3811 5379">
    <p class='ocr_par' dir='ltr' id='par_1_114' title="bbox 2189 5307 3811 5379">
     <span class='ocr_line' id='line_1_114' title="bbox 2189 5307 3811 5379; baseline 0.001 -18"><span class='ocrx_word' id='word_1_846' title='bbox 2189 5307 2285 5379; x_wconf 90' lang='lat' dir='ltr'>qui</span> <span class='ocrx_word' id='word_1_847' title='bbox 2342 5323 2453 5363; x_wconf 91' lang='lat' dir='ltr'>non</span> <span class='ocrx_word' id='word_1_848' title='bbox 2503 5308 2748 5364; x_wconf 90' lang='lat' dir='ltr'>simulate</span> <span class='ocrx_word' id='word_1_849' title='bbox 2807 5308 3138 5375; x_wconf 73' lang='lat' dir='ltr'>cmlestibus,</span> <span class='ocrx_word' id='word_1_850' title='bbox 3195 5308 3294 5363; x_wconf 91' lang='lat' dir='ltr'>sed</span> <span class='ocrx_word' id='word_1_851' title='bbox 3341 5313 3524 5377; x_wconf 90' lang='lat' dir='ltr'>aperte</span> <span class='ocrx_word' id='word_1_852' title='bbox 3552 5308 3811 5363; x_wconf 86' lang='lat' dir='ltr'>terrenis</span> 
     </span>
    </p>
   </div>
   <div class='ocr_carea' id='block_1_115' title="bbox 2196 5395 3816 5467">
    <p class='ocr_par' dir='ltr' id='par_1_115' title="bbox 2196 5395 3816 5467">
     <span class='ocr_line' id='line_1_115' title="bbox 2196 5395 3816 5467; baseline 0.001 -16"><span class='ocrx_word' id='word_1_853' title='bbox 2196 5397 2462 5452; x_wconf 89' lang='lat' dir='ltr'>serviunt.</span> <span class='ocrx_word' id='word_1_854' title='bbox 2488 5398 2556 5452; x_wconf 86' lang='lat' dir='ltr'>Hi</span> <span class='ocrx_word' id='word_1_855' title='bbox 2607 5414 2798 5453; x_wconf 91' lang='lat' dir='ltr'>omnes</span> <span class='ocrx_word' id='word_1_856' title='bbox 2831 5397 3118 5467; x_wconf 90' lang='lat' dir='ltr'>ejiciuntur</span> <span class='ocrx_word' id='word_1_857' title='bbox 3174 5397 3242 5451; x_wconf 88' lang='lat' dir='ltr'>de</span> <span class='ocrx_word' id='word_1_858' title='bbox 3271 5404 3422 5466; x_wconf 91' lang='lat' dir='ltr'>parte</span> <span class='ocrx_word' id='word_1_859' title='bbox 3477 5395 3652 5450; x_wconf 88' lang='lat' dir='ltr'>sortis</span> <span class='ocrx_word' id='word_1_860' title='bbox 3687 5413 3816 5452; x_wconf 87' lang='lat' dir='ltr'>san-</span> 
     </span>
    </p>
   </div>
   <div class='ocr_carea' id='block_1_116' title="bbox 2188 5482 3808 5557">
    <p class='ocr_par' dir='ltr' id='par_1_116' title="bbox 2188 5482 3808 5557">
     <span class='ocr_line' id='line_1_116' title="bbox 2188 5482 3808 5557; baseline -0.001 -15"><span class='ocrx_word' id='word_1_861' title='bbox 2188 5494 2421 5555; x_wconf 90' lang='lat' dir='ltr'>ctorum,</span> <span class='ocrx_word' id='word_1_862' title='bbox 2453 5487 2543 5557; x_wconf 91' lang='lat' dir='ltr'>qui</span> <span class='ocrx_word' id='word_1_863' title='bbox 2556 5487 2642 5542; x_wconf 92' lang='lat' dir='ltr'>vel</span> <span class='ocrx_word' id='word_1_864' title='bbox 2674 5486 2793 5542; x_wconf 88' lang='lat' dir='ltr'>ﬁcte</span> <span class='ocrx_word' id='word_1_865' title='bbox 2823 5486 2986 5554; x_wconf 91' lang='lat' dir='ltr'>bona,</span> <span class='ocrx_word' id='word_1_866' title='bbox 3020 5486 3106 5541; x_wconf 91' lang='lat' dir='ltr'>vel</span> <span class='ocrx_word' id='word_1_867' title='bbox 3135 5493 3320 5556; x_wconf 88' lang='lat' dir='ltr'>aperte</span> <span class='ocrx_word' id='word_1_868' title='bbox 3365 5484 3508 5538; x_wconf 86' lang='lat' dir='ltr'>mala</span> <span class='ocrx_word' id='word_1_869' title='bbox 3560 5482 3808 5553; x_wconf 82' lang='lat' dir='ltr'>faciunt,</span> 
     </span>
    </p>
   </div>
   <div class='ocr_carea' id='block_1_117' title="bbox 2188 5573 3810 5648">
    <p class='ocr_par' dir='ltr' id='par_1_117' title="bbox 2188 5573 3810 5648">
     <span class='ocr_line' id='line_1_117' title="bbox 2188 5573 3810 5648; baseline 0.002 -18"><span class='ocrx_word' id='word_1_870' title='bbox 2188 5583 2240 5630; x_wconf 93' lang='lat' dir='ltr'>et</span> <span class='ocrx_word' id='word_1_871' title='bbox 2269 5574 2521 5632; x_wconf 87' lang='lat' dir='ltr'>funiculis</span> <span class='ocrx_word' id='word_1_872' title='bbox 2551 5584 2902 5648; x_wconf 88' lang='lat' dir='ltr'>peccatorum</span> <span class='ocrx_word' id='word_1_873' title='bbox 2932 5575 3096 5632; x_wconf 91' lang='lat' dir='ltr'>modo</span> <span class='ocrx_word' id='word_1_874' title='bbox 3125 5573 3468 5647; x_wconf 85' lang='lat' dir='ltr'>ﬂagellantur</span> <span class='ocrx_word' id='word_1_875' title='bbox 3495 5573 3567 5628; x_wconf 87' lang='lat' dir='ltr'>ad</span> <span class='ocrx_word' id='word_1_876' title='bbox 3599 5589 3810 5632; x_wconf 87' lang='lat' dir='ltr'>corre—</span> 
     </span>
    </p>
   </div>
  </div>
