3932 6178
228 199 317 252 365

1155 188 1426 245 GLOSSA
1465 186 1873 246 ORDINARIA.
1913 215 1980 224 —
2016 185 2282 241 EVANG.
2322 184 2520 242 JOAN.

3416 185 3520 240 366

225 319 469 383 ctionem;
499 315 607 386 qui,
636 313 681 368 si
731 312 1015 369 incorrecti
1047 314 1474 384 permanserint,
1510 313 1562 366 in
1593 309 1700 367 ﬁne
1732 310 1802 365 li-
1825 311 1880 369 A
1909 319 2028 380 pter
2055 311 2210 380 signa
2243 327 2362 380 qua:
2392 309 2630 375 viderat,
2673 308 2771 363 sed
2821 307 3060 364 nondum
3108 315 3326 362 renatus
3378 315 3513 375 erat,

229 407 491 479 gabuntur.
529 403 670 458 Oves
712 418 924 474 quoque
965 410 1016 456 et
1059 403 1226 457 boves
1267 403 1440 471 ejicit,
1477 401 1599 472 quia
1629 399 1809 454 talium

231 496 376 551 vitam
433 500 482 547 et
519 490 810 546 doctrinam
876 491 1108 546 ostendit
1146 492 1446 561 reprobam.
1490 491 1558 544 Et
1594 505 1811 543 mensas

232 573 504 647 subvertit,
557 581 679 653 quia
727 580 781 634 in
832 578 941 633 ﬁne
987 579 1122 650 ipsa:
1170 596 1256 634 res
1305 596 1435 650 quas
1487 579 1805 643 dilexerunt,

233 671 574 725 destruuntur.
626 670 690 724 Et
730 668 1004 722 ascendit.
1043 667 1098 722 Si
1137 667 1254 738 ipse
1295 667 1384 738 qui
1425 667 1569 721 dedit
1594 666 1812 722 decreta

231 759 342 822 Dei,
389 756 642 822 custodit,
693 756 849 810 docet
903 763 1100 826 quanta
1146 772 1272 810 cura
1315 755 1622 810 hominibus
1653 754 1812 808 debet

233 863 340 902 esse
378 861 603 900 vacarea
633 844 959 899 orationibus
989 852 1043 898 et
1084 843 1185 898 Dei
1224 843 1674 898 solemnitatibus.
1721 841 1811 896 Bis

227 935 401 1006 legitur
451 934 518 986 ad
576 933 780 988 Pascha
836 931 1172 987 ascendisse.
1220 932 1398 987 Semel
1439 931 1616 1003 primo
1668 945 1810 984 anno

230 1020 640 1094 praedicationis,
697 1021 936 1076 nondum
987 1022 1312 1076 incarcerato
1371 1021 1608 1087 Joanne,
1668 1019 1810 1073 unde

233 1111 308 1166 hic
349 1110 530 1182 agitur.
585 1111 835 1165 Secundo
885 1126 1005 1165 cum
1055 1111 1122 1164 ad
1171 1110 1481 1180 passionem
1509 1109 1640 1174 iret,
1677 1116 1728 1162 et
1755 1107 1809 1162 in

238 1208 440 1270 utroque
472 1198 767 1254 vendentes
801 1199 957 1268 ejecit
988 1198 1054 1253 de
1088 1198 1308 1270 templo.

297 1325 449 1378 Vens.
486 1323 576 1376 14.
605 1352 676 1363 —
707 1324 776 1377 Et
809 1324 1026 1378 invenit
1064 1325 1125 1376 in
1163 1323 1390 1393 templo.
1425 1320 1479 1374 Si
1515 1321 1567 1374 in
1599 1319 1810 1391 figurali

235 1411 407 1481 templo
436 1427 510 1481 qu
538 1411 613 1466 od
646 1419 727 1465 est
786 1411 977 1464 domus
1039 1409 1316 1474 orationis,
1364 1408 1612 1479 prohibet
1641 1423 1812 1479 nego-

232 1500 478 1554 tiationem
563 1516 686 1570 quae
760 1499 988 1553 honesta
1066 1506 1303 1568 putatur,
1354 1514 1475 1553 cum
1519 1497 1587 1550 sit
1625 1497 1691 1551 de
1725 1497 1808 1550 his

234 1605 335 1658 quae
384 1587 436 1640 in
479 1587 681 1658 templo
727 1586 1053 1652 offeruntur,
1114 1595 1314 1658 quanto
1341 1586 1515 1657 magis
1559 1586 1808 1657 prohibet

236 1676 510 1746 potationes
542 1685 594 1731 et
621 1684 819 1731 caetera
848 1676 1110 1748 graviora
1128 1675 1155 1728 ?

296 1766 449 1819 Vens.
507 1767 593 1819 15.
621 1795 692 1804 —
738 1767 814 1819 De
856 1766 1170 1835 funiculis.
1224 1763 1466 1818 Funiculi
1502 1763 1696 1834 quibus
1731 1761 1820 1831 eji-

240 1854 423 1910 ciuntur
467 1863 588 1908 sunt
644 1854 972 1908 incrementa
1017 1853 1284 1908 actionum
1341 1853 1626 1917 malarum,
1675 1852 1819 1907 unde

232 1943 403 1998 Isaias:
444 1945 523 1998 Vae
539 1944 639 2014 qui
670 1943 899 1997 trahitis
929 1942 1289 2014 iniquitatem
1319 1944 1382 1996 in
1420 1942 1701 2013 funiculis
1730 1959 1818 1997 va°

233 2032 408 2086 uitatis
437 2032 565 2101 (lsa.
602 2031 682 2101 v).
715 2032 782 2084 Et
815 2031 1069 2085 Salomon
1095 2048 1107 2084 :
1129 2031 1424 2086 Funiculis
1455 2033 1816 2102 peccatorum

234 2137 436 2176 suorum
457 2122 692 2192 quisque
723 2122 1116 2190 contringitur
1147 2120 1328 2189 (Prov.
1363 2119 1442 2188 v.)

293 2235 447 2289 Vens.
482 2238 566 2289 16.
597 2264 670 2274 —
695 2234 800 2300 Qui
827 2234 1131 2289 columbas.
1166 2234 1286 2288 Non
1311 2233 1486 2288 solum
1519 2232 1814 2288 vendentes

233 2323 496 2390 columbas,
529 2323 629 2378 sed
660 2323 817 2377 etiam
849 2322 934 2375 alii
982 2323 1200 2376 domum
1247 2322 1345 2376 Dei
1377 2322 1575 2376 faciunt
1597 2321 1811 2376 donmm

236 2412 604 2483 negotiationis,
662 2412 718 2465 id
747 2419 827 2466 est
875 2427 1064 2466 omnes
1116 2411 1207 2481 qui
1251 2419 1495 2482 quaerunt
1548 2427 1668 2483 qua:
1717 2426 1815 2466 sua

239 2509 358 2564 sunt,
391 2517 492 2556 non
518 2517 644 2572 qua:
669 2502 799 2554 Jesu
832 2499 1052 2554 Christi.

295 2606 450 2660 Vens.
475 2609 559 2661 17.
584 2637 658 2646 —
676 2607 842 2662 Zelus
865 2606 1060 2662 domus
1085 2609 1215 2660 tute.
1249 2605 1442 2675 (Αυο.)
1472 2605 1649 2659 Bonus
1670 2604 1815 2659 zelus

247 2703 314 2750 est
339 2695 505 2751 fervor
529 2695 719 2760 animi,
756 2711 860 2766 quo
891 2711 1073 2760 mens,
1108 2694 1314 2763 abjecto
1346 2693 1579 2748 humano
1607 2694 1815 2760 timore,

236 2799 316 2854 pro
343 2782 653 2840 defensione
700 2783 941 2838 veritatis
991 2783 1327 2838 accenditur.
1367 2781 1451 2837 Ab
1484 2797 1549 2836 eo
1579 2783 1818 2838 comedi-

238 2880 319 2940 tur,
347 2873 427 2944 qui
458 2873 714 2944 quaelibet
743 2887 906 2944 prava
928 2889 1048 2943 quae
1079 2871 1288 2936 viderit,
1339 2870 1612 2941 corrigere
1663 2879 1813 2926 sata-

243 2960 332 3030 git;
360 2961 401 3014 si
428 2961 631 3033 nequit,
670 2960 860 3015 tolerat
885 2967 936 3015 et
961 2959 1146 3031 gemit.

296 3075 445 3130 Vens.
481 3081 562 3131 18.
599 3107 672 3116 —
707 3076 857 3142 Quod
897 3078 1125 3147 signum
1168 3074 1416 3130 ostendis
1456 3074 1612 3130 nobis
1635 3115 1650 3139 ,
1682 3075 1812 3146 quia

241 3163 333 3218 hac
374 3166 550 3233 fac-is?
595 3165 919 3236 Respondit.
974 3163 1111 3232 Quia
1157 3164 1372 3234 signum
1411 3169 1618 3234 qaerunt
1647 3177 1814 3233 quare

239 3251 368 3305 solita
395 3253 716 3308 commercia
745 3253 812 3307 de
843 3252 1044 3322 templo
1095 3251 1280 3320 ejicit?
1323 3259 1375 3306 et
1420 3251 1492 3305 ait
1525 3268 1537 3305 :
1587 3253 1810 3308 Solvite.

241 3336 376 3405 Quasi
407 3341 544 3396 dicat
579 3359 590 3394 :
629 3341 769 3409 Quia
819 3341 922 3396 hoc
961 3340 1217 3411 templum
1265 3338 1531 3411 signiﬁcat
1556 3339 1812 3411 templum

240 3430 444 3499 corporis
477 3431 527 3483 in
559 3446 673 3501 quo
722 3429 866 3483 nulla
912 3438 992 3483 est
1039 3429 1245 3483 macula
1295 3436 1347 3483 et
1392 3428 1583 3483 merito
1611 3429 1716 3483 hoc
1742 3427 1812 3480 fi-

241 3517 394 3584 gurale
422 3534 614 3589 purgo,
650 3518 739 3589 qui
772 3517 904 3571 illud
932 3517 1000 3571 ab
1032 3517 1338 3572 hominibus
1371 3526 1542 3573 morte
1579 3516 1812 3572 solutum

243 3604 391 3660 divina
418 3607 658 3678 potentia
685 3607 949 3662 suscitare
980 3621 1136 3677 queo.

298 3711 444 3766 Vnns.
475 3717 563 3770 20.
597 3743 668 3753 —
698 3715 985 3768 Dixerunt
1015 3728 1162 3783 ergo.
1223 3712 1474 3767 Camales
1533 3711 1814 3767 carnaliter

240 3801 496 3869 sapiebant,
531 3803 624 3856 ille
654 3801 1000 3872 spiritualiter
1045 3800 1380 3872 loquebatur.
1430 3799 1587 3868 Quod
1631 3800 1812 3856 Evan-

242 3889 403 3958 gelista
431 3891 584 3946 nobis
618 3891 789 3962 aperit
823 3907 835 3943 :
868 3891 968 3945 Ille
1003 3893 1197 3944 autem
1227 3889 1445 3944 dicebat
1493 3889 1559 3944 de
1606 3889 1810 3961 templo

243 3982 454 4050 corporis
484 3983 592 4035 sui.

302 4067 668 4139 Quadraginta
700 4071 755 4121 et
784 4083 906 4121 sex.
931 4067 1123 4136 (Anc.)
1141 4064 1366 4120 Anatole
1389 4064 1576 4120 Graece
1606 4064 1806 4130 oriens,

245 4152 402 4222 dysme
429 4157 716 4219 occidens,
751 4163 924 4210 arctes
959 4154 1252 4224 septentrio
1277 4198 1289 4217 ,
1342 4161 1468 4220 etc.,
1519 4169 1692 4225 usque
1740 4152 1811 4206 ad

246 4242 320 4308 qui
352 4245 608 4298 senarium
667 4259 950 4298 numerum
1008 4241 1332 4313 quadragies
1381 4241 1558 4296 sexies
1589 4241 1806 4295 habent.

301 4331 660 4400 Ediﬁcatum.
695 4331 886 4400 (Λυσι.)
942 4329 1240 4386 ιΕώῆοθιὶο
1270 4329 1571 4388 Salomonis
1602 4336 1809 4399 septem

245 4418 374 4472 annis
401 4420 634 4490 perfecta
659 4428 738 4476 est
759 4465 771 4485 ,
809 4427 946 4488 etc.,
978 4435 1149 4491 usque
1180 4419 1251 4474 ad
1280 4418 1423 4473 unde
1467 4417 1659 4473 dicitur
1688 4417 1805 4474 ele-

247 4513 316 4560 cto
339 4524 450 4563 esse
479 4509 896 4580 congregandos
925 4525 954 4561 a
983 4516 1210 4579 quatuor
1237 4506 1434 4561 ventis.

305 4606 450 4660 Vnns.
480 4612 568 4663 23.
601 4638 671 4648 —
705 4609 844 4664 Cum
896 4610 1108 4662 autem.
1152 4606 1460 4659 Conventus
1501 4602 1715 4668 adibat,
1751 4610 1807 4656 ut

247 4693 396 4748 verbis
421 4705 470 4750 et
489 4696 662 4767 signis
682 4695 865 4766 plures
888 4701 1238 4750 converteret.
1259 4694 1326 4747 Et
1347 4691 1469 4764 quia
1491 4691 1652 4762 aliqui
1675 4690 1804 4746 solis

245 4779 388 4851 signis
416 4785 540 4840 moti
580 4784 871 4839 credebant
919 4783 972 4837 in
1020 4799 1142 4838 eum
1168 4826 1180 4848 ,
1233 4796 1358 4838 vere
1401 4779 1619 4852 quidem
1643 4823 1656 4845 ,
1707 4781 1804 4836 sed

245 4875 392 4925 tamen
417 4872 501 4940 ita,
534 4881 592 4928 ut
619 4880 844 4944 possent
892 4879 1078 4943 postea
1120 4871 1174 4924 in
1222 4870 1475 4942 passione
1504 4869 1620 4938 ejus
1647 4885 1803 4924 scan-

246 4956 461 5026 dalizari,
508 4971 562 5016 et
613 4961 736 5032 quia
781 4961 1019 5016 nondum
1067 4966 1216 5015 erant
1260 4958 1431 5013 renati
1473 4975 1538 5012 ex
1585 4974 1722 5030 aqua
1751 4965 1806 5014 et

248 5046 431 5117 spiritu,
460 5065 567 5106 non
615 5058 761 5105 erant
807 5049 958 5121 digni
1005 5049 1199 5121 quibus
1243 5063 1303 5102 se
1351 5047 1596 5102 crederet
1622 5047 1799 5113 Jesus,

244 5141 286 5186 et
310 5133 620 5194 familiariter
644 5139 987 5195 cohabitaret.
1040 5137 1250 5192 Sciebat
1297 5135 1442 5191 enim
1487 5135 1614 5206 quid
1659 5143 1804 5191 esset

245 5218 287 5274 in
325 5224 444 5293 illis,
493 5227 687 5282 melius
736 5244 894 5299 quam
939 5227 1055 5298 ipse
1107 5226 1266 5280 homo
1299 5225 1367 5280 de
1398 5240 1476 5280 se.
1511 5226 1636 5278 Harc
1666 5223 1804 5278 ﬁdes

245 5316 459 5369 convenit
487 5317 917 5383 catechumenis,
981 5315 1071 5387 qui
1127 5314 1351 5370 credunt
1404 5313 1457 5368 in
1513 5328 1672 5380 eum,
1706 5312 1802 5367 sed

247 5400 470 5468 quianon
495 5413 619 5459 sunt
648 5407 847 5475 renati,
910 5421 1017 5459 non
1073 5403 1306 5458 creditur
1362 5401 1440 5456 eis
1495 5400 1801 5456 communio

245 5491 447 5559 corporis
475 5501 526 5547 et
556 5493 834 5566 sanguinis
873 5493 1089 5547 Christi.
1134 5493 1214 5546 De
1263 5491 1454 5544 talibus
1504 5498 1611 5544 erat
1640 5489 1802 5543 Nico-

244 5572 420 5646 demus,
451 5581 541 5652 qui
570 5582 795 5640 credens
823 5581 952 5637 dicit
981 5598 1106 5638 eum
1151 5595 1185 5636 a
1235 5581 1351 5637 Deo
1380 5579 1630 5649 venisse,
1663 5594 1798 5650 pro-

1911 407 1963 453 et
1991 399 2112 455 ideo
2144 407 2300 454 nocte
2325 399 2472 454 venit
2496 443 2510 465 ,
2543 414 2652 455 non
2681 397 2788 464 die,
2822 398 2950 469 quia
2976 397 3214 454 nondum
3243 397 3514 453 illumina-

1909 495 1994 542 tus
2017 487 2225 545 cmlesti
2253 486 2474 543 lumine.

2531 630 2757 686 CAPUT
2795 629 2886 684 III.

1984 771 2154 826 Vens.
2190 774 2239 824 1.
2275 773 2501 826 —Erat
2529 776 2723 828 autem
2745 772 2922 837 homo,
2959 778 3062 826 etc.
3098 771 3196 825 Hic
3227 779 3342 826 erat
3373 786 3513 826 unus

1912 874 1977 912 ex
2008 859 2109 924 his,
2144 859 2232 930 qui
2261 876 2359 930 per
2387 859 2539 931 signa
2599 861 2959 916 crediderant.
3024 861 3353 917 Nicodamus
3406 876 3515 916 no-

1910 949 2085 1004 mine.
2119 948 2482 1013 Nicodemus,
2517 948 2736 1003 victoria
2763 949 2980 1020 populi,
3013 949 3098 1003 vel
3128 948 3301 1003 victor
3326 947 3512 1018 populi

1913 1044 2134 1106 gestans
2175 1036 2401 1107 figuram
2440 1037 2679 1092 omnium
2725 1038 2818 1108 qui
2867 1054 2931 1091 ex
2979 1037 3203 1092 Judaico
3231 1037 3430 1108 populo
3456 1036 3514 1090 in

1912 1124 2182 1180 Christum
2215 1126 2498 1180 credentes
2530 1142 2627 1196 per
2656 1125 2817 1180 ﬁdem
2847 1125 3068 1180 vincunt
3096 1126 3377 1180 mundum.

1985 1233 2152 1287 Vens.
2189 1237 2242 1289 2.
2275 1264 2342 1271 -
2373 1234 2469 1288 IIic
2493 1234 2663 1299 venit,
2700 1242 2802 1287 etc.
2836 1234 2954 1288 Nox
2986 1232 3257 1304 signiﬁcat
3283 1233 3512 1289 litteram

1910 1320 2069 1391 legis,
2102 1321 2189 1375 vel
2218 1321 2576 1392 ignorantiam
2607 1322 2814 1388 cordis,
2847 1321 2932 1376 vel
2963 1321 3228 1378 timorem.
3260 1323 3327 1376 Et
3353 1330 3514 1378 nocte

1911 1409 2033 1463 ideo
2065 1409 2284 1464 forsitan
2318 1411 2499 1475 venit,
2561 1411 2683 1481 quia
2728 1411 2988 1481 magister
3036 1411 3089 1464 in
3141 1411 3306 1464 Israel
3335 1411 3512 1482 palam

1910 1497 2090 1552 dicere
2137 1499 2519 1568 erubesceret,
2564 1499 2648 1553 vel
2693 1516 2790 1569 pro
2834 1508 2982 1553 metu
3031 1499 3359 1554 Judreorum.
3414 1499 3516 1555 Hic

1912 1585 2033 1656 quia
2064 1587 2359 1657 prudenter
2405 1595 2590 1658 aperta
2642 1588 2800 1660 signa
2829 1588 3066 1654 notavit,
3129 1587 3342 1658 plenius
3386 1604 3511 1660 my-

1828 1667 1880 1726 B
1911 1675 2070 1729 steria
2101 1675 2226 1731 ﬁdei
2255 1676 2498 1748 requirit,
2535 1684 2586 1731 et
2617 1675 2738 1732 ideo
2768 1676 2959 1731 meruit
2990 1676 3287 1748 doceri‘jde
3319 1676 3518 1734 deitate

1919 1764 2117 1819 Christi
2144 1773 2195 1820 et
2225 1764 2393 1834 ipsius
2421 1772 2640 1836 utraque
2681 1765 2952 1820 nativitate
2977 1810 2989 1831 ,
3025 1766 3093 1820 de
3121 1765 3374 1836 passione
3398 1806 3411 1834 ,
3447 1765 3518 1822 de

1918 1853 2311 1908 resurrectione
2343 1861 2393 1909 et
2423 1853 2760 1919 ascensione,
2786 1854 2853 1908 de
2881 1854 3118 1908 secunda
3143 1853 3512 1926 generatione,

1917 1950 1970 1996 et
2000 1942 2251 2014 ingressu
2267 1942 2420 2015 regni
2446 1941 2722 2008 ccelorum,
2755 1950 2807 1998 et
2836 1942 2903 1997 de
2932 1942 3050 1997 aliis
3079 1942 3340 2013 pluribus.

1990 2059 2160 2113 Vens.
2193 2061 2246 2112 3.
2279 2088 2349 2098 —
2378 2059 2575 2124 Amen,
2609 2075 2776 2114 amen
2824 2059 2964 2113 dico.
3013 2057 3136 2114 Non
3165 2055 3519 2130 interroganti

1917 2147 2211 2202 secundam
2240 2147 2568 2201 nativitatem
2601 2147 2838 2218 exponit,
2873 2163 2941 2200 ne
2972 2147 3157 2202 credat
3184 2147 3516 2202 Nicodemus

1917 2234 2087 2288 solam
2115 2234 2298 2301 ﬁdem,
2351 2243 2678 2306 quapropter
2733 2235 2847 2289 visa
2901 2234 3056 2306 signa
3107 2233 3404 2290 crediderat
3460 2235 3518 2290 in

1915 2323 2100 2378 Jesum
2147 2322 2400 2379 sufﬁcere
2430 2323 2498 2377 ad
2527 2323 2754 2378 salutem
2811 2323 3013 2394 absque
3071 2323 3363 2393 spiritualis
3423 2339 3517 2380 re-

1915 2412 2283 2482 generationis
2317 2411 2539 2478 virtute,
2576 2419 2629 2466 et
2655 2412 2858 2482 absque
2914 2412 3282 2467 sacramentis.
3339 2412 3515 2467 Etiam

1916 2501 2045 2570 quia
2071 2500 2343 2554 hominem
2373 2517 2567 2570 purum
2614 2499 2947 2572 intelligebat
3003 2516 3127 2554 eum
3184 2500 3518 2555 Nicodemus

1915 2598 1968 2644 ut
1996 2591 2257 2644 Joannem
2287 2589 2600 2659 Baptistam,
2635 2589 2719 2643 vel
2751 2587 3043 2659 quemlibet
3095 2605 3160 2644 ex
3212 2588 3512 2660 prophetis,

1916 2677 2039 2732 ideo
2068 2677 2286 2749 incoepit
2316 2694 2439 2733 eum
2468 2678 2736 2732 instruere
2778 2679 2935 2732 Jesus
2966 2677 3034 2732 de
3064 2677 3298 2732 secunda
3354 2693 3518 2751 rege-

1915 2766 2211 2833 neratione,
2244 2783 2350 2838 qua
2385 2766 2637 2838 intelligit
2662 2783 2786 2822 eum
2814 2765 3006 2821 Filium
3035 2765 3155 2834 Dei,
3189 2774 3241 2822 et
3268 2782 3329 2823 se
3355 2780 3521 2838 posse

1917 2855 2110 2910 Filium
2141 2856 2240 2910 Dei
2272 2854 2411 2910 ﬁeri.

1987 2945 2178 3014 (Aue.)
2219 2945 2466 2999 Secunda
2514 2943 2766 3000 nativitas
2797 2943 2866 2999 de
2895 2959 2998 3016 qua
3028 2943 3186 3000 docet
3219 2945 3379 3000 Jesus
3408 2944 3520 3015 spi-

1842 3031 2119 3094 Critualis
2170 3041 2271 3099 est,
2323 3050 2443 3104 qua:
2487 3041 2572 3089 est
2598 3049 2664 3088 ex
2704 3034 2821 3089 Deo
2850 3042 2903 3088 et
2932 3032 3178 3089 Ecclesia
3225 3033 3294 3088 ad
3332 3033 3516 3101 vitam,

1913 3123 2011 3176 sed
2056 3121 2146 3176 ille
2189 3122 2360 3176 solam
2410 3122 2678 3178 carnalem
2710 3121 2846 3193 sapit
2891 3139 3014 3193 quae
3039 3129 3123 3177 est
3171 3137 3236 3178 ex
3265 3122 3438 3176 Adam
3467 3130 3528 3178 et

1911 3210 2026 3265 Eva
2073 3211 2141 3264 ad
2192 3219 2438 3266 mortem.
2473 3211 2579 3265 Sed
2611 3211 2750 3265 sicut
2781 3210 3051 3266 carnalem
3104 3209 3232 3266 dicit
3271 3211 3373 3266 iste
3406 3225 3515 3266 non

1911 3315 2075 3371 posse
2127 3299 2324 3366 iterari,
2375 3300 2455 3355 sic
2503 3308 2555 3354 et
2603 3299 2892 3370 spiritualis
2933 3316 2964 3353 a
3011 3315 3333 3372 quocunque
3377 3298 3519 3356 facta

1912 3404 2022 3442 non
2050 3397 2228 3460 potest
2257 3388 2454 3443 iterari.
2489 3389 2570 3442 Ex
2601 3388 2808 3442 semine
2831 3387 2974 3442 enim
3003 3389 3115 3444 veri
3137 3388 3366 3444 Abrahaa
3394 3395 3519 3443 sunt

1913 3477 2050 3542 nati,
2086 3477 2201 3532 sive
2229 3494 2329 3548 per
2357 3477 2588 3532 liberam
2622 3476 2736 3532 sive
2763 3493 2862 3546 per
2889 3475 3158 3530 ancillam.

1983 3567 2102 3620 Nisi
2133 3568 2276 3637 quis.
2307 3565 2687 3620 Necessarium
2735 3573 2817 3619 est
2864 3563 3075 3618 visibile
3121 3571 3516 3620 sacramentum

1911 3670 2064 3724 aqua}
2090 3655 2158 3707 ad
2207 3653 2536 3708 ablutionem
2563 3652 2792 3708 visibilis
2823 3653 3064 3722 corporis
3087 3696 3100 3718 ,
3130 3653 3268 3709 sicut
3298 3662 3381 3708 est
3409 3669 3512 3708 ne—

1912 3743 2146 3798 cessaria
2191 3742 2434 3797 doctrina
2497 3740 2781 3796 invisibilis
2817 3739 2990 3806 ﬁdei,
3043 3748 3096 3795 et
3133 3741 3201 3794 ad
3246 3740 3521 3797 santifica-

1910 3831 2111 3886 tionem
2140 3830 2334 3886 anima:
2364 3828 2669 3886 invisibilis.

1982 3923 2232 3977 Renatus
2260 3920 2459 3991 fuerit.
2488 3918 2744 3990 (Caras)
2774 3917 2886 3973 Hoc
2919 3926 3020 3987 est,
3062 3917 3107 3972 si
3134 3926 3190 3972 tu
3217 3933 3328 3974 non
3355 3925 3516 3974 natus

1911 4010 2074 4066 fueris
2114 4010 2376 4080 desuper,
2429 4016 2480 4062 et
2522 4007 2834 4078 dogmatum
2880 4005 3183 4078 susceperis
3230 4007 3512 4064 certitudi-

1909 4116 2036 4154 nem
2065 4097 2281 4162 alicubi,
2315 4104 2461 4153 extra
2483 4112 2632 4152 erras
2663 4104 2716 4151 et
2751 4096 2916 4167 longe
2946 4111 3007 4151 es
3056 4111 3090 4150 a
3135 4111 3304 4167 regno
3351 4095 3512 4153 ccelo-

1909 4205 2046 4253 rum,
2093 4187 2332 4258 seipsum
2380 4187 2470 4241 hic
2515 4184 2808 4240 ostendens
2851 4192 2903 4240 et
2945 4185 3212 4252 indicans,
3259 4184 3511 4254 quoniam

1909 4292 2018 4332 non
2069 4283 2151 4330 est
2199 4275 2300 4329 hoc
2340 4281 2545 4329 tantum
2593 4273 2738 4344 quod
2786 4273 3014 4339 videtur,
3057 4273 3154 4331 sed
3192 4271 3312 4328 aliis
3341 4271 3511 4329 oculis

1828 4390 1880 4450 D
1911 4381 2046 4436 opus
2078 4372 2163 4419 est
2190 4364 2257 4418 ad
2284 4362 2576 4419 videndum
2602 4363 2796 4418 Deum.

1979 4481 2148 4535 Vens.
2181 4482 2233 4533 ὃ.
2276 4509 2343 4518 -
2390 4480 2478 4533 Ex
2522 4493 2685 4549 aqua.
2748 4475 2827 4530 Ex
2881 4491 3019 4546 aqua
3072 4473 3269 4529 visibili
3325 4489 3506 4530 sacra-

1905 4577 2108 4637 mento,
2142 4577 2194 4624 et
2223 4567 2436 4638 spiritu,
2465 4564 2722 4620 invisibili
2768 4562 3076 4633 intellectu,
3109 4570 3166 4617 ut
3195 4563 3502 4635 symbolum

1905 4657 2155 4730 baptismi
2198 4655 2477 4710 visibiliter
2522 4652 2766 4724 accipiat,
2811 4659 2863 4708 et
2911 4651 3239 4724 spiritualem
3288 4652 3507 4709 intelle-

1906 4756 2048 4804 ctum
2094 4745 2263 4817 ipsius
2311 4742 2541 4816 symboli
2586 4740 2827 4813 perﬁcat.
2872 4740 2970 4797 Vel
3017 4757 3082 4798 ex
3124 4757 3260 4814 aqua
3301 4741 3500 4799 visibili

1905 4845 1958 4892 et
1985 4835 2181 4907 Spiritu
2212 4841 2413 4890 sancto.

1975 4953 2144 5006 Vens.
2180 4955 2230 5004 6.
2264 4979 2332 4988 —
2365 4948 2516 5015 Quod
2547 4951 2768 5003 natum.
2801 4946 2949 5000 Hanc
2997 4943 3333 5016 spiritualem
3363 4945 3498 5002 nati-

1903 5041 2117 5096 vitatem
2168 5038 2450 5108 distinguit
2494 5052 2527 5092 a
2569 5034 2784 5101 carnali,
2829 5035 3016 5090 dicens
3054 5052 3066 5088 :
3113 5034 3262 5101 Quod
3289 5039 3493 5092 natum

1903 5134 2004 5185 est.
2043 5131 2132 5184 Ex
2179 5143 2369 5183 carne.
2411 5123 2471 5180 Id
2521 5133 2621 5195 est,
2651 5140 2715 5179 ex
2745 5122 2918 5194 primo
2949 5122 3167 5178 homine
3194 5138 3292 5194 per
3316 5125 3493 5181 carnis

1903 5217 2303 5273 successionem
2363 5214 2576 5270 carnale
2634 5220 2735 5268 est.
2815 5211 3046 5267 Nomine
3112 5212 3328 5282 carnis,
3389 5230 3498 5270 non

1901 5307 2076 5362 solum
2106 5321 2344 5371 carnem,
2377 5304 2474 5360 sed
2498 5311 2661 5358 totum
2689 5301 2960 5356 carnalem
2991 5301 3265 5356 hominem
3317 5301 3494 5375 signi-

1901 5397 2041 5452 ﬁcat.
2093 5395 2183 5451 Sic
2228 5401 2445 5450 econtra
2493 5399 2630 5446 totus
2677 5391 2839 5446 homo
2885 5389 3178 5460 spiritualis
3219 5389 3395 5444 anima
3441 5397 3494 5444 et

1901 5500 2130 5556 corpore
2178 5483 2399 5554 spiritus
2462 5480 2677 5536 dicitur.
2735 5481 2804 5535 Et
2847 5478 3006 5551 quod,
3059 5486 3160 5533 etc.
3212 5477 3390 5532 Verbo
3439 5484 3492 5532 et

1899 5580 2232 5632 sacramento
2295 5569 2514 5643 spiritus
2569 5567 2909 5627 invisibiliter
2965 5567 3120 5622 adest
3186 5579 3291 5634 quo
3338 5570 3494 5623 natus
