3932 6178
402 254 507 309 367
824 254 1232 313 WALAFRIDI

1298 255 1542 311 STRABI
1572 254 1772 310 FULD.
1804 252 1977 309 MON.
2013 250 2166 309 OPP.
2199 251 2376 309 PARS
2406 253 2449 309 Ι.
2483 282 2552 294 -
2578 251 3052 309 THEOLOGICA.

3614 247 3713 301 368

407 394 474 434 ex
517 378 688 434 Adam
738 380 808 434 ad
854 387 1082 436 mortem
1120 381 1373 447 nascitur,
1406 379 1571 434 Filius
1598 380 1696 434 Dei
1723 380 1791 434 ad
1821 378 2004 444 vitam,
2036 378 2161 438 Aet
2208 394 2368 433 causa
2411 378 2644 433 habendi
2696 378 2951 448 pradicta
2975 419 2991 445 ,
3043 375 3099 429 in
3145 375 3295 444 cujus
3334 371 3444 428 ﬁde
3474 388 3603 428 eum
3632 371 3716 425 in-

408 466 501 538 qui
556 483 665 523 non
730 475 931 524 tantum
996 469 1288 540 spiritualis
1350 468 1563 534 dicitur,
1624 468 1721 523 sed
1768 467 2009 538 spiritus,

409 555 539 627 quia
596 557 737 613 sicut
792 558 1091 613 substantia
1148 557 1365 628 spiritus
1425 565 1507 612 est
1568 557 1887 626 invisibilis,
1943 557 2013 610 ita

412 642 754 701 invisibiliter
801 662 899 716 per
940 646 1153 701 visibile
1194 654 1590 701 sacramentum
1636 643 1865 700 efﬁcitur
1912 643 2012 699 Dei

424 732 611 789 Filius.
637 735 884 805 Spiritus
904 738 1006 789 est.
1038 735 1160 788 Non
1188 741 1365 788 autem
1390 733 1620 800 mireris,
1646 734 1691 787 si
1724 734 1804 789 sic
1831 740 2012 787 natum

412 820 535 876 dico
577 821 841 892 spiritum,
895 822 1019 892 quia
1041 821 1182 877 sicut
1229 822 1447 893 spiritus
1477 822 1570 876 ubi
1598 822 1707 877 vult
1731 821 1928 891 spirat,
1963 830 2014 876 et

410 909 593 989 nescis
618 909 759 964 unde
788 909 970 977 venit,
1003 918 1091 965 aut
1118 926 1223 983 quo
1253 911 1447 978 vadat,
1480 910 1559 966 sic
1592 918 1675 966 est
1700 909 1877 966 omnis
1924 908 2015 981 qui

411 1006 565 1053 natus
592 1006 674 1053 est
703 1014 769 1053 ex
794 997 1000 1069 spiritu.

480 1110 652 1166 Vens.
684 1114 736 1165 8.
764 1141 834 1152 -—
862 1112 1109 1184 Spiritus
1141 1113 1238 1169 ubi
1272 1114 1413 1169 vult.
1465 1111 1582 1181 Qua
1640 1112 1694 1166 in
1749 1118 2014 1183 potestate

404 1198 565 1254 habet
587 1199 737 1268 cujus
766 1214 860 1255 cor
888 1199 1135 1255 illustret.
1191 1201 1394 1256 Vocem
1438 1201 1553 1269 ejus
1599 1200 1754 1255 audis
1784 1199 1837 1254 in
1865 1198 2013 1255 Scri-

403 1282 575 1354 pturis
602 1326 615 1349 ,
672 1282 761 1338 vel
818 1283 946 1337 dum
1007 1284 1239 1356 loquitur
1293 1284 1487 1356 aliquis
1553 1284 1746 1355 plenus
1815 1283 2014 1354 Spiritu

403 1378 594 1426 sancto
620 1415 633 1437 ,
667 1388 787 1442 quae
816 1379 869 1426 et
900 1371 945 1426 si
974 1372 1128 1427 audis
1152 1416 1165 1439 ,
1198 1372 1379 1428 nescis
1416 1373 1561 1427 unde
1608 1372 1790 1437 venit,
1824 1372 1878 1426 id
1910 1379 2012 1451 est,

407 1459 681 1531 quomodo
713 1475 805 1515 cor
833 1459 975 1515 illius
1024 1460 1273 1530 intravit,
1314 1462 1401 1516 vel
1452 1461 1724 1533 quomodo
1773 1459 2010 1524 redierit,

414 1547 538 1619 quia
593 1556 777 1603 natura
835 1549 949 1618 ejus
996 1558 1078 1605 est
1135 1548 1440 1605 invisibilis.
1492 1550 1579 1605 Sic
1612 1557 1693 1605 est
1723 1549 1899 1605 omnis
1924 1548 2015 1620 qui

403 1645 559 1691 natus
589 1646 672 1692 est
704 1654 768 1691 ex
801 1637 999 1708 Spiritu
1033 1646 1222 1693 sancto
1247 1680 1260 1707 ,
1323 1638 1445 1710 quia
1500 1638 1619 1710 ipse
1673 1638 2015 1695 invisibiliter

2114 467 2290 521 struit.
2343 467 2412 521 Et
2440 467 2562 539 quia
2593 466 2819 521 carnalis
2846 473 2955 520 erat
2980 510 2994 535 ,
3024 473 3078 519 et
3109 472 3265 518 notus
3293 463 3347 516 in
3378 462 3507 533 lege
3531 503 3545 529 ,
3595 461 3714 515 ideo

2111 554 2397 626 quamdam
2422 555 2561 625 legis
2590 563 2797 627 partem
2828 553 3070 618 adducit,
3123 568 3282 623 quam
3328 550 3572 607 ostendit
3598 565 3717 604 esse

2111 641 2337 714 ﬁguram
2367 652 2419 699 et
2447 644 2629 699 mortis
2660 660 2771 698 suae
2804 640 3211 714 signiﬁcativam
3236 685 3249 707 ,
3306 648 3364 694 ut
3422 639 3586 694 etiam
3646 637 3719 693 sic

2112 740 2289 802 pateat
2319 733 2386 788 de
2416 732 2534 786 aliis
2564 732 2803 803 partibus
2847 732 3019 803 legis,
3067 729 3212 803 quod
3259 728 3366 783 sint
3414 728 3471 781 in
3523 725 3712 799 ﬁgura.

2113 821 2182 874 Et
2212 820 2333 892 quia
2359 837 2505 877 mors
2536 820 2850 891 intelligitur
2876 836 2975 891 per
3004 826 3310 889 serpentem
3337 860 3349 883 ,
3383 823 3440 871 et
3469 814 3711 871 Christus

2110 917 2355 965 mortuus
2386 926 2610 981 serpens
2665 910 2877 975 dicitur,
2930 925 3091 980 quem
3147 907 3238 979 qui
3293 904 3403 961 ﬁde
3454 905 3711 971 intuetur,

2112 998 2385 1065 liberatur,
2436 997 2572 1053 sicut
2626 997 2818 1052 intuitu
2872 996 3015 1051 illius
3069 995 3124 1050 in
3181 993 3352 1065 ﬁgura
3404 993 3474 1048 ab
3530 992 3713 1063 ignitis

2114 1087 2458 1157 serpentibus
2486 1086 2779 1141 liberantur
2831 1084 2923 1157 qui
2978 1082 3281 1156 signiﬁcant
3337 1081 3611 1137 incentiva
3639 1081 3717 1137 vi-

2068 1174 2073 1179 ”
2112 1173 2326 1229 tiorum.
2388 1175 2475 1230 Ita
2521 1176 2776 1231 exaltari
2805 1177 3021 1245 oportet
3067 1173 3276 1228 Filium
3306 1172 3572 1239 hominis,
3608 1177 3712 1225 etc.

2111 1262 2424 1333 Magistrum
2451 1262 2591 1333 legis
2645 1263 2712 1317 ad
2763 1259 3211 1333 signiﬁcationem
3240 1259 3380 1332 legis
3409 1258 3620 1315 invitat.
3656 1259 3722 1312 Et

2112 1351 2236 1422 quia
2284 1351 2489 1405 dixerat
2532 1351 2599 1405 de
2648 1350 2783 1406 Filio
2828 1350 3063 1405 hominis
3088 1394 3101 1417 ,
3131 1366 3200 1405 ne
3230 1350 3333 1404 hoc
3361 1348 3536 1404 solum
3565 1354 3719 1419 putet

2113 1439 2461 1505 Nicodemus,
2498 1439 2696 1506 subdit,
2726 1439 2975 1494 eumdem
3002 1439 3159 1494 etiam
3190 1454 3315 1493 esse
3344 1437 3539 1492 Filium
3595 1435 3716 1492 Dei.

2111 1529 2201 1583 Sic
2231 1531 2385 1584 enim
2414 1529 2622 1584 dilexit
2651 1531 2817 1583 Deus.
2877 1528 3062 1598 Aperit
3101 1543 3315 1583 causam
3342 1527 3591 1581 humana:
3623 1542 3713 1579 sa-

2110 1616 2235 1671 lutis
2260 1659 2273 1683 ,
2324 1616 2530 1672 scilicet
2574 1617 2918 1673 dilectionem
2969 1616 3068 1671 Dei
3118 1616 3287 1671 Patris
3307 1660 3325 1683 ,
3357 1631 3424 1671 ex
3454 1631 3562 1687 quo
3592 1630 3716 1670 om-

403 1734 599 1796 agente
646 1702 857 1796 Spirilu'
890 1726 1078 1798 incipit
1126 1702 1255 1782 esse’
1296 1702 1441 1798 (μλοά
1493 1702 1599 1782 n'on
1649 1735 1799 1794 erat,
1832 1728 1905 1782 ita
1951 1735 2009 1781 ut
2037 1705 2199 1795 Bnis
2248 1705 2564 1762 restauratio
2620 1714 2699 1761 est
2751 1721 2849 1777 per
2901 1705 3091 1760 Filium
3147 1721 3301 1760 suum
3379 1705 3433 1759 in
3511 1702 3711 1774 Spiritu

405 1812 640 1869 inﬁdelis
677 1814 882 1870 nesciat
913 1816 1057 1869 unde
1088 1816 1267 1870 veniat
1292 1858 1305 1881 ,
1336 1824 1388 1869 et
1418 1831 1523 1887 quo
1550 1816 1748 1881 vadat,
1800 1816 1854 1869 id
1904 1824 2003 1885 est,

404 1919 509 1973 qua
566 1902 736 1973 gratia
791 1903 939 1959 venit
992 1904 1047 1957 in
1104 1903 1448 1975 adoptionem
1493 1904 1647 1973 Filii,
1680 1912 1733 1960 et
1760 1904 1908 1960 vadit
1952 1904 2007 1958 in

401 2007 633 2063 regnum
693 1991 812 2047 Dei.
893 1991 1025 2061 Quae
1085 1991 1209 2063 quia
1264 1992 1539 2065 incognita
1595 2000 1721 2047 sunt
1777 1992 2001 2059 carnali,

402 2079 600 2136 iterum
656 2080 895 2152 quaerit?
951 2079 1234 2150 Quomodo
1292 2088 1519 2152 possunt
1562 2081 1678 2136 haec
1704 2080 1861 2148 ﬁeri,
1895 2098 2005 2138 non

397 2169 607 2224 habens
637 2169 975 2240 spiritualem
1005 2170 1335 2225 intellectum
1383 2170 1439 2225 in
1488 2170 1666 2225 littera
1695 2170 1871 2243 legis;
1904 2171 2005 2225 im-

394 2258 654 2327 possibile
685 2266 839 2328 putat
867 2258 1011 2330 quod
1043 2258 1235 2314 dicitur
1274 2259 1343 2315 de
1388 2259 1665 2315 nativitate
1727 2276 1827 2331 per
1886 2260 2001 2332 spi-

395 2345 575 2416 ritum,
606 2346 750 2402 unde
780 2346 1123 2418 redarguitur
1152 2363 1185 2402 a
1213 2347 1448 2403 Domino
1505 2366 1518 2402 :
1582 2350 1659 2404 Tu
1715 2365 1772 2403 es
1826 2351 2005 2420 magi-

400 2438 538 2501 ster,
572 2441 675 2491 etc.
734 2438 805 2491 Et
831 2452 1017 2492 vocem
1048 2438 1186 2507 ejus,
1232 2444 1336 2492 etc.
1388 2437 1503 2492 Vox
1535 2435 1756 2507 spiritus
1787 2444 1869 2491 est
1896 2453 2000 2492 vox

394 2522 611 2588 Christi,
647 2539 811 2595 quam
843 2524 1048 2579 audivit
1076 2525 1407 2579 Nicodemus
1428 2568 1441 2591 ,
1476 2526 1573 2579 sed
1603 2524 1727 2597 quia
1757 2525 1999 2580 nondum

392 2620 476 2667 est
502 2620 659 2666 natus
688 2613 757 2667 de
789 2613 980 2683 spiritu
1003 2656 1019 2679 ,
1050 2613 1224 2667 nescit
1270 2613 1415 2669 unde
1470 2613 1682 2680 veniat,
1742 2622 1835 2668 aut
1891 2629 1998 2685 quo

391 2700 569 2764 vadat,
604 2700 655 2755 id
689 2708 788 2765 est,
823 2717 927 2772 qua
955 2701 1242 2756 occasione
1270 2701 1398 2757 velit
1428 2702 1581 2758 nasci
1612 2702 1885 2758 hominem
1942 2702 1997 2755 in

393 2789 606 2861 spiritu,
639 2796 729 2843 aut
761 2804 868 2861 quo
899 2790 1082 2856 vadat,
1105 2789 1160 2843 id
1190 2798 1291 2861 est,
1314 2790 1382 2845 ad
1414 2806 1576 2861 quam
1607 2790 1996 2861 perfectionem

393 2877 536 2933 dicat
566 2877 744 2948 ipsum
774 2885 1090 2932 nascentem
1120 2894 1185 2932 ex
1216 2894 1295 2933 se.
1325 2879 1463 2932 Nam
1494 2878 1586 2950 qui
1617 2896 1682 2934 ex
1712 2896 1779 2935 eo
1809 2880 1994 2935 nasci-

393 2971 496 3031 tur,
531 2982 671 3020 unus
704 2981 824 3021 cum
856 2965 977 3036 ipso
1033 2965 1250 3036 spiritus
1306 2983 1407 3038 per
1461 2967 1690 3040 gratiam
1746 2967 1989 3034 efﬁcitur,

394 3052 533 3110 sicut
560 3053 725 3109 etiam
754 3054 873 3124 ipse
905 3054 1123 3125 spiritus
1151 3071 1292 3109 unus
1323 3063 1406 3111 est
1433 3072 1535 3126 per
1564 3064 1828 3111 naturam.

466 3168 639 3224 Vens.
672 3170 757 3223 10.
783 3200 852 3209 -
878 3172 956 3226 Tu
983 3185 1040 3226 es
1070 3172 1356 3243 magister,
1392 3178 1493 3226 etc.
1529 3172 1650 3226 Non
1681 3171 1905 3226 insultat
1927 3172 1997 3239 ei,

395 3264 453 3312 ut
498 3256 749 3328 superior
779 3273 844 3313 eo
874 3257 1144 3314 habeatur
1174 3258 1266 3330 qui
1297 3260 1550 3314 omnibus
1606 3268 1807 3331 praeest
1830 3304 1843 3326 ,
1904 3260 2001 3315 sed

398 3343 524 3418 quia
546 3345 665 3400 vult
696 3362 818 3401 eum
850 3348 1004 3403 nasci
1061 3364 1128 3402 ex
1176 3347 1405 3418 spiritu,
1461 3348 1608 3419 quod
1656 3348 1841 3420 nequit
1898 3349 2003 3406 nisi

394 3432 632 3502 humilis,
688 3435 954 3489 tumidum
1010 3452 1075 3491 ex
1133 3436 1447 3507 magisterio
1508 3436 1769 3490 humiliat.
1830 3436 2001 3506 Quasi

395 3522 540 3579 dicat
571 3539 584 3576 :
618 3522 893 3594 Superbus
924 3510 1179 3596 princeps
1201 3566 1216 3591 ,
1271 3525 1347 3579 nil
1401 3525 1582 3590 nosti,
1630 3525 1914 3581 humiliare
1942 3534 2001 3601 ut

393 3607 484 3666 ille
512 3609 603 3683 qui
632 3611 871 3682 seipsum
915 3612 1203 3670 exinanivit
1224 3656 1239 3679 ,
1290 3622 1343 3669 et
1391 3622 1549 3669 natus
1578 3622 1661 3670 est
1691 3630 1759 3670 ex
1786 3615 1995 3687 spiritu,

392 3698 534 3755 scies
564 3698 710 3771 quod
739 3698 903 3757 modo
936 3702 1136 3757 nescis.

465 3806 641 3861 Vens.
682 3810 767 3862 11.
800 3836 869 3847 —-
900 3808 1052 3875 Quod
1091 3811 1301 3865 scimus
1333 3811 1635 3883 loquimur.
1668 3810 1729 3864 Id
1761 3819 1843 3866 est
1872 3810 1999 3882 quia

391 3893 513 3966 ipse
542 3903 625 3950 est
654 3895 909 3966 scientia,
938 3896 1137 3951 locutio
1185 3906 1239 3953 et
1295 3914 1475 3955 sermo
1535 3898 1723 3955 Patris.
1756 3902 1827 3954 Et
1854 3900 1997 3972 quod

391 3983 636 4039 vidimus
688 3987 982 4039 testamur.
1034 3983 1173 4052 Quia
1202 3985 1318 4055 ipse
1347 3986 1505 4053 visio,
1538 3994 1591 4041 et
1620 4002 1808 4041 verum
1836 3986 1995 4041 testi-

391 4068 637 4124 monium
666 4077 719 4124 et
745 4069 943 4124 veritas
991 4070 1183 4125 Patris.
1241 4072 1398 4141 Quod
1454 4072 1731 4144 pluraliter
1786 4082 1995 4146 myste-

389 4156 530 4213 rium
560 4156 839 4213 Trinitatis
867 4157 1059 4213 innuit.

458 4264 636 4321 Vens.
680 4267 841 4322 12.-
861 4265 919 4320 Si
953 4269 1179 4321 terrena
1207 4264 1337 4321 dixi
1364 4268 1533 4322 vobis.
1566 4266 1759 4340 (Auc.)
1780 4268 1848 4324 Et
1869 4269 1995 4341 quia

388 4369 497 4408 non
526 4353 750 4425 acciptis
780 4361 1020 4423 terrena,
1052 4354 1325 4424 quomodo
1353 4355 1582 4425 potestis
1626 4373 1824 4428 capere
1876 4374 1993 4414 coe-

2112 1801 2319 1849 sancto.

2178 1909 2350 1965 Vens.
2386 1912 2472 1965 16.
2533 1940 2602 1951 -
2657 1909 2945 1966 Mundam.
3006 1909 3233 1965 Cosmos
3288 1907 3515 1979 Graece,
3563 1906 3710 1980 quod

2105 1997 2293 2053 Latine
2324 1999 2571 2054 mundus
2618 1999 3012 2070 interpretatur,
3070 2006 3289 2054 ornatus
3343 1997 3557 2053 dicitur.
3614 1997 3714 2052 Per

2104 2087 2363 2141 mundum
2414 2087 2576 2158 igitur
2629 2088 2860 2142 humana
2915 2095 3099 2142 natura
3176 2085 3546 2160 signiﬁcatur,
3604 2102 3710 2141 non

2104 2176 2249 2247 quod
2276 2176 2570 2231 secundum
2601 2192 2797 2247 corpus
2839 2193 2905 2232 ex
2951 2183 3176 2248 quatuor
3232 2176 3519 2231 elementis
3570 2190 3707 2231 con-

2102 2271 2239 2330 stet,
2273 2265 2371 2320 sed
2402 2265 2531 2336 quia
2558 2265 2854 2320 secundum
2883 2265 3120 2321 animam
3149 2281 3179 2318 a
3210 2266 3326 2319 Deo
3373 2272 3458 2319 est
3501 2272 3708 2331 ornata,

2104 2360 2157 2407 et
2182 2352 2250 2407 ad
2280 2352 2573 2423 imaginem
2601 2354 2702 2408 Dei
2737 2361 2822 2408 est
2865 2353 3041 2421 facta,
3100 2370 3205 2425 qua
3257 2353 3327 2408 ad
3376 2354 3481 2410 hoc
3535 2352 3711 2425 diligit

2103 2440 2251 2496 Deus
2280 2449 2338 2496 ut
2366 2458 2483 2496 eam
2512 2451 2768 2498 aeternam
2810 2441 2987 2497 faciat.

2175 2560 2241 2614 Ut
2270 2558 2481 2614 Filium
2509 2575 2678 2614 suum
2706 2560 3069 2631 unigenitum
3097 2558 3276 2623 daret,
3302 2562 3372 2613 ut
3398 2560 3585 2615 omnis
3616 2559 3705 2631 qui

2096 2646 2307 2712 credit,
2363 2655 2464 2702 etc.
2516 2648 2660 2703 Ecce
2706 2647 2850 2703 idem
2894 2647 3024 2702 dicit
3052 2646 3121 2702 de
3147 2646 3281 2702 Filio
3311 2646 3412 2701 Dei
3442 2647 3588 2719 quod
3619 2664 3705 2702 su-

2094 2750 2190 2805 pra
2217 2734 2285 2789 de
2311 2734 2446 2791 Filio
2477 2735 2732 2802 hominis,
2764 2743 2822 2791 ut
2851 2752 2952 2806 per
2980 2751 3140 2807 quem
3170 2735 3224 2789 in
3245 2734 3443 2790 deitate
3501 2735 3702 2791 conditi

2094 2838 2305 2890 sumus,
2330 2840 2428 2894 per
2455 2824 2707 2879 eumdem
2737 2823 2792 2878 in
2828 2824 3050 2880 homine
3076 2832 3458 2880 restauremur.

2162 2965 2333 3019 Vens.
2369 2967 2455 3020 19.
2489 2996 2559 3005 -
2589 2967 2709 3023 Hoc
2740 2971 2825 3023 est
2853 2971 3048 3022 autem
3093 2968 3400 3038 judicium.
3457 2966 3566 3021 Cur
3615 2965 3701 3038 qui

2094 3068 2203 3107 non
2228 3052 2399 3108 credit
2435 3053 2749 3123 judicatur?
2805 3055 2927 3127 quia
2986 3055 3076 3109 lux
3132 3055 3281 3110 venit
3341 3072 3462 3127 quae
3517 3054 3705 3111 excitat

2102 3140 2350 3197 homines
2380 3151 2433 3197 et
2459 3143 2715 3199 admonet
2742 3159 3074 3217 cognoscere
3104 3160 3201 3199 sua
3227 3144 3397 3213 mala,
3428 3143 3483 3197 in
3515 3143 3702 3216 quibus

2101 3245 2291 3285 omnes
2322 3239 2465 3301 sunt,
2497 3232 2596 3287 sed
2655 3231 2747 3286 alii
2801 3232 3030 3288 oderunt
3067 3232 3451 3288 admonentem
3504 3231 3696 3297 lucem,

2101 3321 2155 3369 et
2183 3313 2411 3384 fugiunt,
2445 3331 2516 3370 ne
2546 3323 2838 3387 arguantur
2867 3332 3050 3373 eorum
3079 3317 3226 3371 mala
3279 3333 3400 3389 quae
3452 3316 3680 3388 diligunt

2100 3401 2205 3457 Alii
2237 3402 2496 3459 admoniti
2524 3420 2623 3474 per
2646 3405 2821 3461 lucem
2859 3413 3112 3460 accusant
3171 3421 3272 3460 sua
3327 3404 3469 3460 mala
3493 3447 3507 3469 ,
3561 3405 3699 3477 quod

2099 3498 2182 3545 est
2216 3489 2397 3546 facere
2427 3492 2713 3547 veritatem
2741 3501 2795 3549 et
2814 3492 2891 3549 sic
2922 3493 3306 3548 illuminantur.
3338 3495 3519 3549 Erant
3551 3495 3700 3549 enim

2100 3594 2312 3635 eorum.
2346 3578 2450 3648 Qui
2480 3589 2562 3635 est
2592 3580 2647 3635 in
2683 3582 2942 3652 tenebris,
2976 3590 3030 3637 et
3057 3581 3233 3653 diligit
3258 3582 3452 3645 lucem,
3484 3597 3593 3638 non
3622 3590 3699 3637 est

2096 3667 2290 3733 malus,
2326 3667 2423 3723 sed
2451 3668 2542 3723 ille
2572 3668 2765 3725 dicitur
2809 3670 2981 3725 malus
3005 3716 3020 3741 ,
3067 3678 3119 3725 et
3166 3686 3332 3741 opera
3380 3671 3495 3741 ejus
3539 3671 3693 3736 mala,

2096 3755 2187 3827 qui
2213 3763 2497 3829 postquam
2527 3757 2618 3811 lux
2640 3758 2813 3824 venit,
2845 3759 2957 3814 odit
2986 3758 3163 3814 lucem
3216 3766 3270 3814 et
3317 3758 3495 3831 diligit
3538 3759 3689 3814 mala.

2095 3842 2163 3897 Et
2193 3844 2297 3900 hoc
2328 3846 2584 3917 estquod
2614 3846 2746 3901 dicit
2787 3864 2800 3900 :
2841 3849 3024 3902 Erant
3073 3848 3230 3904 enim
3287 3864 3455 3920 opera
3508 3864 3695 3904 eorum

2095 3933 2271 3987 mala.
2304 3932 2487 4003 Opera
2509 3975 2523 4002 ,
2555 3934 2611 3988 id
2641 3942 2726 3989 est
2750 3934 3004 4006 impietas
3030 3978 3042 4002 ,
3101 3943 3155 3991 et
3201 3935 3547 3992 incredulitas
3570 3980 3584 4001 ,
3645 3944 3695 3991 et

2095 4019 2279 4074 odium
2309 4029 2525 4077 aeternas
2554 4021 2710 4089 lucis,
2743 4031 2795 4078 et
2824 4023 2968 4079 nolle
2993 4039 3116 4079 eam
3142 4024 3409 4096 aspicere,
3440 4024 3534 4081 sed
3553 4024 3689 4081 velle

2094 4107 2150 4162 in
2182 4109 2420 4165 tenebris
2447 4119 2797 4182 peccatorum
2824 4128 3124 4169 remanere.

2170 4259 2340 4314 Vens.
2400 4264 2490 4317 21.
2551 4292 2620 4302 -
2678 4262 2783 4329 Qui
2834 4266 3029 4319 autem
3082 4264 3247 4334 facit.
3302 4264 3536 4321 Ostenso
3591 4278 3693 4336 qua

2086 4347 2291 4417 justitia
2322 4348 2605 4404 damnetur
2630 4349 2722 4421 qui
2751 4366 2859 4407 non
2880 4351 3109 4419 scredit,
3170 4354 3410 4408 ostendit
3455 4370 3555 4425 qua
3603 4354 3690 4421 ju-

386 4442 561 4510 lestia,
596 4443 652 4498 id
698 4450 781 4499 est
835 4443 1114 4499 caelestem
1173 4442 1391 4513 spiritus
1440 4444 1825 4501 nativitatem?
1869 4452 2062 4512 cumD
2095 4437 2237 4492 stitia
2267 4437 2503 4493 salvetur
2533 4438 2625 4509 qui
2651 4438 2839 4493 credit.
2902 4440 3007 4507 Qui
3057 4444 3251 4496 autem
3305 4444 3469 4513 facit.
3502 4442 3560 4497 Id
3589 4450 3687 4509 est,

385 4545 496 4586 non
524 4531 697 4587 solum
725 4548 833 4587 non
864 4531 1102 4588 credatis
1126 4575 1139 4597 ,
1193 4531 1291 4587 sed
1348 4549 1451 4589 nec
1506 4532 1822 4607 intelligetis
1879 4542 1990 4590 ter-

386 4633 544 4687 rena,
574 4620 718 4689 quod
747 4621 816 4675 de
842 4621 1047 4691 templo
1077 4620 1321 4691 corporis
1350 4621 1459 4676 mei
1506 4623 1675 4693 (quod
1725 4623 1794 4677 de
1841 4630 1988 4679 terra

382 4705 593 4777 accepi)
623 4706 734 4761 dixi
763 4723 792 4761 a
819 4708 976 4764 vobis
1007 4709 1300 4777 solvendo,
1333 4727 1364 4765 a
1393 4726 1481 4765 me
1512 4710 1840 4767 suscitando.

455 4803 624 4859 Vens.
661 4806 747 4859 13.
781 4834 849 4844 -
878 4806 998 4860 Nisi
1026 4809 1124 4879 qui
1153 4808 1460 4864 descendit.
1496 4809 1609 4864 Hoc
1638 4809 1875 4879 pertinet
1917 4810 1985 4865 ad

380 4892 679 4948 secundam
703 4892 1034 4949 nativitatem
1066 4894 1121 4947 in
1150 4895 1358 4966 spiritu,
1391 4896 1520 4969 quia
1552 4913 1712 4953 nemo
1742 4897 1799 4952 in
1830 4897 1986 4953 Chri-

379 4986 463 5035 sto
494 4981 562 5035 ad
590 4982 799 5035 Patrem
830 4982 1075 5037 ascendit
1100 5024 1112 5047 ,
1146 4983 1251 5037 nisi
1282 4984 1374 5055 qui
1403 5001 1468 5039 ex
1498 4985 1691 5057 spiritu
1723 4987 1981 5043 nascitur.

378 5068 555 5123 Nemo
603 5069 841 5124 salvatur
868 5086 965 5140 per
992 5078 1222 5125 mortem
1253 5072 1487 5141 Christi,
1519 5073 1625 5129 nisi
1656 5076 1748 5147 qui
1776 5093 1842 5131 ex
1874 5076 1983 5147 spi-

378 5152 483 5211 ritu
531 5157 791 5213 nascitur.
851 5160 1027 5214 Nemo
1067 5159 1305 5214 nascitur
1363 5177 1428 5215 ex
1485 5164 1714 5233 spiritu,
1773 5164 1878 5219 nisi
1924 5165 1981 5220 in

373 5252 552 5301 morte
583 5243 802 5301 Christi.
850 5248 919 5301 Et
949 5262 1073 5303 cum
1102 5247 1231 5303 dicit
1260 5249 1425 5304 Filius
1456 5251 1688 5306 hominis
1710 5296 1723 5320 ,
1758 5253 1847 5308 dat
1875 5269 1981 5309 no-

375 5333 461 5390 bis
493 5334 873 5392 certitudinem
928 5337 1308 5407 ascendendi,
1367 5354 1490 5395 cum
1548 5339 1643 5396 ﬁlii
1701 5342 1979 5399 hominum

377 5440 566 5482 SU‘DUS.

448 5544 618 5601 Vens.
652 5544 738 5599 14.
762 5573 832 5585 -
853 5540 922 5600 Et
943 5542 1092 5601 sicut
1119 5545 1320 5618 Moyses
1351 5547 1635 5604 excitavit
1663 5553 1981 5622 serpentem

375 5634 440 5688 in
472 5633 708 5691 deserto.
767 5634 1033 5706 Supponit
1088 5636 1158 5692 de
1199 5644 1374 5692 morte
1421 5652 1518 5692 sua
1567 5654 1689 5709 quae
1717 5642 1800 5695 eat
1827 5638 1980 5711 origo

2092 4525 2177 4581 cui
2205 4525 2491 4596 displicent
2522 4526 2663 4580 mala
2688 4543 2785 4581 sua
2813 4534 2865 4582 et
2891 4536 3127 4594 accusat,
3162 4544 3271 4585 non
3302 4530 3408 4584 sibi
3437 4530 3682 4604 ignoscit,

2091 4629 2200 4669 non
2230 4613 2335 4668 sibi
2361 4613 2550 4685 parcit,
2580 4615 2679 4669 sed
2707 4615 2856 4670 venit
2882 4616 2951 4671 ad
2975 4616 3171 4673 lucem.
3220 4618 3291 4672 Et
3320 4618 3507 4690 incipit
3528 4633 3685 4690 agere

2091 4717 2212 4759 cum
2242 4703 2357 4757 Deo
2388 4701 2489 4773 qui.
2505 4702 2643 4757 mala
2689 4712 2944 4775 accusat,
2987 4705 3110 4777 quia
3166 4705 3376 4761 initium
3436 4707 3563 4763 boni
3611 4714 3691 4762 est

2087 4790 2365 4847 accusatio
2393 4790 2523 4846 mali
2543 4835 2556 4857 ,
2585 4807 2719 4864 ergo
2746 4808 2914 4863 opera
2945 4793 3060 4863 ejus
3084 4837 3097 4861 ,
3129 4794 3248 4851 hinc
3275 4794 3523 4863 scilicet,
3551 4794 3689 4867 quod

2088 4894 2149 4934 se
2177 4887 2395 4935 accusat
2421 4879 2561 4935 sicut
2589 4881 2738 4936 Deus
2766 4890 2988 4937 accusat
3010 4924 3024 4950 ,
3055 4882 3408 4954 manifestat,
3457 4883 3583 4955 quia
3636 4882 3692 4936 in

2085 4968 2203 5023 Deo
2233 4976 2358 5023 sunt
2386 4966 2526 5024 facta
2550 5012 2563 5037 ,
2595 4968 2703 5025 nisi
2733 4969 2880 5025 enim
2909 4970 3011 5027 Dei
3042 4970 3131 5027 lux
3163 4971 3269 5027 sibi
3299 4972 3537 5038 luceret,
3593 4970 3695 5025 sibi

2085 5071 2194 5112 non
2223 5056 2559 5128 displiceret.

2154 5198 2326 5254 Vens.
2354 5203 2446 5257 22.
2478 5230 2547 5242 -
2573 5202 2706 5259 Post
2736 5199 2872 5259 haec.
2898 5199 3022 5259 Non
3050 5200 3306 5261 continuo
3338 5212 3465 5277 post
3498 5202 3688 5276 dispuo

2084 5286 2343 5344 tationem
2372 5305 2495 5343 cum
2523 5288 2825 5346 Nicodemo
2858 5307 2981 5363 quae
3009 5289 3145 5347 facta
3174 5300 3257 5348 est
3296 5292 3352 5347 in
3379 5292 3690 5363 Hierosoly—

2081 5376 2185 5432 mis
2207 5421 2220 5443 ,
2252 5376 2351 5432 sed
2400 5386 2618 5449 peracto
2664 5378 2840 5450 spatio
2870 5380 3130 5451 temporis
3162 5381 3230 5437 de
3262 5379 3489 5439 Galilzea
3513 5383 3565 5438 in
3590 5383 3685 5436 Ju-

2081 5464 2258 5520 daeum
2280 5465 2460 5521 rediit.
2498 5467 2565 5521 In
2608 5471 2825 5525 terram
2852 5469 3078 5537 Iudam,
3112 5472 3169 5526 et
3203 5471 3329 5527 illic
3360 5469 3685 5529 demoraba-

2083 5558 2196 5620 tur,
2232 5563 2337 5611 etc.
2370 5555 2658 5611 Moraliter.
2720 5555 2827 5612 Ubi
2878 5565 2962 5613 est
3015 5557 3290 5615 confessio
3346 5568 3687 5632 peccatorum

2080 5642 2167 5700 vel
2196 5642 2499 5701 divinarum
2528 5643 2746 5702 laudum
2762 5685 2777 5716 ,
2811 5645 2943 5703 illuc
2968 5646 3117 5705 venit
3140 5648 3330 5719 Iesus,
3355 5656 3410 5707 et
3442 5645 3688 5719 discipuli
