4006 6178
307 234 404 287 369

1300 226 1568 285 GLOSSA
1605 223 2016 284 ORDINARIA.
2052 253 2121 267 -—-
2141 226 2408 285 EVANG.
2438 228 2636 287 JOAN.

3492 233 3596 287 370

301 356 431 425 ejus,
452 354 509 409 id
529 362 614 410 est
641 354 892 411 doctrina
929 362 982 411 et
1010 352 1334 410 illuminatio
1355 353 1492 421 ejus,
1513 352 1609 408 ubi
1644 358 1891 408 moratur
1908 349 1967 412 A
1985 351 2148 423 primi
2176 354 2438 424 parentis,
2474 362 2602 422 etc.,
2633 370 2808 428 usque
2836 356 2909 412 ad
2926 355 3169 413 secundo
3192 355 3347 427 juxta
3365 354 3603 415 altitudi-

302 443 588 516 purgando
617 460 652 499 a
679 443 913 511 delictis,
946 442 1090 499 unde
1111 442 1377 515 sequitur,
1402 447 1459 500 et
1478 443 1555 499 ibi
1574 442 1902 499 morabatur
1999 457 2125 507 nem
2154 443 2349 514 Patris,
2385 442 2472 499 cui
2504 451 2587 499 est
2606 444 2853 516 aequalis.

302 537 354 589 et
382 533 723 605 baptizabat.

365 622 505 677 Erat
534 625 746 677 autem.
801 619 1017 676 Christo
1058 620 1174 689 jam
1220 619 1529 692 baptizante
1578 619 1758 675 adhuc
1794 618 1898 673 ba-

298 708 461 781 ptizat
487 710 746 775 Joannes,
782 709 911 781 quia
959 709 1140 765 adhuc
1187 716 1473 780 permanet
1516 709 1732 763 umbra.
1782 708 1899 762 Nec

295 799 457 853 debet
485 814 800 869 prmeursor
827 813 1050 853 cessare
1070 797 1248 854 donec
1276 796 1655 852 manifestetur
1674 796 1894 851 veritas.

353 895 527 949 Vnus.
550 897 640 951 24.
664 926 733 936 -
753 896 1014 951 Nondum
1034 897 1188 950 enim
1208 897 1415 950 missus
1434 898 1628 966 fuerat
1649 896 1897 950 Joannes

295 988 353 1039 in
382 1000 692 1040 carcerem.
734 985 879 1040 Ecce
910 992 1100 1055 aperte
1129 990 1281 1039 notat
1328 983 1473 1039 facta
1521 982 1721 1037 Christi
1771 988 1895 1036 ante

295 1074 562 1127 Joannem
591 1072 994 1129 incarceratum
1031 1088 1152 1143 quae
1190 1071 1283 1127 alii
1319 1071 1720 1143 praeterierunt,
1753 1069 1895 1127 inci-

296 1161 509 1232 pientes
538 1161 609 1215 ab
639 1161 724 1215 his
753 1177 875 1232 quae
904 1159 1045 1217 facta
1076 1168 1201 1215 sunt
1230 1168 1354 1232 post
1373 1162 1640 1216 Joannem
1668 1159 1896 1214 missum

292 1249 343 1303 in
372 1264 682 1319 carcerem,
714 1250 955 1321 quando,
986 1257 1237 1306 cessante
1267 1249 1537 1320 baptismo
1580 1263 1893 1320 praecurso-

286 1337 379 1403 ris,
416 1345 608 1408 aperte
638 1338 864 1408 inccepit
893 1338 1201 1409 baptismus
1232 1337 1457 1394 Christi.

356 1426 534 1480 Vens.
567 1429 655 1482 25.
690 1456 758 1465 —
788 1427 961 1482 Facta
990 1430 1074 1481 est
1119 1431 1313 1482 autem
1357 1428 1587 1499 (μιωείἱο
1617 1441 1690 1480 ea:
1720 1425 1893 1480 disci-

282 1515 437 1588 pulis
466 1516 724 1580 Joannis,
760 1522 864 1570 etc.
898 1515 1040 1569 Dum
1057 1515 1297 1569 Joannes
1320 1514 1600 1585 praedicat,
1628 1521 1681 1568 et
1703 1514 1893 1568 schola

285 1603 403 1671 ejus
433 1602 616 1669 durat,
650 1602 898 1658 Christus
947 1602 1181 1657 latenter
1229 1602 1489 1673 praedicat
1535 1610 1588 1656 et
1608 1609 1887 1672 operatur,

2069 532 2147 586 De
2180 536 2352 588 terra.
2382 532 2444 586 Id
2466 540 2566 599 est,
2592 533 2684 604 qui
2704 541 2786 588 est
2806 534 2875 589 de
2905 533 3140 589 terrenis
3169 534 3488 605 parentibus
3509 549 3602 592 na-

2001 626 2106 688 tus,
2138 634 2171 674 a
2201 620 2399 691 quibus
2428 630 2717 691 peccatum
2746 630 2798 677 et
2824 638 3045 693 poenam
3074 624 3288 694 peccati
3306 623 3597 692 contraxit,

2000 723 2066 763 ex
2097 724 2155 763 se
2184 708 2317 763 nihil
2348 717 2431 764 est
2459 709 2564 764 nisi
2593 716 2761 765 terra.

2050 806 2119 859 Et
2146 806 2288 877 quod
2311 807 2474 861 vidit.
2507 807 2643 861 Cum
2672 807 2788 877 ipse
2818 807 2985 862 Filius
3014 807 3115 863 Dei
3136 807 3205 863 sit
3221 809 3451 865 verbum
3489 810 3599 865 Pa-

2000 892 2119 957 tris,
2152 908 2260 948 non
2288 894 2437 949 aliud
2457 895 2685 950 verbum
2735 896 2908 949 Patris
2957 896 3108 951 audit
3154 897 3240 951 vel
3288 896 3599 954 hominibus

1996 988 2248 1047 testatur,
2281 983 2379 1037 sed
2410 999 2469 1037 se
2501 984 2731 1038 verbum
2761 984 2906 1054 quod
2936 985 3097 1039 Pater
3126 984 3341 1041 locutus
3390 993 3490 1054 est,
3543 986 3603 1041 id

1997 1077 2096 1135 est,
2132 1070 2301 1125 edidit
2326 1079 2380 1125 et
2408 1072 2597 1144 genuit
2625 1088 2692 1126 ex
2722 1088 2803 1139 se,
2829 1073 2929 1129 scit
2958 1080 3011 1129 et
3037 1072 3241 1129 indicat
3286 1073 3598 1130 hominibus

1996 1174 2120 1213 esse
2150 1174 2217 1214 ex
2247 1160 2422 1214 Patre.
2458 1162 2575 1216 Hoc
2593 1161 2946 1232 Evangelista
2972 1161 3124 1229 dicit,
3156 1169 3215 1217 ut
3231 1161 3424 1233 potuit,
3448 1162 3595 1235 quod
3648 1164 3657 1171 ’

1996 1246 2158 1317 plene
2196 1246 2303 1302 dici
2335 1247 2420 1302 vel
2451 1247 2681 1321 intelligi
2712 1250 2915 1319 nequit.
3422 1282 3433 1331 ἱ

2067 1335 2237 1389 Vens.
2268 1339 2357 1401 33,
2391 1338 2478 1390 34.
2502 1367 2573 1375 -
2601 1337 2855 1407 Signavit
2883 1340 3015 1410 quia
3041 1340 3208 1394 Deus.
3243 1339 3359 1395 Hoc
3387 1346 3488 1408 est,
3521 1338 3594 1394 si-

1994 1440 2165 1496 gnum
2194 1423 2375 1493 posuit
2404 1423 2459 1477 in
2487 1425 2656 1480 corde
2678 1441 2777 1480 suo
2793 1426 2948 1497 quasi
2969 1426 3207 1497 speciale
3237 1426 3462 1498 aliquid,
3496 1427 3598 1485 sci-

1993 1511 2121 1568 licet
2148 1513 2294 1567 bunc
2324 1528 2447 1567 esse
2477 1529 2670 1568 verum
2699 1513 2894 1581 Deum,
2926 1514 3021 1585 qui
3057 1514 3258 1569 missus
3290 1522 3372 1569 est
3401 1515 3473 1570 ad
3501 1531 3591 1571 sa-

1994 1599 2163 1654 lutem
2191 1600 2491 1657 hominum.
2524 1603 2701 1657 Verax
2723 1606 2827 1657 est.
2855 1603 3026 1670 Quem
3047 1605 3201 1659 enim
3233 1605 3392 1660 misit
3422 1606 3589 1661 Deus.

284 1691 378 1746 sed
415 1691 596 1762 palam
628 1690 884 1761 baptizat,
917 1699 976 1745 ut
1005 1691 1215 1746 oriatur
1244 1690 1471 1762 quaestio
1518 1690 1586 1744 de
1616 1689 1889 1760 baptismo
1919 1706 1972 1766 Β
1996 1688 2186 1743 Omnis
2216 1690 2381 1743 homo
2411 1706 2477 1744 ex
2508 1707 2567 1744 se
2595 1691 2862 1757 mendax;
2896 1707 3005 1745 non
3036 1693 3180 1746 enim
3227 1708 3360 1747 vera
3405 1692 3594 1749 dicere

281 1779 531 1845 Joannis,
565 1787 618 1834 et
647 1779 715 1834 de
748 1778 1020 1850 baptismo
1052 1778 1271 1843 Christi,
1320 1786 1373 1834 et
1402 1779 1497 1833 illa
1526 1778 1771 1834 solvatur
1798 1786 1886 1833 te-

284 1868 557 1923 stimoniis
586 1867 828 1923 Joannis.

350 1957 528 2011 Vens.
548 1959 636 2012 26.
668 1987 738 1998 —-
756 1959 825 2012 Et
846 1961 1124 2013 venerunt
1144 1958 1216 2012 ad
1236 1959 1511 2013 Joannem
1531 1961 1587 2012 et
1608 1956 1884 2012 dixerunt

280 2047 358 2100 ei:
400 2046 590 2113 Rabbi,
631 2053 737 2101 etc.
779 2046 1036 2100 Volentes
1087 2060 1350 2101 accusare
1399 2044 1672 2100 Christum
1721 2060 1886 2116 quem

276 2133 441 2205 paulo
471 2142 598 2188 ante
629 2133 880 2189 viderant
908 2149 942 2188 a
968 2135 1178 2189 Joanne
1226 2134 1580 2205 baptizatum.

343 2249 524 2303 Vnus.
556 2250 643 2305 2'1.
677 2279 747 2289 -
782 2249 1087 2320 Respondit
1133 2251 1397 2315 Joannes,
1448 2252 1504 2305 et
1545 2250 1715 2316 dixit,
1770 2258 1876 2325 etc.

275 2336 417 2407 Quia
482 2337 627 2392 ultra
692 2337 1143 2392 consuetudinem
1202 2338 1456 2393 humanae
1502 2346 1711 2394 naturae
1759 2356 1881 2393 sum

273 2434 436 2480 natus
484 2442 553 2480 ex
599 2426 917 2496 parentibus
984 2434 1258 2497 provectae
1295 2427 1509 2497 mtatis,’
1542 2427 1742 2497 putatis
1790 2444 1878 2483 me

274 2530 397 2569 esse
448 2513 593 2568 ultra
639 2514 907 2569 homines.
969 2514 1078 2569 Sed
1124 2514 1315 2571 scitote
1365 2515 1494 2586 quia
1538 2531 1709 2586 purus
1756 2520 1878 2570 sum

271 2603 456 2667 homo,
489 2603 582 2657 ille
609 2604 776 2671 Deus,
810 2618 843 2657 a
874 2618 983 2674 quo
1011 2604 1190 2659 habeo
1241 2604 1507 2676 quidquid
1554 2604 1751 2658 habeo.
1796 2606 1877 2660 Ex

272 2708 354 2746 me
384 2690 699 2757 infirmitas,
732 2707 799 2744 ex
826 2690 922 2746 illo
952 2692 1146 2763 gratiae
1187 2691 1513 2746 sublimitas.
1565 2692 1771 2747 Putatis
1820 2702 1877 2746 ut

270 2780 476 2853 aliquid
506 2780 688 2836 dicam
717 2787 912 2836 contra
940 2795 1123 2835 meum
1151 2779 1522 2835 testimonium
1551 2780 1579 2834 ?
1598 2782 1718 2853 Ego
1765 2797 1877 2837 non

270 2869 489 2940 baptizo
518 2869 572 2923 in
604 2868 985 2924 remissionem
1022 2876 1396 2939 peccatorum,
1448 2869 1545 2923 sed
1591 2869 1702 2924 ille.
1754 2871 1875 2927 Non

268 2962 470 3031 potest.
512 2957 684 3027 Quasi
730 2958 909 3014 dicat:
959 2959 1081 3031 Ego
1128 2974 1299 3028 purus
1345 2959 1529 3024 homo,
1573 2957 1649 3012 nil
1695 2959 1874 3014 habeo

1990 1785 2188 1848 potest,
2223 1777 2326 1832 nisi
2375 1778 2710 1834 illuminatus
2758 1796 2791 1834 a
2837 1780 2972 1834 Deo.
3024 1779 3199 1849 Quem
3248 1780 3394 1835 enim
3442 1780 3590 1836 misit

1988 1866 2134 1920 Deus
2165 1867 2345 1936 Pater,
2380 1868 2550 1922 verba
2581 1867 2681 1922 Dei
2729 1868 2987 1939 loquitur,
3042 1869 3187 1939 quod
3235 1869 3373 1923 est?
3415 1868 3593 1938 Quem

1985 1954 2133 2009 misit
2163 1956 2331 2025 Deus,
2365 1955 2513 2010 Deus
2542 1963 2652 2011 est:
2686 1956 2810 2011 ideo
2841 1957 3012 2011 verba
3041 1956 3140 2013 Dei
3161 1957 3420 2028 loquitur,
3455 1973 3591 2029 ergo

1986 2044 2157 2099 verba
2186 2043 2306 2097 Filii
2336 2044 2405 2099 de
2437 2060 2495 2099 se
2516 2044 2883 2099 testimonium
2904 2044 3240 2115 perhibentis
3272 2045 3419 2116 quod
3439 2046 3589 2101 Deus

1986 2132 2073 2199 sit,
2105 2132 2275 2187 verba
2304 2132 2406 2188 Dei
2437 2141 2578 2186 sunt.
2620 2135 2785 2189 Verba
2814 2135 2915 2189 Dei
2946 2135 3213 2208 loquitur.
3265 2135 3327 2188 In
3375 2134 3479 2191 hoc
3527 2150 3589 2190 se

1984 2221 2267 2293 distinguit
2299 2237 2331 2275 a
2361 2221 2596 2288 Christo,
2631 2222 2727 2276 sed
2760 2222 2887 2294 quia
2926 2222 3127 2277 missus
3175 2230 3228 2277 et
3265 2223 3437 2278 verba
3485 2222 3594 2279 Dei

1981 2309 2241 2381 loquitur,
2276 2310 2518 2380 apertius
2548 2310 2731 2364 addit:
2776 2312 2895 2367 Non
2943 2313 3096 2366 enim
3135 2311 3207 2366 ad
3252 2327 3586 2367 mensuram

1982 2398 2247 2454 datDeus
2269 2401 2559 2470 spiritum.
2593 2401 2763 2454 Pater
2810 2399 2999 2471 diligit
3039 2401 3252 2455 Filium
3292 2404 3350 2455 et
3387 2402 3585 2455 omnia

1980 2486 2135 2542 dedit
2150 2489 2211 2541 in
2240 2504 2419 2542 manu
2448 2490 2588 2559 ejus.
2623 2486 2944 2541 Hominibus
2980 2487 3074 2541 dat
3122 2488 3194 2542 ad
3238 2502 3579 2555 mensuram,

1977 2573 2087 2630 tilio
2116 2590 2225 2629 non
2252 2575 2347 2629 dat
2375 2575 2446 2629 ad
2474 2575 2919 2642 mensuram,sed
2952 2574 3090 2631 sicut
3119 2582 3294 2631 totum
3314 2591 3381 2630 ex
3401 2575 3584 2647 seipso

1976 2673 2091 2720 toto
2122 2665 2309 2737 genuit
2337 2664 2533 2718 Filium
2564 2681 2742 2731 suum,
2775 2664 2850 2719 ita
2885 2664 3168 2721 incarnato
3198 2664 3336 2720 Filio
3366 2679 3466 2720 suo
3495 2672 3579 2720 to-

1976 2762 2091 2807 tum
2112 2753 2362 2824 spiritum
2392 2769 2551 2807 suum
2578 2752 2747 2820 dedit,
2780 2769 2890 2808 non
2919 2753 3305 2824 particulatim,
3339 2769 3450 2808 non
3479 2769 3581 2824 per

1978 2841 2400 2908 subdivisipnes,
2452 2842 2547 2895 sed
2596 2841 2930 2914 generaliter
2978 2851 3031 2896 et
3069 2841 3474 2912 universaliter,
3527 2850 3585 2897 et

1975 2947 2084 2985 non
2114 2931 2185 2986 ob
2218 2930 2365 2985 aliud
2396 2930 2489 2984 dat
2518 2929 2623 2984 nisi
2647 2930 2773 3001 quia
2803 2932 2964 2989 Pater
2989 2930 3166 3001 diligit
3187 2930 3399 2985 Filium.

270 3029 368 3101 nisi
400 3047 550 3118 quod
580 3047 769 3101 datum
799 3055 879 3101 est
909 3062 941 3101 a
972 3029 1106 3115 Deo,
1139 3046 1195 3101 id
1224 3053 1306 3101 est
1336 3046 1614 3117 baptizare
1660 3046 1715 3101 in
1763 3063 1873 3118 pm-
1905 3062 1954 3126 α
2037 3029 2218 3126 -νεθδο
2242 3032 2328 3084 36-
2363 3059 2433 3126 ᾖ
2477 3030 2580 3126 Qui
2617 3029 2802 3084 credit
2830 3031 2897 3126 in
2936 3029 3147 3126 ume
3186 3030 3365 3126 habet_
3396 3030 3576 3126 vita?

266 3135 550 3190 nitentium
579 3151 692 3191 non
720 3136 774 3189 in
806 3134 1202 3199 remissionem,
1239 3134 1365 3206 quia
1403 3150 1513 3189 non
1561 3151 1667 3208 ego
1717 3135 1874 3191 Chri-

267 3232 379 3279 stus
414 3224 513 3279 sed
536 3223 625 3279 ille
655 3232 714 3278 ut
744 3223 892 3280 scitis
919 3240 1008 3279 me
1039 3231 1295 3279 testatum
1324 3222 1493 3280 fuisse
1522 3224 1698 3291 vobis,
1746 3225 1871 3281 ideo

268 3313 334 3367 ad
365 3313 525 3367 illum
554 3311 779 3368 currite.

334 3411 512 3465 Vnus.
543 3414 632 3465 28.
656 3440 728 3451 —
756 3411 875 3465 Non
921 3426 1048 3465 sum
1086 3426 1178 3481 ego
1244 3412 1520 3466 Christus.
1574 3411 1700 3466 Non
1748 3427 1869 3465 sum

265 3507 460 3554 unctus
491 3514 524 3553 a
555 3500 716 3553 Patre
747 3498 1081 3569 plenitudine
1112 3498 1353 3569 spiritus,
1390 3499 1487 3554 sed
1517 3498 1585 3555 de
1634 3499 1869 3570 plenitu-

267 3584 390 3642 dine
419 3586 567 3641 illius
595 3586 804 3657 accepi,
839 3594 897 3641 ut
925 3587 1078 3641 illum
1108 3603 1527 3658 praecurrerem.

334 3685 505 3740 Vsus.
540 3688 629 3742 29.
664 3715 734 3726 —
765 3686 871 3741 Hoc
901 3701 1025 3757 ergo
1057 3685 1347 3757 gaudium.
1382 3686 1443 3740 In
1471 3686 1577 3741 hoc
1605 3684 1866 3757 gaudium

265 3790 447 3830 meum
478 3781 564 3829 est
602 3773 846 3844 plenum,
883 3774 1030 3846 quod
1058 3773 1234 3830 factus
1264 3790 1386 3828 sum
1414 3773 1623 3830 amicus
1654 3774 1862 3846 sponsi,

266 3862 458 3934 etquia
491 3870 577 3918 sto
609 3870 661 3917 et
692 3862 931 3933 gaudeo.

333 3978 506 4032 Vsus.
543 3981 629 4031 30.
663 4008 733 4017 —
762 3978 935 4033 Illum
961 3980 1179 4049 oportet
1208 3992 1478 4033 crescere.
1516 3977 1746 4033 Gaudeo
1794 3978 1865 4033 ad

262 4082 455 4123 vocem
485 4066 692 4136 sponsi.
727 4065 824 4120 Ille
853 4081 1087 4136 sponsus
1117 4073 1346 4133 crescet,
1371 4065 1427 4121 id
1448 4073 1530 4120 est
1558 4066 1864 4122 invenietur

265 4170 383 4209 esse
414 4154 683 4221 Christus,
718 4154 812 4226 qui
840 4154 1132 4225 putabatur
1160 4155 1445 4225 pr0pheta.
1480 4156 1601 4228 Ego
1621 4155 1858 4224 minuar,

264 4243 388 4315 quia
415 4243 533 4312 ejus
564 4244 831 4314 prepheta
858 4242 1121 4310 inveniar,
1170 4243 1261 4315 qui
1311 4244 1559 4299 Christus
1609 4245 1858 4315 putabar.

1975 3119 2405 3191 wtcrnam;qui
2424 3122 2637 3184 autem,
2664 3125 2767 3173 etc.
2812 3119 2890 3173 Ac
2929 3116 2974 3171 si
3014 3117 3241 3183 diceret,
3278 3116 3369 3188 qui
3399 3116 3576 3172 credit

1971 3206 2027 3259 in
2056 3206 2251 3261 Filium
2274 3208 2439 3262 habet
2466 3207 2648 3277 ipsum
2677 3204 2889 3273 Filium,
2923 3214 2975 3261 et
3004 3222 3105 3277 per
3135 3207 3239 3262 hoc
3283 3206 3450 3261 habet
3496 3204 3577 3262 vi-

1970 3296 2215 3351 tam.Sed
2235 3297 2325 3351 ira
2345 3298 2445 3352 Dei
2463 3300 2658 3351 manet
2678 3312 2849 3368 super
2869 3312 3017 3351 eum.
3042 3297 3131 3350 Ira
3151 3311 3277 3351 cum
3317 3310 3426 3367 qua
3464 3309 3569 3350 na-

1969 3391 2057 3438 tus
2081 3392 2182 3453 est,
2208 3393 2510 3455 permanet,
2538 3393 2590 3440 et
2611 3384 2736 3439 ideo
2758 3400 2867 3439 non
2884 3384 2977 3451 ait,
3014 3384 3181 3449 venit,
3225 3385 3321 3438 sed
3360 3391 3564 3451 manet,

1968 3472 2095 3542 quia
2116 3490 2214 3543 per
2237 3473 2431 3527 Filium
2452 3474 2700 3539 missum,
2725 3474 2817 3545 qui
2838 3481 2919 3528 est
2940 3472 3069 3539 vita,
3093 3489 3203 3529 non
3223 3472 3428 3528 tollitur
3448 3471 3571 3528 eﬂ‘e—

1968 3568 2088 3615 ctus
2110 3561 2255 3616 illius
2284 3562 2400 3629 irae,
2446 3561 2654 3618 scilicet
2691 3577 2862 3628 mors,
2915 3562 3214 3633 corruptio,
3267 3569 3394 3629 etc.,
3447 3576 3569 3633 quae

1973 3648 2158 3704 omnia
2187 3658 2426 3705 manent.

2585 3773 2810 3829 CAPUT
2838 3773 2929 3828 IV.

2034 3915 2205 3970 Vnus.
2232 3918 2255 3969 1
2283 3944 2352 3954 -
2376 3916 2439 3972 Ut
2460 3930 2583 3987 ergo
2613 3916 2886 3987 cognovit.
2929 3913 3146 3971 Sciebat
3182 3915 3342 3970 Jesus
3381 3912 3564 3971 scien-

1963 4004 2096 4059 tiam
2125 4020 2318 4060 eorum
2347 4011 2400 4059 et
2430 4003 2709 4069 invidiam,
2743 4004 2890 4075 quod
2931 4019 3043 4059 non
3090 4004 3214 4059 ideo
3260 4003 3566 4060 didicerant

1964 4094 2032 4147 de
2062 4110 2128 4149 eo
2158 4101 2216 4147 ut
2247 4110 2373 4147 eum
2429 4100 2808 4164 sequerentur,
2843 4093 2940 4148 sed
2970 4100 3457 4164 persequerentur,
3510 4098 3563 4148 et

1962 4181 2086 4236 ideo
2118 4180 2274 4253 fugit,
2308 4182 2514 4238 docens
2545 4198 2675 4237 suos
2705 4181 2905 4237 cedere
2945 4181 3124 4249 malis,
3183 4197 3294 4236 non
3344 4181 3560 4250 timens,

1961 4271 2047 4323 vel
2078 4270 2314 4325 evadere
2348 4286 2442 4325 eos
2471 4270 2763 4342 impotens.
2788 4272 2858 4325 Et
2906 4272 3176 4343 baptizat.
3229 4268 3389 4338 Quod
3434 4285 3563 4325 vere

264 4332 980 4430 "(um_op‘ffteffrescerf'
1018 4331 1077 4385 Id
1220 4332 1467 4430 e’falt‘mv
1500 4333 1575 4430 id.
1604 4340 1685 4430 es"
1731 4334 1927 4430 ἀξπη-
1964 4357 2183 4427 dicitur,
2216 4359 2333 4430 ipse
2364 4360 2511 4414 enim
2540 4331 2760 4430 semper
2798 4331 3025 4413 mundat
3056 4359 3110 4413 in
3152 4331 3342 4429 spiritu
3372 4356 3567 4412 invisi-

263 4427 487 4489 peccata
531 4419 768 4489 dimittit,
823 4419 1057 4491 gratiam
1104 4420 1213 4485 dat,
1265 4420 1321 4473 in
1367 4436 1475 4492 quo
1522 4421 1702 4494 gloria
1746 4422 1862 4490 ejus

1984 4446 2147 4501 )iliter
2170 4419 2420 4515 cudone,
2456 4449 2553 4503 sed
2592 4419 2708 4517 ejlis
2738 4448 3042 4519 baptismus
3071 4447 3128 4501 fit
3158 4419 3322 4501 etiam
3351 4446 3405 4499 in
3435 4460 3566 4501 cor—

265 4524 385 4577 quaa
412 4507 467 4562 in
498 4524 557 4562 se
585 4524 801 4578 semper
821 4514 903 4562 est
951 4506 1428 4577 perfecta,crescit
1456 4509 1511 4563 in
1557 4510 1854 4576 hominem,

265 4595 392 4649 dum
421 4610 544 4651 eam
572 4597 737 4650 homo
766 4596 889 4666 plus
918 4596 1064 4651 videt
1094 4604 1147 4651 et
1195 4597 1379 4651 habet.
1431 4598 1606 4652 Homo
1654 4599 1854 4653 minui-

263 4690 349 4737 tur
378 4684 470 4755 qui
497 4691 622 4740 ante
670 4683 727 4737 in
774 4700 834 4738 se
879 4683 1235 4756 gloriabatur,
1287 4685 1583 4741 dummodo
1630 4695 1856 4757 peccata

262 4770 564 4837 conﬁtetur,
599 4779 653 4827 et
682 4771 880 4842 accipit
909 4772 1057 4842 quod
1086 4772 1175 4827 ille
1206 4773 1317 4827 dat.
1353 4772 1450 4828 Cui
1471 4773 1549 4828 rei
1572 4781 1856 4830 attestatur

262 4859 442 4929 passio
472 4859 788 4931 utriusque:
823 4859 1066 4915 Christus
1100 4860 1155 4913 in
1183 4876 1343 4917 cruce
1375 4861 1662 4930 exaltatur,
1692 4863 1856 4919 Joan-

261 4963 358 5002 nes
386 4948 562 5019 capite
592 4947 874 5002 minuitur.
899 4950 1200 5004 Attestatur
1230 4957 1283 5004 et
1312 4957 1583 5006 creatura.
1618 4952 1855 5007 Joannes

261 5042 417 5091 natus
447 5044 529 5092 est
568 5036 1013 5092 decrescentibus
1042 5037 1255 5104 diebus,
1289 5038 1537 5094 Christus
1566 5056 1698 5097 vero
1727 5056 1853 5098 cre-

263 5124 555 5179 scentibus.

332 5230 495 5286 Vsus.
530 5234 618 5286 31.
645 5260 716 5270 -
744 5230 825 5285 Me
870 5235 1063 5287 autem
1125 5234 1331 5289 minui.
1382 5235 1620 5290 Joannes
1676 5234 1855 5308 ﬁgura

257 5315 397 5391 legis
421 5327 519 5387 est,
553 5317 827 5383 Christus,
867 5318 1089 5388 veritas,
1130 5319 1219 5376 lex
1246 5320 1525 5390 minuitur,
1555 5332 1853 5394 apparente

260 5405 497 5465 veritate.

334 5504 429 5571 Qui
446 5507 749 5563 desursum
770 5506 945 5572 venit,
969 5521 1141 5579 super
1174 5522 1365 5563 omnes
1396 5512 1499 5575 est,
1534 5516 1639 5565 etc.
1672 5508 1855 5585 (ALC.)

261 5590 326 5646 Id
350 5600 440 5661 est,
472 5593 543 5652 de
574 5593 867 5663 altitudine
901 5594 1156 5651 humanae
1184 5602 1395 5653 natura;
1415 5603 1541 5653 ante
1570 5604 1854 5669 peccatum

1960 4552 2112 4607 pore,
2140 4536 2232 4607 qui
2263 4544 2344 4591 est
2373 4537 2428 4590 in
2457 4538 2689 4602 duobus,
2734 4536 2941 4592 scilicet
2990 4536 3045 4588 in
3092 4550 3235 4605 aqua
3281 4542 3334 4589 et
3389 4534 3564 4591 verbo

1958 4624 2109 4691 vitae;
2136 4625 2280 4680 unde
2312 4625 2544 4679 Paulus:
2597 4625 2833 4680 Mundus
2881 4640 3006 4680 eam
3053 4623 3275 4679 lavacro
3310 4639 3467 4697 aqua:
3504 4627 3561 4679 et

1958 4716 2114 4771 verbo
2147 4716 2273 4769 vita:
2304 4714 2525 4785 (Ephes.
2550 4713 2630 4784 v).

2027 4804 2196 4858 Vnus.
2232 4807 2283 4859 2.
2317 4831 2387 4843 -
2416 4802 2521 4858 Sed
2560 4802 2850 4873 discipuli.
2896 4801 2955 4855 In
3004 4816 3239 4872 quorum
3286 4800 3558 4871 baptismo

1953 4891 2188 4946 dabatur
2220 4890 2460 4961 spiritus,
2495 4888 2622 4945 licet
2667 4904 2777 4944 non
2834 4888 2909 4943 ita
2965 4888 3274 4955 manifeste,
3319 4895 3376 4943 ut
3438 4897 3564 4959 post

1954 4979 2344 5035 Ascensionem
2392 4978 2552 5034 datus
2603 4985 2685 5033 est
2742 4977 3002 5032 ineffabili
3051 4985 3105 5033 et
3150 4976 3559 5051 inexcogitabili

1952 5069 2137 5123 modo.

2024 5158 2192 5212 Vnus.
2230 5161 2281 5212 3.
2315 5187 2384 5197 —
2414 5156 2660 5228 Reliquit
2687 5156 2962 5211 Iudaeam.
3014 5155 3073 5210 Id
3123 5164 3206 5210 est
3249 5155 3555 5213 Pharisaaos

1953 5244 2282 5310 incredulos,
2316 5244 2408 5317 qui
2450 5244 2767 5318 cogitabant
2824 5259 2949 5302 eum
2997 5245 3273 5316 persequi,
3333 5254 3560 5318 pr0pter

1954 5335 2221 5406 baptisma
2250 5334 2423 5406 ipsius
2454 5335 2601 5406 quod
2639 5334 2944 5405 crescebat,
2979 5341 3032 5389 et
3062 5334 3188 5405 quia
3217 5351 3317 5406 per
3344 5334 3555 5391 doctri-

1952 5437 2080 5477 nam
2111 5422 2247 5491 ejus,
2292 5422 2475 5496 legem
2522 5423 2780 5479 evacuari
2827 5422 3226 5496 intelligebant.
3275 5425 3347 5478 Et
3391 5424 3550 5478 abiit.

1951 5511 2247 5583 Postquam
2276 5526 2484 5584 paucos
2514 5511 2583 5567 de
2611 5511 2841 5569 Judaico
2869 5512 3073 5584 populo
3117 5510 3372 5580 suscepit,
3425 5504 3554 5563 reli-

1956 5600 2071 5671 quit
2102 5600 2417 5658 incredulos
2445 5599 2585 5675 legis
2613 5590 2850 5660 litteram
2880 5607 3189 5674 sequentes,
3224 5613 3344 5670 quae
3370 5594 3552 5652 nemi-
