3932 6178
431 230 531 284 371

1000 226 1407 285 WALAFRIDI
1435 225 1681 282 STRABI
1707 224 1911 282 FULD.
1944 222 2119 282 MON.
2152 223 2306 282 OPP.
2335 223 2513 282 PARS
2543 224 2585 280 Ῑ.
2618 253 2689 266 -
2714 223 3190 282 THEOLOGICA.

3624 230 3719 284 372

434 369 561 411 nem
591 352 662 409 ad
691 350 997 425 perfectum
1026 350 1193 409 ducit.
1224 353 1296 407 Et
1342 352 1482 407 abiit
1522 352 1586 405 in
1627 351 1938 417 Galilaeam,
1975 349 2104 414 idA
2130 349 2248 417 niti,
2280 357 2334 405 et
2361 348 2664 421 prophetia
2694 356 2819 404 sunt
2847 349 2972 405 telis
3020 348 3235 417 armati,
3287 357 3347 404 ut
3393 349 3549 406 cibos
3579 367 3720 408 eme-

436 442 604 501 estin
642 442 981 513 spiritualem
1026 440 1198 512 ipsius
1244 440 1440 495 litterae
1486 438 1920 512 intelligentiam.
1971 441 2036 495 In

440 532 754 591 Galilaeam.
780 532 841 586 In
872 529 1101 587 Galilaa
1129 527 1538 584 transformatio
1558 528 1775 583 Domini
1796 528 2038 585 creditur

436 618 601 690 facta,
633 636 734 692 per
763 634 928 691 quam
972 617 1314 691 signiﬁcatur
1357 617 1738 673 transmutatio
1784 617 2038 673 humana

438 715 649 763 natura
677 708 733 761 in
762 706 1049 778 pristinam
1076 705 1331 779 gloriam.
1366 706 1426 760 In
1455 705 1684 762 Galilaa
1712 704 1862 761 dedit
1881 705 2041 762 disci-

437 791 582 863 pulis
610 792 666 845 in
697 797 881 846 monte
910 788 1216 846 doctrinam
1245 805 1346 861 per
1375 804 1540 861 quam
1569 790 1642 844 ad
1669 789 1836 845 vitam
1866 797 2041 845 trans-

438 879 566 935 ituri
596 886 722 934 sunt
749 878 1057 935 credentes.

510 967 680 1023 Vsus.
714 969 766 1023 4.
803 997 872 1007 -
905 967 1221 1039 Oportebat.
1248 968 1394 1021 Inter
1411 966 1660 1022 Judaam
1680 974 1734 1022 et
1754 966 2039 1023 Galilaam

439 1055 690 1112 Samaria
716 1062 816 1123 est,
850 1055 905 1110 id
944 1062 1046 1126 est,
1087 1056 1230 1110 inter
1274 1055 1457 1127 legem
1504 1054 1717 1123 littera,
1769 1073 1892 1127 qua
1940 1073 2040 1128 per

438 1144 684 1199 Judaam
715 1151 769 1198 et
785 1143 998 1200 divinas
1026 1144 1181 1215 leges
1208 1144 1358 1200 circa
1378 1145 1554 1199 Deum
1584 1144 1881 1211 revolutas,
1913 1160 2042 1216 qua-

439 1248 563 1287 rum
589 1230 768 1303 ﬁgura
790 1240 874 1287 est
905 1232 1155 1298 Galilaa,
1191 1240 1274 1288 est
1304 1233 1391 1287 lex
1438 1232 1707 1287 naturalis
1757 1232 1812 1286 in
1857 1233 2040 1288 medio

440 1320 753 1391 constituta,
788 1321 917 1393 quia
948 1336 1084 1393 ergo
1117 1338 1183 1375 ex
1238 1321 1362 1393 lege
1409 1322 1640 1392 sumpsit
1687 1320 2042 1377 fundamenta

439 1409 724 1476 Ecclesia,
758 1410 1046 1480 oportebat
1075 1425 1200 1464 eum
1231 1410 1301 1465 ad
1349 1417 1542 1481 gentes
1573 1410 1809 1466 transire
1840 1411 2042 1466 consti-

440 1504 586 1553 tutas
617 1498 718 1553 sub
747 1498 873 1571 lege
900 1504 1132 1565 natura,
1153 1505 1212 1552 ut
1240 1514 1367 1554 cum
1393 1498 1639 1571 utrisque
1667 1499 1724 1553 in
1754 1499 2041 1555 Galilaam

442 1593 663 1643 aterna
694 1586 1048 1643 beatitudinis
1089 1586 1315 1643 rediret.

521 1710 693 1765 Vnus.
727 1714 864 1765 5.-
893 1712 1049 1768 Venit
1082 1727 1226 1784 ergo.
1253 1712 1323 1767 Ut
1348 1718 1716 1784 agnoscerent
1745 1718 1799 1765 et
1819 1725 2046 1767 conver-

442 1806 697 1855 terentur
725 1798 795 1854 ad
826 1815 953 1854 eum
984 1799 1332 1868 Samaritani,
1353 1799 1693 1856 vindicantes
1727 1799 1831 1854 sibi
1856 1800 2038 1855 hare-

438 1885 665 1942 ditatem
685 1887 1015 1959 patriarcha
1034 1888 1229 1944 Israel.

515 1977 645 2045 Qua
674 1975 889 2032 dicitur
918 1976 1135 2033 Sichar.
1169 1977 1383 2048 Sichar,
1404 1975 1461 2031 id
1490 1984 1573 2032 est
1603 1976 1902 2047 conclusio,
1953 1978 2037 2033 vel

440 2077 647 2131 ramus,
696 2063 753 2119 id
812 2071 894 2120 est
939 2064 1158 2137 gentilis
1188 2065 1423 2137 p0pulus
1453 2065 1747 2122 conclusus
1777 2066 1879 2119 sub
1910 2081 2037 2136 pec-

435 2160 581 2219 cato,
612 2152 705 2225 qui
742 2160 826 2209 est
855 2168 1044 2209 ramus
1090 2154 1160 2209 de
1216 2154 1459 2210 oleastro
1520 2154 1737 2210 excisus
1769 2162 1822 2208 et
1879 2153 2039 2210 oliva

435 2240 695 2297 insertus.

509 2355 680 2412 Vnus.
716 2359 768 2411 6.
801 2385 869 2397 —
898 2358 1036 2413 Erat
1067 2361 1278 2425 autem,
1314 2366 1417 2414 etc.
1451 2356 1594 2428 Quia
1611 2357 1878 2414 naturalis
1899 2358 2039 2414 ratio

436 2459 547 2501 non
577 2445 796 2501 aliunde
827 2446 1003 2519 surgit
1028 2445 1133 2501 nisi
1161 2462 1196 2501 a
1248 2462 1419 2504 causa
1463 2448 1709 2503 omnium
1745 2448 2036 2515 bonorum,

430 2532 558 2590 ideo
586 2534 815 2605 pulchre
844 2534 1046 2592 dicitur
1074 2535 1196 2591 fons
1227 2553 1351 2592 esse
1380 2538 1571 2608 Jacob,
1604 2537 1661 2592 id
1690 2546 1774 2593 est
1803 2538 1944 2593 ratio
1965 2536 2040 2592 in-

435 2621 589 2678 ﬁnita
619 2623 795 2680 Patris
824 2624 1107 2680 altitudine
1136 2625 1463 2696 procedens.

506 2713 666 2769 Iesus
697 2728 822 2785 ergo
853 2716 1152 2786 fatigatus,
1207 2722 1311 2769 etc.
1374 2713 1707 2785 Allegorice.
1744 2715 1853 2769 Iter
1909 2715 2039 2769 Jesu

435 2800 619 2857 carnis
651 2809 734 2855 est
760 2802 1062 2872 assumptio
1083 2802 1139 2856 in
1178 2817 1288 2873 qua
1318 2810 1401 2857 est
1433 2801 1699 2874 fatigatio,
1731 2802 1786 2857 id
1825 2810 1907 2857 est
1956 2802 2038 2857 in-

427 2886 682 2955 ﬁrmitas,
716 2889 967 2945 relevans
997 2889 1274 2945 hominem
1303 2907 1467 2961 quem
1505 2890 1712 2947 creavit
1761 2891 2035 2962 potentia:

436 2977 612 3033 sessio
641 2986 725 3034 est
752 2977 1049 3034 humilitas.
1083 2979 1248 3034 Sexta
1266 2980 1423 3047 hora,
1449 2989 1603 3035 sexta
1630 2988 1762 3036 atas
1800 2996 1911 3052 qua
1937 2997 2037 3036 ve-

431 3066 529 3133 nit,
562 3073 759 3137 puteus
817 3066 1158 3138 profunditas
1213 3068 1373 3138 hujus
1422 3068 1627 3125 saculi.
1695 3069 2039 3125 Samaritana
2069 3076 2118 3140 ί]

430 3153 683 3210 Ecclesia
712 3155 857 3211 venit
886 3172 996 3211 non
1018 3158 1135 3226 jam
1152 3157 1320 3226 justa,
1357 3158 1456 3212 sed
1479 3156 1847 3227 justiﬁcanda.
1877 3161 2035 3231 Aqua

434 3242 585 3314 putei
612 3242 862 3299 voluntas
889 3246 1051 3314 hujus
1081 3246 1285 3314 saculi,
1320 3263 1441 3318 qua
1468 3248 1625 3318 quasi
1654 3248 1724 3302 de
1762 3246 2035 3318 profundo

434 3331 737 3386 extrahitur
766 3332 1052 3388 submissis
1073 3342 1126 3389 et
1154 3334 1427 3391 inclinatis
1457 3336 1527 3391 ad
1557 3352 1680 3391 eam
1700 3336 2030 3406 hominibus,

427 3419 717 3491 pramissa
746 3422 1043 3494 cupiditate
1074 3425 1233 3496 quasi
1278 3424 1492 3496 hydria.
1559 3426 1811 3481 Sedcbat.
1865 3425 2035 3495 Quasi

429 3508 811 3566 lassitudinem
841 3512 1094 3569 relevans
1122 3513 1180 3568 in
1210 3529 1319 3585 quo
1346 3513 1621 3570 indicatur
1649 3514 1916 3587 magister
1935 3514 2034 3570 do-

430 3605 619 3654 cturus
651 3600 976 3657 accedentes
1006 3610 1059 3656 et
1078 3618 1456 3673 possessurus.
1490 3603 1690 3675 Supra.
1713 3603 1857 3658 Fons
1891 3602 2033 3659 dici-

430 3703 520 3751 tur
550 3688 859 3763 ubicunque
889 3698 1075 3746 manat
1104 3707 1249 3763 aqua
1277 3692 1346 3747 de
1375 3698 1541 3758 terra,
1576 3692 1674 3747 sed
1696 3692 1740 3745 si
1771 3691 1826 3745 in
1849 3708 2035 3763 super-

426 3782 550 3841 ﬁcie
579 3782 699 3840 fons
730 3789 958 3848 tantum,
993 3780 1040 3835 si
1068 3780 1124 3835 in
1154 3779 1428 3852 profundo
1473 3780 1639 3835 etiam
1684 3780 1887 3837 dicitur
1933 3798 2033 3852 pu-

427 3880 570 3930 teus.

499 3980 671 4035 Vens.
705 3980 760 4033 "I.
793 4007 863 4018 —
900 3978 1075 4032 Venit.
1110 3978 1171 4029 In
1193 3974 1375 4048 ﬁgura
1393 3976 1658 4032 Ecclesia
1679 3975 1748 4030 de
1776 3975 2032 4047 gentibus

433 4083 557 4141 qua
585 4066 738 4137 prius
767 4065 1056 4120 hauriebat
1096 4079 1317 4135 aquam,
1351 4064 1407 4119 id
1460 4073 1543 4119 est
1573 4065 1907 4135 voluptatem
1963 4064 2032 4118 de

430 4144 702 4227 protundo
732 4153 915 4210 saculi
944 4152 1097 4221 cujus
1126 4150 1290 4208 fidem
1321 4151 1431 4207 sitit
1459 4153 1616 4207 Jesus
1662 4160 1715 4207 et
1772 4153 1906 4224 petit
1962 4153 2031 4207 ab

434 4260 502 4300 ea
533 4243 728 4316 potari.

499 4359 732 4434 (GREG.)
762 4356 860 4413 Vel
891 4355 1108 4421 mulier,
1151 4355 1207 4410 id
1246 4363 1329 4410 est
1362 4355 1678 4430 Synagoga,
1722 4374 1842 4429 qua
1884 4358 2032 4413 venit

2136 446 2261 494 rent
2287 439 2552 510 ipsorum,
2584 439 2792 496 scilicet
2818 439 2991 495 corda
3025 438 3416 511 praedicatione
3461 438 3588 495 ﬁdei
3617 442 3721 498 Deo

2137 534 2529 599 praparantes.

2211 616 2379 672 Vens.
2404 619 2455 671 9.
2488 646 2557 656 —
2576 618 2731 673 Dicit
2757 632 2902 689 ergo.
2944 615 3210 673 Nesciens
3230 632 3395 688 quem
3423 625 3612 688 potum
3638 635 3724 689 ρει

2137 705 2200 760 tit
2229 706 2300 760 ab
2320 721 2405 771 ea,
2441 712 2638 776 putans
2664 706 2813 776 quod
2835 705 2905 760 de
2945 720 3090 777 aqua
3128 706 3354 777 opponit
3395 722 3457 761 se
3500 721 3623 762 esse
3661 708 3722 762 de

2138 794 2462 867 alienigenis
2507 794 2765 860 vasculis,
2825 809 3060 865 quorum
3107 794 3272 849 etiam
3319 795 3722 852 conversatione

2137 898 2249 939 non
2293 889 2521 937 utuntur
2564 882 2758 947 Judai,
2810 882 2908 937 sed
2954 884 3115 937 Jesus
3143 883 3235 954 qui
3280 882 3447 938 ﬁdem
3495 884 3719 955 petebat,

2138 972 2191 1027 ei
2220 971 2470 1043 spiritum
2497 971 2631 1026 dare
2660 970 2936 1041 cupiebat,
2978 978 3032 1025 et
3079 986 3202 1026 eam
3248 972 3510 1027 admonet
3548 980 3605 1027 ut
3647 989 3726 1044 pe-

2138 1067 2235 1127 tat,
2270 1059 2492 1130 spiritus
2517 1066 2600 1114 est
2628 1066 2813 1114 autem
2844 1066 2898 1113 et
2925 1059 3131 1115 donum
3158 1061 3259 1115 Dei
3286 1068 3342 1116 et
3378 1060 3508 1116 viva
3539 1076 3692 1133 aqua.

2210 1149 2329 1204 Non
2360 1149 2532 1213 enim,
2564 1154 2670 1204 etc.
2705 1148 3081 1204 Samaritanos
3106 1149 3281 1204 Judai
3300 1156 3656 1206 exsecrantur
3680 1159 3726 1206 et

2141 1237 2583 1308 supplantatores
2630 1244 2850 1302 vocant,
2903 1236 3033 1308 quia
3078 1253 3174 1293 eos
3209 1238 3535 1293 hareditate
3567 1236 3723 1309 patris

2139 1324 2224 1380 sui
2251 1326 2422 1381 Jacob
2471 1325 2826 1397 privaverunt
2862 1324 3188 1381 abstinendo
3235 1342 3270 1381 a
3305 1326 3445 1381 cibis
3493 1334 3549 1381 et
3593 1324 3723 1380 vasis

2139 1429 2328 1470 eorum
2336 1456 2349 1469 .

2210 1503 2382 1557 Vaas.
2416 1505 2503 1558 1ο.
2533 1533 2602 1543 -
2630 1502 2936 1575 Respondit
2966 1505 3146 1560 Iesus.
3177 1502 3513 1559 Pedetentim
3535 1510 3590 1558 et
3616 1503 3726 1559 sim-

2137 1590 2367 1663 plicibus
2388 1591 2573 1647 verbis
2601 1590 2834 1657 instruit,
2875 1599 2935 1646 ut
2979 1592 3195 1648 tandem
3247 1592 3450 1648 donum
3509 1593 3627 1657 Dei,
3678 1593 3726 1647 id

2060 1719 2115 1778 B
2142 1688 2225 1735 est
2254 1678 2503 1751 spiritum
2531 1680 2704 1751 possit
2731 1680 3021 1751 accipere.~

2214 1769 2386 1823 Vnus.
2429 1770 2515 1822 11.
2540 1799 2609 1808 -
2639 1770 2801 1824 Dixit
2837 1769 2890 1824 ei
2922 1770 3151 1825 mulier.
3185 1771 3337 1840 Aqua
3378 1768 3503 1824 viva
3550 1768 3728 1826 dicitur

2140 1872 2248 1912 non
2284 1856 2410 1924 alia,
2444 1856 2549 1911 nisi
2577 1873 2696 1928 qua
2723 1857 2815 1911 ubi
2854 1856 3043 1926 oritur,
3077 1857 3361 1928 excipitur,
3392 1858 3463 1913 de
3491 1873 3599 1930 qua
3613 1874 3725 1913 mu-

2139 1945 2242 2000 lier
2262 1944 2555 2000 carnaliter
2575 1945 2791 2015 sapiens
2812 1945 2975 2000 dixit:
3002 1945 3137 2000 Cum
3158 1946 3510 2002 hauritorium
3530 1962 3636 2002 non
3650 1946 3728 1999 ba-

2141 2033 2294 2100 beas,
2345 2041 2398 2089 et
2441 2040 2634 2105 puteus
2686 2035 2823 2088 altus
2872 2034 2961 2103 sit,
3013 2035 3283 2106 quomodo
3329 2034 3505 2090 habes
3553 2051 3725 2108 aquam

2140 2123 2359 2178 vivam?
2386 2122 2493 2177 Sed
2542 2138 2611 2178 ne
2661 2122 2800 2177 forte
2829 2122 2993 2178 alium
3023 2121 3230 2179 fontem
3252 2124 3572 2195 promittere
3593 2124 3728 2179 tide-

2140 2218 2303 2281 retur,
2333 2210 2545 2265 subdit:
2578 2211 2841 2284 Nunquid
2865 2219 2921 2266 tu
2967 2211 3161 2267 melior
3210 2228 3290 2278 es,
3339 2213 3395 2267 id
3448 2221 3536 2267 est
3590 2220 3727 2284 potes

2052 2289 2062 2298 ’
2139 2300 2333 2355 melior
2354 2315 2476 2355 esse
2504 2300 2675 2356 Jacob
2697 2300 2789 2372 qui
2817 2315 2941 2355 cum
2967 2300 3083 2355 suis
3112 2316 3243 2355 usus
3272 2309 3356 2356 est
3397 2301 3502 2356 isto
3520 2302 3550 2356 ?
3596 2301 3723 2356 Con-

2139 2395 2221 2444 tra
2249 2388 2394 2460 quod
2421 2403 2553 2461 ergo
2582 2396 2763 2459 aperte
2812 2387 3055 2443 Christus
3088 2389 3327 2445 ostendit
3348 2405 3407 2445 se
3456 2405 3569 2445 non
3613 2405 3723 2445 car-

2140 2476 2355 2543 naliter,
2402 2476 2498 2531 sed
2559 2475 2903 2547 spiritualiter
2961 2477 3128 2549 loqui,
3184 2477 3373 2533 dicens
3419 2493 3533 2533 non
3590 2478 3726 2533 sitire

2139 2581 2265 2621 eum
2299 2564 2390 2638 qui
2430 2581 2583 2619 suam
2619 2581 2817 2638 aquam
2853 2566 3066 2621 biberit.

2210 2682 2381 2735 Vens.
2409 2684 2493 2738 12.
2517 2711 2586 2721 -
2605 2682 2871 2753 Nunquid
2895 2685 2973 2736 tu.
2998 2681 3321 2753 Alienigena
3342 2682 3514 2737 Jacob
3534 2689 3723 2753 patrem

2140 2785 2296 2824 suum
2324 2777 2497 2836 vocat,
2520 2769 2643 2842 quia
2669 2769 2787 2840 ipsa
2816 2770 2918 2824 sub
2938 2770 3060 2841 lege
3087 2770 3261 2841 Moysi
3279 2769 3511 2838 vixerat,
3534 2779 3587 2826 et
3604 2786 3724 2843 pra-

2139 2858 2287 2913 dium
2308 2858 2452 2930 quod
2480 2858 2651 2914 Jacob
2672 2856 2784 2914 ﬁlio
2811 2874 2910 2913 suo
2939 2858 3184 2925 dederat,
3216 2859 3556 2930 possidebat.

2210 2946 2401 3018 (Auc.)
2434 2946 2725 3003 Vasculum
2757 2947 3041 3018 cupiditas,
3085 2962 3226 3020 aqua
3253 2947 3527 3019 voluptas,
3557 2945 3723 3004 reﬁci-

2139 3043 2241 3105 tur,
2273 3051 2381 3091 non
2412 3035 2788 3107 exstinguitur.

2206 3126 2276 3180 Et
2298 3126 2412 3197 ipse
2442 3140 2515 3180 ex
2545 3141 2625 3180 eo.
2658 3125 2739 3179 De
2765 3131 2928 3195 puteo
2950 3124 3142 3179 bibunt
3162 3124 3415 3181 homines
3444 3132 3498 3180 et
3516 3140 3721 3197 pecora,

2135 3221 2189 3268 et
2217 3212 2463 3267 similiter
2493 3213 2562 3267 de
2608 3212 2833 3279 ratione,
2870 3214 3023 3286 quasi
3051 3214 3341 3284 depravata
3369 3222 3424 3269 et
3451 3214 3720 3270 obscurata

2134 3317 2337 3372 magno
2375 3301 2566 3366 labore
2607 3300 2806 3357 foditur
2854 3310 2907 3357 et
2952 3310 3265 3357 exercetur:
3318 3302 3512 3357 bibunt
3555 3311 3719 3357 autem

2135 3389 2355 3460 quidam
2384 3397 2442 3445 ut
2470 3390 2720 3445 homines
2744 3390 2834 3461 qui
2855 3406 2921 3445 ea
2941 3390 3151 3446 ratione
3171 3390 3239 3445 ad
3262 3391 3469 3446 bonum
3489 3399 3714 3455 utuntur,

2132 3485 2191 3532 ut
2237 3478 2428 3533 sancti.
2482 3477 2717 3547 Quidam
2766 3487 2824 3533 ut
2872 3494 3095 3550 pecora,
3152 3479 3243 3550 qui
3298 3487 3519 3535 utuntur
3560 3495 3620 3535 ea
3660 3478 3719 3533 ad

2132 3567 2334 3621 malum
2365 3574 2421 3620 ut
2451 3567 2783 3637 philosophi.

2204 3691 2375 3746 Vsus.
2411 3694 2496 3745 13.
2520 3721 2590 3731 -
2612 3692 2715 3760 Qui
2744 3695 2957 3747 autem.
2991 3690 3316 3764 Quicunque
3359 3709 3495 3750 mea
3537 3692 3720 3765 pradi-

2132 3779 2334 3835 cationi
2362 3795 2457 3835 cor
2482 3780 2977 3836 accommodaverit
2998 3787 3052 3835 et
3076 3780 3266 3853 gratia
3296 3781 3498 3838 donum
3525 3797 3717 3854 cogno-

2131 3869 2289 3937 verit,
2322 3868 2457 3924 ﬁdes
2486 3886 2608 3939 qua
2634 3886 2735 3939 per
2763 3869 3104 3925 dilectionem
3134 3879 3394 3941 operatur
3432 3872 3487 3926 in
3523 3886 3585 3926 eo
3625 3887 3717 3925 na-

2133 3957 2321 4025 scitur,
2353 3965 2406 4011 et
2436 3957 2515 4012 sic
2545 3958 2767 4013 tandem
2796 3958 2853 4012 in
2882 3958 3047 4013 vitam
3072 3959 3320 4013 transibit
3338 3968 3611 4016 atemam.

2201 4072 2373 4126 Vens.
2402 4074 2487 4125 tl.
2516 4103 2585 4112 —
2606 4072 2781 4145 Aqua.
2805 4075 2963 4145 Aqua
2992 4074 3295 4144 corporalis
3317 4075 3565 4131 deorsum
3586 4075 3713 4140 ﬂuit,

2130 4176 2268 4231 aqua
2299 4160 2588 4231 spiritualis
2620 4178 2838 4215 sursum
2864 4162 2986 4215 salit
3024 4169 3076 4216 et
3106 4178 3296 4218 secum
3325 4180 3423 4219 eos
3469 4164 3555 4235 qui
3601 4180 3715 4219 eam

2130 4249 2324 4303 bibunt
2349 4249 2402 4302 in
2423 4257 2686 4304 aternam
2720 4249 2954 4323 gloriam
2987 4251 3259 4305 subvehit.

2204 4363 2372 4419 Vens.
2409 4366 2494 4417 16.
2516 4393 2587 4405 -
2615 4363 2774 4428 Vade,
2802 4380 2935 4419 voca
2960 4365 3145 4420 virum
3176 4369 3362 4431 tuum,
3411 4373 3509 4421 etc.
3551 4366 3614 4421 Ut
3654 4379 3714 4419 eo

424 4449 646 4506 haurire
662 4463 881 4521 aquam,
915 4453 1225 4518 etc.,usque
1254 4445 1327 4500 ad
1350 4444 1681 4515 primitivam
1703 4437 2095 4503 Ecclesiam.D
2125 4452 2263 4508 duce
2307 4452 2375 4505 ad
2432 4451 2949 4522 contemplationem
3000 4452 3299 4523 spiritualis
3361 4452 3716 4526 intelligentia

496 4550 581 4603 Da
607 4547 767 4602 mihi.
796 4546 956 4600 Jesus
978 4543 1175 4599 sedens
1205 4557 1374 4614 supra
1403 4542 1609 4599 fontem
1656 4544 1789 4615 petit
1836 4558 1869 4599 a
1916 4544 2029 4615 pri-

427 4635 616 4690 mitiva
642 4634 891 4690 Ecclesia
921 4649 1084 4705 quam
1119 4632 1188 4688 de
1234 4631 1489 4705 gentibus
1547 4633 1791 4705 elegerat
1844 4640 2028 4704 potum

429 4721 579 4788 ﬁdei,
613 4737 721 4793 qua
749 4721 803 4774 in
834 4739 959 4776 eum
988 4722 1265 4787 credatur,
1300 4721 1488 4791 petita
1508 4729 1704 4776 natura
1725 4729 1911 4792 potum
1934 4738 2029 4776 ra—

429 4810 613 4877 tionis,
674 4825 782 4881 qua
840 4811 1089 4865 conditor
1163 4819 1216 4865 et
1276 4811 1595 4880 redemptor
1648 4809 2025 4883 investigetur.

430 4898 680 4971 Apostoli
710 4897 863 4952 missi
892 4896 948 4951 in
978 4897 1271 4966 civitatem,
1302 4899 1358 4953 id
1389 4906 1471 4953 est
1498 4899 1553 4953 in
1583 4899 1867 4965 mundum,
1890 4915 2033 4954 eme-

426 5003 489 5043 re
511 4987 820 5058 spirituales
842 5002 1020 5055 escas,
1044 4986 1098 5040 id
1122 4996 1203 5041 est
1233 4986 1414 5057 ﬁdem,
1448 4995 1501 5043 et
1522 4988 1814 5055 actionem,
1853 4996 1906 5043 et
1944 5003 2031 5043 co-

430 5074 755 5150 gnitionem,
781 5075 977 5147 quibus
1013 5076 1265 5146 magistri
1295 5076 1564 5131 satiantur
1611 5077 1894 5133 Ecclesia.
1945 5080 2030 5133 Da

430 5164 594 5218 mihi.
625 5163 773 5218 Licet
819 5164 978 5217 Jesus
1025 5172 1149 5235 post
1197 5164 1573 5237 fatigationem
1620 5166 1771 5219 sitire
1821 5174 2026 5236 posset,

426 5258 613 5307 tamen
641 5252 785 5306 hunc
814 5260 999 5322 potum
1030 5267 1138 5307 non
1170 5252 1355 5326 exigit,
1391 5254 1489 5307 sed
1527 5261 1583 5308 ut
1628 5269 1726 5309 cor
1768 5254 2031 5310 Ecclesia

426 5340 674 5414 gentium
702 5354 803 5409 pro
832 5338 1041 5395 laboris
1071 5340 1187 5409 ejus
1216 5340 1531 5415 cognitione
1560 5349 1720 5415 potus
1749 5342 1800 5398 ei
1829 5341 2031 5399 efﬁcia-

430 5437 543 5501 tur,
574 5427 869 5484 desiderat.

502 5535 673 5592 Vsas.
703 5539 753 5590 8.
788 5564 856 5574 —
875 5534 1157 5606 Discipuli
1176 5535 1349 5591 enim.
1386 5536 1447 5591 In
1475 5535 1749 5594 civitatem
1778 5536 2032 5609 discipuli

435 5622 706 5692 abierunt,
739 5622 948 5681 scilicet
975 5622 1046 5679 ad
1099 5622 1336 5692 Judaos,
1384 5625 1474 5696 qui
1528 5625 1670 5698 legis
1724 5625 1867 5682 valle
1905 5641 2029 5681 mu-

2129 4540 2430 4595 ascendas:
2466 4541 2601 4594 vade
2632 4556 2762 4595 voca
2786 4542 2969 4595 virum
2992 4545 3174 4595 tuum.
3200 4541 3279 4595 Tu
3302 4542 3564 4596 sensualis
3585 4556 3712 4596 voca

2129 4628 2452 4684 rationalem
2479 4627 2830 4697 intellectum,
2865 4644 2971 4699 quo
3002 4636 3059 4681 ut
3089 4628 3203 4683 viro
3241 4630 3475 4701 regaris,
3514 4637 3565 4683 tu
3600 4644 3717 4701 qua

2128 4717 2291 4771 modo
2331 4716 2624 4772 carnaliter
2653 4716 2819 4787 sapis,
2855 4717 2999 4771 hunc
3038 4732 3141 4787 ego
3182 4716 3269 4771 lux
3320 4725 3374 4772 et
3421 4724 3573 4788 caput
3615 4715 3713 4770 viri

2129 4805 2467 4859 illuminabo.
2498 4803 2668 4873 Quasi
2696 4804 2868 4859 dicat:
2902 4805 3014 4859 Hec
3044 4820 3167 4876 qua
3213 4804 3338 4860 dico
3378 4821 3485 4860 non
3533 4820 3715 4860 carna-

2127 4893 2270 4961 liter,
2309 4901 2366 4947 ut
2393 4901 2448 4946 tu
2477 4892 2729 4947 animalis
2760 4892 2915 4959 facis,
2957 4892 3054 4946 sed
3095 4892 3448 4963 spiritualiter
3480 4901 3595 4947 sunt
3632 4892 3714 4946 in-

2128 4982 2422 5054 telligenda
2450 4989 2503 5037 et
2531 4981 2695 5037 ductu
2734 4980 2969 5035 rationis
3017 4981 3352 5051 accipienda,
3404 4989 3458 5037 et
3499 4981 3611 5036 ideo
3657 4988 3713 5034 tu

2128 5086 2262 5142 para
2290 5070 2624 5126 intellectum
2652 5069 2783 5124 mihi
2812 5076 2866 5123 et
2904 5068 3048 5136 veni,
3093 5068 3446 5142 intelligendo
3474 5069 3581 5125 hac
3607 5068 3715 5139 spi-

2130 5160 2345 5215 ritualia
2366 5176 2488 5231 qua
2519 5159 2660 5214 dico.

2200 5274 2372 5327 Vsus.
2400 5275 2485 5327 17.
2515 5304 2584 5314 -
2603 5271 2908 5344 Respondit
2938 5272 3167 5327 mulier.
3204 5270 3417 5326 Revera
3457 5271 3567 5326 hac
3591 5284 3712 5323 mu-

2127 5360 2229 5417 lier
2257 5369 2383 5416 tunc
2412 5376 2519 5416 non
2559 5360 2793 5416 habebat
2834 5359 3030 5424 virum,
3074 5359 3173 5414 sed
3200 5359 3451 5413 utebatur
3490 5356 3715 5430 quodam

2128 5466 2238 5506 non
2257 5449 2520 5520 legitimo,
2555 5449 2623 5504 de
2653 5464 2759 5520 quo
2793 5447 3089 5526 respondet
3113 5447 3291 5502 adhuc
3320 5446 3600 5503 carnaliter
3620 5460 3712 5498 sa-

2128 5538 2304 5611 piens,
2338 5538 2430 5610 qui
2465 5537 2706 5593 nondum
2744 5544 3032 5593 vocaverat
3081 5535 3279 5601 virum,
3330 5534 3388 5591 id
3434 5544 3513 5591 est
3557 5531 3711 5588 intel-

2127 5626 2349 5684 lectum.
2386 5628 2536 5683 Dicit
2564 5628 2617 5682 ei
2647 5628 2824 5683 Iesus.
2856 5623 3123 5681 Paulatim
3154 5640 3217 5682 ea
3254 5623 3505 5681 attollens
3540 5621 3711 5679 adhuc
