3932 6178
178 199 264 253 373
1086 187 1358 247 GLOSSA
1397 189 1808 247 ORDINARIA.
1841 221 1910 232 -—
1938 189 2206 248 EVANG.
2247 189 2449 246 JOAN.
3349 197 3452 251 374

181 335 415 410 mysteria
455 333 710 406 loquitur,
740 339 799 387 ut
828 332 1090 404 paulatim
1137 331 1467 403 perduceret
1496 347 1618 388 eam
1663 333 1735 388 ad
1761 320 1817 381 Α
1838 315 2008 410 ξιξίίξο
2029 315 2128 370 Dei
2146 323 2556 410 tesfamentum;
2578 316 2863 410 Ρΐορβθίίθ
2881 316 3183 410 Ρΐρπξίεξδὶ
3207 317 3275 410 ἀφ
3295 317 3455 410 “om?

181 404 590 499 cognoscendum
619 422 740 494 quis
769 437 894 476 cum
923 437 990 476 ea
1022 421 1358 492 loqueretur.
1384 422 1452 475 Et
1474 438 1584 475 non
1604 437 1742 492 opus
1851 404 2118 499 Christus,
2144 412 2196 499 et
2224 405 2330 499 hoc
2359 412 2461 471 est,
2485 407 2624 499 quia
2646 406 2799 460 salus
2831 422 2904 461 ex
2933 406 3142 461 Ιιιάαῖὶδ
3190 409 3273 460 θεέ
3297 446 3310 474 ν
3338 406 3443 499 fed

181 491 376 577 bonum,
409 527 514 566 non
540 491 868 582 prudentem
913 491 1160 564 mulieris
1201 510 1393 565 laudat
1423 491 1745 582 reSponéio-
1851 493 2100 564 quamvis
2148 493 2224 546 ita
2253 493 2422 546 simus
2467 491 2802 557 differentes,
2863 501 3046 548 tamen
3066 509 3176 548 non
3212 493 3448 564 praefero

183 620 306 668 nem,
337 599 431 656 sed
458 599 692 655 veritatis
722 597 906 653 laudat
937 597 1360 654 confessionem,
1851 588 2034 645 locum
2068 590 2378 644 Judzeorum
2410 591 2532 645 loco
2565 591 3051 656 Samaritanorum,
3088 599 3141 645 et
3171 591 3276 646 hoc
3312 599 3419 646 est.

239 718 395 774 vus.
432 722 514 772 18.
547 747 615 758 __
673 718 922 789 Quinque
951 717 1105 771 enim
1144 717 1314 770 viros.
1365 712 1619 786 Quinque
1648 712 1752 769 viri
1852 785 1883 789 -
1922 696 2092 789 Yans.
2117 700 2206 752 23.
2231 727 2299 736 —
2323 697 2426 789 Sed
2447 698 2598 789 venit
2621 698 2777 765 hora,
2803 701 2859 751 et
2878 714 3032 752 nunc
3055 702 3178 789 est,
3210 699 3450 789 quando.

182 815 286 862 sunt
321 807 552 878 quinque
598 783 751 877 leges
801 783 1051 859 humanae
1098 809 1308 858 naturae
1356 803 1514 858 datae.
1531 783 1748 868 Prima,
1852 783 2177 856 Priusquam
2223 785 2469 839 venirem
2499 784 2553 838 in
2583 800 2770 850 carne,
2804 801 2965 840 nemo
3012 785 3187 856 potuit
3225 787 3455 841 adorare

181 897 226 950 in
249 873 492 967 paradiso
521 902 644 948 ante
657 873 961 965 ipeccatum
989 892 1045 946 in
1076 891 1442 963 prohibitione
1466 891 1620 963 ligni.
1646 891 1750 946 Se-

1868 874 2071 927 Patrem
2120 873 2174 928 in
2223 873 2414 944 spiritu
2463 882 2516 928 et
2565 873 2829 942 veritate,
2863 882 3064 944 praeter
3109 874 3452 945 patriarchas

181 961 352 1048 cunde,
383 989 506 1054 post
533 961 1042 1053 praevaricationem
1071 961 1123 1035 et
1153 961 1534 1050 expulsionem
1556 980 1625 1034 de
1654 994 1752 1050 pa-
1853 969 1906 1016 εί
1933 963 2263 1054 Prophetas»
2298 961 2492 1032 qllibus
2523 977 2646 1054 mf?“
2692 961 3286 1054 incarnatiofevelalaf
3333 961 3450 1054 Ῑιξίιι

183 1072 361 1140 radiso,
384 1049 458 1126 de
487 1049 931 1140 multiplicatione
962 1049 1584 1140 humanaeipropaginis.
1618 1049 1751 1122 Ter-
1854 1051 1951 1104 sed
1981 1066 2082 1120 Per
2111 1065 2291 1105 meam
2319 1049 2670 1120 Praesentia!“
2700 1050 2755 1104 in
2795 1066 2962 1106 came
2997 1049 3127 1106 ίῖοηῐ
3173 1051 3288 1106 veri
3320 1051 3451 1106 δάο-

184 1160 262 1229 tia,
291 1160 401 1214 Noe
429 1166 556 1213 ante
584 1158 848 1212 diluvium
877 1158 946 1212 de
976 1155 1300 1212 fabricanda
1328 1171 1476 1211 arca.
1515 1155 1740 1224 Quarta,
1853 1145 2095 1236 Γθῑξποδο.
2143 1228 2175 1236 η
2295 1231 2306 1236 _
2429 1228 2464 1236 ,Δ
2519 1231 2528 1236 Α
2606 1227 2656 1236 _-
2771 1226 2781 1236 ο

181 1227 286 1320 post
342 1247 598 1302 diluvium
628 1247 697 1302 de
762 1245 1122 1301 divisionibus
1189 1244 1452 1316 gentium.
1515 1243 1743 1312 Quinta,
1923 1228 1989 1281 Ῑη
2008 1228 2306 1320 δρίνίξτιῖί
2325 1228 2580 1320 υᾷνίίξῑίθς
2606 1227 2728 1320 NP“
2769 1227 2822 1280 in
2871 1227 3091 1320 ίοξηΡῘον
3125 1242 3233 1320 Eon
3266 1227 3320 1320 ίξι
3350 1227 3455 1282 hoc

181 1313 425 1392 libraham
455 1336 523 1390 de
554 1334 968 1391 circumcisione
1000 1341 1054 1388 et
1091 1313 1460 1387 immolatione
1509 1331 1620 1385 filii.
1657 1331 1752 1386 llis

1868 1324 2057 1379 nonte,
2092 1315 2190 1368 sed
2219 1313 2446 1368 interius
2477 1317 2530 1368 in
2563 1314 2750 1369 intimo
2779 1315 2980 1385 templo
3011 1315 3192 1370 cordis
3213 1315 3341 1370 etin
3363 1332 3456 1371 ve-

186 1425 394 1497 quinque
422 1423 641 1496 legibus
671 1423 826 1495 quasi
886 1423 1124 1494 quinque
1156 1421 1540 1476 virishumana
1571 1419 1753 1474 anima
1854 1404 2012 1458 ritate
2043 1403 2370 1476 cognitionis
2400 1405 2617 1458 Patrem
2648 1421 2768 1459 esse
2809 1404 3166 1459 adorandum.

182 1514 240 1569 ab
265 1513 403 1568 initio
431 1513 622 1566 mundi
651 1528 824 1584 usque
855 1512 921 1566 ad
953 1512 1176 1581 Moysen
1209 1509 1454 1578 subjecta
1474 1508 1575 1562 fuit
1609 1525 1621 1561 :
1654 1524 1751 1578 po-
1925 1518 2094 1572 vgns.
2127 1520 2215 1573 24,
2249 1548 2317 1557 .-
2347 1519 2594 1590 Spiritus
2626 1523 2709 1574 εει
2741 1521 2906 1574 ρεαδ,
2941 1519 3076 1573 cum
3096 1520 3241 1574 Deus
3265 1517 3332 1572 sit
3353 1518 3455 1590 spi-

183 1611 280 1658 stea
304 1602 424 1656 data
453 1609 536 1656 est
566 1601 652 1656 lex
680 1601 893 1667 litterae,
925 1617 1047 1672 qua:
1074 1599 1280 1654 nullam
1310 1596 1540 1652 salutem
1561 1604 1750 1652 contu-

1868 1606 1989 1660 ritus
2019 1615 2071 1661 et
2101 1622 2209 1661 non
2239 1622 2467 1677 corpus,
2500 1623 2608 1662 non
2643 1607 2833 1678 quaerit
2889 1623 3213 1678 corporeum
3241 1607 3452 1674 locum,

180 1690 245 1762 lit,
273 1691 403 1746 unde
433 1689 635 1746 dicitur
668 1707 680 1743 :
717 1690 889 1756 Quem
936 1671 1090 1744 nunc
1121 1687 1306 1752 habes,
1347 1702 1463 1742 non
1511 1690 1596 1740 est
1617 1690 1749 1740 tuus

1868 1703 2093 1750 nontem
2128 1695 2212 1749 vel
2245 1694 2505 1766 templum
2534 1696 2589 1749 in
2611 1712 2719 1766 quo
2750 1705 2952 1763 oretur,
2980 1697 3075 1750 sed
3105 1696 3328 1766 spiritus
3347 1713 3452 1766 pu-

185 1783 269 1834 ῑτῖνι
297 1779 506 1834 Πίωίῑίε
559 1778 823 1847 litteram,
859 1776 996 1831 "ade
1043 1775 1112 1831 ad
1163 1773 1412 1846 Spiritum
1459 1773 1653 1828 ῙηῑθΓεΒ
1683 1773 1753 1826 ad
1855 1801 1950 1838 rus
1971 1792 2053 1837 est
2084 1784 2200 1852 ejus
2229 1784 2512 1853 templum,
2546 1784 2600 1837 in
2623 1801 2730 1854 quo
2763 1793 2946 1838 oretur
2974 1801 3084 1839 non
3114 1785 3183 1839 de
3224 1784 3456 1839 visibili-

182 1868 365 1923 NOVum
409 1869 849 1931 Testamentum.
883 1881 916 1920 8
945 1881 1052 1937 quo
1111 1862 1450 1934 spiritualem
1495 1861 1753 1917 Virtutum
1856 1873 1958 1927 bus
1988 1889 2108 1943 quze
2138 1879 2440 1938 transeunt,
2473 1873 2571 1926 sed
2601 1873 2668 1926 de
2696 1872 2915 1927 internis
2948 1889 3069 1944 quae
3088 1873 3285 1929 veritas
3307 1881 3448 1928 sunt.

183 1955 363 2027 prolem
391 1954 688 2024 concipias.

241 2044 413 2113 (.iua.)
445 2042 702 2114 Quinque
731 2041 834 2096 viri
859 2083 872 2110 ,
901 2040 956 2095 id
987 2047 1070 2096 est
1119 2039 1358 2111 quinque
1400 2055 1594 2094 sensus
1624 2054 1752 2094 cor-

185 2132 310 2202 poris
336 2140 382 2186 te
412 2138 696 2196 rexerunt,
729 2145 872 2185 nunc
904 2129 958 2182 in
989 2137 1235 2198 tempore
1266 2127 1615 2182 discretionis
1645 2143 1754 2181 non

185 2229 224 2274 te
251 2220 375 2293 regit
402 2219 514 2286 vir,
552 2219 607 2272 id
639 2226 720 2273 est
767 2217 1074 2273 intellectus
1121 2215 1428 2286 sapientia),
1464 2215 1560 2270 sed
1591 2215 1752 2270 adul-

184 2317 267 2375 ter,
295 2309 345 2363 id
390 2317 468 2364 est
515 2324 676 2363 error
750 2306 1085 2376 corrumpit,
1116 2305 1246 2360 dum
1291 2305 1586 2360 carnaliter
1634 2321 1754 2376 quae

185 2397 286 2452 dico
313 2397 529 2468 accipis,
570 2405 623 2452 et
654 2396 775 2450 ideo
805 2411 938 2452 voca
968 2395 1164 2460 virum,
1189 2401 1248 2447 ut
1279 2392 1440 2464 (sicut
1470 2393 1615 2464 dico)
1638 2393 1752 2463 spi-

185 2485 420 2540 ritualiter
448 2485 744 2557 intelligas.
779 2484 904 2538 ldeo
947 2483 1184 2556 quinque
1236 2498 1430 2536 sensus
1472 2481 1527 2534 in
1556 2481 1754 2536 minori

185 2583 318 2629 aetate
345 2574 618 2638 dicuntur,
652 2573 774 2638 viri,
809 2572 936 2644 quia
968 2580 1092 2626 sunt
1120 2571 1369 2643 legitimi.
1396 2571 1522 2624 Post
1541 2570 1753 2640 lapsum

186 2663 305 2717 enim
347 2662 585 2716 hominis
616 2669 668 2716 et
699 2661 922 2717 decreto
952 2660 1052 2714 Dei
1080 2659 1403 2714 naturaliter
1431 2659 1642 2730 regitur
1661 2658 1756 2713 illa

186 2760 309 2816 aetas,
340 2768 444 2806 non
472 2751 548 2805 ad
579 2759 805 2815 aeterna,
839 2750 936 2804 sed
968 2749 1038 2804 ad
1068 2748 1171 2802 ista
1227 2747 1550 2819 temporalia
1580 2762 1752 2818 appe-

187 2841 319 2894 tenda
349 2840 389 2894 si
418 2840 693 2904 mulcent,
727 2838 947 2892 vitanda
975 2837 1022 2891 si
1067 2835 1362 2890 offendunt.

1925 1993 2096 2046 Vnns.
2129 1994 2218 2056 25,
2239 1995 2328 2048 26.
2347 2021 2416 2032 ——-
2435 1993 2556 2047 Scio
2587 1995 2719 2064 quia
2746 1993 2972 2048 Messias
2993 1995 3166 2058 venit,
3191 1996 3287 2065 qui
3315 1994 3453 2049 dici-

1857 2085 1971 2149 tur,
2005 2089 2110 2136 etc.
2142 2081 2260 2134 Jam
2288 2097 2386 2150 per
2415 2081 2581 2136 verba
2615 2081 2862 2137 docentis
2892 2081 3124 2152 amplius
3169 2089 3451 2152 provecta,

1856 2169 1958 2225 scit
1987 2184 2020 2223 a
2048 2185 2155 2241 quo
2182 2167 2422 2240 perfecte
2469 2169 2662 2224 debeat
2720 2170 2931 2236 instrui,
2964 2170 3019 2224 id
3057 2179 3139 2226 est
3170 2185 3203 2224 a
3235 2169 3449 2225 Messia.

1853 2260 1956 2313 Ille
1984 2259 2140 2314 nobis
2169 2260 2537 2314 annuntiabit
2569 2262 2781 2314 omnia.
2815 2261 2965 2314 Dicit
2995 2261 3049 2315 ei
3076 2261 3256 2316 Iesus.
3307 2258 3453 2328 Qua-

1854 2346 1978 2400 liter
2007 2354 2186 2416 spreto
2223 2346 2425 2416 templo
2456 2346 2542 2401 vel
2589 2355 2771 2401 monte
2801 2347 2854 2401 in
2903 2347 3090 2417 spiritu
3121 2348 3176 2402 in
3222 2348 3451 2403 veritate

1855 2435 2147 2490 adoremus
2176 2435 2444 2499 ostendet,
2477 2443 2529 2489 et
2559 2435 2784 2503 abjectis
2815 2435 3022 2489 umbris
3052 2435 3277 2490 veritate
3322 2435 3450 2490 illu-

1856 2533 2106 2578 stremur.
2141 2525 2248 2594 Ego
2267 2541 2396 2579 sum
2426 2525 2522 2596 qui
2552 2525 2758 2596 loquor.
2785 2523 2958 2590 Quem
3006 2532 3290 2577 venturum
3322 2539 3451 2578 exs-

1855 2620 2058 2683 pectas,
2089 2611 2304 2667 venisse
2334 2628 2607 2684 cognosce
2633 2630 2646 2666 :
2670 2620 2722 2666 et
2753 2612 2990 2667 adducto
3013 2620 3188 2666 tecum
3219 2611 3338 2667 viro
3359 2612 3451 2682 qui

1855 2709 1907 2756 te
1936 2709 2111 2773 regat,
2147 2717 2266 2770 quae
2294 2699 2421 2753 fidei
2450 2709 2574 2754 sunt
2613 2701 2925 2754 necessaria
2971 2701 3183 2755 discere
3231 2700 3446 2755 labora.

1855 2791 1920 2844 Et
1941 2789 2067 2860 quia
2098 2787 2304 2844 sciebat
2327 2789 2438 2856 jam
2469 2788 2589 2859 quis
2619 2804 2740 2842 eam
2762 2797 2947 2859 posset
2966 2789 3164 2843 docere
3186 2804 3309 2844 cum
3332 2805 3455 2844 eum

1849 2877 1964 2946 jam
1985 2878 2271 2931 docentem
2297 2893 2406 2931 non
2427 2886 2769 2948 agnosceret,
2790 2878 2955 2949 digna
2977 2885 3110 2941 erat,
3136 2877 3222 2931 cui
3242 2877 3360 2948 ipse
3394 2893 3453 2931 se

246 2955 398 3009 Vens.
434 2957 516 3008 19.
556 2985 626 2995 —
663 2953 802 3020 Quia
825 2951 1095 3025 propheta
1123 2955 1188 3007 tu
1218 2967 1294 3006 es.
1333 2949 1526 3005 Mulier
1557 2967 1621 3005 ex
1652 2966 1753 3004 au-

1868 2965 2400 3030 rnanifestaret,unde
2429 2965 2560 3020 dicit
2591 2983 2604 3018 :
2640 2967 2747 3036 Ego
2777 2983 2905 3020 sum
2932 2967 3178 3032 Messias,
3213 2981 3317 3036 qua
3337 2981 3456 3018 ma-

192 3042 294 3097 ditis
335 3041 660 3114 proficiens,
687 3041 802 3110 jam
859 3048 1102 3110 cmperat
1158 3039 1500 3110 aliquatenus
1553 3038 1757 3093 habere

1868 3054 2205 3109 nifestatione
2253 3062 2474 3123 accepta
2514 3069 2621 3108 non
2653 3034 2812 3107 habet
2862 3053 2990 3125 quid
3028 3053 3171 3107 ultra
3217 3034 3456 3124 quaerat,

192 3131 511 3197 intellectum,
547 3131 696 3185 unde
727 3137 782 3184 et
809 3130 1131 3199 prophetam
1163 3135 1340 3193 vocat,
1375 3127 1473 3182 sed
1504 3143 1613 3180 non
1632 3126 1756 3197 ple—

1868 3143 2001 3197 unde
2055 3142 2300 3213 sequitur
2334 3160 2346 3195 :
2383 3143 2629 3214 Reliquit
2677 3159 2805 3213 ergo
2865 3142 3124 3214 hydriam
3149 3183 3162 3210 ,
3195 3150 3300 3198 etc.
3354 3141 3460 3197 Sed

192 3235 316 3286 num,
343 3220 464 3293 quia
495 3235 611 3274 non
641 3218 814 3274 credit
843 3217 1058 3272 venisse
1090 3215 1385 3270 Chriswm-
1859 3230 2213 3304 Evangelista
2246 3230 2516 3285 interserit
2546 3231 2615 3285 de
2646 3230 2944 3301 discipulis.

249 3335 399 3390 Vens.
422 3338 599 3391 20.—
621 3336 805 3388 Panes
831 3334 1035 3397 nostri,
1059 3339 1165 3386 etc.
1202 3331 1473 3402 Pr0pheta
1507 3345 1566 3384 es
1598 3337 1675 3398 tu,
1711 3337 1758 3383 et

1934 3348 2104 3402 Vnns.
2136 3348 2225 3404 27.
2253 3377 2322 3386 —
2353 3348 2424 3401 Et
2453 3349 2814 3402 mirabantur
2844 3349 2995 3419 quia.
3028 3347 3149 3402 Non
3190 3345 3464 3400 miraban-

192 3421 295 3478 ideo
332 3423 514 3492 judica
561 3423 634 3477 de
682 3423 786 3476 hac
840 3421 1225 3485 contentione,
1261 3436 1382 3491 quae
1419 3434 1507 3474 me
1555 3426 1757 3473 movet.

1868 3443 1952 3490 tur
1999 3436 2144 3508 quod
2184 3451 2306 3490 cum
2355 3435 2582 3490 muliere
2631 3435 2870 3506 loquitur
2893 3477 2906 3503 ,
2941 3451 3062 3491 cum
3093 3435 3289 3506 quibus
3318 3434 3468 3506 loqui

193 3511 337 3566 ludmi
364 3529 422 3566 se
451 3510 823 3582 prazferebant
854 3509 1212 3564 Samaritanis
1241 3524 1339 3580 pro
1369 3507 1571 3578 templo
1619 3507 1758 3578 quod

1868 3507 2260 3589 consueverat,
2299 3525 2395 3578 sed
2444 3525 2570 3594 quia
2610 3539 2733 3578 cum
2779 3523 3086 3594 alienigena
3109 3567 3122 3590 ,
3157 3525 3470 3596 ignorantes

195 3598 452 3655 ἒάίδοθνίί
483 3599 770 3663 δαίοπιοην
802 3598 855 3652 in
885 3613 994 3668 quo
1044 3597 1362 3651 adorabam-
1397 3597 1630 3651 ΕοοΠίΓδ
1662 3595 1768 3649 sa“
1870 3612 2197 3684 mysterium
2225 3612 2486 3666 Ecclesia:
2517 3613 2586 3667 de
2617 3612 2870 3684 gentibus
2887 3612 3093 3667 futurae.
3127 3595 3202 3666 Et
3216 3628 3326 3667 non
3345 3628 3468 3668 ma-

196 3688 418 3742 maritani
445 3688 744 3742 adversum
773 3686 992 3740 Judaeos
1023 3701 1121 3756 pro
1143 3694 1345 3750 monte,
1370 3685 1423 3739 in
1454 3701 1562 3757 quo
1591 3692 1644 3738 et
1663 3699 1758 3738 nor

1871 3702 1983 3755 lum
2047 3700 2432 3770 suspicantur,
2465 3701 2562 3754 sed
2609 3700 2952 3755 clementiam
3001 3701 3295 3768 mirantur,
3345 3699 3473 3772 quia

194 3775 238 3829 in
264 3777 450 3848 templo
471 3784 664 3847 patres
711 3775 1080 3829 adoraverunt
1105 3818 1117 3839 ,
1152 3774 1242 3845 qui
1273 3776 1387 3828 Deo
1435 3774 1751 3844 placuerunt

1877 3789 2134 3861 gentilem
2175 3804 2465 3843 erroneam
2506 3789 2666 3844 docet
2704 3788 2842 3844 sicut
2879 3791 2974 3861 qui
3019 3791 3174 3844 venit
3224 3804 3472 3860 quaerere

195 3864 250 3917 Et
275 3865 344 3920 sic
369 3865 700 3936 patriarcha:
722 3863 776 3916 in
806 3863 1098 3931 montibus,
1135 3863 1372 3916 Judaeiin
1404 3862 1602 3932 templo
1633 3863 1773 3916 ado—
1875 3879 2017 3952 quod
2041 3880 2312 3950 perierat.

197 3962 444 4019 mvewm’
477 3951 902 4024 praeﬁgurames
932 3951 1152 4005 mOdum
1184 3951 1319 4004 bene
1341 3951 1554 4005 orandi'
1889 3951 1895 3952 γ
1948 3994 2119 4048 Vens.
2148 3997 2236 4049 28.
2270 4023 2339 4032 —
2371 3993 2612 4064 Reliquit
2643 4008 2790 4063 ergo.
2823 3991 3018 4047 Audito
3046 4009 3140 4064 ego
3169 4009 3298 4048 sum
3319 4032 3333 4061 ,
3361 3992 3472 4062 jam

252 4068 408 4124 Vens.
436 4072 527 4126 2i.
551 4098 624 4108 —
645 4068 864 4122 Mulier.
889 4068 952 4120 In
980 4067 1086 4121 hoc
1116 4066 1238 4121 loco
1269 4065 1532 4120 Dominus
1563 4066 1758 4134 jactant

1879 4082 2088 4136 habens
2117 4081 2171 4135 in
2201 4079 2475 4136 intellectu
2506 4081 2701 4135 mulier
2731 4081 3004 4136 Christum
3034 4089 3195 4151 caput
3223 4081 3345 4148 viri,
3380 4097 3474 4136 re-

196 4154 301 4246 tiam
320 4155 786 4246 Samaritanorum
816 4153 1099 4246 reprimit.
1133 4154 1534 4246 «imputabant
1576 4170 1635 4208 se
1671 4169 1782 4246 non
1880 4171 2033 4241 liquit
2063 4170 2330 4240 hydriam,
2365 4170 2418 4223 id
2449 4179 2528 4224 est
2556 4170 2932 4240 cupiditatem,
2968 4179 3020 4224 et
3047 4171 3283 4246 cucurrit
3310 4186 3475 4226 evan-

200 4244 398 4299 minoris
453 4243 749 4316 religionis
808 4243 976 4297 fuisse
1015 4259 1178 4312 quam
1223 4243 1460 4297 Iudaeos.
1512 4241 1758 4312 Loquitu:

1883 4260 2140 4332 gelizare.
2178 4259 2275 4313 llic
2305 4258 2518 4313 discant
2567 4259 2992 4331 evangelizaturi
3028 4241 3181 4330 prius
3201 4261 3475 4330 deponere

204 4346 319 4402 ergo
336 4332 387 4386 in
402 4347 645 4403 persona
664 4332 1051 4402 prophetarum
1073 4338 1124 4385 et
1145 4330 1385 4384 omnium
1425 4329 1592 4401 quiin
1613 4329 1768 4384 Chri-
1790 4391 1842 4414 Π
1885 4329 2093 4412 éuram,
2117 4355 2169 4401 οι
2198 4362 2334 4401 onus
2363 4347 2520 4414 huius
2560 4329 2762 4403 saeculi.

195 4391 316 4472 stuin
335 4391 559 4475 credunt
582 4391 756 4485 ;unde
767 4391 850 4473 ait
875 4436 888 4472 :
930 4421 1021 4474 Vos
1043 4419 1293 4474 adoratis
1325 4391 1557 4473 Patrem
1581 4434 1768 4490 quem-
1790 4391 1842 4451 D

201 4510 431 4573 nescitis,
455 4508 586 4579 quia
615 4507 796 4561 nullus
816 4506 1007 4560 adorat
1039 4507 1252 4559 Patrem
1274 4505 1376 4558 nisi
1410 4505 1602 4560 Filium
1634 4506 1772 4560 ado-

198 4604 284 4658 ret,
313 4612 406 4664 per
435 4611 605 4667 quem
645 4595 714 4649 ad
761 4594 1009 4648 notitiam
1049 4593 1226 4648 Patris
1258 4593 1494 4662 venitur,
1532 4593 1631 4647 sed
1672 4608 1774 4647 nos

199 4682 375 4737 scimus
396 4685 614 4748 Filium,
645 4690 694 4737 et
741 4698 842 4753 per
891 4682 1085 4736 Filium
1131 4683 1375 4750 Patrem,
1410 4681 1555 4734 unde
1587 4681 1776 4752 sequi-

199 4776 312 4825 tur:
362 4772 502 4838 Quia
543 4773 705 4826 salus
753 4787 828 4826 ea:
874 4770 1081 4825 Judwis
1129 4774 1231 4837 est,
1265 4777 1394 4838 etc.,
1428 4769 1483 4823 id
1515 4777 1616 4834 est,
1651 4769 1758 4840 quit

1946 4755 2118 4808 VEns.
2154 4757 2242 4808 33.
2276 4784 2344 4793 —
2391 4753 2654 4825 Nunquid
2704 4755 2908 4825 aliquis
2947 4755 3166 4809 attulit.
3203 4755 3326 4809 Non
3357 4753 3474 4809 ausi

201 4856 416 4911 Christus
439 4901 454 4924 ,
489 4858 585 4929 qui
617 4865 699 4912 est
746 4857 897 4911 salus
922 4899 937 4922 ,
969 4873 1034 4912 ex
1073 4856 1276 4911 Iudaeis
1297 4865 1380 4912 est
1405 4898 1418 4924 ,
1453 4873 1564 4911 non
1595 4857 1774 4912 solum
1878 4851 2002 4896 sum
2023 4843 2364 4929 interrog???
2395 4841 2685 4929 Domimlm
2712 4841 2962 4896 “mentes
2995 4860 3062 4897 ne
3093 4843 3160 4896 ab
3191 4859 3256 4896 οο
3288 4859 3478 4914 νερτε-

199 4943 383 5016 origine
412 4927 614 5012 carnis,
649 4945 746 5000 sed
776 4946 937 5006 etiam
969 4961 1034 4999 ex
1065 4944 1144 4998 eis
1173 4953 1292 4999 orta
1321 4953 1404 4999 est
1426 4944 1564 5000 fides
1584 4954 1636 5000 et
1661 4946 1758 5016 pri-

1877 4930 2187 4984 hendentur
2210 4970 2224 4993 ,
2260 4927 2304 4980 si
2340 4927 2555 4982 incaute
2602 4928 3081 4999 interrogaverint.

201 5022 363 5086 mitiva
389 5032 665 5088 Ecclesia.
702 5034 870 5088 Crede
900 5034 1062 5087 mihi.
1097 5032 1238 5099 Quia
1261 5033 1376 5099 jam
1407 5042 1489 5087 est
1519 5034 1572 5087 in
1604 5042 1654 5088 te
1696 5033 1780 5088 vir
1951 5035 2122 5089 Vens.
2157 5033 2245 5087 34.
2279 5062 2348 5072 -
2389 5034 2536 5089 Meus
2567 5034 2723 5090 cibus
2773 5039 2876 5090 est.
2927 5036 3051 5090 Non
3098 5035 3480 5094 intellexerunt

207 5119 283 5188 qui
310 5129 481 5190 potest
510 5121 742 5176 credere
772 5128 825 5173 et
854 5119 977 5174 ideo
1008 5121 1236 5174 credere
1270 5137 1283 5172 :
1319 5121 1461 5187 Quia
1508 5123 1626 5176 nisi
1654 5139 1780 5178 cre-
1882 5137 2064 5178 escam
2097 5121 2235 5176 sicut
2262 5121 2457 5176 mulier
2487 5139 2647 5193 supra
2677 5139 2785 5178 non
2821 5123 3077 5179 intellexit
3095 5141 3314 5198 aquam,
3335 5129 3478 5183 unde

201 5205 382 5263 dideris
402 5225 518 5264 non
541 5209 827 5278 intelliges
845 5207 1002 5277 (Isa.)
1040 5208 1266 5274 Quando
1283 5225 1462 5279 neque
1483 5211 1546 5264 in
1565 5215 1755 5266 monte
1881 5210 2147 5282 magister
2177 5225 2272 5264 eos
2302 5209 2517 5264 instruit
2547 5227 2654 5266 non
2683 5212 3077 5283 percircuitum
3097 5222 3154 5269 ut
3185 5215 3354 5282 illam,
3384 5215 3481 5271 sed

202 5292 322 5349 Ecce
347 5295 555 5366 pariter
588 5311 744 5349 mons
774 5302 953 5349 vester
973 5303 1026 5348 et
1056 5295 1317 5362 templum
1344 5297 1656 5351 Iudaeorum
1687 5314 1782 5353 re-
1877 5299 1990 5368 jam
2020 5306 2206 5368 aperte
2237 5298 2427 5354 dicens
2460 5317 2472 5352 :
2510 5300 2656 5355 Meus
2688 5303 2840 5356 cibus
2869 5307 2956 5357 est
2983 5307 3048 5358 ut
3067 5305 3318 5375 faciam,
3362 5312 3464 5360 etc.

204 5381 514 5447 probabitur,
550 5382 650 5435 sed
681 5381 735 5434 in
765 5383 870 5436 hoc
900 5382 1032 5435 estis
1061 5381 1328 5453 impares,
1363 5383 1510 5454 quod
1539 5400 1637 5440 vos
1678 5385 1783 5440 Sa-
1891 5389 2247 5444 Voluntatem
2278 5390 2418 5458 ejus.
2443 5387 2638 5442 Patris.
2674 5389 2937 5444 Voluntas
2967 5391 3143 5446 Patris
3171 5399 3328 5448 estut
3357 5406 3473 5446 creo

205 5470 426 5524 maritani
448 5468 693 5524 adoratis
713 5469 1526 5541 quodnescitis,sednosludzei
1547 5488 1655 5528 non
1675 5489 1787 5529 om-
1884 5475 2046 5530 datur
2075 5475 2129 5528 in
2174 5491 2331 5540 eum,
2374 5475 2430 5530 id
2476 5483 2558 5530 est
2595 5476 2652 5530 in
2698 5477 2892 5533 Filium
2942 5496 3102 5550 quem
3146 5481 3262 5550 ipse
3304 5477 3468 5532 misit.

207 5569 305 5622 nes,
329 5560 422 5613 sed
443 5557 613 5614 electi
639 5559 938 5614 adoramus
959 5559 1104 5632 quod
1124 5560 1346 5632 scimus,
1371 5561 1495 5633 quia
1507 5561 1665 5617 nobis
1703 5569 1790 5619 co'
1885 5563 2036 5636 Opus
2065 5563 2236 5618 Patris
2267 5572 2348 5620 est
2377 5572 2566 5620 nostra
2594 5566 2760 5622 salus.
2784 5567 2981 5622 Christi
3013 5583 3148 5640 ergo
3175 5566 3348 5632 cibus,
3378 5579 3482 5622 no-

1942 4463 2111 4517 Vens.
2137 4465 2223 4518 29.
2249 4492 2318 4503 —-
2358 4464 2546 4518 Venite
2577 4467 2633 4518 et
2663 4463 2860 4518 videte.
2895 4462 3267 4517 Pedetentium
3312 4460 3471 4515 indu-

1873 4551 1946 4608 cit
1973 4551 2040 4604 ad
2070 4551 2356 4605 veritatem
2379 4551 2500 4606 illos
2526 4552 2691 4605 rudes
2716 4571 2730 4616 ;
2755 4567 2856 4606 nec
2880 4551 3054 4604 statim
3074 4550 3303 4604 affirmat
3323 4550 3472 4604 Chri-

1875 4648 2038 4707 stum,
2066 4655 2134 4694 nc
2159 4639 2525 4694 irascerentur
2555 4648 2608 4693 et
2637 4639 3070 4711 indignarentur.
