3932 6178
491 244 597 300 3'75

1008 238 1411 298 WALAF'RIDI
1448 235 1691 293 STRABI
1728 235 1928 292 FULD.
1969 232 2143 291 MON.
2185 231 2337 315 OPP.
2380 233 2557 291 PARS
2592 234 2635 290 Ι.
2676 264 2746 277 --
2781 232 3253 293 THEOLOGICA.

3653 238 3735 294 376

494 375 609 425 stra
630 367 772 426 ﬁdes
801 375 855 423 et
879 373 1067 423 nostra
1095 365 1262 420 salus.
1293 362 1440 418 Facit
1469 376 1600 432 ergo
1627 361 1957 417 voluntatem
1985 360 2087 415 do-
2107 358 2165 420 A
2193 361 2291 415 sed
2337 375 2561 415 manere
2620 360 2765 430 apud
2828 360 2951 414 illos
2994 358 3088 413 ubi
3150 359 3291 413 bene
3370 365 3605 429 receptus
3657 370 3740 419 est.

499 457 676 515 cendo
706 457 933 513 credere
952 456 1007 512 in
1030 471 1109 521 se,
1132 453 1258 511 facit
1277 468 1412 524 opus
1431 450 1750 507 maturando
1774 449 2094 521 mysterium

499 545 911 618 redemptionis.

572 653 745 709 Vens.
781 655 868 707 35.
893 681 962 692 —
989 651 1184 707 Nonne
1202 665 1294 704 vos
1315 648 1522 704 dicitis.
1556 645 1688 700 Cum
1714 652 1915 717 quaerat
1933 643 2095 700 ﬁdem

506 749 560 798 et
588 741 815 797 salutem
856 738 1194 810 populorum,
1237 736 1407 791 fervet
1434 736 1489 789 in
1531 751 1689 806 Opus,
1720 742 1773 789 et
1819 732 2096 805 Operarios

507 829 721 885 mittere
769 826 1024 897 disponit.
1076 828 1275 881 Levate
1298 825 1507 899 oculos
1555 827 1786 879 vestros.
1820 821 2097 877 Intellectu

508 916 707 974 mentis
766 915 1108 971 considerate
1165 913 1349 984 quod,
1382 919 1650 966 transacta
1697 910 1897 977 hieme,
1932 909 1987 963 id
2018 918 2101 964 est

507 1003 840 1069 inﬁdelitate,
874 1003 1031 1057 adest
1061 1002 1211 1058 calor
1258 1000 1387 1055 ﬁdei
1430 1008 1483 1055 et
1525 1006 1712 1070 parata
1757 1007 1881 1053 sunt
1908 998 2095 1068 corda,

509 1100 568 1148 ut
597 1107 759 1163 opera
783 1090 1005 1160 justitiae
1035 1107 1101 1145 ex
1133 1089 1213 1145 eis
1240 1088 1529 1161 colligatis,
1576 1086 1733 1159 quasi
1763 1086 1909 1142 dicat
1958 1104 1972 1140 :
1999 1087 2098 1140 Ju-

508 1188 631 1236 vate
662 1180 729 1235 ad
760 1179 1093 1250 implendum
1121 1178 1455 1234 voluntatem
1491 1175 1680 1230 Patris.
1710 1176 1779 1229 Et
1826 1166 1967 1229 bene
1996 1190 2101 1246 po-

506 1276 682 1338 testis,
709 1268 837 1340 quia
861 1275 1051 1339 parata
1070 1274 1153 1322 est
1182 1266 1379 1321 messis
1402 1306 1417 1335 ,
1445 1264 1504 1319 id
1533 1272 1651 1329 est,
1685 1262 1864 1318 videte
1910 1271 2101 1335 gentes

501 1357 662 1414 facile
681 1356 991 1413 credentes.

579 1464 754 1521 Vens.
787 1466 875 1517 36.
909 1492 977 1502 —
1029 1446 1096 1518 Ut
1134 1465 1190 1516 et
1219 1462 1315 1533 qui
1361 1460 1626 1515 seminat.
1679 1458 1923 1529 Utroque
1967 1474 2104 1528 opus

515 1559 650 1618 erat,
707 1550 1036 1606 seminatore
1081 1556 1133 1604 et
1162 1564 1412 1604 messore
1463 1547 1587 1619 quia
1615 1556 1698 1602 est
1736 1549 1838 1602 hoc
1883 1554 2108 1618 apparet

508 1638 794 1712 probabile
841 1638 1089 1704 verbum,
1123 1637 1247 1708 quia
1276 1637 1415 1691 alius
1461 1637 1709 1703 seminat,
1752 1636 1889 1690 alius
1916 1635 2103 1703 metit;

2261 449 2431 504 Vens.
2463 450 2553 503 46.
2583 478 2652 488 -
2681 451 2753 504 Et
2780 452 2906 504 erat
2924 449 3152 520 quidam
3172 448 3403 519 regulus
3423 450 3576 519 cujus
3592 448 3736 517 ﬁlius.

2193 538 2301 592 Iste
2326 537 2544 608 regulus
2588 543 2767 608 potest
2804 535 3041 609 ﬁgurare
3085 536 3320 607 aliquem
3349 536 3522 609 gentis
3546 537 3744 595 iudaice

2193 626 2488 691 doctorem,
2513 625 2605 696 qui
2635 625 2853 679 tandem
2880 632 3004 695 post
3031 622 3251 694 plenam
3269 622 3526 679 Ecclesiae
3543 624 3743 695 gentium

2195 713 2607 769 conversionem
2637 713 2709 767 ad
2738 728 2899 783 quam
2928 711 3192 767 Dominus
3221 728 3254 765 a
3292 711 3491 766 Iudaeis
3527 712 3744 781 expulsus

2195 819 2294 873 per
2323 802 2618 873 discipulos
2661 800 3069 873 transmigravit
3092 843 3104 866 ,
3135 816 3238 871 pro
3268 799 3378 855 filio
3398 843 3412 863 ,
3432 799 3639 855 Iudaico
3663 816 3745 871 po-

2195 891 2341 962 pulo,
2375 906 2535 962 quem
2566 906 2677 945 non
2702 890 2808 944 nisi
2836 887 3017 944 inﬁne
3054 888 3238 945 saeculi
3258 887 3423 943 ﬁdem
3452 896 3747 958 acceptumm

2197 979 2498 1052 cognoscit,
2532 986 2670 1046 orat,
2702 986 2761 1033 ut
2787 978 2857 1033 de
2884 978 3052 1051 longa
3077 975 3324 1050 perﬁdiae
3370 975 3659 1033 inﬁrmitate
3681 993 3749 1033 sa-

2196 1076 2358 1123 netur
2367 1109 2381 1123 .

2271 1181 2444 1237 Vens.
2468 1182 2723 1236 47.-Et
2751 1181 2999 1253 rogabat.
3030 1180 3146 1234 Jam
3177 1180 3410 1235 credens
3441 1179 3576 1249 quod
3603 1189 3753 1250 posset

2202 1284 2393 1322 sanare
2422 1266 2592 1323 ﬁlium
2625 1268 2759 1337 ejus,
2793 1268 2891 1323 sed
2920 1267 3045 1339 quia
3073 1283 3173 1339 per
3219 1267 3494 1333 deitatem,
3526 1283 3634 1338 qua
3655 1267 3753 1321 ubi-

2202 1373 2307 1428 que
2337 1365 2437 1423 est,
2472 1372 2581 1412 non
2614 1356 2781 1412 credit
2801 1354 2912 1411 ﬁlio
2941 1356 3137 1411 adesse
3161 1398 3176 1422 ,
3210 1362 3367 1427 rogat
3396 1363 3457 1409 ut
3501 1355 3754 1411 descende-

2204 1453 2284 1500 ret
2314 1452 2365 1500 et
2395 1462 2637 1516 praesens
2668 1460 2899 1516 corpore
2930 1452 3167 1511 sanaret,
3199 1444 3344 1499 unde
3363 1442 3672 1498 inﬁdelitatis
3688 1460 3754 1498 ar-

2206 1533 2389 1604 guitur
2420 1552 2432 1588 :
2466 1535 2587 1589 Nisi
2617 1536 2779 1605 signa
2807 1538 2863 1589 et
2890 1534 3164 1606 prodigia,
3196 1541 3299 1588 etc.
3332 1532 3642 1587 Econtrario
3657 1548 3758 1586 cen-

2206 1622 2343 1677 turio
2390 1622 2780 1694 laudatur,qui
2824 1621 2953 1676 dicit
2987 1640 3000 1675 :
3033 1623 3133 1677 Dic
3176 1622 3332 1677 verbo
3400 1625 3460 1675 et
3503 1621 3753 1675 sanabitur

512 1710 619 1785 nisi
650 1727 794 1784 enim
823 1727 992 1799 parati
1019 1732 1203 1782 essent
1238 1742 1337 1798 per
1373 1726 1687 1799 prophetas,
1721 1741 1830 1781 non
1861 1714 2179 1780 audirentB
2206 1728 2350 1785 Puer
2379 1727 2538 1766 meus
2560 1711 2780 1782 (Matth-
2804 1710 2927 1799 Ὺίξι)
2950 1710 3142 1799 {unde
3176 1728 3189 1763 ε
3220 1711 3337 1799 Non
3362 1710 3555 1765 ἱπυεηὶ
3575 1712 3757 1763 tantam

508 1816 811 1890 apostolos.

579 1916 753 1971 Vens.
790 1917 878 1969 38.
907 1944 977 1954 —
1005 1915 1116 1985 Ego
1143 1913 1278 1968 misi
1324 1928 1436 1969 vos.
1487 1913 1597 1969 Vos
1642 1911 1783 1967 facio
1833 1925 2109 1965 messores

523 2004 599 2060 ibi
626 2004 719 2059 ubi
747 2001 839 2058 alii
863 2002 1285 2066 seminaverunt,
1320 2001 1375 2055 id
1401 2008 1485 2055 est
1512 2000 1567 2055 in
1585 2000 1789 2066 Iudaea,
1817 1999 1907 2054 ubi
1934 1998 2113 2070 prima

520 2108 682 2165 seges
724 2091 955 2148 collecta
999 2098 1119 2157 est,
1154 2090 1298 2144 unde
1359 2089 1526 2161 aliqui
1574 2096 1835 2143 exeuntes
1891 2088 1947 2141 in
1995 2095 2108 2142 toto

512 2181 714 2236 mundo
745 2180 1171 2245 seminaverunt,
1203 2178 1348 2232 unde
1376 2177 1481 2231 alia
1501 2176 1695 2232 messis
1726 2176 1881 2248 quasi
1902 2176 1970 2231 de
1992 2191 2112 2249 gra-

518 2270 604 2326 nis
632 2268 804 2340 surgit
829 2268 1134 2339 colligenda
1163 2266 1219 2321 in
1248 2266 1355 2322 ﬁne
1378 2265 1562 2322 saeculi
1587 2265 1920 2320 messoribus
1942 2281 2109 2336 ange-

519 2358 606 2413 lis.
623 2357 1059 2422 Laboraverunt,
1085 2361 1141 2412 et
1160 2372 1252 2412 vos
1269 2358 1331 2413 in
1354 2357 1565 2412 labores
1586 2372 1781 2412 eorum
1800 2356 2105 2411 introistis.

515 2446 669 2501 Multi
698 2446 845 2502 enim
872 2445 1092 2500 labores
1120 2444 1335 2500 fuerunt
1365 2444 1684 2516 patriarchis
1715 2452 1768 2499 et
1807 2443 2107 2515 prophetis,

512 2535 570 2591 in
600 2534 796 2608 quibus
825 2535 1079 2591 omnibus
1135 2542 1246 2590 erat
1288 2533 1570 2604 prOphetia
1612 2532 1829 2603 Christi,
1862 2540 1915 2587 et
1945 2532 2112 2587 multa

517 2625 670 2700 passi
700 2632 821 2680 sunt
851 2624 1009 2696 quasi
1030 2622 1319 2696 in~frigore
1360 2621 1754 2677 seminationis.

590 2740 764 2796 Vens.
787 2740 1119 2794 40.—Cum
1166 2740 1473 2793 venissent.
1515 2737 1669 2790 Prius
1718 2736 2001 2792 audierunt
2028 2736 2110 2791 fa-

520 2844 686 2898 mam,
716 2835 842 2900 post
868 2834 1263 2899 conspexerunt
1318 2834 1659 2898 priesentem,
1707 2842 1808 2881 nec
1856 2826 1987 2880 satis
2033 2834 2117 2881 est

524 2919 625 2984 eis,
655 2917 753 2972 sed
792 2916 937 2988 apud
985 2932 1046 2971 se
1099 2930 1320 2969 manere
1364 2914 1583 2980 faciunt,
1612 2922 1669 2969 ut
1710 2914 1882 2985 ipsius
1929 2914 2113 2971 verbis

525 3006 924 3063 instruerentur
948 3048 961 3070 ,
1012 3020 1133 3075 quae
1178 3003 1475 3074 praeferunt
1519 3004 1700 3059 verbis
1747 3002 2006 3058 mulieris.
2041 3002 2101 3057 In

2208 1801 2377 1869 ﬁdem
2408 1802 2470 1854 in
2504 1800 2697 1855 Israel.
2731 1798 2831 1853 Vel
2859 1798 3088 1852 forsitan
3117 1797 3368 1868 cupiebat
3401 1805 3603 1851 tentare
3646 1812 3758 1867 qua-

2208 1888 2276 1941 lis
2307 1896 2452 1943 esset
2481 1888 2746 1957 Christus,
2779 1887 2923 1941 unde
2950 1886 3222 1959 arguitur:
3254 1887 3374 1942 Nisi
3404 1888 3566 1957 signa
3591 1889 3640 1940 et
3657 1899 3759 1957 pro-

2211 1977 2382 2048 digia.
2414 1978 2643 2047 Propter
2673 1975 2897 2031 salutem
2946 1974 3041 2030 ﬁlii
3090 1975 3318 2031 credidit
3350 1975 3473 2049 ipse
3518 1981 3566 2030 et
3606 1973 3760 2030 domus

2211 2065 2325 2134 ejus
2346 2074 2474 2120 tota.

2282 2182 2453 2237 Vens.
2487 2183 2574 2236 48.
2600 2210 2668 2221 -
2695 2182 2817 2237 Nisi
2845 2182 3028 2253 signa.
3061 2180 3121 2235 In
3152 2181 3258 2236 hoc
3273 2177 3611 2251 redarguitur
3628 2178 3684 2232 de
3700 2177 3761 2231 in-

2211 2270 2542 2340 credulitate,
2573 2269 2717 2340 quod
2748 2285 2855 2324 non
2885 2269 3082 2340 ubique
3129 2267 3384 2324 credebat
3415 2284 3536 2322 eum
3580 2282 3701 2331 esse,
3724 2274 3763 2321 et

2210 2376 2311 2431 per
2339 2359 2496 2428 hujus
2542 2358 2794 2413 duritiam
2845 2356 3177 2431 signiﬁcatur
3233 2356 3431 2412 duritia
3476 2356 3760 2423 Iudaeorum,

2214 2448 2307 2520 qui
2343 2465 2444 2505 nec
2474 2447 2606 2503 visis
2652 2447 2930 2504 miraculis
2979 2446 3223 2502 credunt.
3276 2445 3421 2500 Vere
3465 2452 3667 2500 econtra
3688 2458 3764 2513 per

2214 2536 2514 2593 Samariam
2556 2536 2803 2609 signatur
2848 2534 2984 2593 ﬁdes
3029 2535 3271 2608 gentium
3299 2578 3312 2601 ,
3342 2551 3469 2605 qum
3497 2533 3605 2589 solo
3630 2532 3765 2586 verbo

2214 2626 2465 2695 credidit,
2498 2627 2601 2681 hoc
2626 2632 2826 2691 autem,
2846 2632 3105 2696 quantum
3126 2624 3197 2679 ad
3227 2622 3566 2695 allegoriam,
3583 2638 3611 2675 a
3627 2620 3766 2691 primo

2214 2714 2419 2770 Christi
2464 2715 2696 2771 adventu
2743 2730 2916 2785 usque
2962 2721 3086 2784 post
3128 2727 3361 2786 regnum
3410 2709 3702 2768 Antichristi
3724 2708 3766 2762 in

2212 2802 2434 2874 perﬁdis
2462 2802 2662 2858 Judzeis
2691 2802 2923 2857 durabit.

2288 2903 2355 2955 Et
2370 2901 2643 2973 prodigia.
2675 2899 2987 2973 Prodigium
3021 2899 3179 2971 quasi
3203 2913 3371 2970 porro
3401 2898 3625 2962 dictum,
3646 2895 3770 2968 quasi

2217 2988 2360 3060 quod
2383 2987 2588 3061 aliquid
2617 2987 2902 3061 signiﬁcat.
2935 2988 3063 3052 Vel,
3096 2987 3409 3059 prodigium
3442 2986 3593 3059 quasi
3616 2982 3769 3055 procul

527 3095 723 3168 quibus
745 3093 998 3149 omnibus
1030 3072 1341 3148 econtrario
1370 3092 1611 3165 arguitur
1652 3092 1846 3145 duritia
1886 3091 2110 3146 Judaeo-
2140 3072 2189 3136 CI
2220 3093 2252 3132 ἃ
2273 3076 2463 3149 digito,
2487 3077 2613 3149 (Illia
2632 3076 2943 3148 praeﬁgunt!
2956 3076 3172 3148 aliquod
3193 3084 3466 3130 remotum
3489 3083 3540 3130 et
3558 3074 3768 3129 futurum-

522 3199 645 3238 rum
676 3183 767 3253 qui
797 3197 900 3237 nec
930 3181 1204 3237 miraculis
1231 3182 1472 3236 credunt.
1508 3183 1577 3235 Et
1625 3182 1837 3235 mansit
1860 3180 1938 3234 ibi
1956 3180 2113 3235 duos.

523 3270 816 3327 Moraliter.
853 3270 941 3326 Sic
967 3269 1206 3342 quotidie
1226 3270 1367 3340 apud
1398 3270 1521 3324 illos
1543 3270 1634 3340 qui
1665 3268 1796 3323 foris
1818 3276 1958 3334 sunt,
1982 3284 2117 3323 nun-

527 3358 694 3415 tiatur
731 3359 976 3415 Christus
1018 3374 1117 3429 per
1150 3358 1453 3424 mulierem,
1488 3358 1542 3411 id
1573 3364 1655 3413 est
1700 3356 2035 3423 Ecclesiam,
2068 3364 2120 3410 et

533 3448 762 3504 credunt
790 3463 889 3518 per
914 3447 1075 3503 istam
1108 3446 1321 3502 famam.
1356 3447 1487 3501 Inde
1516 3446 1658 3517 apud
1691 3461 1787 3500 eos
1815 3453 1994 3500 manet
2020 3461 2120 3515 per

528 3537 665 3592 duos
689 3537 807 3593 dies
846 3536 962 3592 sine
990 3536 1265 3592 mentione
1320 3535 1515 3602 noctis,
1550 3543 1608 3589 ut
1635 3535 1725 3589 lux
1773 3549 1957 3589 eorum
1985 3534 2120 3589 duo-

527 3626 630 3681 bus
658 3625 943 3697 przeceptis
972 3625 1246 3682 charitatis
1276 3624 1586 3679 instruatur.

600 3723 771 3779 Vens.
804 3725 892 3779 42.
922 3753 992 3765 -—
1021 3725 1091 3780 Et
1120 3723 1354 3779 mulieri
1379 3722 1656 3777 dicebant.
1690 3721 1980 3791 Postquam
2004 3720 2118 3773 Do-

530 3812 709 3868 minus
741 3812 924 3869 carnis
954 3812 1247 3884 praesentia
1292 3811 1494 3866 Iudaeis
1536 3809 1881 3881 spiritualiter
1912 3807 2120 3863 edoctis

531 3902 764 3975 gratiam
794 3918 907 3956 suae
938 3899 1266 3972 cognitionis
1296 3898 1488 3954 infudit
1516 3898 1750 3965 mulieri,
1783 3898 1839 3950 id
1868 3905 1949 3951 est
1988 3896 2117 3967 legi,

530 3990 802 4055 dicebant,
830 3990 943 4057 jam
970 4004 1078 4043 non
1091 3995 1318 4058 propter
1343 3995 1491 4040 tuam
1522 3984 2119 4056 loquelamcrcdimus.

606 4095 778 4149 Vens.
813 4096 900 4148 43.
925 4124 994 4133 -
1014 4094 1129 4165 Ipsi
1158 4095 1311 4147 enim
1334 4093 1671 4147 audivimus.
1707 4091 1843 4159 Quia
1874 4090 1976 4144 sibi
1999 4089 2116 4160 pri-

534 4198 683 4238 mum
712 4189 954 4237 moratus
993 4180 1253 4236 miracula
1300 4179 1532 4250 fecerat,
1566 4195 1669 4235 nec
1714 4179 1818 4233 nisi
1861 4178 2019 4250 pauci
2069 4178 2125 4231 in

537 4287 660 4328 eum
681 4270 1044 4337 crediderunt,
1071 4269 1216 4324 unde
1236 4284 1399 4339 super
1426 4268 1544 4323 viso
1591 4268 1749 4339 signo
1780 4267 2126 4323 crediderunt

536 4362 594 4417 in
637 4377 763 4416 eum
801 4357 1052 4430 discipuli
1100 4359 1245 4427 ejus,
1277 4372 1387 4412 non
1415 4356 1507 4411 alii
1541 4374 1554 4410 :
1590 4364 1643 4410 et
1671 4356 1794 4411 ideo
1824 4372 1857 4410 a
1880 4354 2123 4411 Samari-

2288 3183 2459 3237 Vens.
2487 3186 2572 3253 49,
2606 3186 2692 3239 50.
2718 3214 2786 3222 -
2805 3182 3103 3239 Descende.
3139 3181 3309 3251 Quasi
3350 3181 3511 3238 aliter
3545 3188 3644 3235 non
3667 3194 3769 3250 pos-

2220 3279 2301 3325 set
2332 3286 2545 3337 sanare,
2580 3272 2684 3326 nisi
2714 3288 2958 3342 praesens
2989 3279 3151 3326 esset.
3185 3271 3341 3326 Unde
3384 3270 3640 3326 Dominus
3664 3266 3772 3321 indi-

2219 3378 2351 3421 cans
2386 3380 2444 3420 se
2474 3378 2583 3418 non
2612 3362 2806 3415 deesse
2860 3359 2951 3414 ubi
2980 3360 3248 3429 invitatur,
3281 3359 3400 3418 solo
3446 3360 3595 3428 jussu
3630 3362 3769 3420 sanat,

2217 3457 2362 3512 unde
2395 3474 2409 3509 :
2447 3454 2604 3517 Vade,
2636 3452 2793 3520 filius
2824 3454 2975 3504 tuus.
3008 3448 3090 3502 Ad
3120 3447 3287 3502 ﬁlium
3317 3448 3498 3521 reguli
3524 3463 3623 3502 non
3640 3443 3774 3505 vadit,

2220 3562 2287 3600 ne
2317 3542 2533 3599 divitias
2563 3541 2829 3593 honorare
2856 3537 3120 3605 videatur,
3145 3536 3214 3590 ad
3237 3552 3463 3590 servum
3491 3530 3775 3591 centurionis

2221 3635 2301 3689 ire
2321 3629 2581 3704 promittit
2611 3628 2703 3699 qui
2739 3633 2989 3681 naturam
3034 3624 3270 3679 hominis
3313 3640 3427 3679 non
3477 3618 3776 3694 despicitzin

2222 3737 2326 3794 quo
2359 3718 2671 3791 superbiam
2699 3713 2926 3770 destruit
2955 3730 3075 3785 quae
3104 3713 3160 3767 in
3197 3712 3514 3767 hominibus
3542 3726 3643 3766 non
3666 3723 3775 3779 pen-

2223 3818 2307 3865 sat
2345 3817 2589 3863 naturam
2613 3848 2626 3871 ,
2662 3805 2757 3859 sed
2788 3819 2910 3873 quae
2960 3809 3107 3856 extra
3132 3810 3337 3872 patent.
3392 3801 3637 3858 Credidit
3669 3799 3777 3869 ipse.

2220 3900 2343 3954 Non
2373 3897 2464 3952 alii
2494 3896 2670 3959 cives,
2703 3892 2759 3945 in
2789 3907 2896 3964 quo
2924 3890 3168 3961 paucitas
3194 3888 3323 3943 ﬁdei
3368 3890 3669 3944 Judaeorum
3694 3884 3780 3955 sig-

2222 3994 2395 4051 natur,
2430 3982 2675 4057 quamvis
2707 3980 2861 4053 signa
2891 3979 3154 4043 viderint,
3188 3978 3332 4032 unde
3354 3977 3517 4032 infert
3548 3993 3560 4031 :
3594 3977 3685 4031 Hoc
3702 3974 3783 4028 ite-

2220 4092 2352 4131 rum
2381 4072 2690 4128 secundum
2719 4071 2944 4141 signum
2965 4068 3103 4138 fecit
3128 4068 3307 4122 Iesus.
3334 4065 3487 4120 Sicut
3507 4079 3660 4135 supra
3676 4059 3784 4114 mul-

2219 4162 2393 4218 titudo
2424 4160 2662 4234 gentium
2697 4157 2814 4212 solo
2845 4156 3010 4213 verbo
3038 4154 3521 4211 convertendarum
3548 4153 3601 4207 in
3626 4151 3785 4206 Sama-

2227 4250 2418 4307 ritanis
2459 4247 2789 4321 signabatur.

2303 4366 2476 4420 Vens.
2510 4364 2597 4418 54.
2618 4391 2687 4401 -—
2716 4361 2824 4417 Hoc
2857 4361 3067 4415 iterum
3088 4357 3400 4414 secundum
3432 4358 3653 4428 signum
3679 4351 3787 4424 fecit

536 4450 678 4506 tanis
707 4449 799 4521 qui
828 4448 983 4505 facile
1014 4447 1162 4501 nullo
1201 4445 1359 4517 signo
1402 4445 1518 4500 viso
1566 4445 1926 4511 crediderunt,
1952 4460 2128 4498 rever-
2162 4431 2214 4491 D
2238 4458 2395 4511 [esus
2426 4469 2555 4509 cum
2601 4451 2847 4506 venisset
2876 4465 2910 4503 α
2940 4448 3131 4503 Ιαάιείι
3160 4447 3222 4501 in
3253 4444 3567 4500 Galilaeam.
3601 4444 3674 4497 De
3699 4453 3790 4494 om-

538 4539 665 4594 titur
723 4539 793 4593 ad
836 4538 991 4605 istos,
1023 4543 1082 4592 ut
1128 4535 1220 4607 qui
1266 4550 1364 4606 per
1390 4534 1579 4604 priora
1616 4548 1725 4588 non
1762 4532 2126 4598 crediderunt,

539 4627 705 4681 modo
726 4627 965 4682 credant.
999 4622 1282 4698 Signiﬁcat
1312 4623 1457 4695 quod
1485 4638 1518 4677 a
1548 4622 1802 4695 gentibus
1823 4620 1982 4676 facile
2002 4635 2132 4677 con-

543 4714 736 4779 versis,
767 4714 823 4768 in
854 4713 961 4769 fine
986 4713 1171 4770 saeculi
1195 4720 1503 4769 revertetur
1532 4711 1602 4766 ad
1639 4703 1856 4766 Iudaeos
1888 4709 1979 4781 qui
2009 4716 2135 4763 sunt

544 4817 645 4858 sua
673 4801 866 4873 patria,
891 4803 1017 4874 quia
1037 4803 1187 4873 prius
1212 4801 1267 4856 in
1298 4801 1378 4856 eis
1396 4802 1658 4856 honorem
1687 4814 1797 4853 non
1831 4798 2129 4853 habuerat.

614 4918 787 4974 Vens.
832 4917 916 4972 44.
950 4947 1018 4957 -
1054 4917 1193 4985 Quia
1235 4917 1528 4989 propheta.
1577 4912 1907 4987 Allegorice.
1956 4911 2138 4967 Patria

546 5005 747 5062 Christi
778 5012 862 5061 est
880 5005 1116 5076 populus
1146 5005 1481 5070 Iudaeorum,
1514 5003 1607 5058 ubi
1639 5003 1756 5058 sine
1794 5003 2001 5057 honore
2030 5007 2133 5067 est,

548 5094 677 5166 quia
698 5094 859 5164 pauci
887 5094 955 5149 de
983 5094 1068 5148 his
1099 5093 1328 5149 credunt
1376 5092 1522 5164 quod
1551 5092 1620 5146 de
1660 5090 1898 5148 Galilaeis
1928 5088 2139 5145 civibus

546 5181 751 5238 Christi
778 5181 992 5237 dicitur.
1025 5181 1277 5237 Ecclesia
1316 5180 1562 5253 gentium
1592 5178 1749 5235 facile
1780 5178 2012 5234 credens
2060 5176 2139 5231 si-

548 5269 691 5325 milis
721 5278 804 5324 est
837 5268 1205 5336 Samaritanis,
1241 5276 1294 5324 et
1321 5268 1379 5322 hi
1407 5268 1563 5322 multi
1592 5267 1708 5323 solo
1736 5267 1908 5322 verbo
1935 5264 2139 5336 praedi-

550 5357 796 5427 cationis,
823 5357 899 5412 illi
927 5373 1027 5428 per
1044 5356 1304 5413 miracula
1334 5363 1388 5412 et
1431 5356 1611 5428 pauci.
1661 5356 1806 5411 Ecce
1837 5370 1935 5410 cur
1971 5352 2138 5419 venit,

2229 4543 2389 4598 nibus
2419 4537 2696 4595 miraculis
2724 4533 2842 4609 quae
2872 4535 2995 4590 fecit
3023 4535 3181 4589 Jesus
3199 4533 3253 4587 in
3283 4547 3429 4587 anno
3452 4540 3577 4587 ante
3597 4534 3791 4584 mortem

2224 4629 2480 4697 Joannis,
2514 4643 2624 4682 non
2660 4626 2788 4682 facit
2815 4627 3053 4679 Joannes
3074 4621 3407 4676 mentionem
3437 4620 3546 4675 nisi
3589 4618 3653 4673 de
3679 4614 3789 4679 istis,

2235 4727 2288 4775 et
2312 4719 2380 4773 de
2410 4716 2775 4787 disputatione
2824 4712 3026 4767 Christi
3074 4726 3197 4766 cum
3251 4708 3474 4777 Iudaeis,
3512 4723 3630 4779 qua:
3655 4715 3795 4773 supra

2234 4807 2454 4879 ponitur
2476 4849 2489 4872 ,
2525 4804 2721 4859 Caeteri
2748 4802 2895 4858 enim
2922 4798 3290 4871 Evangelistze
3321 4797 3450 4870 quae
3470 4796 3563 4852 hic
3594 4793 3794 4857 reticet,

2235 4895 2490 4951 dixerunt
2535 4892 2715 4964 plane.

2864 5027 3086 5084 CAPUT
3131 5028 3195 5084 V.

2310 5156 2479 5231 Vens.
2515 5177 2567 5229 4.
2601 5203 2669 5216 -
2698 5172 2941 5243 Angelus
2970 5173 3181 5225 autem.
3215 5166 3363 5223 Ecce
3390 5165 3499 5221 duo
3529 5160 3804 5220 miracula:

2240 5280 2404 5320 unum
2433 5260 2777 5318 invisibiliter
2822 5275 2923 5330 per
2967 5256 3223 5331 angelum
3251 5255 3308 5309 in
3335 5254 3570 5325 piscina,
3603 5253 3805 5307 alterum

2240 5352 2526 5409 visibiliter
2562 5366 2596 5406 a
2634 5349 2887 5405 Domino.
2921 5347 2981 5401 In
3026 5352 3256 5416 utroque
3298 5358 3437 5399 unus
3481 5347 3701 5396 sanatus
3722 5381 3735 5403 ,
3764 5342 3810 5390 ut

547 5448 673 5504 ideo
703 5424 1014 5515 revertitur,
1040 5445 1169 5518 quia
1202 5424 1452 5501 testatus
1465 5451 1547 5499 est
1568 5444 1714 5517 quod
1740 5444 2007 5514 propheta
2034 5456 2144 5496 non
2241 5442 2421 5497 unitas
2451 5437 2878 5496 commendetur.
2911 5433 3160 5506 Alioquin
3190 5447 3292 5487 nec
3319 5430 3388 5518 in
3418 5435 3691 5518 potestate
3708 5424 3812 5518 ideo

547 5537 713 5592 habet
740 5537 1004 5591 honorem
1053 5534 1109 5589 in
1155 5532 1363 5605 patria;
1395 5530 1634 5604 alioquin
1654 5532 1869 5589 videtur
1910 5544 2022 5586 non
2049 5529 2145 5585 de-

556 5625 743 5682 buisse
810 5624 877 5681 ad
925 5624 1029 5680 hos
1074 5622 1308 5690 reverti,
1340 5620 1433 5678 ubi
1478 5621 1742 5679 honorem
1789 5634 1899 5676 non
1946 5619 2143 5687 habet,

2244 5541 2501 5598 magnum
2534 5532 2587 5580 et
2615 5522 2670 5577 in
2700 5520 3032 5594 benignitate
3078 5531 3271 5588 parum
3317 5513 3435 5581 fuit,
3465 5528 3635 5568 unum
3663 5509 3813 5598 degtot

2246 5596 2424 5672 sanari
2453 5613 2523 5671 ab
2554 5627 2620 5670 eo
2663 5610 2755 5683 qui
2797 5623 2987 5666 omnes
3027 5620 3135 5662 uno
3162 5610 3374 5678 poterat
3399 5601 3616 5673 exigere
3645 5596 3810 5656 verbo.
