3932 6178
264 295 350 362 377
1194 280 1464 338 GLOSSA
1501 279 1909 338 0RDINARIA.
1949 309 2018 323 —
2052 280 2319 339 EVANG.
2358 281 2558 340 JOAN.

3400 287 3503 342 378

262 415 353 473 Sed
377 413 428 468 in
453 409 533 466 his
559 405 933 482 corporalibus
960 405 1083 479 plus
1109 405 1340 463 intendit
1367 397 1626 463 mternain
1658 405 1803 461 salu-
1834 406 1891 467 A
1907 405 2078 475 statis,
2111 406 2353 477 ejusdem
2384 407 2733 478 operationis.
2765 408 2825 462 In
2852 407 2938 462 his
2963 415 3142 464 autem
3170 408 3504 465 disserendis

262 513 357 560 tem
379 501 682 557 animarum.

318 593 468 646 Vens.
501 592 550 643 5.
581 615 648 628 —-
680 587 931 658 Triginta
961 590 1016 641 et
1045 588 1185 642 octo.
1205 585 1265 640 Id
1295 592 1378 641 est
1394 585 1603 640 duobus
1620 583 1803 639 minus

260 677 600 753 quadraginta,
632 675 722 747 qui
751 690 1015 730 numerus
1037 681 1250 729 constat
1284 689 1350 730 ex
1382 680 1576 745 quater
1594 674 1807 741 decem,

258 776 303 824 et
328 764 575 840 signiﬁcat
592 762 982 835 perfectionem
1012 778 1239 833 operum
1264 780 1276 829 ;
1314 762 1369 816 in
1390 762 1583 818 decem
1603 777 1813 832 praece-

257 856 348 927 ptis
373 853 499 927 legis
528 861 577 908 et
610 859 841 923 quatuor
863 850 1200 924 Evangeliis,
1221 866 1251 905 a
1266 866 1373 922 quo
1390 850 1498 906 duo
1524 850 1705 906 minus
1724 851 1814 904 ha-

260 944 336 1000 bet
361 942 444 1014 qui
471 940 729 998 charitate
758 940 858 995 Dei
890 948 943 995 et
969 938 1203 1011 proximi
1233 946 1404 995 caret.

316 1031 467 1086 Vens.
500 1034 549 1085 6.
580 1059 648 1069 —
684 1031 770 1087 Vis
786 1046 958 1085 sanus
988 1029 1132 1097 ﬁeri.
1165 1029 1289 1083 Non
1308 1028 1483 1084 nescit
1513 1027 1641 1099 quid
1660 1026 1808 1093 velit,

259 1119 341 1175 sed
365 1118 598 1175 accendit
625 1117 694 1172 ad
740 1132 982 1172 amorem
1012 1116 1278 1185 sanitatis,
1309 1116 1378 1171 de
1407 1132 1514 1189 qua
1536 1115 1651 1184 jam
1680 1115 1812 1170 des-

256 1207 475 1280 perabat,
507 1204 649 1261 unde
671 1205 788 1275 jam
818 1204 1277 1277 conquerebatur,
1322 1204 1468 1277 quod
1497 1218 1607 1259 non
1637 1203 1811 1259 habe-

255 1305 325 1352 ret
350 1295 434 1367 qui
460 1310 580 1349 eum
605 1294 844 1349 mitteret
871 1294 928 1348 in
955 1308 1173 1365 aquam.

312 1385 465 1438 Vens.
494 1387 543 1438 8.
574 1411 645 1423 --
679 1383 825 1438 Tolle
870 1383 1166 1453 grabatum
1199 1385 1383 1437 tuum.
1417 1379 1595 1453 Dilige
1624 1381 1812 1451 proxi-

254 1488 381 1527 mum
406 1470 612 1525 inﬁma
639 1470 757 1539 ejus
786 1469 1089 1535 tolerando,
1117 1469 1209 1541 qui
1238 1477 1292 1523 te
1312 1467 1587 1523 inﬁrmum
1610 1469 1815 1539 patien-

251 1569 322 1616 ter
347 1559 472 1630 tulit,
505 1566 556 1614 et
585 1574 697 1613 non
727 1558 903 1613 solum
948 1565 1103 1613 aetate
1133 1558 1201 1612 de
1230 1566 1319 1611 tua
1363 1558 1662 1625 erectione,
1716 1559 1814 1612 sed

252 1650 392 1704 etiam
419 1647 482 1702 de
518 1647 896 1718 proximorum
944 1646 1206 1701 sollicitus
1256 1653 1375 1700 esto
1426 1646 1621 1700 salute.
1668 1645 1814 1701 Ecce

250 1736 450 1808 angelus
479 1735 663 1807 magni
691 1734 902 1791 consilii
932 1735 1107 1789 latens
1135 1734 1191 1789 in
1211 1749 1397 1803 carne,

250 1825 531 1880 ludaeorum
561 1838 757 1878 sanum
785 1822 912 1878 fecit
950 1839 1135 1878 unum.

307 1897 459 1969 Vens.
492 1917 543 1967 9.
576 1943 651 1953 —
680 1914 753 1968 Et
790 1913 1061 1968 ambulat.
1095 1910 1386 1983 Diligendo
1417 1912 1592 1966 Deum
1614 1909 1818 1967 festina

248 2019 397 2074 usque
424 2002 491 2056 ad
521 2000 793 2057 visionem
823 2000 956 2068 ejus,
1000 2015 1101 2055 nec
1132 1998 1358 2055 fratrem
1404 2007 1627 2070 propter
1655 2015 1815 2054 amo-

248 2107 345 2146 rem
372 2091 486 2160 ejus
513 2090 582 2145 ad
614 2105 778 2162 quem
804 2089 993 2161 pergis
1023 2089 1306 2155 deserens,
1337 2103 1436 2143 nec
1463 2095 1689 2159 propter
1712 2086 1822 2143 fra-

245 2187 365 2235 trem
391 2180 457 2233 ab
485 2179 578 2235 illo
610 2176 908 2251 quaerendo
938 2192 1182 2233 cessans.
1784 2176 1789 2181 ’

301 2294 456 2351 Vens.
490 2296 574 2351 10.
609 2324 683 2335 —
710 2295 981 2351 Dicebant
1022 2310 1167 2365 ergo.
1213 2293 1386 2348 Judaei
1435 2293 1814 2348 observatores

243 2384 414 2439 litterae
441 2384 753 2440 nescientes
778 2382 1010 2454 gratiam
1045 2398 1153 2456 qua
1182 2382 1268 2436 lex
1299 2381 1575 2453 impletur,
1602 2398 1722 2453 quae
1744 2381 1814 2435 ab

244 2472 369 2527 omni
396 2472 573 2529 servili
602 2488 793 2543 opere,
827 2472 883 2526 id
910 2478 993 2527 est
1022 2487 1055 2526 a
1097 2478 1321 2542 peccato
1375 2486 1597 2526 cessare
1635 2470 1810 2540 jubet,

241 2562 365 2617 unde
390 2561 472 2616 hic
502 2561 707 2618 dicitur
740 2577 751 2616 :
791 2562 936 2616 Tolle
973 2560 1288 2632 grabatum,
1341 2567 1445 2614 etc.
1482 2560 1601 2615 Non
1654 2560 1808 2615 licet.

240 2650 346 2705 Non
372 2649 771 2705 calumniantur
799 2649 866 2703 de
896 2648 1067 2703 salute
1116 2648 1207 2719 qui
1252 2648 1309 2702 in
1353 2648 1575 2702 sabbato
1622 2654 1815 2703 curant

247 2738 476 2793 animalia
503 2739 617 2804 dei,
655 2739 724 2793 de
755 2737 879 2793 lecti
905 2735 1228 2808 portatione.
1388 2728 1392 2732 Α

306 2827 465 2881 Vens.
483 2830 652 2880 11.—
672 2827 973 2898 Respondit
993 2827 1091 2881 eis.
1107 2825 1230 2879 Non
1250 2823 1808 2892 ceditobjicientibus,

243 2915 327 2969 sed
354 2915 619 2971 sanatoris
650 2914 921 2968 mandatis
950 2912 1231 2982 obediens,
1255 2912 1629 2968 auctoritatem
1658 2903 1811 2967 sanaé

247 2996 389 3058 tionis
414 3019 523 3058 suae
554 3002 744 3072 objicit
774 3001 1243 3058 calumniantibus.

1910 495 2015 550 hoc
2044 511 2247 568 genere
2277 496 2535 567 loquendi
2562 497 2748 567 utitur,
2782 512 2888 568 quo
2916 504 3127 553 mentes
3155 499 3504 569 parvulorum

1908 584 2083 654 possit
2113 583 2365 652 excitare,
2399 593 2451 640 et
2499 585 2545 639 si
2587 600 2695 640 non
2744 584 2989 656 implere,
3042 594 3095 641 et
3140 601 3246 658 quo
3293 595 3505 643 mentes

1911 672 2214 726 adultorum
2245 681 2600 729 exerceantur
2628 681 2681 728 et
2707 680 3013 745 pascantur.
3067 674 3209 729 Dicit
3240 674 3385 730 enim
3435 676 3505 731 de

1912 759 2107 815 deitate
2136 760 2274 815 Filii.
2307 762 2432 816 Non
2460 770 2636 832 potest
2669 778 2702 816 a
2732 778 2791 817 se
2821 762 3018 828 facere,
3052 763 3157 817 nisi
3188 764 3331 835 quod
3360 763 3507 819 videt

1910 849 2122 903 Patrem
2151 848 2347 919 facere,
2382 858 2435 904 et
2463 850 2790 906 demonstrat
2836 850 2886 905 ei
2934 851 3105 917 Pater,
3157 868 3280 923 quae
3327 851 3508 908 omnia

1910 952 2019 992 non
2049 938 2347 993 secundum
2376 938 2605 993 litteram
2633 947 2689 993 ut
2715 938 2769 993 in
2808 938 3117 994 horninibus
3162 938 3315 996 ﬁeret
3364 941 3505 997 acci-

1909 1026 2112 1097 pienda
2140 1034 2280 1095 sunt,
2333 1027 2430 1082 sed
2474 1027 2720 1099 mystice.
2771 1027 2865 1082 Ille
2912 1035 3089 1083 autem
3134 1029 3251 1084 haec
3298 1037 3507 1085 secreta

1911 1114 2058 1181 dicit,
2088 1122 2148 1169 ut
2176 1115 2581 1182 conturbantur,
2614 1116 2703 1171 vel
2726 1124 2784 1170 ut
2811 1116 2948 1172 forte
2996 1116 3189 1171 turbati
3230 1117 3503 1174 medicum

1911 1211 2168 1275 quaerant.
2215 1206 2443 1275 Propter
2473 1219 2573 1259 nos
2621 1204 2785 1259 etiam
2812 1212 2868 1259 ut
2915 1204 3072 1260 nobis
3119 1206 3504 1274 scriberentur,

1911 1308 2032 1363 quae
2060 1307 2169 1347 non
2199 1293 2338 1348 bene
2370 1292 2641 1349 intellecta
2670 1293 2726 1347 in
2753 1308 3011 1361 errorem,
3042 1293 3182 1350 bene
3228 1293 3506 1351 intellecta

1909 1380 1966 1434 in
1994 1381 2269 1437 veritatem
2300 1382 2577 1438 ducerent.

1981 1498 2152 1554 Vens.
2188 1502 2275 1553 19.
2310 1530 2379 1539 —
2408 1500 2606 1568 Amen,
2642 1516 2810 1556 amen
2827 1501 2948 1555 dico
2978 1500 3145 1555 vobis.
3171 1498 3303 1571 'Agit
3331 1498 3419 1555 hic
3438 1500 3509 1555 de

1911 1586 2188 1642 identitate
2218 1604 2313 1642 sua
2343 1604 2464 1643 cum
2503 1590 2676 1655 Patre,
2731 1598 2783 1644 et
2828 1588 3133 1643 minoritate
3176 1605 3272 1642 sua
3315 1604 3509 1644 secun-

1917 1676 2044 1729 dum
2075 1676 2369 1743 hominem,
2405 1677 2611 1748 etquid
2643 1678 2696 1731 in
2728 1677 2813 1731 his
2842 1676 3018 1746 faciat,
3053 1677 3257 1732 scilicet
3303 1685 3509 1731 utram-

1431 1734 1646 1789 ῖυτδδίδ
1671 1749 1811 1806 aqua
1838 1761 1892 1822 B
1916 1781 2019 1836 que
2049 1765 2519 1835 resurrectionem,
2542 1767 2787 1836 corporis
2816 1765 3025 1820 scilicet
3055 1774 3109 1820 et
3141 1765 3353 1820 animae.
3388 1766 3509 1821 Non

1918 1857 2103 1925 potest
2127 1854 2303 1921 ﬁlius.
2354 1855 2430 1907 Ita
2457 1871 2573 1908 sum
2617 1854 2841 1925 aequalis
2883 1853 3041 1919 Patri,
3076 1861 3134 1908 ut
3173 1868 3283 1908 non
3329 1852 3447 1923 ipse
3476 1869 3509 1907 a

1918 1958 2023 2007 me,
2060 1942 2156 1997 sed
2188 1957 2292 2012 ego
2323 1941 2425 1996 sim
2454 1941 2521 1995 ab
2551 1957 2636 1996 eo.
2668 1942 2793 1996 Non
2820 1940 2947 1997 facit
2974 1958 3005 1995 a
3035 1957 3114 2011 se,
3143 1957 3245 1997 nec
3273 1948 3451 2012 potest
3478 1957 3510 1996 a

1919 2047 1997 2095 se,
2031 2030 2123 2101 qui
2148 2046 2257 2085 non
2287 2038 2371 2085 est
2394 2047 2426 2084 a
2454 2047 2531 2096 se,
2566 2030 2664 2084 sed
2693 2030 2759 2083 ab
2790 2045 2855 2085 eo
2886 2029 3009 2085 facit
3047 2037 3098 2084 et
3127 2036 3307 2101 potest
3338 2045 3368 2083 a
3401 2045 3510 2101 quo

1918 2126 2017 2174 est.
2052 2120 2178 2174 Htec
2207 2123 2263 2174 et
2283 2120 2482 2174 Filius.
2519 2118 2741 2174 Videtur
2758 2135 2955 2190 corpus
2986 2134 3145 2174 omne
3174 2118 3351 2174 facere
3367 2118 3512 2191 quod

1915 2206 2148 2276 animus,
2181 2206 2280 2262 sed
2309 2222 2417 2261 non
2441 2206 2701 2276 similiter,
2731 2223 2852 2262 cum
2889 2206 3099 2262 animus
3131 2207 3360 2278 imperet
3390 2221 3510 2262 cor-

1915 2295 2073 2367 pori;
2102 2296 2256 2350 Pater
2284 2311 2411 2350 vero
2442 2304 2495 2350 et
2541 2295 2707 2349 Filius
2761 2295 2949 2350 eadem
2978 2303 3033 2350 et
3080 2295 3326 2351 similiter
3371 2310 3509 2365 ope-

1916 2390 2098 2437 rantur
2122 2427 2134 2448 ,
2182 2383 2305 2454 quia
2348 2399 2453 2437 una
2500 2392 2703 2449 natura,
2750 2399 2855 2437 una
2904 2383 3197 2438 substantia
3244 2383 3414 2438 Patris
3458 2390 3511 2438 et

1916 2471 2057 2539 Filii,
2091 2478 2144 2526 et
2173 2487 2278 2525 una
2306 2471 2573 2542 voluntas,
2607 2478 2659 2526 et
2685 2486 2789 2525 una
2817 2477 3076 2541 potestas,
3127 2478 3180 2526 et
3222 2487 3330 2525 una
3371 2485 3508 2542 ope-

1915 2560 2068 2615 ratio.

1986 2675 2157 2730 Vens.
2181 2677 2274 2731 20.
2296 2704 2365 2714 -
2384 2674 2586 2730 Omnia
2606 2674 2978 2729 demonstrat.
3001 2673 3387 2728 Demonstrare
3416 2673 3510 2727 Pa-

1916 2771 2050 2817 trem
2077 2762 2212 2818 Filio
2244 2772 2326 2817 est
2354 2770 2543 2818 cuncta
2575 2762 2785 2834 operari
2814 2779 2911 2833 per
2929 2762 3139 2831 Filium,
3158 2768 3216 2816 ut
3230 2778 3385 2833 aeque
3406 2762 3508 2815 ha-

1914 2852 2141 2907 beantur
2167 2852 2221 2905 in
2253 2850 2359 2906 fide
2393 2859 2591 2917 nostra,
2623 2852 2779 2905 Pater
2806 2858 2859 2906 et
2886 2850 3070 2905 Filius.
3117 2850 3185 2905 Et
3216 2866 3285 2904 ne
3330 2849 3511 2922 aliquo

1914 2940 2078 2995 modo
2105 2940 2283 2995 minus
2309 2939 2569 2995 sentiatur
2598 2941 2665 2994 de
2694 2939 2847 3005 Filio,
2869 2939 3017 2993 addit
3049 2958 3062 2993 :
3096 2941 3165 2994 Et
3184 2940 3403 3011 majora
3423 2939 3511 2993 his

1915 3028 2322 3085 demonstrabit
2352 3030 2421 3093 ei,
2466 3029 2569 3083 hoc
2614 3035 2715 3094 est,
2771 3044 2869 3098 per
2916 3044 3037 3082 eum
3080 3028 3279 3097 majora
3328 3026 3507 3082 faciet.

300 3091 456 3147 Vens.
482 3095 570 3146 13.
606 3121 682 3132 —
709 3091 993 3147 Nesciebat
1018 3091 1140 3162 quis
1158 3094 1322 3146 esset.
1346 3090 1409 3144 In
1428 3089 1584 3144 turba
1603 3088 1811 3159 positus

1926 3116 2085 3187 Quae?
2103 3118 2262 3173 Sicut
2274 3088 2429 3173 enim
2448 3120 2621 3173 Pater
2636 3088 2878 3172 suscitat
2898 3120 3149 3173 mortuos
3162 3088 3225 3170 et
3239 3115 3507 3184 viviﬁcat.

244 3194 337 3235 non
365 3180 582 3253 θξηονίί
610 3181 818 3277 {esufn’
856 3179 952 3277 δῗᾷ
980 3178 1186 3277 Ρ,⁰δί,ίξ¹
1226 3178 1457 3277 templo:
1482 3179 1543 3232 In
1572 3194 1679 3249 quo
1708 3179 1812 3277 €10“
1856 3178 1891 3182 νγ
1916 3178 2086 3275 iliajus
2118 3214 2199 3261 est
2228 3206 2486 3263 suscitare
2517 3213 2757 3261 mortuos
2803 3222 2963 3277 quam
3004 3203 3317 3276 languidum
3349 3178 3513 3258 sana-

242 3284 425 3339 cemur,
456 3278 514 3324 ut
541 3268 793 3341 quisquis
821 3267 933 3322 vult
964 3268 1029 3321 ad
1067 3260 1333 3322 visionem
1361 3265 1460 3321 Dei
1506 3266 1811 3337 pervenire,

243 3355 393 3429 fugiat
420 3358 639 3412 turbam
670 3371 892 3411 suorum
921 3353 1211 3410 affectuum
1242 3362 1294 3409 et
1318 3355 1613 3426 nequitiam
1640 3355 1814 3410 homi-

245 3460 377 3513 num,
410 3454 459 3502 et
486 3446 649 3500 adeat
679 3444 941 3516 templum
967 3443 1194 3499 internae
1223 3443 1499 3499 orationis.

302 3561 461 3615 Vens.
492 3563 582 3616 14.
620 3589 692 3600 —
729 3560 795 3615 In
816 3560 1040 3631 templo.
1063 3559 1188 3612 Non
1206 3557 1263 3612 in
1283 3559 1459 3623 turba,
1483 3558 1580 3613 sed
1600 3559 1656 3612 in
1682 3566 1817 3614 tem-

238 3648 333 3719 plo,
363 3648 482 3721 quia
512 3647 560 3703 si
590 3647 818 3720 gratiam
852 3645 1148 3702 conditoris
1180 3661 1512 3719 cognoscere
1543 3646 1811 3716 volumus,

239 3745 426 3807 Oportet
454 3744 512 3792 ut
543 3736 929 3792 conventicula
958 3734 1249 3807 fugiamus,
1283 3742 1335 3789 et
1385 3735 1646 3805 templum
1693 3734 1814 3789 etii-

240 3823 444 3880 ciamur.
478 3826 610 3881 Noli
650 3840 901 3896 peccare.
950 3822 1128 3877 Innuit
1157 3823 1301 3893 quod
1332 3831 1553 3895 pr0pter
1587 3831 1818 3895 peccata

242 3911 534 3984 languebat,
571 3913 673 3968 sed
704 3912 821 3983 ipse
869 3912 1027 3967 Jesus
1057 3910 1207 3964 illum
1257 3910 1394 3966 sicut
1441 3911 1693 3981 exterius,
1746 3912 1818 3965 ita

241 3999 367 4055 intus
393 4002 632 4069 sanavit,
666 4001 812 4055 unde
838 4006 1141 4071 praemonet
1186 4015 1254 4056 ne
1301 4000 1491 4055 iterum
1540 4000 1818 4071 peccando

242 4089 439 4161 gravius
462 4090 760 4158 judicetur.

304 4202 462 4258 Vens.
496 4206 585 4258 16.
611 4232 684 4243 —
706 4202 848 4269 Quia
868 4202 983 4258 hcec
1022 4204 1266 4273 faciebat
1282 4205 1348 4258 in
1375 4203 1617 4258 sabbato.
1651 4200 1821 4270 Quasi

238 4289 422 4345 solator
450 4290 599 4371 legis
628 4305 801 4362 agens
828 4297 1015 4345 contra
1035 4291 1206 4345 Deum
1225 4291 1316 4362 qui
1331 4289 1594 4362 requievit
1622 4289 1678 4344 in
1697 4290 1820 4344 sab-

240 4375 370 4447 bato,
403 4394 501 4434 sex
529 4378 729 4434 diebus
756 4377 935 4449 primo
984 4386 1257 4449 operatus.
1310 4379 1511 4434 Contra
1560 4378 1707 4450 quod
1748 4377 1821 4433 ait

1924 3311 2003 3360 re,
2036 3295 2179 3350 unde
2209 3296 2486 3367 agebatur.
2520 3296 2731 3368 Majora
2761 3295 2868 3349 his.
2916 3293 3144 3349 Suscitat
3185 3293 3344 3347 Pater
3390 3292 3512 3346 ani-

1917 3399 2034 3438 mas
2062 3400 2160 3455 per
2186 3384 2396 3452 Filium,
2426 3391 2483 3438 ut
2513 3384 2706 3439 animm
2734 3383 2914 3437 vivant
2943 3399 3010 3437 ex
3056 3380 3354 3436 substantia
3401 3381 3509 3434 Pa-

1919 3472 2012 3527 tris
2043 3479 2092 3527 et
2122 3458 2260 3538 Filii,
2296 3480 2347 3528 et
2378 3472 2427 3527 ei
2458 3472 2593 3528 Filio
2623 3471 2827 3526 homini
2856 3470 2994 3527 facto
3033 3470 3088 3525 in
3119 3478 3361 3541 tempore
3408 3468 3511 3525 de-

1916 3561 2235 3616 monstrabit
2261 3561 2480 3630 majora,
2514 3561 2569 3615 id
2600 3569 2681 3615 est
2708 3559 3160 3615 resurrectionem
3199 3573 3507 3630 corporum,

1917 3657 1973 3703 ut
2000 3648 2269 3703 miremini
2299 3665 2419 3705 eam
2449 3647 2563 3703 ﬁeri
2594 3665 2691 3720 per
2721 3647 2931 3703 Filium.

1989 3760 2159 3815 Vens.
2191 3764 2282 3817 21.
2314 3792 2383 3801 -
2415 3763 2575 3818 Sicut
2601 3764 2755 3817 enim
2783 3764 2956 3817 Pater
3002 3760 3265 3816 suscitat.
3316 3759 3510 3831 Incipit

1919 3848 2203 3904 ostendere
2225 3849 2366 3921 quod
2398 3849 2561 3903 Filius
2577 3850 2872 3904 secundum
2902 3848 3044 3920 quod
3064 3847 3286 3918 aequalis
3314 3854 3398 3903 est
3415 3848 3509 3902 Pa-

1919 3938 2004 4007 tri,
2034 3936 2209 4003 faciat,
2244 3936 2448 3992 scilicet
2475 3936 2679 4009 animas
2708 3954 2737 3991 a
2766 3945 2939 3993 morte
2981 3936 3282 3992 resuscitat.
3329 3937 3395 3991 Et
3423 3944 3505 3992 est

1918 4026 2089 4097 prima
2117 4026 2436 4081 resurrectio
2464 4042 2494 4079 a
2522 4025 2683 4081 vitiis.
2716 4027 2777 4081 In
2824 4025 3070 4097 sequenti
3093 4040 3224 4081 vero
3274 4025 3512 4081 ostendit

1920 4113 2076 4169 etiam
2098 4114 2547 4170 resurrectionem
2565 4123 2895 4169 mortuorum
2916 4130 3200 4185 corporum
3214 4114 3511 4170 secundum

1919 4202 2061 4273 quod
2092 4202 2257 4257 Filius
2287 4202 2523 4258 hominis
2569 4210 2652 4258 est
2682 4211 2734 4258 et
2774 4210 3091 4274 potestatem
3139 4201 3287 4258 dedit
3336 4202 3406 4270 ei,
3455 4202 3511 4257 id

1921 4297 2004 4345 est
2040 4289 2194 4346 Filio.

1991 4379 2083 4435 Sic
2113 4383 2169 4435 et
2198 4380 2398 4435 Filius.
2432 4379 2621 4450 (AUG.)
2651 4378 2786 4447 Quia
2815 4379 2972 4434 Pater
2991 4386 3042 4434 et
3072 4377 3238 4433 Filius
3266 4383 3391 4433 sunt
3412 4393 3510 4433 ea-

241 4464 378 4520 lesus
409 4486 426 4522 :
454 4466 585 4522 Non
617 4481 714 4521 sex
743 4466 937 4522 diebus
964 4474 1171 4521 tantum
1217 4475 1274 4521 ut
1316 4466 1519 4537 putatis
1566 4472 1888 4536 OperatusD
1918 4466 2044 4522 dem
2070 4466 2198 4523 vita.
2231 4468 2441 4523 Judicat
2467 4476 2643 4523 autem
2671 4475 2725 4523 et
2753 4468 2971 4523 suscitat
3000 4473 3378 4537 corpora,etc.,
3415 4482 3512 4522 us-

240 4560 312 4608 est
337 4554 506 4620 Deus,
541 4554 644 4609 sed
675 4570 846 4625 usque
884 4554 1048 4609 modo
1095 4561 1365 4625 cperatur,
1416 4554 1541 4625 quia
1586 4554 1678 4626 qui
1725 4570 1820 4610 sex

240 4641 417 4697 diebus
442 4642 694 4699 condidit
720 4657 877 4708 nova,
901 4658 933 4695 a
952 4642 1145 4713 quibus
1166 4642 1433 4714 requievit
1454 4641 1543 4697 die
1568 4642 1817 4712 septimo,

235 4738 409 4800 postea
438 4738 700 4803 operatur
727 4746 899 4801 usque
917 4728 972 4783 in
1005 4728 1167 4785 ﬁnem
1197 4729 1578 4803 gubernando,
1610 4737 1821 4785 susten-

236 4819 404 4885 tando,
436 4817 776 4886 renovando,
807 4818 1177 4888 propagando,
1207 4826 1264 4873 ut
1300 4826 1655 4888 permaneant
1684 4832 1821 4874 con-

237 4905 353 4961 dita.
382 4908 451 4962 Et
479 4923 613 4963 cum
642 4922 861 4977 semper
891 4914 1146 4977 operatur
1170 4907 1336 4974 Deus,
1380 4914 1590 4962 constat
1639 4922 1821 4963 sacra-

235 5003 464 5051 mentmn
491 5010 625 5051 esse
647 4995 795 5066 quod
822 4994 892 5049 de
920 4994 1107 5065 requie
1137 4993 1351 5049 sabbati
1379 4994 1594 5067 legitur.

302 5100 467 5155 Vens.
503 5103 597 5155 1'7.
623 5129 692 5140 —
712 5102 872 5156 Iesus
913 5103 1107 5155 autem
1141 5099 1452 5171 respondit.
1487 5098 1652 5169 Quasi
1681 5100 1824 5156 dicat

235 5187 353 5242 caci
379 5188 437 5242 in
468 5189 603 5261 lege
633 5205 728 5243 cur
754 5187 889 5242 mihi
917 5186 1189 5255 invidetis,
1222 5187 1269 5241 si
1298 5187 1576 5243 hominem
1607 5188 1661 5241 in
1693 5188 1823 5243 sab-

237 5273 352 5330 bato
381 5291 537 5341 sano,
572 5276 666 5346 qui
694 5276 843 5330 Deus
875 5291 999 5331 cum
1028 5276 1183 5330 Patre
1215 5291 1431 5346 semper
1460 5290 1679 5346 operor.

298 5382 467 5436 Vens.
497 5386 589 5436 18.
617 5410 684 5421 —
705 5381 1004 5453 Respondit
1014 5383 1205 5455 itaque
1215 5374 1393 5438 Iesus.
1413 5380 1553 5451 Quia
1574 5382 1825 5438 commoti

236 5476 347 5522 sunt
375 5469 445 5523 de
477 5466 670 5523 audita
695 5467 1003 5539 aequalitate
1042 5470 1158 5538 ejus
1207 5486 1367 5541 quem
1416 5477 1602 5541 putant
1645 5469 1827 5525 homi-

235 5570 349 5610 nem
372 5572 578 5628 purum
614 5571 734 5611 cum
764 5557 880 5611 Deo
908 5557 1082 5627 Patre,
1136 5558 1318 5613 subdit
1362 5573 1422 5614 se
1465 5574 1588 5615 esse
1634 5558 1828 5614 Filium

237 5644 491 5715 aequalem
521 5643 689 5711 Patri,
732 5643 976 5714 ejusdem
1015 5645 1322 5716 voluntatis,
1375 5647 1620 5719 ejusdem
1665 5654 1826 5719 pote-

1920 4571 2023 4627 que
2052 4555 2125 4611 ad
2167 4556 2285 4611 haec
2337 4572 2498 4612 causa
2555 4555 2811 4625 redditur,
2862 4556 2994 4627 quia
3038 4555 3218 4610 Filius
3264 4554 3509 4611 hominis

1921 4647 2026 4698 est.

1993 4748 2163 4803 Vens.
2205 4750 2294 4804 23.
2343 4777 2411 4787 -
2460 4749 2527 4804 Ut
2573 4762 2765 4803 omnes
2832 4746 3223 4817 honori/iacnt.
3273 4747 3513 4803 Honorat

1921 4837 2093 4891 Deum
2143 4835 2236 4907 qui
2292 4835 2634 4890 commendat
2690 4835 3015 4902 Creatorem,
3065 4834 3509 4907 omnipotentem,

1921 4931 2197 4979 aeternum.
2239 4923 2486 4987 Honorat,
2524 4924 2749 4993 Patrem,
2797 4922 2889 4995 qui
2933 4922 3104 4979 credit
3148 4938 3269 4980 eum
3308 4924 3513 4980 habere

1924 5013 2134 5079 Filium,
2164 5012 2426 5084 mqualem
2470 5010 2591 5065 sibi.
2643 5013 2887 5067 Honorat
2932 5010 3146 5083 Filium,
3195 5012 3288 5085 qui
3343 5012 3515 5070 credit

1923 5116 2045 5156 eum
2075 5116 2197 5155 esse
2225 5099 2488 5172 aequalem
2534 5099 2693 5155 Patri.

1997 5187 2103 5255 Qui
2126 5203 2243 5244 non
2276 5189 2632 5259 honori/teat.
2668 5188 2861 5261 (Λυσι.)
2891 5187 2947 5243 Si
2970 5187 3117 5245 enim
3137 5187 3314 5245 minor
3331 5188 3513 5246 crede-

1924 5283 2070 5330 retur
2115 5275 2300 5343 Filius,
2348 5278 2508 5333 Pater
2560 5277 2989 5347 inhonoraretur,
3036 5278 3181 5350 quod
3227 5278 3315 5334 vel
3366 5276 3510 5332 invi-

1925 5363 2026 5418 dus
2056 5362 2223 5419 nollet
2251 5381 2372 5419 eum
2403 5365 2660 5436 genuisse
2690 5365 2971 5437 aequalem,
3002 5364 3091 5421 vel
3118 5363 3359 5420 inﬁmus
3402 5377 3510 5418 non

1923 5459 2132 5523 posset,
2164 5460 2218 5509 et
2249 5452 2327 5509 sic
2356 5468 2465 5509 non
2494 5468 2621 5511 esse
2647 5454 2794 5510 Deus
2823 5451 3251 5521 convinceretur,
3275 5450 3398 5522 quia
3414 5448 3511 5504 im-

1923 5549 2135 5612 potens.

1936 5635 1952 5651 ⁶
1996 5647 2167 5704 Vens.
2212 5647 2302 5704 2t.
2336 5676 2405 5688 —
2437 5646 2578 5716 Quia
2624 5648 2738 5719 qui,
2788 5653 2887 5703 etc.
2940 5643 3077 5715 Quia
3122 5638 3341 5713 aqualis
3387 5653 3507 5697 sum
