4006 6178
401 225 502 280 379

858 225 1262 284 WALAFRIDI
1298 229 1542 286 STRABI
1578 230 1777 287 FULD.
1817 231 1989 289 MON.
2032 232 2184 291 OPP.
2225 237 2401 294 PARS
2439 239 2481 294 Ι.
2521 269 2590 280 -
2627 240 3045 298 THELOGICA.

3573 253 3676 305 380

400 367 539 422 Patri
567 376 619 424 et
649 383 756 424 uno
797 369 1002 426 honore
1048 387 1170 426 cum
1199 387 1265 428 eo
1305 372 1669 441 honorandus,
1720 390 1849 446 ergo
1896 359 2062 448 quiA
2090 375 2321 432 corpora
2369 379 2488 435 (Ιυεὲ
2545 380 2654 420 non
2699 366 2955 433 sentiunt,
3003 368 3101 423 88d
3144 368 3339 426 animm
3380 370 3675 429 rationales

397 457 544 512 audit
574 458 800 514 verbum
830 476 1028 525 meum,
1064 460 1117 514 id
1149 469 1248 528 est,
1283 462 1372 532 qui
1401 461 1572 516 credit
1591 479 1677 518 me
1706 463 1916 534 Filium,
1937 473 1986 520 et

397 546 568 602 credit
593 564 716 602 eum
742 548 969 615 Patrem,
1003 549 1166 603 habet
1197 549 1359 604 vitam
1392 559 1664 618 aeternam,
1698 552 1822 624 quia
1869 555 1987 610 haec

400 643 481 690 est
511 636 620 690 vita
642 643 860 700 aeterna,
891 644 948 691 ut
975 645 1100 706 post
1128 637 1289 706 dicet,
1321 646 1376 692 ut
1395 649 1728 711 cognoscant
1757 649 1808 697 te
1828 658 1986 714 quem

399 723 522 778 misi
549 726 732 780 Jesum
766 725 1032 780 Christum
1060 742 1183 781 esse
1211 743 1374 781 unum
1407 745 1592 782 verum
1623 731 1815 786 Deum.
1867 732 1986 787 Au-

397 813 485 868 dit
511 818 569 868 et
596 815 793 869 credit.
827 814 933 867 Cur
951 814 1023 867 ait
1056 833 1068 867 :
1099 815 1260 869 Audit
1280 816 1501 871 verbum
1522 834 1700 873 meum
1723 827 1774 873 et
1794 820 1981 888 credit,

398 916 505 956 non
537 901 686 971 mihi,
719 902 815 956 sed
845 903 895 956 ei
925 902 1015 973 qui
1035 919 1121 957 me
1144 903 1288 958 misit
1321 922 1334 958 :
1368 906 1494 976 quia
1523 907 1745 961 verbum
1767 909 1883 976 ejus
1905 917 1988 963 est

391 990 447 1044 in
477 1005 582 1055 me,
615 990 722 1044 imo
753 1005 857 1062 ego
889 1007 1006 1044 sum
1023 993 1248 1046 verbum
1277 994 1413 1061 ejus.
1442 993 1545 1062 Qui
1572 1011 1704 1067 ergo
1725 996 1774 1050 ei
1793 996 1982 1067 credit,

396 1078 565 1133 credit
591 1078 757 1132 verbo
789 1079 923 1147 ejus,
974 1079 1029 1132 id
1059 1089 1142 1134 est
1192 1082 1342 1135 mihi.
1375 1084 1478 1138 Sed
1528 1085 1780 1139 transiit.
1830 1085 1929 1141 Hic
1956 1102 1986 1139 a

395 1172 567 1220 morte
596 1165 927 1221 infidelitatis
957 1169 1026 1222 ad
1057 1169 1220 1223 vitam
1263 1169 1388 1225 fidei
1418 1178 1471 1225 et
1511 1171 1752 1242 justitiaa,
1805 1181 1930 1243 post
1956 1190 1984 1227 a

399 1254 742 1324 corruptione
771 1256 841 1310 ad
871 1257 1239 1313 azternitatem.
1271 1260 1351 1313 De
1377 1260 1546 1329 prima
1573 1267 1750 1314 autem
1797 1278 1984 1316 resur-

399 1342 636 1398 rectione
665 1343 902 1413 apertius
937 1345 1115 1399 subdit
1151 1365 1162 1400 :
1195 1347 1394 1412 Amen,
1443 1364 1611 1404 amen
1649 1350 1770 1405 dico
1816 1351 1980 1417 vobis,

399 1432 531 1505 quia
560 1434 715 1487 venit
746 1433 882 1488 hora
910 1438 967 1489 et
995 1451 1149 1490 nunc
1179 1441 1280 1502 est,
1313 1444 1415 1491 etc.

474 1546 645 1600 Vens.
677 1550 766 1603 25.
801 1577 870 1586 -
903 1548 1043 1615 Quia
1070 1550 1244 1606 venit.
1277 1549 1399 1605 Dixi
1429 1550 1553 1623 quia
1584 1551 1749 1606 Filius
1768 1551 1986 1607 suscitat

397 1641 449 1689 et
481 1633 731 1705 vivificat,
765 1637 907 1707 quod
939 1654 1120 1692 verum
1151 1646 1252 1708 est,
1298 1640 1421 1710 quia
1464 1639 1610 1694 venit
1653 1643 1801 1710 hora,
1855 1648 1980 1706 etc.,

2088 451 2280 506 media:
2312 452 2451 506 inter
2479 455 2654 508 Deum
2684 463 2737 509 et
2766 471 3000 526 corpora
3033 474 3045 510 :
3079 456 3224 514 dicto
3254 459 3419 514 etiam
3465 461 3534 516 de
3563 462 3672 516 mi-

2088 541 2316 596 noritate
2345 543 2710 611 humanitatis,
2743 543 2801 598 in
2831 561 2935 615 qua
2965 545 3173 602 scilicet
3202 549 3451 617 moritur,
3485 567 3672 605 resur-

2088 631 2185 700 git,
2219 630 2442 686 suscitat
2471 646 2706 701 corpora
2735 641 2786 686 et
2810 633 3020 702 judicat
3053 653 3065 689 :
3099 637 3351 707 supponit
3393 639 3461 694 de
3509 639 3669 694 testi-

2087 719 2282 774 moniis
2330 719 2443 773 suis
2489 736 2608 791 quae
2657 737 2767 776 non
2813 721 3018 795 indiget
3061 724 3266 780 habere
3315 725 3382 781 ab
3429 727 3671 795 homine,

2089 807 2213 878 quia
2242 808 2407 862 habet
2437 808 2505 862 ab
2536 809 2795 879 operibus
2827 827 2946 882 quae
2976 813 3135 867 Pater
3174 813 3322 868 dedit
3368 823 3422 868 et
3451 816 3520 870 ab
3550 815 3672 886 ipso

2088 896 2264 950 Patre.
2299 896 2474 950 Habet
2503 905 2682 952 tamen
2730 906 2783 952 et
2811 899 2879 952 ab
2909 899 3237 971 hominibus,
3289 902 3387 959 sed
3433 911 3490 956 ut
3520 919 3553 958 a
3582 904 3671 958 lu-

2088 984 2288 1050 cernis,
2321 984 2375 1038 id
2406 993 2487 1039 est
2516 1002 2546 1038 a
2575 987 2783 1041 Joanne
2811 996 2864 1041 et
2893 1003 2926 1042 a
2963 990 3169 1060 Moyse,
3204 990 3294 1060 qui
3325 991 3371 1044 si
3399 1007 3508 1048 non
3533 1007 3671 1062 pos-

2047 1133 2054 1140 ο
2088 1080 2209 1126 sunt
2240 1073 2573 1146 conjungere
2605 1075 2814 1130 animas
2844 1078 2980 1150 Deo,
3012 1086 3240 1149 possunt
3269 1086 3449 1135 tamen
3477 1079 3667 1136 confu-

2087 1168 2204 1214 tare
2251 1161 2519 1217 inimicos.

2158 1249 2326 1303 Vens.
2379 1250 2466 1303 34.
2499 1281 2567 1290 -
2595 1251 2699 1306 Sed
2747 1253 2881 1308 haec.
2935 1253 3042 1308 Sed
3083 1263 3264 1309 tamen
3310 1255 3676 1312 testimonium

2083 1337 2308 1392 Joannis
2337 1337 2556 1406 induco,
2588 1348 2641 1393 ut
2673 1356 2774 1410 per
2802 1341 3069 1397 Joannem
3098 1359 3197 1398 vos
3217 1345 3464 1399 homines
3495 1347 3565 1400 ad
3584 1362 3678 1401 ve-

2087 1425 2302 1480 ritatem
2332 1425 2505 1496 ipsam
2536 1427 2831 1496 ducamini,
2865 1439 2918 1485 et
2949 1432 3236 1487 credentes
3293 1433 3430 1488 salvi
3462 1433 3600 1488 sitis.

2159 1514 2328 1568 Vnus.
2363 1517 2450 1568 35.
2485 1545 2554 1553 ——
2583 1517 2684 1571 Ille
2713 1521 2856 1583 erat,
2891 1526 2993 1573 etc.
3027 1517 3132 1587 Qui
3161 1536 3248 1574 me
3269 1520 3506 1575 exterius
3535 1537 3674 1578 ocu-

2085 1609 2152 1664 lis
2184 1610 2461 1664 hominum
2479 1611 2747 1667 visibilem
2777 1615 3037 1681 exhibuit,
3061 1616 3286 1672 interius
3307 1619 3476 1674 corda
3496 1619 3676 1675 homi"

398 1729 451 1778 et
481 1724 719 1779 ostensio
749 1725 920 1780 Patris
950 1726 1051 1794 sui,
1087 1727 1173 1780 hic
1202 1727 1346 1782 enim
1379 1729 1446 1783 de
1478 1728 1822 1784 suscitatione
1866 1730 1986 1784 ani-
2006 1715 2060 1775 Β
2088 1715 2216 1753 num
2238 1701 2316 1794 ,δά
2345 1716 2432 1754 me
2463 1703 2922 1794 °°€n°S9éndumA
2953 1705 3220 1760 accend’t'
3253 1706 3430 1760 Euam
3477 1722 3669 1762 omnes

399 1827 502 1866 mae
530 1828 561 1865 a
590 1813 826 1883 peccatis
855 1815 1046 1885 agitur.
1087 1817 1275 1871 Vocem
1304 1818 1454 1872 Filii.
1489 1818 1603 1872 Hoc
1633 1818 1804 1872 solum
1831 1817 1989 1886 justis

399 1900 669 1966 convenit,
724 1901 816 1972 qui
845 1902 923 1957 sic
970 1903 1190 1958 audiunt
1232 1904 1300 1958 de
1347 1904 1710 1960 incarnatione
1764 1907 1879 1974 ejus
1934 1915 1990 1959 ut

399 1989 622 2043 credant
653 1989 775 2060 quia
805 1990 969 2046 Filius
998 1992 1098 2047 Dei
1130 2002 1230 2047 est.

469 2077 628 2132 Sicut
655 2081 810 2134 enim
839 2083 1028 2137 Pater.
1059 2082 1250 2151 (AUG.)
1280 2080 1397 2136 Vita
1429 2097 1548 2154 quae
1575 2090 1657 2137 est
1687 2082 1804 2153 ipse
1835 2084 1990 2138 Pater

397 2173 451 2220 et
480 2165 643 2220 Filius
671 2167 902 2237 pertinet
945 2168 1014 2223 ad
1062 2170 1314 2235 animam,
1363 2185 1472 2224 non
1503 2171 1571 2224 ad
1602 2187 1814 2242 corpus,
1859 2179 1984 2237 etc.,

399 2271 574 2326 usque
611 2255 684 2311 ad
719 2255 824 2310 vita
856 2266 908 2311 et
935 2257 1051 2328 ipsa
1081 2266 1162 2313 est
1191 2259 1296 2313 vita
1333 2259 1593 2330 corporis.

472 2345 539 2397 In
567 2346 882 2417 semetipso.
915 2346 1036 2400 Non
1067 2346 1301 2414 aliunde,
1335 2348 1434 2402 sed
1465 2349 1581 2418 ipse
1610 2357 1694 2403 est
1735 2348 1860 2417 vita,
1911 2349 1990 2404 sic

400 2439 454 2486 et
483 2431 648 2486 Filius
677 2433 730 2486 in
763 2434 1052 2505 semetipso
1098 2444 1178 2490 est
1229 2436 1357 2490 vita.
1392 2436 1499 2491 Sed
1545 2435 1818 2506 differunt,
1868 2437 1990 2509 quia

398 2520 557 2575 Pater
583 2529 665 2576 est
694 2521 797 2576 vita
828 2538 935 2577 non
966 2524 1258 2592 nascendo,
1295 2523 1457 2578 Filius
1489 2533 1571 2579 est
1600 2526 1710 2580 vita
1739 2542 1803 2580 ex
1833 2526 1989 2580 Patre

397 2610 695 2679 nascendo,
729 2611 874 2664 unde
903 2611 974 2664 ait
1003 2629 1015 2665 :
1050 2613 1230 2678 Dedit,
1263 2628 1371 2667 non
1403 2614 1546 2684 quod
1576 2613 1866 2684 aliquando
1897 2614 1989 2668 Fi-

396 2697 501 2752 lius
530 2697 687 2753 fuerit
719 2699 835 2753 sine
875 2699 998 2769 vita,
1046 2701 1143 2755 sed
1193 2701 1428 2755 nascitur
1457 2717 1523 2755 ex
1571 2716 1636 2755 eo
1666 2701 1791 2768 vita,
1822 2701 1991 2762 dedit

398 2801 551 2858 ergo,
586 2786 640 2840 id
675 2794 773 2854 est,
809 2787 917 2841 vita
948 2788 1134 2857 genuit
1165 2788 1346 2842 vitam.

470 2889 639 2943 Vnus.
674 2891 762 2946 27.
797 2919 864 2928 -
894 2891 965 2942 Et
998 2894 1358 2961 potestatem.
1413 2890 1699 2961 Postquam
1745 2889 1876 2944 dixit
1924 2891 1990 2946 de

397 2977 789 3032 resurrectione
817 2977 1030 3045 animae,
1064 2977 1244 3032 subdit
1274 2979 1341 3032 de
1373 2978 1763 3034 resurrectione
1790 2979 1985 3034 carnis.

397 3067 465 3121 Et
493 3073 809 3136 potestatem
838 3081 994 3136 quam
1027 3066 1186 3121 habet
1216 3066 1380 3121 Filius
1410 3083 1532 3121 cum
1555 3068 1708 3121 Patre
1734 3067 1787 3120 in
1817 3068 1992 3123 occul—
2011 3069 2060 3131 C

397 3162 470 3222 to,
505 3154 653 3207 dedit
682 3155 838 3208 Pater
867 3154 936 3223 ei,
968 3154 1090 3226 quia
1128 3154 1292 3208 Filius
1341 3155 1576 3209 hominis
1624 3164 1726 3222 est,
1776 3157 1828 3208 in
1879 3171 1987 3227 qua

397 3241 571 3296 forma
591 3242 841 3311 judicans
871 3242 1028 3297 bonis
1059 3251 1110 3297 et
1138 3242 1295 3296 malis
1327 3243 1610 3298 videbitur.
1662 3244 1812 3299 Visio
1843 3244 1985 3299 enim

396 3330 583 3386 formae
611 3331 710 3385 Dei
759 3330 890 3385 solis
938 3331 1149 3388 mundis
1201 3332 1361 3386 corde
1405 3332 1744 3402 promittitur,
1794 3333 1984 3388 unde:

397 3420 558 3475 Beati
589 3419 794 3475 mundo
825 3420 1003 3486 corde,
1040 3421 1306 3492 quoniam
1356 3423 1467 3492 ipsi
1496 3424 1675 3476 Deum
1722 3422 1989 3478 videbunt

399 3507 617 3579 (Matth.
654 3507 732 3578 v.)
771 3507 960 3579 (Auo.)
1009 3508 1248 3562 Christus
1294 3508 1349 3562 in
1393 3525 1458 3563 eo
1505 3509 1647 3580 quod
1697 3517 1781 3564 est
1826 3510 1988 3564 Filius

399 3596 519 3665 Dei,
552 3604 676 3666 etc.,
701 3613 872 3668 usque
903 3598 975 3651 ad
1004 3613 1099 3667 per
1126 3597 1350 3653 verbum
1381 3596 1575 3652 factum
1625 3598 1679 3652 in
1711 3614 1870 3653 carne
1904 3598 1987 3653 Fi-

401 3684 532 3739 lium
561 3685 796 3739 hominis
821 3684 878 3740 fit
907 3701 1193 3757 corporum
1227 3686 1571 3741 resurrectio.

470 3810 638 3864 Vnus.
671 3813 758 3866 28.
793 3840 861 3849 -
895 3809 1035 3877 Quia
1051 3811 1237 3865 veniet
1267 3809 1422 3864 hora.
1454 3808 1602 3865 Sicut
1623 3825 1783 3879 supra
1805 3817 1990 3865 auctor

396 3897 465 3954 de
491 3897 885 3953 resurrectione
913 3898 1109 3952 mentis
1137 3897 1192 3952 in
1211 3898 1372 3952 vitam
1403 3904 1682 3965 aeternam,
1715 3897 1785 3950 ita
1825 3898 1988 3952 etiam

400 3985 488 4041 hic
515 3994 599 4042 est
627 3994 811 4042 auctor
837 3987 907 4041 de
945 3986 1335 4041 resurrectione
1383 3986 1578 4053 carnis,
1629 3985 1783 4040 aliter
1829 4000 1990 4040 nemo

399 4075 664 4130 crederet.

470 4180 639 4235 Vens.
672 4182 760 4234 30.
793 4209 864 4220 —
892 4181 1011 4236 Non
1050 4182 1290 4251 possunt
1319 4194 1412 4248 ego
1458 4194 1493 4232 a
1520 4177 1729 4248 meipso
1777 4179 1985 4248 facere.

397 4268 558 4323 Dedit
586 4267 714 4322 mihi
746 4275 1066 4339 potestatem
1090 4265 1300 4334 judicii,
1341 4280 1449 4319 non
1482 4273 1659 4319 tamen
1707 4280 1928 4334 possum
1959 4281 1992 4320 a

399 4373 506 4422 me,
539 4356 596 4412 id
624 4365 726 4424 est,
761 4357 850 4427 qui
880 4371 986 4409 non
1019 4361 1100 4407 est
1129 4370 1157 4406 a
1197 4369 1277 4421 se,
1308 4367 1417 4407 non
1465 4352 1593 4407 facit
1623 4369 1656 4407 a
1703 4369 1780 4419 se,
1817 4362 1869 4408 et
1917 4354 1992 4407 ita

399 4420 501 4516 qui?
520 4445 696 4516 culpat
714 4420 843 4498 eum
875 4443 941 4497 de
963 4457 1126 4511 opere
1158 4420 1382 4506 sabbati,
1405 4441 1581 4510 culpat
1603 4442 1998 4498 Patrem.Sicut
2012 4420 2063 4479 Π

401 4537 614 4590 autem.
645 4530 818 4585 Audio
846 4546 943 4600 per
967 4529 1224 4584 unitatem
1269 4528 1599 4593 substantiae,
1665 4529 1717 4583 id
1750 4537 1853 4593 est,
1887 4530 2001 4584 scio

402 4621 527 4693 quia
556 4635 666 4674 non
694 4626 776 4673 est
801 4618 944 4672 aliud
974 4617 1180 4687 audire,
1209 4633 1371 4688 quam
1403 4617 1545 4671 scire
1573 4617 1658 4672 vel
1686 4633 1827 4671 esse.
1868 4616 1987 4687 Vel,

401 4725 506 4779 ego
537 4707 698 4762 Filius
728 4706 963 4760 hominis
992 4706 1123 4759 nihil
1152 4721 1186 4759 a
1214 4722 1301 4760 me
1332 4720 1576 4775 possum,
1609 4706 1708 4759 sed
1736 4705 1873 4759 sicut
1903 4720 1991 4758 au-

402 4797 494 4852 dio
520 4811 551 4850 a
581 4796 697 4849 Deo
720 4794 920 4862 judico,
956 4803 1008 4847 et
1035 4796 1138 4848 hoc
1161 4793 1424 4861 judicium
1454 4808 1634 4847 meum
1665 4793 1736 4848 de
1765 4793 1991 4863 quibus-

402 4899 618 4956 cunque
648 4891 729 4938 est
751 4883 972 4950 justum,
1005 4881 1130 4935 ideo
1159 4881 1280 4950 quia
1311 4896 1418 4934 non
1451 4897 1632 4951 quaero
1663 4881 1992 4936 voluntatem

401 4988 602 5041 meam,
635 4971 690 5025 id
721 4978 802 5024 est
830 4968 1082 5036 hominis,
1117 4969 1213 5022 sed
1245 4967 1435 5035 Patris,
1471 4985 1592 5039 quae
1621 4975 1704 5023 est
1751 4968 1818 5022 de
1845 4968 1990 5022 salu-

399 5068 452 5114 te
481 5059 780 5123 hominum,
815 5057 907 5128 qui
935 5057 1002 5111 ad
1033 5058 1137 5110 hoc
1182 5071 1270 5110 me
1297 5055 1548 5122 misit,-id
1579 5063 1679 5123 est,
1728 5055 1994 5110 incarnari

403 5146 548 5201 fecit.
599 5147 720 5200 Non
770 5161 973 5217 quaero.
1025 5144 1280 5214 Loquitur
1309 5161 1453 5199 nunc
1499 5143 1799 5199 secundum
1848 5145 1994 5213 quod

402 5232 630 5305 aqualis
660 5241 740 5287 est
785 5233 946 5302 Patri,
997 5239 1053 5288 ut
1097 5233 1351 5301 probetur
1400 5232 1454 5286 in
1507 5247 1572 5286 eo
1623 5247 1752 5287 vera
1799 5232 1990 5298 deitas,

403 5338 549 5378 nunc
577 5322 873 5377 secundum
904 5321 1051 5393 quod
1076 5320 1269 5387 minor,
1303 5329 1360 5375 ut
1401 5320 1662 5392 probetur
1707 5335 1841 5376 vera
1886 5321 1994 5374 hu-

403 5410 652 5467 manitas.

475 5528 647 5584 Vnus.
689 5528 775 5581 31.
807 5525 950 5581 —Si
979 5541 1072 5596 ego
1104 5523 1513 5581 testimonium.
1535 5521 1669 5578 Dico
1699 5522 1768 5576 de
1798 5519 1994 5578 identi-

407 5622 512 5674 tate
541 5614 795 5674 essentia:
831 5629 944 5670 suae
992 5629 1117 5669 cum
1163 5613 1342 5679 Patre,
1391 5628 1455 5666 ex
1506 5626 1614 5682 qua
1658 5610 1846 5667 vivunt
1885 5620 1996 5664 nun

2098 1788 2378 1858 prOphetaa
2409 1801 2463 1844 et
2494 1790 2724 1858 apostoli
2757 1799 2879 1844 sunt
2908 1791 3147 1848 lucernae
3181 1812 3193 1847 :
3227 1794 3472 1848 Christus
3488 1811 3680 1850 verum

2091 1875 2292 1941 lumen,
2326 1878 2467 1949 quod
2484 1879 2786 1934 illuminat
2810 1896 3033 1936 omnem
3055 1882 3339 1938 hominem
3357 1885 3678 1940 venientem

2089 1965 2153 2019 in
2183 1965 2333 2020 hunc
2379 1966 2676 2022 mundum.

2159 2054 2329 2108 Vens.
2362 2057 2449 2109 37.
2481 2086 2549 2095 —
2580 2057 2761 2127 Neque
2801 2072 3008 2114 vocem.
3039 2058 3108 2112 Et
3139 2059 3184 2112 si
3213 2058 3268 2112 in
3299 2058 3428 2115 Sina
3476 2075 3670 2117 vocem

2091 2143 2208 2210 ejus
2238 2143 2456 2198 audisse
2488 2151 2542 2198 et
2571 2145 2810 2214 speciem
2840 2146 3044 2201 vidisse
3072 2147 3291 2218 putetis.

2161 2227 2330 2285 νεεδ.
2377 2233 2464 2286 it.
2515 2263 2583 2271 —
2634 2234 2984 2290 Claritatem.
3034 2235 3150 2291 Nec
3177 2235 3300 2291 ideo
3331 2237 3433 2292 hoc
3461 2237 3678 2309 loquor,

2090 2326 2148 2372 ut
2178 2335 2415 2390 quaeram
2470 2319 2701 2391 gloriam
2758 2338 2955 2388 meam,
3018 2324 3116 2377 sed
3170 2324 3325 2378 vobis
3379 2326 3684 2380 errantibus

2091 2408 2374 2475 condoleo,
2427 2409 2517 2480 qui
2555 2425 2664 2464 non
2710 2410 2918 2464 habetis
2967 2411 3310 2467 dilectionem
3357 2413 3474 2480 Dei,
3528 2421 3582 2468 et
3613 2415 3682 2468 ad

2091 2497 2234 2552 viam
2262 2497 2503 2551 veritatis
2531 2498 2796 2554 reducere
2826 2499 2968 2554 volo.

2162 2596 2331 2649 Vnus.
2365 2597 2451 2651 42.
2484 2626 2552 2634 -
2584 2595 2724 2662 Quia
2773 2596 3150 2653 dilectionem.
3184 2597 3413 2654 Dilectio
3443 2598 3543 2654 Dei
3572 2615 3683 2654 non

2091 2691 2172 2738 est
2201 2683 2256 2736 in
2284 2683 2458 2752 vobis,
2491 2684 2614 2754 quia
2640 2700 2726 2738 me
2758 2701 2868 2739 non
2897 2686 3159 2756 accipitis,
3191 2686 3353 2756 idest
3371 2703 3480 2742 non
3508 2687 3684 2742 credi-

2092 2772 2179 2840 tis,
2212 2771 2333 2843 quia
2362 2771 2484 2826 veni
2512 2780 2568 2825 ut
2598 2789 2697 2843 per
2726 2790 2814 2828 me
2849 2775 3006 2828 Pater
3035 2774 3390 2845 glorificetur.

2161 2861 2329 2914 Vnus.
2363 2861 2450 2914 43.
2485 2891 2553 2900 -
2583 2862 2642 2916 Si
2671 2863 2838 2917 alius.
2872 2863 3255 2933 Antichristus,
3291 2864 3381 2935 qui
3401 2864 3680 2936 propriam

2091 2947 2323 3020 gloriam
2355 2948 2544 3019 quaerit
2573 2965 2682 3004 non
2702 2950 2820 3017 Dei,
2853 2950 2908 3005 id
2929 2960 3011 3005 est
3041 2951 3097 3005 in
3116 2952 3334 3008 nomine
3363 2969 3459 3007 suo
3477 2954 3680 3020 veniet,

2090 3038 2194 3092 hoc
2225 3045 2306 3092 est
2337 3037 2480 3108 quod
2520 3037 2809 3107 Apostolus
2858 3039 2948 3108 ait,
3001 3048 3059 3094 ut
3105 3041 3333 3096 credant
3371 3042 3680 3110 mendacio,

2089 3126 2180 3197 qui
2209 3141 2318 3180 non
2347 3125 2696 3181 crediderunt
2725 3127 2957 3182 veritati.

2738 3319 2961 3375 CAPUT
2990 3320 3078 3376 VI.

2161 3489 2330 3544 Vens.
2365 3493 2414 3543 1.
2447 3520 2514 3528 -
2549 3491 2722 3544 Trans
2750 3506 2928 3546 mare.
2978 3489 3282 3545 Tiberiadis
3331 3497 3383 3546 et
3431 3491 3685 3562 Caphar-

2089 3592 2252 3631 naum
2284 3577 2339 3630 in
2368 3578 2560 3632 eodem
2589 3577 2769 3632 littore
2801 3593 2872 3632 ex
2899 3586 3052 3648 parte
3081 3587 3285 3644 nostra,
3315 3578 3458 3634 ultra
3492 3580 3549 3633 in
3578 3580 3687 3634 alio

2087 3665 2275 3720 littore
2305 3665 2574 3736 opposito,
2609 3666 2762 3721 locus
2793 3675 2874 3720 est
2904 3666 2996 3720 ubi
3028 3666 3349 3722 miraculum
3391 3667 3537 3722 istud
3568 3666 3689 3723 fac-

2090 3761 2204 3807 tum
2233 3762 2331 3809 est.
2374 3755 2489 3809 Nec
2536 3755 2758 3825 proprie
2806 3762 3031 3810 vocatur
3071 3772 3240 3822 mare,
3291 3756 3389 3810 sed
3430 3756 3685 3827 quaedam

2089 3858 2285 3914 magna
2311 3842 2566 3897 Iordanis
2606 3843 2851 3898 reﬂuxio.

2160 3933 2330 3985 Vnus.
2353 3935 2406 3987 2.
2429 3962 2498 3970 -
2517 3933 2587 3985 Et
2607 3933 2956 4003 sequebatur.
2980 3931 3110 3987 Viso
3130 3933 3235 3988 hoc
3253 3931 3534 4001 miraculo,
3559 3948 3691 4003 gen-

2090 4021 2223 4075 tium
2252 4035 2449 4091 magna
2482 4019 2638 4072 turba
2686 4020 2950 4090 sequitur,
2984 4019 3108 4091 quia
3157 4020 3292 4075 sicut
3331 4036 3427 4075 eos
3474 4035 3615 4092 quos
3659 4037 3691 4073 a

2090 4107 2332 4178 corporis
2371 4106 2679 4161 inﬁrmitate
2729 4108 2968 4174 sanabat,
3019 4108 3163 4162 intus
3209 4108 3430 4178 spiritus
3477 4109 3691 4164 reinte-

2091 4196 2305 4268 grabat,
2341 4193 2419 4248 sic
2448 4194 2567 4264 ipso
2597 4209 2628 4248 a
2656 4195 2850 4248 morbo
2878 4196 3270 4250 incredulitatis
3298 4196 3543 4250 sanabat.

2163 4284 2332 4338 Vnus.
2365 4286 2417 4337 5.
2450 4311 2519 4322 --
2553 4284 2690 4339 Cum
2727 4285 3088 4339 sublevasset.
3133 4284 3397 4354 Exemplo
3445 4300 3546 4339 suo
3589 4301 3696 4340 nos

2089 4372 2345 4426 admonet
2370 4371 2558 4425 levare
2588 4371 2776 4426 oculos
2807 4372 2991 4426 cordis
3021 4372 3213 4438 nostri,
3264 4380 3323 4426 ut
3354 4372 3398 4425 si
3451 4371 3596 4427 forte
3627 4389 3698 4430 eo

2093 4461 2324 4515 ducente
2354 4459 2422 4513 ad
2454 4459 2792 4513 altitudinem
2831 4460 3060 4515 actionis
3089 4468 3143 4515 et
3196 4459 3435 4515 scientia:
3489 4475 3699 4516 ascen-

2091 4549 2223 4602 dere
2254 4547 2606 4617 permittatur,
2640 4547 2799 4601 turba
2827 4547 3189 4617 sequientium
3219 4547 3518 4603 carnalium
3547 4549 3705 4620 cogi-

2092 4636 2350 4690 tationum
2380 4651 2482 4689 nos
2509 4650 2616 4689 non
2657 4635 2956 4705 perturbet,
2989 4651 3092 4690 nec
3124 4636 3194 4690 ab
3224 4635 3504 4690 altitudine
3553 4651 3704 4690 con-

2091 4723 2459 4793 templationis
2502 4722 2733 4789 dejiciat,
2788 4722 2884 4776 sed
2934 4738 3052 4776 eam
3105 4722 3474 4792 spiritualibus
3524 4723 3702 4794 escis,

2094 4819 2355 4882 quantum
2385 4825 2584 4879 capere
2613 4808 2805 4877 possit,
2836 4824 3065 4879 pascere
3103 4825 3359 4865 curemus

2165 4899 2332 4952 Vens.
2367 4900 2419 4952 7.
2453 4928 2520 4936 -
2549 4899 2953 4952 Ducentorum.
2988 4898 3342 4952 Centenarius
3386 4896 3709 4967 duplicatus

2093 4985 2363 5057 signiﬁcat
2400 4983 2786 5054 perfectionem
2835 4985 2990 5038 bona:
3036 4984 3264 5040 actionis
3309 4993 3364 5039 et
3408 4984 3711 5042 rationalis

2095 5073 2353 5140 scientiae,
2388 5089 2510 5140 quae
2539 5071 2854 5126 erudiendis
2883 5072 2938 5125 in
2969 5071 3074 5126 ﬁde
3105 5089 3214 5126 non
3245 5071 3537 5141 sufﬁciunt,
3592 5075 3710 5129 nisi

2093 5161 2173 5216 eis
2203 5160 2430 5214 altitudo
2461 5158 2751 5231 theologia:
2779 5159 3026 5225 addatur,
3062 5176 3183 5229 quae
3210 5160 3418 5214 animas
3455 5176 3560 5230 per
3592 5160 3710 5216 bo-

2093 5265 2219 5303 nam
2248 5247 2618 5318 operationem
2647 5256 2930 5322 purgatas,
2965 5255 3017 5301 et
3036 5263 3136 5317 per
3182 5248 3460 5303 scientiam
3509 5264 3714 5305 rerum

2092 5343 2398 5391 creatarum
2426 5334 2778 5400 illaminatas,
2830 5335 2898 5389 ad
2943 5342 3375 5389 consummatam
3421 5333 3702 5404 spiritua-

2091 5423 2224 5478 lium
2254 5422 2610 5479 refectionum
2639 5423 3030 5493 plenitudinem
3062 5423 3333 5493 perducit.

2164 5522 2334 5576 Vens.
2367 5525 2418 5575 9.
2453 5551 2522 5561 -—
2551 5523 2650 5577 Est
2676 5538 2819 5593 puer
2851 5537 3021 5576 unus.
3055 5521 3156 5575 Hic
3189 5536 3326 5590 puer
3363 5527 3448 5574 est
3477 5519 3714 5591 Moyses

2094 5608 2396 5681 legislator,
2430 5610 2584 5680 cujus
2603 5609 2689 5665 lex
2711 5609 2985 5665 neminem
3000 5609 3070 5664 ad
3086 5607 3396 5680 perfectum
3416 5608 3713 5680 perduxit.
