3932 6178
199 238 283 290 381
1108 225 1377 282 GLOSSA
1416 219 1828 283 ORDINARIA.
1871 249 1941 263 —
1975 225 2240 284 EVANG.
2280 228 2480 286 JOAN.

3363 232 3467 287 382

197 375 344 438 Unus,
377 372 499 444 quia
526 370 820 426 vanitatem
849 369 1115 426 Ecclesiae
1160 369 1392 424 futuram
1439 368 1756 440 praeﬁgura-
1776 345 1832 406 Α
1861 363 1976 404 ram
2005 368 2134 408 νθΐο
2162 353 2244 410 δίε
2276 371 2289 407 ε
2325 355 2435 444 νογε
2465 353 2705 426 qua”itis
2735 369 2842 419 me:
2866 369 2975 409 Ποῐι
2995 361 3222 444 Prol“???
3236 369 3344 444 me;
3368 353 3466 408 sed

201 466 294 518 bat.
325 462 436 530 Hic,
470 461 520 514 id
546 467 663 529 est,
695 460 750 513 in
794 460 978 514 Veteri
1024 460 1372 513 Testamento
1404 459 1551 529 quod
1581 473 1775 529 quam-

199 552 274 607 vis
302 551 453 606 Novo
482 549 810 604 clarescente
832 549 943 618 jam
975 547 1206 613 vilescit,
1240 549 1416 603 adhuc
1447 555 1621 602 tamen
1653 563 1774 601 om-

197 641 309 695 nino
339 654 439 693 non
471 637 716 692 recessit.
751 637 858 694 Sed
888 638 1023 702 haec,
1059 645 1162 692 etc.
1196 635 1360 704 Quasi
1390 637 1533 691 dicat
1564 654 1576 689 :
1614 636 1774 708 Legis

197 728 372 793 littera,
405 727 491 782 vel
520 726 770 796 corporei
804 741 998 780 sensus
1020 725 1146 797 quid
1177 734 1404 796 prosunt
1433 726 1500 779 ad
1528 725 1773 778 multitu-

197 819 360 872 dinem
390 817 443 870 in
473 823 523 869 te
553 815 903 879 creditorum,
923 814 1013 886 qui
1049 814 1352 884 spiritualia
1369 815 1624 869 alimenta
1653 825 1775 871 sunt

199 905 414 978 petituri,
441 920 559 976 quae
587 919 802 958 omnem
832 903 1068 958 litteram
1098 918 1424 974 omnemque
1451 918 1773 973 corporeum

206 1010 406 1050 sensum
451 999 708 1064 superant
727 995 755 1047 ?

257 1083 414 1136 Vsus.
451 1085 536 1136 I0.
586 1111 656 1122 —
685 1083 874 1136 Facite
903 1082 1174 1136 homines.
1226 1080 1482 1150 Magister
1528 1079 1774 1134 veritatis

195 1172 334 1243 prius
362 1171 414 1225 in
444 1169 784 1240 simplicitate
817 1169 1006 1224 litterae
1038 1169 1190 1240 quasi
1221 1169 1274 1222 in
1306 1168 1504 1222 inﬁmis
1535 1169 1689 1239 locis,
1722 1178 1776 1224 et

195 1260 242 1314 in
271 1259 601 1329 simplicitate
630 1258 859 1312 visibilis
907 1265 1172 1314 creaturae
1215 1257 1488 1312 auditores
1518 1257 1768 1325 erudivit,

197 1357 244 1402 ut
271 1348 339 1402 sic
368 1348 420 1401 in
463 1347 797 1401 altitudinem
827 1346 1296 1417 contemplationis
1327 1346 1625 1417 erigantur.

257 1436 416 1491 Vens.
453 1437 538 1490 14.
593 1465 664 1476 —
701 1435 795 1490 Illi
825 1451 950 1506 ergo
1006 1435 1258 1490 homines
1311 1450 1439 1490 cum
1497 1435 1770 1490 vidissent

195 1525 334 1597 quod,
366 1531 467 1580 etc.
505 1523 587 1578 Illi
620 1524 860 1578 nondum
891 1523 1053 1593 plena
1081 1521 1186 1578 ﬁde
1215 1522 1583 1593 proﬁciebant,
1609 1539 1771 1594 quare

199 1615 322 1668 hunc
349 1614 520 1668 Deum
549 1613 734 1668 dicere
764 1612 1100 1667 nesciebant.
1134 1613 1250 1667 Nos
1279 1612 1536 1667 certiores
1567 1612 1672 1665 illis
1689 1612 1768 1666 di-

192 1702 336 1756 cimus
367 1720 380 1755 :
412 1701 509 1756 Hic
538 1709 624 1756 est
653 1701 912 1766 Verbum,
949 1701 1065 1756 sine
1096 1717 1202 1772 quo
1229 1717 1338 1756 non
1386 1709 1468 1755 est
1497 1702 1760 1772 propheta
1782 1700 1835 1760 B

193 1790 264 1845 vel
293 1789 534 1861 angelus.

253 1879 420 1933 Vens.
456 1881 544 1932 15.
592 1907 662 1918 --
707 1879 865 1934 Iesus
913 1893 1060 1950 ergo.
1109 1877 1214 1946 Qui
1259 1877 1442 1933 volunt
1473 1893 1669 1949 rapere
1716 1888 1766 1934 et

191 1983 353 2038 regem
384 1966 560 2022 facere
593 1965 904 2038 signiﬁcant
945 1966 1243 2036 discipulos
1273 1975 1326 2021 et
1357 1967 1494 2022 alios
1529 1967 1765 2022 creden-

190 2064 276 2118 tes,
309 2057 390 2127 qui
418 2056 609 2110 volunt
641 2055 941 2127 praevenire
973 2063 1186 2126 tempus
1229 2056 1383 2126 regni
1417 2057 1550 2124 ejus,
1581 2064 1770 2126 putan-

193 2154 259 2200 tes
293 2161 406 2200 eum
435 2145 512 2200 sic
544 2145 791 2209 venisse,
822 2151 880 2197 ut
901 2145 1015 2213 jam
1043 2153 1314 2216 regnaret.
1366 2145 1472 2198 Sed
1505 2146 1604 2199 hoc
1630 2153 1768 2199 tem-

191 2249 304 2304 pore
335 2233 606 2306 colligitur
634 2249 886 2303 regnum,
907 2233 1050 2304 quod
1081 2233 1134 2286 in
1157 2232 1263 2287 ﬁne
1281 2233 1381 2288 erit
1400 2232 1765 2298 manifestum,

191 2337 293 2377 cum
321 2323 460 2378 dicet
481 2339 492 2376 :
518 2323 1047 2394 Percipiteregnum
1059 2323 1202 2394 quod
1217 2323 1363 2378 vobis
1378 2326 1644 2392 paratum
1663 2326 1766 2377 est.

193 2411 328 2482 Fugit
353 2427 481 2483 ergo
510 2426 626 2466 non
657 2411 852 2466 timens
885 2410 1073 2474 teneri,
1109 2409 1198 2481 qui
1227 2417 1414 2480 postea
1431 2410 1637 2464 eisdem
1659 2409 1770 2465 col-

191 2499 522 2571 loquitur,sed
546 2500 768 2572 signare
798 2499 986 2555 volens
1007 2499 1153 2570 quod
1173 2498 1396 2552 altitudo
1415 2499 1530 2567 ejus
1551 2514 1658 2553 non
1673 2515 1771 2570 po-

191 2596 276 2642 test
300 2589 539 2660 intelligi.
577 2589 740 2661 Fugit
767 2588 822 2641 in
859 2595 1097 2642 montem
1121 2630 1133 2652 ,
1178 2586 1232 2640 id
1261 2595 1345 2641 est
1375 2587 1621 2642 ascendit
1653 2603 1769 2643 οω-

189 2676 288 2740 los,
329 2678 469 2733 solus
533 2677 794 2732 sacerdos
852 2676 1202 2746 interpellans
1249 2691 1351 2746 pro
1394 2677 1594 2746 populo
1640 2675 1770 2730 foris

191 2767 467 2832 constituto,
512 2766 610 2837 qui
641 2765 855 2820 interim
896 2765 1124 2833 jactatur
1169 2764 1437 2833 ﬂuctibus,
1470 2765 1613 2819 unde
1644 2765 1773 2818 sub-

190 2853 292 2910 dit:
326 2857 386 2913 Ut
445 2859 646 2910 autem
691 2871 811 2910 sero
855 2857 1075 2925 factum
1119 2858 1220 2909 est.
1275 2855 1411 2909 Sero
1456 2853 1640 2907 mundi
1691 2862 1775 2908 est

189 2953 291 3012 post
308 2945 682 2999 ascensionem
724 2943 920 2997 Christi
948 2943 1000 2996 in
1023 2957 1128 3014 quo
1161 2942 1411 3012 discipuli
1433 2943 1772 2997 descendunt

190 3039 242 3093 ad
272 3037 471 3096 labores
508 3040 724 3104 mundi,
777 3047 828 3094 et
865 3047 1058 3110 regunt
1075 3054 1291 3106 navem,
1356 3040 1410 3093 id
1449 3048 1532 3094 est
1569 3041 1836 3118 Eccle-C

187 3145 295 3182 snam
305 3171 316 3183 .

248 3217 399 3272 Vsus.
434 3221 520 3272 19.
541 3247 617 3258 —
658 3217 1006 3273 Timuerunt.
1041 3215 1198 3284 Quod
1229 3217 1477 3287 discipuli
1509 3218 1599 3290 qui
1632 3234 1764 3273 om-

190 3305 314 3359 nium
352 3307 404 3360 in
444 3306 697 3362 Ecclesia
726 3304 1026 3360 futurorum
1058 3304 1284 3375 ﬁguram
1335 3307 1616 3378 gerebant,
1650 3307 1767 3362 viso

192 3393 391 3450 Domino
430 3412 600 3466 super
632 3395 851 3450 fluctum
879 3394 1040 3448 maris
1069 3395 1134 3447 ad
1168 3410 1225 3448 se
1257 3395 1563 3449 venientem
1587 3396 1768 3450 timue-

190 3494 319 3549 runt,
339 3493 390 3539 et
423 3495 479 3538 ut
499 3484 645 3539 alius
666 3483 999 3555 evangelista
1020 3482 1260 3553 apertius
1278 3483 1426 3549 dicit,
1452 3485 1771 3553 phantasma

192 3573 507 3627 crediderunt
561 3589 728 3636 eum,
763 3571 1021 3643 mysterio
1051 3587 1157 3626 non
1207 3580 1397 3636 vacat,
1432 3573 1557 3643 quia
1599 3573 1772 3628 adhuc

190 3661 323 3716 hodie
343 3663 491 3717 multi
524 3663 579 3716 in
615 3661 884 3728 Ecclesia,
915 3677 1034 3714 cum
1067 3659 1288 3714 audiunt
1328 3660 1428 3714 sibi
1459 3663 1773 3730 persuaderi

192 3758 237 3802 ut
253 3751 525 3820 praesentia
557 3752 708 3805 bona
742 3758 793 3805 et
821 3750 1021 3805 caduca
1050 3765 1148 3819 pro
1189 3749 1404 3802 mternis
1437 3767 1774 3822 quaecunque

191 3837 420 3894 habendis
452 3841 748 3907 dimittant,
798 3839 984 3893 timent
1035 3845 1086 3893 et
1131 3855 1192 3892 se
1240 3839 1495 3908 deceptos
1527 3841 1772 3906 credunt,

191 3928 354 3996 quibus
383 3930 653 3983 Dominus
705 3928 776 3981 ait
810 3947 823 3981 :
858 3929 1038 3983 Nolite
1088 3930 1305 3993 timere,
1341 3945 1436 3998 ego
1484 3945 1629 3982 sum.

250 4015 402 4071 Vatis.
443 4022 533 4074 22.
571 4047 646 4058 —
676 4017 869 4071 Altera
926 4017 1034 4071 die.
1097 4017 1426 4070 Insinuatum
1486 4025 1568 4070 est
1607 4017 1779 4072 turba:

192 4101 277 4157 hoc
305 4106 639 4169 miraculum,
716 4107 860 4176 quod
889 4121 1050 4175 super
1078 4121 1244 4176 aquas
1270 4107 1427 4159 Jesus
1456 4105 1783 4160 ambulasset

191 4192 291 4261 quia
319 4210 418 4248 non
451 4193 616 4250 fuerit
647 4193 719 4246 ibi
749 4193 852 4246 nisi
897 4194 1050 4248 navis
1081 4210 1204 4258 una,
1240 4201 1291 4247 et
1319 4194 1373 4246 in
1411 4209 1526 4246 eam
1557 4210 1665 4248 non
1699 4193 1781 4247 in-

188 4282 322 4334 travit
360 4285 516 4338 Jesus
546 4299 672 4338 cum
734 4281 1014 4352 discipulis
1037 4325 1050 4346 ,
1083 4282 1226 4336 unde
1279 4299 1410 4354 ergo
1440 4282 1612 4338 factus
1645 4299 1769 4337 esse

191 4370 429 4439 transitus,
467 4372 573 4425 nisi
610 4387 772 4441 super
822 4386 992 4442 aquas
1037 4371 1415 4426 ambulasset?

246 4457 400 4514 Vsus.
432 4463 521 4516 25.
556 4490 628 4500 —
671 4462 740 4514 Et
771 4477 900 4514 cum
929 4461 1300 4514 invenissent.
1350 4459 1494 4514 Ecce
1521 4476 1768 4530 prmsens

188 4551 254 4597 est
280 4546 350 4599 eis
386 4563 521 4619 quos
579 4547 814 4618 fugerat,
863 4563 930 4601 ne
963 4563 1084 4600 eum
1135 4563 1319 4619 regem
1371 4547 1631 4603 facerent.
1667 4549 1774 4602 Cur

193 4646 303 4704 ergo
329 4635 561 4706 fugerat,
598 4635 703 4688 nisi
735 4650 833 4705 pro
862 4635 1118 4704 praedicto
1162 4645 1499 4691 sacramento
1519 4639 1547 4691 ‘I
1577 4637 1770 4690 Iterum

193 4735 402 4788 praesens
448 4724 686 4795 loquitur
741 4723 857 4788 eis,
891 4730 949 4776 ut
994 4739 1219 4793 quorum
1268 4724 1477 4777 satiavit
1523 4732 1767 4790 ventres,

194 4822 352 4863 eorum
383 4813 542 4865 satiet
575 4818 629 4865 et.
665 4819 874 4864 mentes
899 4854 912 4875 ,
947 4811 1133 4865 dicens
1167 4829 1180 4864 τ
1213 4813 1389 4866 Amen
1430 4829 1614 4877 amen,
1648 4814 1769 4872 dico

190 4893 328 4956 vobis,
361 4895 565 4950 docens
597 4909 663 4949 eo
695 4910 830 4966 quos
859 4894 1109 4949 doctores
1146 4895 1389 4960 instituit,
1424 4895 1614 4966 fugere
1644 4897 1768 4950 lau-

189 4979 289 5035 dern
340 4991 391 5037 et
435 4992 710 5038 terrenum
771 4982 1088 5052 imperium,
1139 4983 1238 5037 sed
1280 4990 1457 5038 tamen
1517 4984 1766 5039 insistere

195 5071 555 5136 praedicationi.

253 5185 405 5239 Vnus.
439 5189 610 5241 26,—
637 5186 838 5254 Amen,
861 5200 1027 5239 amen
1049 5184 1169 5240 dico
1199 5184 1366 5239 vobis.
1387 5183 1677 5256 Postquam
1695 5185 1764 5241 de

198 5269 440 5328 divinitate
469 5291 566 5328 sua
600 5289 701 5344 qua
732 5273 876 5327 idem
933 5281 1016 5327 est
1047 5288 1167 5327 cum
1211 5273 1364 5327 Patre
1413 5274 1676 5339 tractavit,
1713 5282 1766 5329 et

197 5359 358 5414 eodem
387 5363 600 5417 honore
630 5360 994 5425 honorandus,
1028 5369 1082 5415 et
1111 5361 1178 5415 de
1194 5362 1520 5416 humanitate
1539 5378 1640 5416 sua
1658 5377 1765 5432 qua

198 5443 250 5498 de
275 5458 433 5504 morte
481 5451 679 5505 liberat
725 5457 778 5505 et
818 5449 1036 5504 suscitat
1096 5449 1293 5521 grandi
1323 5451 1529 5504 honore
1561 5450 1762 5520 dignus

193 5533 285 5587 vult
325 5545 551 5593 tractare
611 5539 676 5593 de
707 5538 828 5593 cibo
886 5537 1028 5605 vitae,
1061 5537 1117 5591 id
1173 5544 1255 5591 est
1313 5538 1478 5592 verbo
1527 5537 1648 5593 Dei.
1693 5538 1764 5592 Et

199 5617 295 5675 hac
318 5625 641 5682 continuatio
688 5632 944 5697 quantum
971 5624 1038 5679 ad
1097 5625 1439 5681 sententiam.
1491 5627 1576 5680 Ad
1613 5625 1759 5681 litte-

1874 449 2098 511 propter
2122 458 2294 513 panes
2325 443 2414 515 qui
2442 451 2688 514 pereunt.
2736 444 2884 514 Ergo
2931 441 3247 513 operamini,
3280 442 3335 495 id
3366 451 3467 512 est,

1875 530 2098 600 quaerite
2135 548 2222 586 me
2251 540 2471 603 propter
2499 549 2587 587 me
2612 573 2625 600 ,
2650 548 2758 587 non
2784 539 3004 602 pr0pter
3031 530 3196 585 aliud.
3233 531 3354 600 Ipse
3385 539 3467 584 est

1875 618 2018 672 enim
2031 619 2184 674 cibus
2196 621 2285 674 ille
2297 621 2389 693 qui
2402 629 2685 691 permanet
2703 621 2755 675 in
2777 621 2943 676 vitam
2963 627 3244 685 reternam,
3268 627 3326 673 ut
3345 626 3468 689 post

1875 716 2063 777 aperte
2084 708 2245 764 dicet.
2273 710 2526 764 Similiter
2547 710 2782 781 quotidie
2805 717 3049 780 quaerunt
3078 708 3230 762 multi
3249 709 3434 762 Jesum
3450 751 3462 773 ,

1874 811 1981 850 non
2015 804 2231 867 propter
2256 799 2461 864 Jesum,
2497 799 2593 853 sed
2623 806 2680 852 ut
2713 799 2852 852 bene
2881 798 2950 852 sit
2979 797 3058 852 eis
3090 798 3147 851 in
3176 805 3436 867 tempore.

1949 903 2114 958 Vnus.
2149 906 2237 961 27.
2272 936 2341 946 --
2371 907 2622 977 Signavit
2652 907 2818 960 Deus.
2853 904 3023 972 Quasi
3055 904 3274 974 proprio
3307 903 3466 975 signo

1874 1006 1907 1044 a
1936 992 2142 1047 czeteris
2182 993 2456 1058 discrevit,
2482 994 2610 1065 quia
2637 995 2727 1066 qui
2761 1002 2842 1048 est
2883 993 3050 1047 Filius
3096 991 3352 1058 hominis,
3384 1000 3468 1047 est

1875 1087 1926 1134 et
1955 1080 2119 1134 Filius
2150 1081 2246 1135 Dei
2277 1090 2329 1136 et
2358 1082 2482 1136 ideo
2521 1099 2609 1137 me
2658 1083 2820 1137 nolite
2881 1090 3228 1138 contemnere
3268 1081 3458 1136 Filium

1874 1169 2126 1234 hominis,
2161 1171 2257 1225 sed
2285 1172 2450 1241 petite
2480 1187 2509 1224 a
2539 1188 2626 1226 me
2675 1172 2853 1226 cibum
2904 1171 3251 1242 spiritualem.

1944 1284 2115 1338 Vnus.
2150 1288 2238 1341 29.
2272 1315 2340 1326 —
2369 1288 2476 1342 Hoc
2509 1291 2591 1342 est
2634 1304 2770 1359 opus
2802 1287 2918 1342 Dei.
2981 1286 3140 1340 Fides
3171 1301 3267 1356 per
3294 1285 3466 1340 dilec-

1874 1372 2072 1427 tionem
2095 1389 2350 1444 operans,
2384 1384 2465 1429 est
2494 1392 2649 1446 opus,
2684 1375 2812 1448 quia
2841 1376 2885 1428 si
2917 1374 3056 1430 desit
3085 1374 3326 1442 facultas,
3361 1388 3469 1428 non

1873 1461 2129 1532 quaeritur
2155 1463 2259 1516 nisi
2290 1464 2555 1519 voluntas.
2600 1465 2788 1519 Merito
2837 1464 2995 1518 etiam
3026 1461 3160 1518 ﬁdes
3206 1479 3327 1534 qua
3372 1477 3470 1532 per

1873 1548 2217 1606 dilectionem
2238 1560 2510 1622 operatur,
2563 1569 2700 1624 opus
2730 1553 2928 1608 dicitur
2949 1597 2964 1618 ,
2999 1569 3121 1623 quae
3150 1559 3231 1606 est
3263 1550 3468 1606 initium

1873 1645 1926 1694 et
1957 1638 2077 1692 ﬁnis
2107 1639 2270 1694 totius
2301 1641 2448 1695 boni.

1947 1756 2118 1811 Vsus.
2153 1760 2240 1812 32.
2273 1788 2340 1797 —
2372 1759 2537 1812 Dixit
2564 1773 2707 1828 ergo.
2743 1757 2902 1825 Quod
2951 1755 3306 1827 praeferebant
3336 1771 3473 1826 opus

1864 1845 2035 1916 Moysi
2066 1861 2166 1900 suo
2194 1845 2362 1916 Operi,
2397 1845 2629 1900 ostendit
2662 1845 2794 1900 illud
2824 1862 2946 1900 esse
2981 1845 3180 1911 minus,
3214 1844 3336 1916 quia
3366 1859 3475 1899 non

1867 1931 1964 1986 fuit
1983 1933 2140 2003 panis
2171 1934 2239 1987 de
2271 1935 2428 2002 cmlo,
2462 1935 2559 1989 sed
2589 1943 2789 1988 tantum
2833 1933 3008 2005 ﬁgura
3058 1933 3198 1988 illius
3229 1941 3283 1988 et
3315 1949 3470 1987 suum

1865 2023 2058 2090 majus,
2093 2023 2183 2094 qui
2214 2030 2295 2076 est
2332 2023 2588 2093 panis'de
2647 2023 2785 2078 caelo
2837 2022 2927 2094 qui
2957 2022 3049 2076 dat
3079 2022 3266 2087 vitam,
3298 2029 3350 2076 et
3381 2022 3469 2077 hic

1865 2118 1945 2164 est
1976 2110 2130 2165 cibus
2151 2127 2310 2182 quem
2341 2128 2505 2182 supra
2534 2111 2666 2166 dixit
2697 2127 3015 2182 permanere
3046 2111 3100 2165 in
3122 2111 3288 2166 vitam
3306 2119 3455 2166 aeter-

1867 2213 2017 2253 nam.

1942 2289 2111 2342 Vens.
2145 2292 2231 2342 33.
2267 2318 2334 2327 —
2364 2291 2538 2344 Panis
2587 2291 2741 2344 enim
2777 2305 2958 2344 verus.
3003 2288 3198 2359 Angeli
3245 2305 3458 2360 purum

1869 2376 2093 2430 verbum
2115 2377 2346 2431 solidum
2366 2377 2545 2432 cibum
2566 2378 2857 2433 comedunt
2882 2396 2894 2431 :
2920 2393 3020 2432 nos
3042 2393 3169 2433 vero
3201 2379 3426 2433 verbum
3451 2420 3464 2447 ,

1870 2465 1968 2519 sed
1999 2465 2053 2518 in
2084 2464 2166 2520 lac
2194 2482 2430 2535 versum,
2463 2466 2590 2538 quia
2621 2466 2665 2520 si
2696 2483 2804 2522 non
2835 2479 3126 2537 possumus
3155 2467 3466 2534 comedere,

1868 2569 2157 2624 possumus
2203 2570 2418 2626 sugere.
2470 2556 2589 2609 Nisi
2648 2556 2791 2609 enim
2820 2556 3215 2621 incarnaretur,
3251 2572 3280 2607 a
3313 2555 3471 2609 nobis

1869 2657 1978 2696 non
2009 2649 2454 2712 cognosceretur,
2487 2659 2516 2695 a
2555 2643 2711 2698 nobis
2758 2659 2866 2698 non
2923 2650 3252 2716 gustaretur.

1942 2731 2110 2783 Vnus.
2147 2733 2233 2784 34.
2267 2761 2335 2770 -
2358 2731 2629 2799 Domine,
2665 2748 2900 2804 semper,
2935 2739 3037 2787 etc.
3080 2731 3227 2786 Sicut
3258 2730 3454 2786 mulier

1874 2819 2213 2874 Samaritana
2242 2819 2470 2874 audiens
2504 2838 2516 2874 :
2553 2821 2656 2887 Qui
2682 2821 2882 2876 biberit
2911 2821 2976 2876 de
3009 2821 3110 2876 hac
3142 2838 3287 2894 aqua
3309 2867 3324 2889 ,
3357 2837 3471 2877 non

1871 2909 2029 2962 sitiet
2060 2910 2121 2962 in
2151 2913 2448 2974 (sternam,
2483 2910 2780 2963 secundum
2803 2925 2998 2979 corpus
3028 2909 3272 2980 accepit,
3307 2917 3357 2964 et
3389 2916 3471 2963 ta-

1875 3012 1998 3051 men
2047 2996 2232 3051 labore
2283 3005 2334 3050 et
2383 2996 2680 3069 indigentia
2711 3013 2895 3052 carere
2927 2998 3136 3067 volens,
3173 2997 3307 3051 dixit
3341 3015 3352 3050 :
3389 3000 3471 3053 Da

1869 3086 2015 3140 mihi
2036 3087 2181 3142 hanc
2211 3087 2524 3158 aquam,sic
2550 3087 2638 3140 isti
2671 3095 2917 3157 quairunt
2935 3103 3132 3157 panem
3153 3087 3242 3158 qui
3275 3102 3467 3142 eosre—

1861 3172 2024 3241 ﬁciat,
2061 3183 2114 3228 et
2145 3191 2417 3246 nunquam
2448 3173 2684 3240 deﬁciat,
2716 3183 2938 3246 propter
2959 3175 3102 3247 quod
3125 3192 3252 3231 eum
3274 3192 3462 3248 regem

1866 3261 2042 3317 facere
2074 3262 2372 3318 voluerunt.
2413 3265 2521 3318 Sed
2549 3266 2709 3318 Jesus
2738 3265 2806 3318 ad
2836 3280 2895 3319 se
2941 3272 3192 3331 revocat,
3229 3273 3280 3319 et
3310 3282 3471 3336 quem

1870 3367 2066 3421 panem
2098 3351 2231 3404 dixit
2261 3351 2564 3406 evidentius
2591 3352 2780 3422 aperit,
2813 3355 2920 3424 Ego
2969 3370 3095 3408 sum
3121 3354 3290 3425 panis
3320 3355 3468 3408 vitea.

1871 3440 2063 3493 Potero
2092 3440 2224 3494 dare
2253 3440 2436 3509 vitam,
2479 3441 2602 3512 quia
2634 3457 2751 3495 sum
2800 3442 2955 3512 panis
3011 3440 3309 3510 vivificans,
3342 3442 3470 3513 igne

1866 3527 2095 3596 Spiritus
2129 3530 2300 3583 sancti
2334 3530 2386 3582 in
2419 3530 2635 3584 clibano
2682 3531 2821 3584 uteri
2870 3531 3150 3603 virginalis
3199 3540 3385 3586 coctus
3415 3541 3469 3586 et

1865 3613 2144 3684 formatus,
2182 3626 2234 3670 et
2263 3617 2467 3671 mundo
2495 3619 2565 3672 ad
2594 3619 2905 3688 pellendum
2935 3618 3133 3673 famem
3160 3619 3474 3691 ignorantiae

1871 3704 1972 3758 Dei
2001 3705 2247 3758 donatus.

1946 3793 2115 3847 Vnus.
2150 3797 2236 3846 36.
2289 3823 2356 3832 —
2403 3794 2506 3848 Sed
2554 3794 2680 3849 dixi
2709 3795 2874 3849 vobis.
2932 3793 3098 3862 Quasi
3128 3795 3266 3849 dicat
3303 3813 3315 3848 :
3348 3795 3471 3849 Non

1877 3881 1987 3934 dixi
2013 3881 2082 3935 de
2111 3881 2214 3937 hoc
2243 3898 2399 3952 pane,
2434 3882 2524 3952 qui
2555 3882 2721 3936 sciam
2752 3898 2850 3937 vos
2881 3899 3002 3937 esse
3045 3883 3341 3953 satiandos,
3375 3883 3472 3938 sed

1875 3970 1940 4024 ad
1972 3970 2355 4041 improperium
2395 3980 2589 4026 vestra:
2637 3970 2986 4038 inﬁdelitatis,
3021 3972 3144 4044 quia
3191 3972 3386 4028 videtis
3417 3979 3471 4028 et

1877 4075 1985 4114 non
2016 4059 2254 4114 creditis.

1948 4149 2116 4202 Vnus.
2149 4151 2235 4202 37.
2267 4178 2337 4191 —-
2367 4149 2541 4205 Omne
2571 4150 2714 4222 quod
2765 4149 2861 4205 dat
2893 4151 3036 4205 mihi
3052 4153 3240 4216 Pater,
3276 4157 3377 4205 etc.
3410 4150 3470 4205 Id

1879 4244 1980 4304 est,
2013 4253 2349 4306 quascunque
2378 4239 2534 4291 Pater
2563 4238 2719 4292 trahit
2747 4239 2813 4292 ad
2845 4255 2952 4302 me,
3004 4239 3162 4293 Pater
3192 4239 3282 4292 dat
3311 4238 3465 4293 Filio.

1880 4325 2034 4378 Pater
2059 4325 2224 4378 trahit
2268 4325 2333 4378 ad
2371 4325 2564 4379 Filium
2595 4326 2717 4380 illos
2748 4327 2839 4398 qui
2888 4327 3012 4381 ideo
3042 4327 3265 4381 credunt
3296 4327 3353 4380 in
3381 4325 3470 4380 Fi-

1788 4411 1843 4472 D
1873 4412 2024 4479 lium,
2057 4413 2179 4484 quia
2208 4413 2432 4469 credunt
2461 4431 2584 4469 eum
2617 4411 2831 4470 Patrem
2879 4415 3079 4470 habere
3129 4415 3324 4469 Deum.

1951 4521 2158 4574 Veniet.
2194 4520 2321 4573 Mihi
2371 4519 2554 4574 unitur
2598 4521 2817 4574 humilis
2867 4519 3054 4575 humili
3077 4561 3091 4590 ,
3123 4528 3174 4574 et
3202 4519 3326 4575 ideo
3355 4536 3464 4576 non

1871 4606 2015 4661 foras
2065 4607 2276 4674 ejicitur
2299 4649 2312 4676 ,
2346 4608 2488 4678 quod
2540 4616 2622 4662 est
2669 4617 2870 4662 tantum
2919 4607 3138 4678 superbi
3166 4651 3178 4674 ,
3211 4609 3301 4680 qui
3332 4609 3469 4664 nihil

1868 4695 2030 4748 habet
2059 4695 2113 4748 in
2143 4696 2286 4749 bono
2323 4695 2581 4760 interiori,
2613 4712 2788 4767 neque
2828 4698 2914 4752 hic
2962 4713 3140 4768 neque
3170 4697 3227 4751 in
3260 4696 3458 4753 futuro.

1941 4783 2109 4837 Vnus.
2143 4788 2229 4837 39.
2254 4813 2323 4822 —
2351 4785 2477 4838 Hcce
2509 4787 2596 4838 est
2624 4786 2777 4839 enim
2806 4787 3068 4841 voluntas
3090 4789 3212 4856 ejus
3243 4787 3338 4857 qui
3365 4787 3468 4841 mi-

1867 4872 1945 4926 sit
1972 4887 2062 4926 me
2099 4871 2306 4935 Patris,
2339 4879 2443 4926 etc.
2499 4873 2619 4926 Non
2673 4880 2754 4925 est
2781 4873 3029 4927 voluntas
3061 4873 3162 4928 Dei
3194 4881 3253 4927 ut
3282 4881 3465 4943 pereat

1867 4975 2005 5012 unus
2059 4957 2128 5012 de
2182 4958 2412 5028 pusillis,
2446 4960 2515 5014 de
2541 4960 2872 5015 tumentibus
2918 4961 3087 5031 perit,
3133 4961 3202 5016 de
3248 4961 3463 5032 pusillis

1865 5046 2018 5100 nihil.

1936 5163 2056 5217 Non
2080 5161 2332 5233 perdam,
2365 5169 2470 5217 etc.
2505 5163 2562 5216 Id
2595 5169 2696 5229 est,
2731 5161 2862 5234 quia
2897 5161 3047 5218 videt
3093 5180 3182 5220 me
3210 5171 3264 5222 et
3292 5166 3464 5223 credit

1864 5249 1918 5302 in
1939 5266 2046 5317 me,
2080 5249 2172 5319 qui
2232 5265 2353 5302 sum
2403 5250 2510 5304 vita
2539 5251 2679 5307 sicut
2733 5260 2786 5305 et
2816 5252 2970 5306 Pater
2995 5295 3007 5318 ,
3043 5260 3097 5307 et
3139 5253 3266 5310 ideo
3297 5256 3460 5311 modo

1865 5338 2032 5392 habet
2060 5337 2223 5392 vitam
2253 5354 2374 5408 quae
2398 5353 2507 5394 non
2536 5347 2619 5394 est
2647 5340 2697 5394 ei
2735 5339 2868 5406 sola,
2894 5340 2993 5397 sed
3022 5348 3077 5398 et
3123 5344 3459 5401 resuscitabo

1864 5441 2008 5480 εωη.

1932 5540 2101 5594 Vnus.
2133 5540 2220 5594 40.
2245 5567 2314 5578 -
2340 5541 2406 5595 Ut
2443 5541 2645 5609 omnis,
2689 5547 2792 5597 etc.
2843 5541 3013 5612 Supra
3041 5541 3258 5596 dicebat
3297 5557 3312 5594 :
3347 5540 3452 5607 Qui

1859 5629 2024 5685 audit
2040 5629 2265 5686 verbum
2284 5643 2474 5686 meum
2490 5635 2548 5686 et
2560 5631 2743 5688 credit
2759 5631 2811 5686 ei
2830 5631 2926 5706 qui
2944 5645 3033 5685 me
3048 5629 3208 5684 misit
3225 5648 3244 5697 ,-
3263 5627 3352 5684 hic
3370 5627 3451 5689 di-
