3932 6178
461 212 564 265 383
975 207 1379 265 WALAFRTDI
1416 207 1661 266 STRABI
1697 207 1896 266 FULD.
1935 208 2113 267 MON.
2154 208 2307 267 OPP.
2348 210 2525 271 PARS
2562 214 2605 269 Ι.
2648 244 2717 256 --
2754 216 2892 272 THE
2900 216 3245 288 OLOGICA.
3651 234 3735 288 38L

454 332 594 424 citur
618 349 642 424 Ξ
677 331 783 424 Qui
810 332 967 424 videt
997 333 1207 424 Filium
1244 337 1301 388 et
1339 333 1519 424 credit
1544 334 1607 387 in
1636 348 1786 389 eum.
1819 334 1945 424 Non
1972 334 2054 424 di-
2083 331 2139 395 A
2158 334 2296 404 Quia
2323 344 2505 393 autem
2531 338 2704 395 Judaei
2731 355 2841 395 non
2888 350 3043 397 erant
3086 343 3246 413 hujus
3280 344 3494 402 unitatis
3524 390 3539 415 ,
3567 348 3728 424 litiga-
3758 311 3795 384 θ’

451 422 525 479 cit
560 441 573 476 :
606 420 713 490 Qui
743 422 919 477 credit
949 422 1004 475 in
1035 423 1282 487 Patrem,
1319 421 1446 492 quia
1477 422 1581 477 hoc
1623 429 1707 476 est
1741 423 1975 478 credere
2004 423 2060 477 in
2162 424 2308 492 bant,
2342 442 2445 483 nec
2475 427 2674 483 talibus
2705 430 2989 501 exponitur
3019 434 3292 503 quomodo
3342 435 3596 493 Dominus
3622 420 3725 496 car-

454 508 655 595 Filium
692 510 839 581 quod
878 518 929 595 et
974 510 1031 563 in
1077 509 1488 595 Patrem,__quia
1517 508 1656 595 sicut
1700 511 1864 595 Pater
1893 512 2058 566 habet
2158 529 2285 568 nem
2314 531 2469 570 suam
2497 516 2590 571 det
2618 518 2685 571 ad
2723 519 3158 576 manducandum
3181 562 3195 591 ,
3218 522 3328 578 sed
3354 523 3574 595 audivit,
3604 530 3724 586 unde

456 594 623 649 vitam
643 593 698 648 in
729 593 1043 665 semetipso,
1079 594 1158 648 sic
1186 600 1239 646 et
1271 592 1434 647 Filius
1462 593 1629 649 habet
1678 594 1847 648 vitam
1874 594 1931 649 in
1961 612 2054 651 se-
2161 603 2340 676 magis
2389 614 2726 661 moveantur.

455 682 706 753 metipso.

2232 692 2400 747 Vens.
2444 697 2531 749 54.
2576 726 2647 735 -
2683 696 2805 751 Nisi
2856 698 3336 757 manducaveritis
3367 720 3612 771 carnem,
3639 714 3725 763 etc.

530 778 695 834 Vens.
731 781 819 833 41.
859 807 928 818 —
959 777 1408 833 Murmurabant.
1430 778 1754 834 Nescientes
1784 779 1929 835 hunc
1955 796 2055 851 pa—
2157 779 2348 851 (Auc.)
2382 781 2539 839 Hunc
2568 784 2749 839 cibum
2780 794 2837 840 et
2887 795 3077 857 potum
3125 790 3444 845 societatem
3474 793 3582 848 vult
3606 794 3729 851 intel-

452 884 598 933 nem,
634 883 735 923 nec
765 868 982 921 Patrem
1012 866 1130 935 ejus
1160 866 1463 934 caelestem,
1498 867 1628 938 quia
1654 866 1827 922 inﬂati
1856 869 1924 924 de
1955 885 2056 924 sua
2155 868 2344 941 ligere,
2385 880 2521 939 etc.,
2556 890 2731 947 usque
2761 876 2834 930 ad
2863 883 2919 930 ut
2949 892 3017 931 ex
3038 876 3223 933 multis
3252 880 3443 951 granis
3485 898 3615 937 unus
3652 900 3731 954 pa-

444 965 653 1033 justitia
681 964 737 1018 in
767 979 875 1035 qua
904 964 973 1017 de
1003 962 1211 1018 viribus
1241 963 1355 1018 suis
1380 973 1747 1035 praesumunt,
1792 966 2055 1035 justitiam
2157 957 2242 1012 ῐιίε
2270 959 2354 1028 Sil,
2391 970 2442 1015 ei
2473 978 2540 1017 ex
2574 963 2758 1017 munis
2785 963 2958 1020 aCiDiS
2989 964 3173 1020 Vinum
3193 968 3442 1024 conﬂuit.

451 1053 549 1109 Dei
581 1068 702 1124 quae
731 1053 801 1107 de
831 1051 970 1107 coelo
999 1052 1167 1119 venit,
1199 1067 1311 1106 non
1358 1053 1622 1107 esuriant.
2230 1049 2399 1107 Vens.
2432 1052 2703 1119 55.—Qui
2730 1053 3058 1110 manducat.
3080 1056 3367 1125 Exponunt
3389 1057 3603 1130 quidam
3617 1076 3724 1116 san-

514 1142 685 1196 Vans.
723 1141 1069 1196 t3.—Nolite
1089 1157 1472 1196 murmurare.
1490 1140 1660 1209 Quasi
1679 1157 1788 1197 non
1820 1143 1926 1197 sim
1946 1158 2051 1213 pa-

448 1229 531 1285 nis
562 1229 656 1300 qui
683 1229 752 1283 de
784 1228 924 1284 ccelo
953 1228 1237 1295 descendi,
1273 1229 1402 1300 quia
1430 1245 1561 1284 vere
1594 1246 1737 1297 sum,
1761 1231 1859 1285 sed
1890 1247 2052 1285 nemo

443 1324 624 1390 potest
652 1317 839 1373 venire
872 1317 942 1371 ad
972 1332 1060 1371 me
1089 1316 1193 1370 nisi
1222 1332 1255 1371 a
1284 1318 1443 1372 Patre
1473 1325 1699 1385 tractus,
1723 1327 1776 1373 et
1797 1319 1920 1374 ideo
1941 1336 2041 1375 vos

448 1422 559 1463 non
588 1405 814 1465 creditis
843 1421 930 1465 me
961 1421 1085 1463 esse
1128 1406 1373 1473 Patrem,
1406 1406 1535 1479 quia
1562 1423 1672 1463 non
1692 1407 1822 1465 estis
1900 1408 2063 1465 tracti

510 1497 691 1553 Patre.

449 1512 482 1553 a
513 1512 691 1553 ratre.

524 1587 803 1641 Vens“.
850 1617 919 1627 —-
966 1588 1086 1642 Nisi
1114 1586 1525 1659 Pater.'(Aue.)
1566 1588 1723 1642 Illum
1753 1590 1910 1642 Pater
1930 1594 2049 1642 tra-

2152 1142 2226 1198 cti
2254 1141 2324 1196 de
2354 1140 2691 1196 comestione
2721 1141 2930 1209 altaris,
2964 1150 3019 1197 et
3058 1143 3198 1200 bene
3226 1144 3436 1214 dicunt,
3468 1149 3566 1203 sed
3595 1165 3724 1220 quae-

2151 1234 2280 1281 runt
2323 1225 2599 1296 quomodo
2637 1224 2730 1279 ﬁat
2773 1225 2828 1279 in
2873 1226 3039 1282 vitam
3067 1234 3333 1284 aeternam
3372 1246 3501 1286 cum
3537 1234 3725 1304 quidam

2151 1314 2222 1368 ad
2254 1321 2485 1369 mortem
2510 1321 2568 1368 ut
2596 1313 2727 1369 dicit
2787 1315 3098 1386 Apostulus.
3140 1317 3196 1372 Si
3226 1318 3349 1389 quis
3406 1321 3634 1376 comedit
3677 1322 3723 1376 in

2149 1404 2307 1458 altari
2339 1419 2463 1459 cum
2491 1403 2597 1459 hac
2639 1404 2973 1459 comestione
3002 1405 3072 1459 de
3120 1422 3229 1476 qua
3256 1407 3369 1478 agit
3398 1408 3511 1475 hic,
3543 1409 3723 1465 scilicet

2150 1508 2275 1548 cum
2306 1491 2413 1547 fide
2443 1499 2706 1563 operante
2738 1499 2793 1547 et
2829 1492 3139 1562 dilectione,
3198 1495 3289 1551 hic
3325 1497 3564 1552 comedit
3586 1498 3637 1552 in
3659 1498 3725 1553 vi-

2149 1590 2261 1637 tam
2290 1590 2570 1636 aeternam.
2608 1581 2665 1636 Si
2696 1581 2818 1652 quis
2848 1596 2979 1636 vero
3008 1582 3187 1649 aliter,
3206 1583 3262 1637 in
3283 1594 3538 1640 mortem.

444 1675 524 1729 hit
553 1675 623 1729 ad
654 1674 867 1741 Filium,
902 1675 994 1747 qui
1021 1675 1146 1730 ideo
1166 1675 1340 1729 credit
1370 1676 1425 1729 in
1463 1676 1657 1729 Filium
1681 1717 1695 1743 ,
1731 1676 1858 1747 quia
1889 1676 2043 1749 cogi-
2060 1693 2113 1752 Β
2225 1672 2394 1726 Vnus.
2422 1674 2508 1724 56.
2533 1698 2602 1709 -
2632 1672 2769 1726 Caro
2800 1668 2972 1725 enim.
3010 1671 3151 1726 Vere
3179 1672 3326 1728 vivet
3353 1674 3540 1729 anima
3558 1684 3607 1730 et
3621 1691 3724 1731 cor-

446 1771 540 1834 tat,
565 1770 693 1833 etc.,
718 1780 890 1836 usque
902 1765 972 1819 ad
993 1763 1047 1817 in
1064 1780 1172 1833 quo
1185 1764 1598 1819 commendatur
1609 1780 1813 1837 magna
1834 1765 2033 1837 gratia.

447 1854 518 1909 Et
546 1869 639 1924 ego
668 1854 1030 1919 resuscitabo,
1064 1859 1168 1907 etc.
1201 1853 1323 1925 Ego
1362 1852 1588 1923 aequalis
1634 1853 1781 1907 Patri
1847 1852 2044 1908 faciam

446 1957 571 1996 eum
598 1940 787 1995 videre
837 1941 983 2010 quod
1030 1941 1223 2006 credit,
1282 1938 1622 1996 manducare
1658 1942 1803 2013 quod
1834 1941 2025 2007 esurit,

446 2030 653 2084 habere
682 2029 831 2100 quod
860 2029 1066 2083 amavit
1097 2037 1149 2083 et
1179 2029 1531 2095 desideravit,
1558 2030 1704 2100 quod
1735 2046 1845 2084 non
1864 2037 2042 2101 potest

453 2134 575 2173 esse
603 2118 659 2171 in
686 2117 966 2188 praesenti,
1000 2117 1092 2171 ubi
1120 2125 1327 2172 tantum
1366 2118 1615 2172 trahitur.

519 2207 690 2262 Vens.
723 2209 809 2261 45.
839 2237 908 2245 -
936 2208 1037 2261 Est
1083 2209 1378 2279 scriptum.
1435 2208 1578 2261 Vere
1608 2223 1770 2261 nemo
1801 2207 1948 2262 venit
1978 2206 2047 2261 ad

444 2311 532 2349 me
563 2294 670 2348 nisi
697 2296 860 2350 Pater
888 2294 1154 2363 docuerit,
1182 2295 1309 2365 quia
1340 2295 1413 2350 ita
1436 2302 1705 2350 testantur
1723 2295 2044 2366 prophetiae.

446 2382 651 2439 Omnes
680 2383 929 2438 homines
959 2384 1117 2456 regni
1144 2383 1310 2452 illius,
1346 2383 1402 2437 id
1442 2391 1524 2437 est
1547 2384 1866 2438 Christiana:
1897 2382 2045 2451 fidei,

450 2476 623 2527 erunt
654 2472 915 2527 docibiles
940 2473 1056 2536 Dei,
1093 2471 1221 2542 quia
1252 2471 1355 2526 etsi
1385 2472 1635 2527 homines
1655 2471 1789 2526 foris
1819 2472 2052 2544 loquun-

438 2568 549 2629 tur,
584 2568 768 2615 tamen
817 2561 965 2615 Deus
1014 2560 1165 2614 solus
1211 2560 1357 2614 intus
1409 2577 1631 2615 sensum
1679 2562 1872 2631 aperit,
1906 2562 2050 2615 intus

441 2649 663 2704 instruit
692 2648 939 2703 veritatis
969 2649 1281 2721 cognitione
1312 2656 1365 2703 et
1394 2664 1605 2714 amore,
1634 2649 1710 2702 ita
1739 2649 2050 2721 quicunque

442 2738 593 2792 audit
652 2745 705 2791 et
752 2737 913 2791 discit
944 2752 977 2791 a
1007 2738 1187 2805 Patre,
1222 2736 1369 2791 venit
1399 2738 1468 2790 ad
1515 2754 1622 2791 me.
1658 2739 1722 2792 In
1738 2738 2047 2809 praphetis.

438 2824 747 2896 Prophetis,
781 2824 912 2879 dicit
943 2824 1247 2895 pluraliter,
1274 2824 1399 2895 quia
1430 2841 1620 2880 omnes
1640 2827 1922 2896 prophetae
1944 2842 2051 2881 uno

438 2922 490 2969 et
521 2914 715 2969 eodem
745 2913 939 2984 spiritu
972 2913 1185 2983 repleti,
1224 2913 1350 2969 licet
1381 2913 1604 2968 diversa
1634 2914 2047 2984 prophetarant,

437 3010 621 3057 tamen
642 3002 709 3056 ad
738 3002 882 3056 idem
914 3003 1237 3056 tendebant.

512 3092 681 3145 Vnus.
718 3091 802 3144 46.
836 3120 905 3130 -
936 3091 1055 3146 Νοη
1095 3091 1226 3163 quia
1268 3093 1516 3156 Patrem,
1560 3097 1663 3145 etc.
1698 3090 1759 3143 Id
1790 3097 1872 3143 est
1904 3106 2038 3163 ergo

442 3179 571 3235 novi
600 3180 833 3247 Patrem,
870 3179 997 3250 quia
1021 3179 1091 3232 ab
1117 3178 1211 3232 illo
1244 3195 1384 3245 sum,
1418 3186 1470 3232 et
1498 3178 1622 3233 ideo
1651 3178 1877 3245 credite,
1913 3178 2040 3249 quia

439 3268 531 3339 qui
561 3267 730 3323 credit
761 3267 815 3321 in
839 3283 927 3321 me
957 3267 1117 3320 habet
1139 3266 1305 3321 vitam
1327 3274 1605 3321 aeternam.
1638 3266 1813 3321 Potuit
1833 3267 2033 3335 dicere,

434 3357 600 3411 habet
628 3372 736 3425 me,
771 3356 867 3410 sed
896 3355 1098 3409 revelat
1129 3355 1274 3425 quod
1304 3354 1421 3425 ipse
1444 3355 1511 3409 sit
1530 3355 1639 3410 vita
1660 3363 1886 3421 mterna,
1912 3356 2039 3426 quia

436 3446 667 3501 verbum
695 3452 777 3498 est
807 3443 915 3498 vita
943 3442 1225 3496 hominum
1256 3443 1402 3513 quod
1434 3450 1487 3497 et
1518 3443 1671 3498 carni
1714 3459 1827 3498 suae
1875 3459 2038 3514 quam

440 3540 780 3605 susceperat,
813 3531 903 3587 cui
932 3530 1223 3585 intervenit
1249 3547 1397 3585 mors
1426 3540 1484 3585 ut
1533 3539 1766 3586 mortem
1796 3532 2031 3601 tolleret,

352 3684 361 3693 ο
436 3622 527 3676 dat
583 3621 748 3697 vitam
809 3621 863 3675 in
926 3619 1351 3687 resurrectione,
1403 3627 1455 3675 et
1504 3620 1622 3674 aliis
1687 3621 2037 3676 credentibus

436 3711 490 3765 in
515 3727 594 3766 se.

502 3801 669 3856 Vnus.
708 3799 793 3868 48,
842 3800 929 3854 49.
954 3825 1023 3838 -
1053 3799 1160 3869 Ego
1189 3815 1316 3855 sum
1340 3799 1509 3870 panis
1539 3800 1686 3853 vitaz.
1722 3801 1921 3853 Patres
1944 3813 2036 3854 ve-

436 3889 562 3954 stri,
599 3896 702 3943 etc.
734 3888 932 3941 Manna
962 3887 1031 3940 de
1080 3902 1188 3957 quo
1234 3887 1545 3957 superbitis,
1579 3886 1828 3956 patribus
1877 3903 2033 3940 mur-

436 3974 805 4029 muratoribus
836 3989 1069 4044 quorum
1099 3974 1231 4027 estis
1261 3973 1375 4039 ﬁlii,
1400 3974 1789 4028 murmurando
1808 3989 1918 4027 non
1939 3974 2038 4029 fuit

436 4062 595 4133 panis
627 4060 770 4129 vitae,
806 4061 935 4130 quia
955 4076 1064 4114 non
1102 4061 1483 4116 intellexerunt
1513 4062 1565 4114 in
1597 4077 1662 4115 eo
1694 4061 2031 4132 spiritualem

435 4149 620 4206 cibum
640 4189 654 4218 ,
697 4148 777 4204 sic
806 4156 857 4203 et
888 4163 987 4203 vos
1036 4148 1127 4219 qui
1156 4164 1243 4202 me
1292 4149 1508 4217 auditis,
1541 4165 1651 4204 non
1682 4149 2037 4220 spiritualiter

435 4236 758 4310 intelligitis.
820 4235 961 4290 Vixit
1018 4244 1197 4290 autem
1253 4238 1468 4307 Moyses
1507 4245 1560 4292 et
1625 4237 1716 4293 alii
1773 4239 1929 4294 electi
1968 4240 2035 4295 de

436 4342 659 4393 manna,
691 4324 820 4398 quia
847 4324 1193 4395 spiritualiter
1228 4326 1714 4382 manducaverunt.
1751 4327 1840 4382 Sic
1870 4335 1924 4382 et
1945 4328 2036 4399 qui

2067 3049 2117 3111 Ο

2143 1776 2246 1831 pus
2274 1775 2340 1814 ex
2370 1760 2475 1814 hoc
2504 1759 2648 1825 cibo,
2681 1758 2806 1830 quia
2836 1775 2965 1814 caro
2995 1775 3122 1815 mea
3150 1777 3277 1816 vere
3320 1767 3406 1817 est
3436 1766 3606 1819 cibus.
3636 1764 3723 1834 Qui

2148 1848 2298 1903 solus
2322 1847 2452 1903 facit
2482 1846 2840 1913 immortales,
2874 1855 2932 1901 ut
2962 1864 3141 1919 neque
3172 1849 3418 1905 esurient
3463 1868 3632 1924 neque
3660 1852 3727 1907 si-

2148 1937 2299 2006 tient,
2353 1935 2493 1991 alius
2550 1935 2705 1991 cibus
2737 1936 2842 1993 hoc
2888 1951 2999 1991 non
3028 1945 3284 2008 praestat,
3334 1940 3501 1995 etiam
3532 1941 3575 1995 si
3602 1942 3653 1997 in
3675 1956 3731 1997 eo

2147 2026 2250 2082 hoc
2278 2032 2582 2096 appetatur.

2220 2115 2487 2171 Vens.57.
2506 2143 2576 2152 -—
2600 2113 2705 2180 Qui
2734 2115 3067 2171 manducat.
3086 2117 3206 2170 Jam
3223 2118 3447 2188 exponit
3470 2120 3725 2190 quomodo

2149 2202 2241 2258 ﬁat
2269 2202 2415 2274 quod
2457 2200 2627 2270 dixit,
2664 2211 2717 2257 et
2746 2203 2876 2273 quid
2922 2203 2992 2256 sit
3036 2204 3368 2261 manducare
3412 2222 3651 2276 carnem,
3680 2216 3723 2263 et

2148 2293 2336 2347 bibere
2398 2292 2724 2363 sanguinem
2749 2335 2761 2359 ,
2794 2293 2901 2347 hoc
2938 2300 3022 2348 est
3061 2309 3288 2350 manere
3338 2295 3393 2350 in
3425 2298 3653 2361 Christo,
3682 2304 3725 2352 et

2150 2380 2422 2436 Christum
2479 2380 2684 2435 habere
2741 2380 2796 2435 in
2834 2397 2893 2435 se
2948 2391 3278 2437 manentem.
3327 2384 3432 2452 Qui
3475 2402 3607 2440 vero
3635 2401 3729 2440 non

2148 2477 2333 2524 manet
2372 2469 2429 2523 in
2471 2468 2688 2523 Christo
2713 2511 2726 2536 ,
2760 2478 2813 2524 et
2842 2470 2899 2523 in
2942 2486 3051 2542 quo
3096 2487 3208 2526 non
3235 2480 3421 2527 manet
3477 2474 3728 2538 Christus,

2149 2574 2258 2613 non
2286 2557 2579 2614 manducat
2609 2558 2985 2628 spiritualiter,
3017 2566 3073 2614 et
3102 2560 3180 2616 sic
3209 2570 3613 2617 sacramentum
3639 2562 3730 2618 sibi

2151 2647 2313 2701 sumit
2348 2646 2404 2700 in
2441 2646 2707 2715 judicium
2759 2648 3139 2718 corporaliter.

2224 2736 2393 2790 Vens.
2429 2738 2516 2789 58.
2550 2765 2618 2774 -
2646 2735 2804 2791 Sicut
2864 2738 3023 2792 misit
3069 2754 3180 2793 me.
3221 2739 3307 2793 Me
3364 2738 3731 2811 aequalemsibi

2149 2823 2313 2889 misit,
2351 2823 2404 2877 id
2435 2831 2535 2887 est,
2570 2823 2849 2879 hominem
2878 2823 3023 2893 fecit,
3058 2832 3111 2880 et
3152 2827 3278 2882 inde
3309 2836 3390 2883 est
3417 2836 3477 2882 ut
3524 2829 3591 2884 ad
3614 2844 3728 2884 eum

2151 2911 2387 2966 referam
2415 2911 2581 2967 vitam
2609 2927 2791 2967 meam
2824 2914 2982 2985 quasi
3012 2914 3082 2968 ad
3111 2916 3397 2984 majorem.
3428 2919 3503 2973 Et
3528 2919 3641 2990 ipse
3660 2917 3730 2971 vi-

2150 3005 2258 3055 vet.
2282 3002 2349 3056 Ut
2369 3001 2548 3055 vivam
2572 3017 2638 3055 ex
2669 3002 2850 3067 Patre,
2866 3018 2990 3057 mea
3008 3003 3299 3059 exinanitio
3319 3004 3446 3060 facit
3470 3024 3484 3059 :
3507 3016 3563 3060 ut
3580 3007 3727 3061 homo

2147 3088 2288 3143 vivat
2318 3105 2382 3143 ex
2413 3105 2521 3155 me,
2554 3089 2895 3161 participatio
2925 3090 3050 3147 facit
3079 3109 3202 3163 quae
3230 3109 3319 3148 me
3358 3096 3663 3151 manducet.

2210 3180 2381 3233 Vens.
2407 3182 2493 3233 59.
2541 3208 2609 3218 -
2652 3181 2751 3235 Hic
2799 3184 2884 3235 est
2941 3181 3130 3250 panis.
3161 3182 3230 3236 Et
3252 3181 3327 3237 ita
3356 3192 3564 3239 constat
3593 3182 3723 3255 quod

2140 3268 2228 3322 hic
2260 3276 2341 3322 est
2370 3284 2499 3323 vere
2527 3267 2689 3339 panis
2731 3269 2799 3322 de
2829 3268 2975 3324 C(EIO
3000 3310 3013 3338 ,
3049 3286 3159 3325 non
3188 3286 3425 3341 manna,
3456 3273 3580 3345 quia
3606 3271 3729 3326 illud

2138 3355 2531 3411 manducantes
2577 3365 2760 3426 patres
2812 3357 2970 3412 vobis
3021 3358 3229 3414 similes
3279 3361 3482 3416 mortui
3527 3369 3648 3416 sunt
3672 3360 3723 3413 in

2138 3453 2399 3500 aeternum
2434 3463 2446 3499 :
2477 3446 2620 3501 hunc
2645 3461 2844 3515 panem
2883 3448 3047 3502 homo
3079 3448 3173 3519 qui
3191 3447 3361 3503 vitam
3381 3465 3488 3505 non
3504 3449 3727 3504 habebat

2137 3534 2498 3601 manducans,
2530 3534 2672 3589 vivet
2692 3534 2748 3587 in
2777 3543 3040 3591 internum
3075 3552 3088 3590 :
3123 3537 3303 3607 Supra
3349 3538 3593 3604 dixerat,
3624 3539 3725 3609 Ego

2138 3640 2266 3678 sum
2289 3624 2455 3695 panis
2485 3623 2580 3695 qui
2608 3624 2673 3679 de
2712 3625 2846 3679 caelo
2883 3625 3162 3680 descendi.
3196 3625 3297 3681 Hic
3325 3626 3456 3682 dicit
3488 3645 3501 3681 :
3531 3627 3646 3690 Hic,
3676 3624 3729 3678 id

2139 3719 2222 3765 est
2254 3711 2421 3765 Filius
2449 3710 2705 3778 hominis,
2736 3712 2806 3767 ad
2836 3728 2991 3767 esum
3018 3714 3170 3781 cujus
3224 3714 3408 3769 carnis
3433 3714 3612 3783 invito,
3648 3720 3727 3769 est

2137 3800 2230 3855 ille
2264 3801 2434 3872 panis
2464 3802 2560 3873 qui
2592 3802 2658 3856 de
2680 3802 2814 3857 σα)Ιο
2842 3802 3130 3858 descendit
3155 3820 3169 3856 :
3204 3818 3338 3874 ergo
3368 3803 3510 3859 idem
3539 3810 3617 3858 est
3644 3800 3728 3857 Fi-

2138 3889 2241 3944 lius
2270 3889 2507 3943 hominis
2536 3898 2588 3944 et
2618 3890 2786 3943 Filius
2830 3891 2948 3944 Dei.
3522 3960 3540 3969 _

2210 3979 2379 4032 Vens.
2414 3981 2500 4031 61.
2535 4008 2603 4018 --
2633 3979 2797 4033 Multi
2824 3994 2969 4050 ergo.
3005 3978 3155 4034 Multi
3194 3980 3486 4035 carnaliter
3513 3980 3724 4051 sapien-

2139 4076 2241 4132 tes,
2299 4066 2456 4136 quasi
2503 4066 2867 4143 particulatim
2912 4083 3133 4122 carnem
3200 4084 3309 4140 qua
3354 4069 3567 4124 indutus
3610 4076 3726 4124 erat

2137 4170 2197 4209 se
2240 4154 2319 4209 eis
2358 4154 2769 4209 distributurum
2815 4155 3175 4226 promitteret,
3254 4165 3445 4213 contra
3486 4166 3723 4213 naturam

2136 4258 2260 4297 esse
2278 4251 2486 4314 putant,
2520 4250 2577 4297 ut
2617 4243 2799 4299 cibum
2843 4244 3123 4300 hominum
3170 4246 3465 4302 humanam
3512 4262 3722 4302 carnem

2136 4331 2311 4385 daret.

436 4416 600 4473 modo
628 4416 797 4471 verba
826 4430 947 4469 mea
977 4413 1326 4485 spiritualiter
1344 4414 1633 4485 accipiunt.
1657 4417 1764 4487 Ego
1784 4433 1911 4471 sum
1935 4433 2037 4488 pa-
2058 4404 2110 4464 D
2210 4422 2397 4475 Durus
2426 4422 2529 4487 est,
2564 4426 2665 4475 etc.
2725 4420 2915 4490 (Λυσι.)
2948 4420 3038 4477 Sic
3091 4422 3376 4491 oportebat
3408 4423 3511 4479 dici
3557 4431 3609 4477 ut
3651 4421 3721 4477 ab

439 4505 531 4560 nis
561 4505 709 4560 vitae.
744 4505 888 4560 Ecce
918 4510 1319 4559 sacramentum
1367 4502 1547 4557 verbis
1596 4504 1747 4574 tegit,
1780 4512 1838 4559 ut
1865 4504 2037 4559 Judaei

438 4600 492 4647 et
522 4592 685 4646 etiam
715 4592 879 4663 aliqui
906 4591 1159 4662 discipuli
1206 4607 1317 4647 non
1365 4591 1652 4647 credentes
1678 4591 1864 4647 verbis
1893 4591 2038 4647 illius

439 4678 618 4750 magis
648 4679 1104 4745 scandalizentur,
1137 4688 1191 4735 et
1240 4679 1473 4735 humiles
1505 4679 1739 4751 apostoli
1764 4679 2040 4736 humiliter

440 4766 729 4823 credentes
784 4766 1087 4838 probentur
1125 4786 1139 4833 ;
1200 4768 1344 4823 unde
1387 4769 1577 4823 Petrus
1619 4787 1633 4822 :
1687 4769 1854 4825 Verba
1907 4769 2039 4824 vitae

442 4860 673 4911 (sternte
711 4855 893 4911 habes.

512 4961 682 5016 Vnus.
707 4963 795 5018 52.
826 4991 894 5000 -
922 4962 993 5016 Et
1016 4962 1205 5034 panis,
1231 4969 1335 5017 etc.
1369 4959 1656 5030 Quomodo
1678 4962 1747 5017 sit
1765 4963 1921 5035 panis
1940 4964 2035 5019 de-

442 5048 697 5103 terminat
723 5064 832 5104 non
868 5048 1043 5104 solum
1084 5050 1384 5105 secundum
1439 5051 1670 5107 verbum
1717 5068 1825 5122 quo
1848 5052 2036 5109 vivunt

437 5135 639 5203 omnia,
664 5136 764 5191 sed
793 5136 955 5191 etiam
985 5138 1284 5192 secundum
1316 5153 1539 5193 carnem
1559 5147 1895 5210 assumptam
1932 5156 2034 5211 pro

432 5222 623 5278 mundi
652 5223 780 5278 vita.
832 5224 1079 5278 Humana
1124 5224 1268 5279 enim
1313 5239 1443 5280 caro
1490 5242 1610 5297 quae
1639 5235 1754 5281 erat
1809 5236 2033 5299 peccato

439 5310 696 5379 obnoxia,
727 5319 781 5366 et
819 5310 944 5366 ideo
971 5319 1200 5381 mortua,
1235 5312 1389 5369 carni
1445 5313 1562 5381 ejus
1617 5315 1833 5370 mundae
1858 5316 2027 5383 unita,

438 5401 801 5471 incorporata,
840 5413 1010 5453 unum
1037 5414 1161 5455 cum
1188 5399 1281 5455 illo
1312 5397 1504 5456 effecta
1526 5444 1539 5468 ,
1573 5399 1705 5458 vivit
1734 5402 1803 5457 de
1837 5403 2031 5474 spiritu

438 5489 577 5558 ejus,
610 5487 749 5544 sicut
777 5485 909 5543 vivit
937 5501 1132 5558 corpus
1162 5488 1230 5543 de
1252 5503 1351 5543 suo
1380 5489 1572 5560 spiritu
1596 5507 1610 5544 :
1645 5490 1738 5563 qui
1769 5506 1904 5547 vero
1921 5507 2031 5547 non

439 5583 523 5634 est
551 5576 620 5633 de
650 5590 879 5649 corpore
900 5574 1116 5651 Christi,
1141 5591 1250 5633 non
1277 5575 1409 5632 vivit
1457 5577 1525 5633 de
1573 5578 1763 5649 spiritu
1810 5579 2027 5637 Christi.

2137 4507 2448 4564 hominibus
2475 4523 2585 4563 non
2616 4507 3030 4578 intelligeretur,
3066 4511 3163 4565 sed
3184 4518 3460 4566 secretum
3486 4511 3580 4566 Dei
3599 4525 3722 4565 ver-

2139 4596 2223 4651 bis
2258 4603 2533 4667 tegeretur
2564 4614 2578 4650 :
2612 4603 2880 4652 secretum
2927 4597 3029 4653 Dei
3073 4598 3310 4664 intentos
3340 4599 3501 4655 debet
3527 4598 3717 4665 facere,

2137 4701 2248 4741 non
2276 4684 2558 4740 adversos.

2207 4781 2377 4836 Vens.
2411 4784 2497 4835 63.
2548 4811 2616 4820 —
2663 4782 2723 4837 Si
2748 4798 2895 4854 ergo,
2927 4790 3030 4838 etc.
3087 4784 3453 4855 Suspenditur
3507 4783 3674 4840 oratio
3699 4812 3713 4833 ν

2136 4868 2304 4938 Quasi
2324 4869 2467 4925 dicat
2490 4886 2503 4922 :
2523 4869 2672 4924 Tunc
2695 4869 3012 4941 intelligetis
3029 4872 3177 4942 quod
3212 4888 3325 4927 non
3344 4874 3539 4929 eodem
3556 4870 3716 4927 modo

2136 4973 2245 5029 quo
2274 4957 2470 5028 putatis
2501 4972 2671 5029 erogo
2700 4973 2922 5030 corpus,
2955 4967 3009 5014 et
3038 4959 3185 5031 quod
3203 4962 3322 5017 haec
3341 4962 3518 5032 gratia
3534 4959 3721 5015 morsi-

2135 5046 2238 5100 bus
2281 5062 2391 5101 non
2435 5044 2771 5101 consumitur
2792 5087 2807 5115 ,
2841 5046 2938 5103 sed
2974 5047 3237 5118 spirituali
3286 5050 3465 5122 gratia
3504 5065 3587 5105 me
3611 5047 3722 5103 illis

2102 5168 2105 5169 ν
2136 5134 2337 5204 dando,
2374 5134 2526 5205 ipsos
2554 5133 2609 5188 in
2640 5149 2842 5206 corpus
2869 5151 3053 5192 meum
3080 5145 3379 5204 converto;
3411 5138 3537 5194 hinc
3564 5137 3719 5209 plane

2135 5222 2295 5277 solvit
2325 5222 2471 5293 quod
2499 5222 2650 5293 ipsos
2680 5232 2959 5291 moverat;
2989 5224 3248 5296 putabant
3268 5225 3414 5281 enim
3435 5226 3576 5298 quod
3602 5239 3723 5280 cor.

2131 5321 2235 5376 pus
2259 5305 2623 5377 distribueret,
2655 5306 2746 5363 ille
2776 5308 2906 5364 dicit
2940 5308 2996 5362 in
3032 5308 3231 5365 coelum
3269 5325 3329 5364 se
3373 5322 3721 5366 ascensurum

2134 5394 2321 5466 utique
2362 5394 2657 5466 integrum.
2700 5394 2842 5464 Quid
2881 5411 3017 5469 ergo
3062 5395 3358 5452 tenendum
3406 5397 3512 5466 sit,
3543 5402 3723 5469 aperte

2132 5482 2316 5537 subdit
2340 5499 2353 5538 :

2202 5579 2372 5635 Vens.
2409 5582 2497 5636 64.
2520 5608 2590 5621 —-
2608 5581 2857 5653 Spiritus
2883 5586 2969 5639 est
2994 5584 3091 5655 qui
3118 5581 3385 5652 viviﬁcat.
3411 5583 3567 5648 Caro,
3589 5580 3721 5637 sicut
