  <div class='ocr_page' id='page_1' title='image "/cluster/home/n/w/nwhite01/storage/ocr_20150623/114/hvd.32044052819893/198.png"; bbox 0 0 4006 6178; ppageno 0'>
   <div class='ocr_carea' id='block_1_1' title="bbox 218 312 2477 373">
    <p class='ocr_par' dir='ltr' id='par_1_1' title="bbox 218 312 2477 373">
     <span class='ocr_line' id='line_1_1' title="bbox 218 312 2477 373; baseline 0.001 -5"><span class='ocrx_word' id='word_1_1' title='bbox 218 313 301 368; x_wconf 86' lang='grc'>385</span> <span class='ocrx_word' id='word_1_2' title='bbox 1124 312 1396 371; x_wconf 82' lang='lat' dir='ltr'>GLOSSA</span> <span class='ocrx_word' id='word_1_3' title='bbox 1434 314 1844 372; x_wconf 81' lang='lat' dir='ltr'>ORDINARIA.</span> <span class='ocrx_word' id='word_1_4' title='bbox 1887 345 1956 357; x_wconf 89' lang='lat'><strong><em>—</em></strong></span> <span class='ocrx_word' id='word_1_5' title='bbox 1983 313 2248 373; x_wconf 86' lang='lat' dir='ltr'>EVANG.</span> <span class='ocrx_word' id='word_1_6' title='bbox 2279 316 2477 372; x_wconf 82' lang='lat' dir='ltr'>JOAN.</span> 
     </span>
    </p>
   </div>
   <div class='ocr_carea' id='block_1_2' title="bbox 3392 318 3497 371">
    <p class='ocr_par' dir='ltr' id='par_1_2' title="bbox 3392 318 3497 371">
     <span class='ocr_line' id='line_1_2' title="bbox 3392 318 3497 371; baseline -0.019 0"><span class='ocrx_word' id='word_1_7' title='bbox 3392 318 3497 371; x_wconf 83' lang='lat'>386</span> 
     </span>
    </p>
   </div>
   <div class='ocr_carea' id='block_1_3' title="bbox 220 432 3507 522">
    <p class='ocr_par' dir='ltr' id='par_1_3' title="bbox 220 432 3507 522">
     <span class='ocr_line' id='line_1_3' title="bbox 220 432 3507 522; baseline 0.002 -32"><span class='ocrx_word' id='word_1_8' title='bbox 220 432 526 508; x_wconf 86' lang='lat' dir='ltr'>intelligitis;</span> <span class='ocrx_word' id='word_1_9' title='bbox 559 436 700 492; x_wconf 83' lang='lat' dir='ltr'>sicut</span> <span class='ocrx_word' id='word_1_10' title='bbox 727 453 849 508; x_wconf 73' lang='lat' dir='ltr'>quae</span> <span class='ocrx_word' id='word_1_11' title='bbox 877 437 934 492; x_wconf 90' lang='lat' dir='ltr'>in</span> <span class='ocrx_word' id='word_1_12' title='bbox 962 437 1190 494; x_wconf 90' lang='lat' dir='ltr'>macello</span> <span class='ocrx_word' id='word_1_13' title='bbox 1219 439 1433 507; x_wconf 88' lang='lat' dir='ltr'>emitur,</span> <span class='ocrx_word' id='word_1_14' title='bbox 1476 440 1615 496; x_wconf 84' lang='lat' dir='ltr'>sicut</span> <span class='ocrx_word' id='word_1_15' title='bbox 1666 439 1806 495; x_wconf 89' lang='lat' dir='ltr'>alius</span> <span class='ocrx_word' id='word_1_16' title='bbox 1827 441 1884 502; x_wconf 88' lang='lat' dir='ltr'><strong>A</strong></span> <span class='ocrx_word' id='word_1_17' title='bbox 1986 441 2164 522; x_wconf 60' lang='lat' dir='ltr'>Vens.</span> <span class='ocrx_word' id='word_1_18' title='bbox 2189 442 2451 513; x_wconf 88' lang='lat' dir='ltr'>8.—Ego</span> <span class='ocrx_word' id='word_1_19' title='bbox 2481 442 2635 496; x_wconf 81' lang='lat' dir='ltr'>enim</span> <span class='ocrx_word' id='word_1_20' title='bbox 2682 456 2798 496; x_wconf 86' lang='lat' dir='ltr'>non</span> <span class='ocrx_word' id='word_1_21' title='bbox 2845 441 3101 496; x_wconf 81' lang='lat' dir='ltr'>ascendo.</span> <span class='ocrx_word' id='word_1_22' title='bbox 3136 440 3326 511; x_wconf 73' lang='grc' dir='ltr'>(Λυσι.)</span> <span class='ocrx_word' id='word_1_23' title='bbox 3374 441 3507 510; x_wconf 87' lang='lat' dir='ltr'>Qui-</span> 
     </span>
    </p>
   </div>
   <div class='ocr_carea' id='block_1_4' title="bbox 166 526 1802 601">
    <p class='ocr_par' dir='ltr' id='par_1_4' title="bbox 166 526 1802 601">
     <span class='ocr_line' id='line_1_4' title="bbox 166 526 1802 601; baseline 0.001 -19"><span class='ocrx_word' id='word_1_24' title='bbox 166 560 177 567; x_wconf 64' lang='grc' dir='ltr'><strong>ς</strong></span> <span class='ocrx_word' id='word_1_25' title='bbox 225 526 357 582; x_wconf 87' lang='lat' dir='ltr'>cibus</span> <span class='ocrx_word' id='word_1_26' title='bbox 387 541 497 580; x_wconf 92' lang='lat' dir='ltr'>non</span> <span class='ocrx_word' id='word_1_27' title='bbox 525 526 768 597; x_wconf 80' lang='lat' dir='ltr'>prodest,</span> <span class='ocrx_word' id='word_1_28' title='bbox 802 527 919 597; x_wconf 89' lang='lat' dir='ltr'>ipsa</span> <span class='ocrx_word' id='word_1_29' title='bbox 947 535 1129 584; x_wconf 89' lang='lat' dir='ltr'>tamen</span> <span class='ocrx_word' id='word_1_30' title='bbox 1173 544 1270 584; x_wconf 89' lang='lat' dir='ltr'>vas</span> <span class='ocrx_word' id='word_1_31' title='bbox 1318 529 1561 600; x_wconf 81' lang='lat' dir='ltr'>spiritus,</span> <span class='ocrx_word' id='word_1_32' title='bbox 1613 529 1704 601; x_wconf 88' lang='lat' dir='ltr'>qui</span> <span class='ocrx_word' id='word_1_33' title='bbox 1747 530 1802 583; x_wconf 91' lang='lat' dir='ltr'>in</span> 
     </span>
    </p>
   </div>
   <div class='ocr_carea' id='block_1_5' title="bbox 225 612 1803 687">
    <p class='ocr_par' dir='ltr' id='par_1_5' title="bbox 225 612 1803 687">
     <span class='ocr_line' id='line_1_5' title="bbox 225 612 1803 687; baseline 0.002 -18"><span class='ocrx_word' id='word_1_34' title='bbox 225 630 274 669; x_wconf 86' lang='lat' dir='ltr'>ea</span> <span class='ocrx_word' id='word_1_35' title='bbox 315 612 535 669; x_wconf 83' lang='lat' dir='ltr'>salutem</span> <span class='ocrx_word' id='word_1_36' title='bbox 596 623 855 685; x_wconf 80' lang='lat' dir='ltr'>operatur</span> <span class='ocrx_word' id='word_1_37' title='bbox 911 616 1139 672; x_wconf 89' lang='lat' dir='ltr'>multum</span> <span class='ocrx_word' id='word_1_38' title='bbox 1186 618 1447 687; x_wconf 91' lang='lat' dir='ltr'>prodest,</span> <span class='ocrx_word' id='word_1_39' title='bbox 1501 618 1639 673; x_wconf 80' lang='lat' dir='ltr'>sicut</span> <span class='ocrx_word' id='word_1_40' title='bbox 1690 617 1803 672; x_wconf 90' lang='lat' dir='ltr'>sola</span> 
     </span>
    </p>
   </div>
   <div class='ocr_carea' id='block_1_6' title="bbox 222 701 1805 778">
    <p class='ocr_par' dir='ltr' id='par_1_6' title="bbox 222 701 1805 778">
     <span class='ocr_line' id='line_1_6' title="bbox 222 701 1805 778; baseline 0.003 -22"><span class='ocrx_word' id='word_1_41' title='bbox 222 701 416 757; x_wconf 85' lang='lat' dir='ltr'>scientia</span> <span class='ocrx_word' id='word_1_42' title='bbox 443 702 611 769; x_wconf 83' lang='lat' dir='ltr'>inﬂat,</span> <span class='ocrx_word' id='word_1_43' title='bbox 635 703 753 774; x_wconf 91' lang='lat' dir='ltr'>ipsa</span> <span class='ocrx_word' id='word_1_44' title='bbox 782 712 963 761; x_wconf 88' lang='lat' dir='ltr'>tamen</span> <span class='ocrx_word' id='word_1_45' title='bbox 986 720 1094 760; x_wconf 91' lang='lat' dir='ltr'>non</span> <span class='ocrx_word' id='word_1_46' title='bbox 1126 714 1208 760; x_wconf 91' lang='lat' dir='ltr'>est</span> <span class='ocrx_word' id='word_1_47' title='bbox 1237 706 1400 772; x_wconf 90' lang='lat' dir='ltr'>mala,</span> <span class='ocrx_word' id='word_1_48' title='bbox 1426 707 1523 761; x_wconf 91' lang='lat' dir='ltr'>sed</span> <span class='ocrx_word' id='word_1_49' title='bbox 1545 723 1644 778; x_wconf 91' lang='lat' dir='ltr'>per</span> <span class='ocrx_word' id='word_1_50' title='bbox 1675 706 1805 762; x_wconf 89' lang='lat' dir='ltr'>cha-</span> 
     </span>
    </p>
   </div>
   <div class='ocr_carea' id='block_1_7' title="bbox 211 790 690 846">
    <p class='ocr_par' dir='ltr' id='par_1_7' title="bbox 211 790 690 846">
     <span class='ocr_line' id='line_1_7' title="bbox 211 790 690 846; baseline 0.004 -2"><span class='ocrx_word' id='word_1_51' title='bbox 211 790 408 845; x_wconf 80' lang='lat' dir='ltr'>‘ritatem</span> <span class='ocrx_word' id='word_1_52' title='bbox 438 791 690 846; x_wconf 56' lang='lat' dir='ltr'>adiﬁcat.</span> 
     </span>
    </p>
   </div>
   <div class='ocr_carea' id='block_1_8' title="bbox 283 880 1806 952">
    <p class='ocr_par' dir='ltr' id='par_1_8' title="bbox 283 880 1806 952">
     <span class='ocr_line' id='line_1_8' title="bbox 283 880 1806 952; baseline 0.003 -18"><span class='ocrx_word' id='word_1_53' title='bbox 283 880 440 935; x_wconf 80' lang='lat' dir='ltr'>Verba</span> <span class='ocrx_word' id='word_1_54' title='bbox 469 897 591 952; x_wconf 75' lang='lat' dir='ltr'>qua:</span> <span class='ocrx_word' id='word_1_55' title='bbox 625 896 738 951; x_wconf 85' lang='lat' dir='ltr'>ego,</span> <span class='ocrx_word' id='word_1_56' title='bbox 771 887 876 936; x_wconf 88' lang='lat' dir='ltr'>etc.</span> <span class='ocrx_word' id='word_1_57' title='bbox 923 880 1132 950; x_wconf 86' lang='lat' dir='ltr'>Quibus</span> <span class='ocrx_word' id='word_1_58' title='bbox 1183 882 1317 936; x_wconf 81' lang='lat' dir='ltr'>dixit</span> <span class='ocrx_word' id='word_1_59' title='bbox 1365 883 1806 939; x_wconf 85' lang='lat' dir='ltr'>manducandum</span> 
     </span>
    </p>
   </div>
   <div class='ocr_carea' id='block_1_9' title="bbox 218 969 1806 1042">
    <p class='ocr_par' dir='ltr' id='par_1_9' title="bbox 218 969 1806 1042">
     <span class='ocr_line' id='line_1_9' title="bbox 218 969 1806 1042; baseline 0.003 -20"><span class='ocrx_word' id='word_1_60' title='bbox 218 983 289 1023; x_wconf 87' lang='lat' dir='ltr'>me</span> <span class='ocrx_word' id='word_1_61' title='bbox 312 984 452 1033; x_wconf 87' lang='lat' dir='ltr'>esse,</span> <span class='ocrx_word' id='word_1_62' title='bbox 482 985 704 1025; x_wconf 85' lang='lat' dir='ltr'>manere</span> <span class='ocrx_word' id='word_1_63' title='bbox 733 969 787 1024; x_wconf 90' lang='lat' dir='ltr'>in</span> <span class='ocrx_word' id='word_1_64' title='bbox 816 986 904 1025; x_wconf 88' lang='lat' dir='ltr'>me</span> <span class='ocrx_word' id='word_1_65' title='bbox 933 978 985 1026; x_wconf 90' lang='lat' dir='ltr'>et</span> <span class='ocrx_word' id='word_1_66' title='bbox 1011 987 1100 1026; x_wconf 90' lang='lat' dir='ltr'>me</span> <span class='ocrx_word' id='word_1_67' title='bbox 1129 971 1183 1025; x_wconf 91' lang='lat' dir='ltr'>in</span> <span class='ocrx_word' id='word_1_68' title='bbox 1215 972 1354 1042; x_wconf 90' lang='lat' dir='ltr'>ipso.</span> <span class='ocrx_word' id='word_1_69' title='bbox 1390 972 1461 1027; x_wconf 92' lang='lat' dir='ltr'>Ut</span> <span class='ocrx_word' id='word_1_70' title='bbox 1502 980 1683 1027; x_wconf 89' lang='lat' dir='ltr'>autem</span> <span class='ocrx_word' id='word_1_71' title='bbox 1709 971 1806 1026; x_wconf 90' lang='lat' dir='ltr'>ali-</span> 
     </span>
    </p>
   </div>
   <div class='ocr_carea' id='block_1_10' title="bbox 224 1058 1807 1130">
    <p class='ocr_par' dir='ltr' id='par_1_10' title="bbox 224 1058 1807 1130">
     <span class='ocr_line' id='line_1_10' title="bbox 224 1058 1807 1130; baseline 0.001 -18"><span class='ocrx_word' id='word_1_72' title='bbox 224 1058 322 1130; x_wconf 86' lang='lat' dir='ltr'>quis</span> <span class='ocrx_word' id='word_1_73' title='bbox 352 1066 574 1114; x_wconf 87' lang='lat' dir='ltr'>maneat</span> <span class='ocrx_word' id='word_1_74' title='bbox 603 1059 657 1113; x_wconf 89' lang='lat' dir='ltr'>in</span> <span class='ocrx_word' id='word_1_75' title='bbox 689 1059 903 1114; x_wconf 79' lang='lat' dir='ltr'>Christo</span> <span class='ocrx_word' id='word_1_76' title='bbox 932 1066 990 1114; x_wconf 88' lang='lat' dir='ltr'>ut</span> <span class='ocrx_word' id='word_1_77' title='bbox 1017 1059 1343 1128; x_wconf 89' lang='lat' dir='ltr'>membrum,</span> <span class='ocrx_word' id='word_1_78' title='bbox 1391 1068 1444 1116; x_wconf 94' lang='lat' dir='ltr'>et</span> <span class='ocrx_word' id='word_1_79' title='bbox 1472 1061 1720 1116; x_wconf 83' lang='lat' dir='ltr'>Christus</span> <span class='ocrx_word' id='word_1_80' title='bbox 1750 1061 1807 1115; x_wconf 91' lang='lat' dir='ltr'>in</span> 
     </span>
    </p>
   </div>
   <div class='ocr_carea' id='block_1_11' title="bbox 216 1147 1809 1218">
    <p class='ocr_par' dir='ltr' id='par_1_11' title="bbox 216 1147 1809 1218">
     <span class='ocr_line' id='line_1_11' title="bbox 216 1147 1809 1218; baseline 0.002 -17"><span class='ocrx_word' id='word_1_81' title='bbox 216 1147 316 1218; x_wconf 90' lang='lat' dir='ltr'>ipso</span> <span class='ocrx_word' id='word_1_82' title='bbox 341 1154 400 1201; x_wconf 89' lang='lat' dir='ltr'>ut</span> <span class='ocrx_word' id='word_1_83' title='bbox 427 1147 487 1202; x_wconf 87' lang='lat' dir='ltr'>in</span> <span class='ocrx_word' id='word_1_84' title='bbox 515 1147 739 1218; x_wconf 89' lang='lat' dir='ltr'>templo,</span> <span class='ocrx_word' id='word_1_85' title='bbox 786 1147 960 1204; x_wconf 87' lang='lat' dir='ltr'>unitas</span> <span class='ocrx_word' id='word_1_86' title='bbox 989 1147 1132 1206; x_wconf 86' lang='lat' dir='ltr'>facit.</span> <span class='ocrx_word' id='word_1_87' title='bbox 1164 1149 1352 1205; x_wconf 90' lang='lat' dir='ltr'>Unitas</span> <span class='ocrx_word' id='word_1_88' title='bbox 1381 1157 1562 1204; x_wconf 87' lang='lat' dir='ltr'>autem</span> <span class='ocrx_word' id='word_1_89' title='bbox 1589 1167 1654 1204; x_wconf 83' lang='lat' dir='ltr'>ex</span> <span class='ocrx_word' id='word_1_90' title='bbox 1685 1151 1809 1204; x_wconf 88' lang='lat' dir='ltr'>cha-</span> 
     </span>
    </p>
   </div>
   <div class='ocr_carea' id='block_1_12' title="bbox 228 1235 1808 1308">
    <p class='ocr_par' dir='ltr' id='par_1_12' title="bbox 228 1235 1808 1308">
     <span class='ocr_line' id='line_1_12' title="bbox 228 1235 1808 1308; baseline 0.001 -18"><span class='ocrx_word' id='word_1_91' title='bbox 228 1235 364 1290; x_wconf 86' lang='lat' dir='ltr'>ritate</span> <span class='ocrx_word' id='word_1_92' title='bbox 397 1243 503 1301; x_wconf 89' lang='lat' dir='ltr'>est,</span> <span class='ocrx_word' id='word_1_93' title='bbox 536 1236 773 1291; x_wconf 90' lang='lat' dir='ltr'>charitas</span> <span class='ocrx_word' id='word_1_94' title='bbox 804 1244 985 1292; x_wconf 89' lang='lat' dir='ltr'>autem</span> <span class='ocrx_word' id='word_1_95' title='bbox 1026 1254 1093 1292; x_wconf 84' lang='lat' dir='ltr'>ex</span> <span class='ocrx_word' id='word_1_96' title='bbox 1136 1237 1348 1308; x_wconf 78' lang='lat' dir='ltr'>spiritu,</span> <span class='ocrx_word' id='word_1_97' title='bbox 1402 1253 1537 1308; x_wconf 89' lang='lat' dir='ltr'>ergo</span> <span class='ocrx_word' id='word_1_98' title='bbox 1590 1238 1808 1308; x_wconf 84' lang='lat' dir='ltr'>spiritus</span> 
     </span>
    </p>
   </div>
   <div class='ocr_carea' id='block_1_13' title="bbox 228 1323 1662 1398">
    <p class='ocr_par' dir='ltr' id='par_1_13' title="bbox 228 1323 1662 1398">
     <span class='ocr_line' id='line_1_13' title="bbox 228 1323 1662 1398; baseline 0.001 -19"><span class='ocrx_word' id='word_1_99' title='bbox 228 1324 303 1395; x_wconf 85' lang='lat' dir='ltr'>qui</span> <span class='ocrx_word' id='word_1_100' title='bbox 329 1323 568 1381; x_wconf 83' lang='lat' dir='ltr'>viviﬁcat</span> <span class='ocrx_word' id='word_1_101' title='bbox 599 1326 983 1398; x_wconf 89' lang='lat' dir='ltr'>compaginata</span> <span class='ocrx_word' id='word_1_102' title='bbox 1010 1327 1256 1381; x_wconf 88' lang='lat' dir='ltr'>membra</span> <span class='ocrx_word' id='word_1_103' title='bbox 1284 1341 1396 1383; x_wconf 91' lang='lat' dir='ltr'>non</span> <span class='ocrx_word' id='word_1_104' title='bbox 1426 1334 1662 1397; x_wconf 84' lang='lat' dir='ltr'>separat.</span> 
     </span>
    </p>
   </div>
   <div class='ocr_carea' id='block_1_14' title="bbox 284 1412 1810 1487">
    <p class='ocr_par' dir='ltr' id='par_1_14' title="bbox 284 1412 1810 1487">
     <span class='ocr_line' id='line_1_14' title="bbox 284 1412 1810 1487; baseline 0 -20"><span class='ocrx_word' id='word_1_105' title='bbox 284 1412 449 1468; x_wconf 67' lang='lat' dir='ltr'>Vrsas.</span> <span class='ocrx_word' id='word_1_106' title='bbox 484 1416 571 1468; x_wconf 79' lang='lat'>65.</span> <span class='ocrx_word' id='word_1_107' title='bbox 592 1444 662 1454; x_wconf 90' lang='lat'><strong><em>—</em></strong></span> <span class='ocrx_word' id='word_1_108' title='bbox 682 1415 788 1471; x_wconf 86' lang='lat' dir='ltr'>Sed</span> <span class='ocrx_word' id='word_1_109' title='bbox 816 1418 955 1470; x_wconf 89' lang='lat' dir='ltr'>sunt</span> <span class='ocrx_word' id='word_1_110' title='bbox 983 1414 1232 1487; x_wconf 80' lang='lat' dir='ltr'>quidam,</span> <span class='ocrx_word' id='word_1_111' title='bbox 1257 1423 1360 1471; x_wconf 89' lang='lat' dir='ltr'>etc.</span> <span class='ocrx_word' id='word_1_112' title='bbox 1386 1416 1671 1486; x_wconf 86' lang='lat' dir='ltr'>Propheta.</span> <span class='ocrx_word' id='word_1_113' title='bbox 1690 1414 1810 1469; x_wconf 89' lang='lat' dir='ltr'>Nisi</span> 
     </span>
    </p>
   </div>
   <div class='ocr_carea' id='block_1_15' title="bbox 227 1498 1808 1575">
    <p class='ocr_par' dir='ltr' id='par_1_15' title="bbox 227 1498 1808 1575">
     <span class='ocr_line' id='line_1_15' title="bbox 227 1498 1808 1575; baseline 0 -17"><span class='ocrx_word' id='word_1_114' title='bbox 227 1498 575 1569; x_wconf 86' lang='lat' dir='ltr'>credideritis,</span> <span class='ocrx_word' id='word_1_115' title='bbox 607 1518 716 1558; x_wconf 91' lang='lat' dir='ltr'>non</span> <span class='ocrx_word' id='word_1_116' title='bbox 748 1503 1062 1575; x_wconf 83' lang='lat' dir='ltr'>intelligetis</span> <span class='ocrx_word' id='word_1_117' title='bbox 1094 1521 1109 1559; x_wconf 88' lang='lat'><strong>:</strong></span> <span class='ocrx_word' id='word_1_118' title='bbox 1139 1520 1239 1575; x_wconf 90' lang='lat' dir='ltr'>per</span> <span class='ocrx_word' id='word_1_119' title='bbox 1267 1504 1429 1559; x_wconf 87' lang='lat' dir='ltr'>ﬁdem</span> <span class='ocrx_word' id='word_1_120' title='bbox 1470 1504 1808 1575; x_wconf 90' lang='lat' dir='ltr'>copulamur,</span> 
     </span>
    </p>
   </div>
   <div class='ocr_carea' id='block_1_16' title="bbox 224 1590 1052 1660">
    <p class='ocr_par' dir='ltr' id='par_1_16' title="bbox 224 1590 1052 1660">
     <span class='ocr_line' id='line_1_16' title="bbox 224 1590 1052 1660; baseline 0.002 -15"><span class='ocrx_word' id='word_1_121' title='bbox 224 1608 307 1660; x_wconf 88' lang='lat' dir='ltr'>per</span> <span class='ocrx_word' id='word_1_122' title='bbox 331 1590 669 1648; x_wconf 86' lang='lat' dir='ltr'>intellectum</span> <span class='ocrx_word' id='word_1_123' title='bbox 699 1590 1052 1647; x_wconf 84' lang='lat' dir='ltr'>viviﬁcamur.</span> 
     </span>
    </p>
   </div>
   <div class='ocr_carea' id='block_1_17' title="bbox 279 1680 1813 1752">
    <p class='ocr_par' dir='ltr' id='par_1_17' title="bbox 279 1680 1813 1752">
     <span class='ocr_line' id='line_1_17' title="bbox 279 1680 1813 1752; baseline -0.001 -17"><span class='ocrx_word' id='word_1_124' title='bbox 279 1682 343 1735; x_wconf 86' lang='lat' dir='ltr'>Et</span> <span class='ocrx_word' id='word_1_125' title='bbox 369 1683 498 1752; x_wconf 85' lang='lat' dir='ltr'>quis</span> <span class='ocrx_word' id='word_1_126' title='bbox 533 1680 872 1737; x_wconf 77' lang='lat' dir='ltr'>traditurus.</span> <span class='ocrx_word' id='word_1_127' title='bbox 898 1680 1038 1750; x_wconf 82' lang='lat' dir='ltr'>Quia</span> <span class='ocrx_word' id='word_1_128' title='bbox 1057 1681 1224 1736; x_wconf 88' lang='lat' dir='ltr'>Judas</span> <span class='ocrx_word' id='word_1_129' title='bbox 1248 1681 1387 1737; x_wconf 92' lang='lat' dir='ltr'>inter</span> <span class='ocrx_word' id='word_1_130' title='bbox 1415 1681 1813 1737; x_wconf 89' lang='lat' dir='ltr'>scandalizatos</span> 
     </span>
    </p>
   </div>
   <div class='ocr_carea' id='block_1_18' title="bbox 220 1768 1800 1842">
    <p class='ocr_par' dir='ltr' id='par_1_18' title="bbox 220 1768 1800 1842">
     <span class='ocr_line' id='line_1_18' title="bbox 220 1768 1800 1842; baseline 0.001 -20"><span class='ocrx_word' id='word_1_131' title='bbox 220 1768 420 1836; x_wconf 87' lang='lat' dir='ltr'>recedit,</span> <span class='ocrx_word' id='word_1_132' title='bbox 466 1770 567 1824; x_wconf 91' lang='lat' dir='ltr'>sed</span> <span class='ocrx_word' id='word_1_133' title='bbox 596 1777 777 1825; x_wconf 89' lang='lat' dir='ltr'>manet</span> <span class='ocrx_word' id='word_1_134' title='bbox 805 1770 874 1823; x_wconf 87' lang='lat' dir='ltr'>ad</span> <span class='ocrx_word' id='word_1_135' title='bbox 904 1769 1286 1836; x_wconf 88' lang='lat' dir='ltr'>insidiandum,</span> <span class='ocrx_word' id='word_1_136' title='bbox 1333 1786 1494 1842; x_wconf 88' lang='lat' dir='ltr'>quem</span> <span class='ocrx_word' id='word_1_137' title='bbox 1525 1786 1627 1826; x_wconf 90' lang='lat' dir='ltr'>nec</span> <span class='ocrx_word' id='word_1_138' title='bbox 1660 1770 1800 1835; x_wconf 85' lang='lat' dir='ltr'>silet,</span> 
     </span>
    </p>
   </div>
   <div class='ocr_carea' id='block_1_19' title="bbox 219 1858 1808 1929">
    <p class='ocr_par' dir='ltr' id='par_1_19' title="bbox 219 1858 1808 1929">
     <span class='ocr_line' id='line_1_19' title="bbox 219 1858 1808 1929; baseline 0.001 -18"><span class='ocrx_word' id='word_1_139' title='bbox 219 1873 302 1913; x_wconf 87' lang='lat' dir='ltr'>nec</span> <span class='ocrx_word' id='word_1_140' title='bbox 327 1866 516 1929; x_wconf 87' lang='lat' dir='ltr'>aperte</span> <span class='ocrx_word' id='word_1_141' title='bbox 560 1858 817 1926; x_wconf 88' lang='lat' dir='ltr'>ostendit,</span> <span class='ocrx_word' id='word_1_142' title='bbox 868 1865 927 1913; x_wconf 92' lang='lat' dir='ltr'>ut</span> <span class='ocrx_word' id='word_1_143' title='bbox 974 1875 1167 1916; x_wconf 90' lang='lat' dir='ltr'>omnes</span> <span class='ocrx_word' id='word_1_144' title='bbox 1208 1860 1432 1915; x_wconf 87' lang='lat' dir='ltr'>timeant</span> <span class='ocrx_word' id='word_1_145' title='bbox 1481 1859 1610 1915; x_wconf 90' lang='lat' dir='ltr'>dum</span> <span class='ocrx_word' id='word_1_146' title='bbox 1666 1875 1808 1913; x_wconf 91' lang='lat' dir='ltr'>unus</span> 
     </span>
    </p>
   </div>
   <div class='ocr_carea' id='block_1_20' title="bbox 219 1947 353 2017">
    <p class='ocr_par' dir='ltr' id='par_1_20' title="bbox 219 1947 353 2017">
     <span class='ocr_line' id='line_1_20' title="bbox 219 1947 353 2017; baseline -0.015 -14"><span class='ocrx_word' id='word_1_147' title='bbox 219 1947 353 2017; x_wconf 86' lang='lat' dir='ltr'>perit.</span> 
     </span>
    </p>
   </div>
   <div class='ocr_carea' id='block_1_21' title="bbox 275 2036 1807 2110">
    <p class='ocr_par' dir='ltr' id='par_1_21' title="bbox 275 2036 1807 2110">
     <span class='ocr_line' id='line_1_21' title="bbox 275 2036 1807 2110; baseline 0.001 -20"><span class='ocrx_word' id='word_1_148' title='bbox 275 2036 439 2091; x_wconf 74' lang='lat' dir='ltr'>Vsus.</span> <span class='ocrx_word' id='word_1_149' title='bbox 456 2040 547 2091; x_wconf 86' lang='lat'>66.</span> <span class='ocrx_word' id='word_1_150' title='bbox 570 2067 639 2076; x_wconf 95' lang='lat'><em>—</em></span> <span class='ocrx_word' id='word_1_151' title='bbox 669 2038 811 2106; x_wconf 79' lang='lat' dir='ltr'>Quia</span> <span class='ocrx_word' id='word_1_152' title='bbox 837 2052 1001 2093; x_wconf 87' lang='lat' dir='ltr'>nemo</span> <span class='ocrx_word' id='word_1_153' title='bbox 1027 2041 1232 2110; x_wconf 80' lang='lat' dir='ltr'>potest,</span> <span class='ocrx_word' id='word_1_154' title='bbox 1259 2044 1362 2093; x_wconf 89' lang='lat' dir='ltr'>etc.</span> <span class='ocrx_word' id='word_1_155' title='bbox 1388 2036 1615 2092; x_wconf 87' lang='lat' dir='ltr'>Causam</span> <span class='ocrx_word' id='word_1_156' title='bbox 1638 2052 1807 2108; x_wconf 91' lang='lat' dir='ltr'>quare</span> 
     </span>
    </p>
   </div>
   <div class='ocr_carea' id='block_1_22' title="bbox 219 2124 1806 2195">
    <p class='ocr_par' dir='ltr' id='par_1_22' title="bbox 219 2124 1806 2195">
     <span class='ocr_line' id='line_1_22' title="bbox 219 2124 1806 2195; baseline 0 -16"><span class='ocrx_word' id='word_1_157' title='bbox 219 2124 416 2195; x_wconf 86' lang='lat' dir='ltr'>quidam</span> <span class='ocrx_word' id='word_1_158' title='bbox 441 2140 556 2179; x_wconf 92' lang='lat' dir='ltr'>non</span> <span class='ocrx_word' id='word_1_159' title='bbox 588 2125 814 2181; x_wconf 87' lang='lat' dir='ltr'>credant</span> <span class='ocrx_word' id='word_1_160' title='bbox 841 2125 1022 2180; x_wconf 89' lang='lat' dir='ltr'>subdit</span> <span class='ocrx_word' id='word_1_161' title='bbox 1055 2143 1070 2181; x_wconf 90' lang='lat'><strong>:</strong></span> <span class='ocrx_word' id='word_1_162' title='bbox 1106 2125 1243 2195; x_wconf 86' lang='lat' dir='ltr'>Quia</span> <span class='ocrx_word' id='word_1_163' title='bbox 1262 2141 1370 2181; x_wconf 91' lang='lat' dir='ltr'>non</span> <span class='ocrx_word' id='word_1_164' title='bbox 1403 2133 1485 2181; x_wconf 91' lang='lat' dir='ltr'>est</span> <span class='ocrx_word' id='word_1_165' title='bbox 1512 2143 1543 2179; x_wconf 91' lang='lat' dir='ltr'>a</span> <span class='ocrx_word' id='word_1_166' title='bbox 1570 2127 1685 2180; x_wconf 92' lang='lat' dir='ltr'>Deo</span> <span class='ocrx_word' id='word_1_167' title='bbox 1713 2126 1806 2179; x_wconf 88' lang='lat' dir='ltr'>da-</span> 
     </span>
    </p>
   </div>
   <div class='ocr_carea' id='block_1_23' title="bbox 217 2213 1809 2286">
    <p class='ocr_par' dir='ltr' id='par_1_23' title="bbox 217 2213 1809 2286">
     <span class='ocr_line' id='line_1_23' title="bbox 217 2213 1809 2286; baseline 0.003 -21"><span class='ocrx_word' id='word_1_168' title='bbox 217 2221 344 2281; x_wconf 84' lang='lat' dir='ltr'>tum;</span> <span class='ocrx_word' id='word_1_169' title='bbox 374 2213 517 2269; x_wconf 85' lang='lat' dir='ltr'>ﬁdes</span> <span class='ocrx_word' id='word_1_170' title='bbox 549 2214 698 2268; x_wconf 90' lang='lat' dir='ltr'>enim</span> <span class='ocrx_word' id='word_1_171' title='bbox 726 2230 838 2270; x_wconf 89' lang='lat' dir='ltr'>non</span> <span class='ocrx_word' id='word_1_172' title='bbox 868 2222 952 2269; x_wconf 90' lang='lat' dir='ltr'>est</span> <span class='ocrx_word' id='word_1_173' title='bbox 983 2214 1293 2270; x_wconf 89' lang='lat' dir='ltr'>hominibus</span> <span class='ocrx_word' id='word_1_174' title='bbox 1322 2231 1353 2269; x_wconf 92' lang='lat' dir='ltr'>a</span> <span class='ocrx_word' id='word_1_175' title='bbox 1383 2231 1463 2280; x_wconf 91' lang='lat' dir='ltr'>se,</span> <span class='ocrx_word' id='word_1_176' title='bbox 1499 2215 1657 2286; x_wconf 89' lang='lat' dir='ltr'>quasi</span> <span class='ocrx_word' id='word_1_177' title='bbox 1685 2230 1809 2285; x_wconf 80' lang='lat' dir='ltr'>pro-</span> 
     </span>
    </p>
   </div>
   <div class='ocr_carea' id='block_1_24' title="bbox 215 2302 1591 2376">
    <p class='ocr_par' dir='ltr' id='par_1_24' title="bbox 215 2302 1591 2376">
     <span class='ocr_line' id='line_1_24' title="bbox 215 2302 1591 2376; baseline 0.005 -19"><span class='ocrx_word' id='word_1_178' title='bbox 215 2302 336 2371; x_wconf 76' lang='lat' dir='ltr'>pris,</span> <span class='ocrx_word' id='word_1_179' title='bbox 368 2303 469 2359; x_wconf 90' lang='lat' dir='ltr'>sed</span> <span class='ocrx_word' id='word_1_180' title='bbox 500 2319 535 2358; x_wconf 88' lang='lat' dir='ltr'>a</span> <span class='ocrx_word' id='word_1_181' title='bbox 565 2303 682 2359; x_wconf 92' lang='lat' dir='ltr'>Deo</span> <span class='ocrx_word' id='word_1_182' title='bbox 712 2305 865 2375; x_wconf 91' lang='lat' dir='ltr'>quasi</span> <span class='ocrx_word' id='word_1_183' title='bbox 896 2304 1089 2376; x_wconf 89' lang='lat' dir='ltr'>gratia.</span> <span class='ocrx_word' id='word_1_184' title='bbox 1587 2361 1591 2364; x_wconf 84' lang='lat'>.</span> 
     </span>
    </p>
   </div>
   <div class='ocr_carea' id='block_1_25' title="bbox 274 2391 1808 2463">
    <p class='ocr_par' dir='ltr' id='par_1_25' title="bbox 274 2391 1808 2463">
     <span class='ocr_line' id='line_1_25' title="bbox 274 2391 1808 2463; baseline 0.001 -18"><span class='ocrx_word' id='word_1_185' title='bbox 274 2391 437 2448; x_wconf 62' lang='grc' dir='ltr'>νεεδ.</span> <span class='ocrx_word' id='word_1_186' title='bbox 469 2394 558 2446; x_wconf 82' lang='grc'>67.</span> <span class='ocrx_word' id='word_1_187' title='bbox 579 2422 648 2433; x_wconf 94' lang='grc'><strong>-</strong></span> <span class='ocrx_word' id='word_1_188' title='bbox 670 2395 757 2448; x_wconf 76' lang='lat' dir='ltr'>Ea:</span> <span class='ocrx_word' id='word_1_189' title='bbox 788 2393 907 2460; x_wconf 89' lang='lat' dir='ltr'>hoc,</span> <span class='ocrx_word' id='word_1_190' title='bbox 942 2402 1047 2449; x_wconf 88' lang='lat' dir='ltr'>etc.</span> <span class='ocrx_word' id='word_1_191' title='bbox 1070 2394 1211 2448; x_wconf 91' lang='lat' dir='ltr'>Nota</span> <span class='ocrx_word' id='word_1_192' title='bbox 1241 2408 1365 2448; x_wconf 91' lang='lat' dir='ltr'>esse</span> <span class='ocrx_word' id='word_1_193' title='bbox 1399 2401 1556 2449; x_wconf 83' lang='lat' dir='ltr'>caute</span> <span class='ocrx_word' id='word_1_194' title='bbox 1583 2392 1808 2463; x_wconf 90' lang='lat' dir='ltr'>loquen-</span> 
     </span>
    </p>
   </div>
   <div class='ocr_carea' id='block_1_26' title="bbox 216 2478 1807 2552">
    <p class='ocr_par' dir='ltr' id='par_1_26' title="bbox 216 2478 1807 2552">
     <span class='ocr_line' id='line_1_26' title="bbox 216 2478 1807 2552; baseline 0.001 -20"><span class='ocrx_word' id='word_1_195' title='bbox 216 2478 341 2546; x_wconf 88' lang='lat' dir='ltr'>dum,</span> <span class='ocrx_word' id='word_1_196' title='bbox 374 2480 476 2536; x_wconf 88' lang='lat' dir='ltr'>sed</span> <span class='ocrx_word' id='word_1_197' title='bbox 508 2480 555 2534; x_wconf 91' lang='lat' dir='ltr'>si</span> <span class='ocrx_word' id='word_1_198' title='bbox 584 2488 768 2536; x_wconf 87' lang='lat' dir='ltr'>tamen</span> <span class='ocrx_word' id='word_1_199' title='bbox 799 2497 864 2536; x_wconf 87' lang='lat' dir='ltr'>ex</span> <span class='ocrx_word' id='word_1_200' title='bbox 895 2481 1081 2536; x_wconf 88' lang='lat' dir='ltr'>verbis</span> <span class='ocrx_word' id='word_1_201' title='bbox 1114 2481 1218 2535; x_wconf 86' lang='lat' dir='ltr'>tuis</span> <span class='ocrx_word' id='word_1_202' title='bbox 1245 2480 1441 2552; x_wconf 83' lang='lat' dir='ltr'>aliquis</span> <span class='ocrx_word' id='word_1_203' title='bbox 1472 2480 1807 2536; x_wconf 88' lang='lat' dir='ltr'>scandaliza-</span> 
     </span>
    </p>
   </div>
   <div class='ocr_carea' id='block_1_27' title="bbox 214 2566 1809 2640">
    <p class='ocr_par' dir='ltr' id='par_1_27' title="bbox 214 2566 1809 2640">
     <span class='ocr_line' id='line_1_27' title="bbox 214 2566 1809 2640; baseline 0 -18"><span class='ocrx_word' id='word_1_204' title='bbox 214 2566 356 2635; x_wconf 90' lang='lat' dir='ltr'>bitur,</span> <span class='ocrx_word' id='word_1_205' title='bbox 380 2569 548 2625; x_wconf 85' lang='lat' dir='ltr'>habet</span> <span class='ocrx_word' id='word_1_206' title='bbox 561 2569 990 2625; x_wconf 86' lang='lat' dir='ltr'>consolationem</span> <span class='ocrx_word' id='word_1_207' title='bbox 1018 2570 1074 2624; x_wconf 91' lang='lat' dir='ltr'>in</span> <span class='ocrx_word' id='word_1_208' title='bbox 1104 2586 1190 2640; x_wconf 91' lang='lat' dir='ltr'>eo,</span> <span class='ocrx_word' id='word_1_209' title='bbox 1213 2586 1280 2625; x_wconf 88' lang='lat' dir='ltr'>ex</span> <span class='ocrx_word' id='word_1_210' title='bbox 1308 2570 1460 2639; x_wconf 90' lang='lat' dir='ltr'>cujus</span> <span class='ocrx_word' id='word_1_211' title='bbox 1479 2570 1626 2625; x_wconf 90' lang='lat' dir='ltr'>dicto</span> <span class='ocrx_word' id='word_1_212' title='bbox 1651 2568 1809 2623; x_wconf 89' lang='lat' dir='ltr'>multi</span> 
     </span>
    </p>
   </div>
   <div class='ocr_carea' id='block_1_28' title="bbox 215 2658 1806 2730">
    <p class='ocr_par' dir='ltr' id='par_1_28' title="bbox 215 2658 1806 2730">
     <span class='ocr_line' id='line_1_28' title="bbox 215 2658 1806 2730; baseline -0.001 -17"><span class='ocrx_word' id='word_1_213' title='bbox 215 2658 549 2713; x_wconf 83' lang='lat' dir='ltr'>scandalizati</span> <span class='ocrx_word' id='word_1_214' title='bbox 580 2667 725 2725; x_wconf 91' lang='lat' dir='ltr'>sunt,</span> <span class='ocrx_word' id='word_1_215' title='bbox 767 2658 861 2730; x_wconf 91' lang='lat' dir='ltr'>qui</span> <span class='ocrx_word' id='word_1_216' title='bbox 890 2659 994 2715; x_wconf 92' lang='lat' dir='ltr'>hoc</span> <span class='ocrx_word' id='word_1_217' title='bbox 1024 2658 1154 2715; x_wconf 86' lang='lat' dir='ltr'>fecit</span> <span class='ocrx_word' id='word_1_218' title='bbox 1201 2666 1258 2714; x_wconf 89' lang='lat' dir='ltr'>ut</span> <span class='ocrx_word' id='word_1_219' title='bbox 1287 2658 1381 2713; x_wconf 87' lang='lat' dir='ltr'>tibi</span> <span class='ocrx_word' id='word_1_220' title='bbox 1430 2666 1576 2714; x_wconf 90' lang='lat' dir='ltr'>esset</span> <span class='ocrx_word' id='word_1_221' title='bbox 1622 2674 1806 2714; x_wconf 89' lang='lat' dir='ltr'>exem-</span> 
     </span>
    </p>
   </div>
   <div class='ocr_carea' id='block_1_29' title="bbox 214 2745 361 2815">
    <p class='ocr_par' dir='ltr' id='par_1_29' title="bbox 214 2745 361 2815">
     <span class='ocr_line' id='line_1_29' title="bbox 214 2745 361 2815; baseline 0.014 -16"><span class='ocrx_word' id='word_1_222' title='bbox 214 2745 361 2815; x_wconf 89' lang='lat' dir='ltr'>plum.</span> 
     </span>
    </p>
   </div>
   <div class='ocr_carea' id='block_1_30' title="bbox 273 2835 1806 2909">
    <p class='ocr_par' dir='ltr' id='par_1_30' title="bbox 273 2835 1806 2909">
     <span class='ocr_line' id='line_1_30' title="bbox 273 2835 1806 2909; baseline 0.001 -20"><span class='ocrx_word' id='word_1_223' title='bbox 273 2835 439 2891; x_wconf 73' lang='lat' dir='ltr'>Vens.</span> <span class='ocrx_word' id='word_1_224' title='bbox 473 2838 562 2892; x_wconf 80' lang='grc'><strong>71.</strong></span> <span class='ocrx_word' id='word_1_225' title='bbox 599 2866 668 2877; x_wconf 91' lang='grc'><strong>-</strong></span> <span class='ocrx_word' id='word_1_226' title='bbox 700 2837 895 2893; x_wconf 88' lang='lat' dir='ltr'>Nonne</span> <span class='ocrx_word' id='word_1_227' title='bbox 925 2853 1019 2909; x_wconf 88' lang='lat' dir='ltr'>ego</span> <span class='ocrx_word' id='word_1_228' title='bbox 1048 2851 1158 2902; x_wconf 88' lang='lat' dir='ltr'>vos,</span> <span class='ocrx_word' id='word_1_229' title='bbox 1199 2844 1304 2895; x_wconf 90' lang='lat' dir='ltr'>etc.</span> <span class='ocrx_word' id='word_1_230' title='bbox 1356 2836 1655 2892; x_wconf 90' lang='lat' dir='ltr'>Duodecim</span> <span class='ocrx_word' id='word_1_231' title='bbox 1700 2852 1806 2891; x_wconf 90' lang='lat' dir='ltr'>nu-</span> 
     </span>
    </p>
   </div>
   <div class='ocr_carea' id='block_1_31' title="bbox 212 2924 1808 2998">
    <p class='ocr_par' dir='ltr' id='par_1_31' title="bbox 212 2924 1808 2998">
     <span class='ocr_line' id='line_1_31' title="bbox 212 2924 1808 2998; baseline 0.001 -19"><span class='ocrx_word' id='word_1_232' title='bbox 212 2940 381 2980; x_wconf 86' lang='lat' dir='ltr'>merus</span> <span class='ocrx_word' id='word_1_233' title='bbox 414 2934 664 2982; x_wconf 90' lang='lat' dir='ltr'>sacratus</span> <span class='ocrx_word' id='word_1_234' title='bbox 701 2934 787 2981; x_wconf 89' lang='lat' dir='ltr'>est</span> <span class='ocrx_word' id='word_1_235' title='bbox 834 2927 927 2998; x_wconf 87' lang='lat' dir='ltr'>qui</span> <span class='ocrx_word' id='word_1_236' title='bbox 970 2934 1274 2997; x_wconf 88' lang='lat' dir='ltr'>permanet,</span> <span class='ocrx_word' id='word_1_237' title='bbox 1324 2926 1426 2981; x_wconf 88' lang='lat' dir='ltr'>etsi</span> <span class='ocrx_word' id='word_1_238' title='bbox 1469 2925 1638 2981; x_wconf 77' lang='lat' dir='ltr'>Iudas</span> <span class='ocrx_word' id='word_1_239' title='bbox 1681 2924 1808 2980; x_wconf 91' lang='lat' dir='ltr'>inde</span> 
     </span>
    </p>
   </div>
   <div class='ocr_carea' id='block_1_32' title="bbox 211 3013 1809 3087">
    <p class='ocr_par' dir='ltr' id='par_1_32' title="bbox 211 3013 1809 3087">
     <span class='ocr_line' id='line_1_32' title="bbox 211 3013 1809 3087; baseline -0.001 -19"><span class='ocrx_word' id='word_1_240' title='bbox 211 3014 352 3082; x_wconf 86' lang='lat' dir='ltr'>perit.</span> <span class='ocrx_word' id='word_1_241' title='bbox 381 3015 568 3087; x_wconf 85' lang='lat' dir='ltr'>Elegit</span> <span class='ocrx_word' id='word_1_242' title='bbox 600 3015 859 3070; x_wconf 89' lang='lat' dir='ltr'>undecim</span> <span class='ocrx_word' id='word_1_243' title='bbox 887 3016 955 3069; x_wconf 91' lang='lat' dir='ltr'>ad</span> <span class='ocrx_word' id='word_1_244' title='bbox 1004 3015 1458 3086; x_wconf 84' lang='lat' dir='ltr'>permanendum,</span> <span class='ocrx_word' id='word_1_245' title='bbox 1510 3013 1677 3087; x_wconf 83' lang='lat' dir='ltr'>elegit</span> <span class='ocrx_word' id='word_1_246' title='bbox 1718 3014 1809 3068; x_wconf 85' lang='lat' dir='ltr'>Ju-</span> 
     </span>
    </p>
   </div>
   <div class='ocr_carea' id='block_1_33' title="bbox 214 3100 1808 3175">
    <p class='ocr_par' dir='ltr' id='par_1_33' title="bbox 214 3100 1808 3175">
     <span class='ocr_line' id='line_1_33' title="bbox 214 3100 1808 3175; baseline 0.001 -20"><span class='ocrx_word' id='word_1_247' title='bbox 214 3100 327 3156; x_wconf 87' lang='lat' dir='ltr'>dam</span> <span class='ocrx_word' id='word_1_248' title='bbox 352 3111 413 3158; x_wconf 89' lang='lat' dir='ltr'>nt</span> <span class='ocrx_word' id='word_1_249' title='bbox 436 3119 538 3174; x_wconf 92' lang='lat' dir='ltr'>per</span> <span class='ocrx_word' id='word_1_250' title='bbox 568 3120 694 3159; x_wconf 89' lang='lat' dir='ltr'>eum</span> <span class='ocrx_word' id='word_1_251' title='bbox 724 3103 924 3159; x_wconf 78' lang='lat' dir='ltr'>divinae</span> <span class='ocrx_word' id='word_1_252' title='bbox 956 3103 1289 3175; x_wconf 89' lang='lat' dir='ltr'>dispensatio</span> <span class='ocrx_word' id='word_1_253' title='bbox 1320 3102 1707 3160; x_wconf 78' lang='lat' dir='ltr'>misericordiae</span> <span class='ocrx_word' id='word_1_254' title='bbox 1753 3102 1808 3156; x_wconf 91' lang='lat' dir='ltr'>in</span> 
     </span>
    </p>
   </div>
   <div class='ocr_carea' id='block_1_34' title="bbox 217 3190 1809 3263">
    <p class='ocr_par' dir='ltr' id='par_1_34' title="bbox 217 3190 1809 3263">
     <span class='ocr_line' id='line_1_34' title="bbox 217 3190 1809 3263; baseline 0.002 -20"><span class='ocrx_word' id='word_1_255' title='bbox 217 3190 434 3246; x_wconf 85' lang='lat' dir='ltr'>salutem</span> <span class='ocrx_word' id='word_1_256' title='bbox 462 3192 654 3246; x_wconf 87' lang='lat' dir='ltr'>mundi</span> <span class='ocrx_word' id='word_1_257' title='bbox 682 3191 1016 3263; x_wconf 89' lang='lat' dir='ltr'>impleretur,</span> <span class='ocrx_word' id='word_1_258' title='bbox 1050 3200 1210 3247; x_wconf 88' lang='lat' dir='ltr'>utens</span> <span class='ocrx_word' id='word_1_259' title='bbox 1236 3192 1383 3250; x_wconf 91' lang='lat' dir='ltr'>malo</span> <span class='ocrx_word' id='word_1_260' title='bbox 1405 3192 1477 3248; x_wconf 90' lang='lat' dir='ltr'>ad</span> <span class='ocrx_word' id='word_1_261' title='bbox 1504 3191 1727 3257; x_wconf 90' lang='lat' dir='ltr'>bonum,</span> <span class='ocrx_word' id='word_1_262' title='bbox 1751 3198 1809 3246; x_wconf 90' lang='lat' dir='ltr'>ut</span> 
     </span>
    </p>
   </div>
   <div class='ocr_carea' id='block_1_35' title="bbox 214 3278 1241 3337">
    <p class='ocr_par' dir='ltr' id='par_1_35' title="bbox 214 3278 1241 3337">
     <span class='ocr_line' id='line_1_35' title="bbox 214 3278 1241 3337; baseline 0.005 -6"><span class='ocrx_word' id='word_1_263' title='bbox 214 3278 327 3334; x_wconf 85' lang='lat' dir='ltr'>mali</span> <span class='ocrx_word' id='word_1_264' title='bbox 356 3287 580 3335; x_wconf 87' lang='lat' dir='ltr'>utuntur</span> <span class='ocrx_word' id='word_1_265' title='bbox 606 3280 768 3337; x_wconf 90' lang='lat' dir='ltr'>bonis</span> <span class='ocrx_word' id='word_1_266' title='bbox 796 3280 899 3336; x_wconf 89' lang='lat' dir='ltr'>Dei</span> <span class='ocrx_word' id='word_1_267' title='bbox 927 3281 997 3337; x_wconf 90' lang='lat' dir='ltr'>ad</span> <span class='ocrx_word' id='word_1_268' title='bbox 1024 3280 1241 3336; x_wconf 91' lang='lat' dir='ltr'>malum.</span> 
     </span>
    </p>
   </div>
   <div class='ocr_carea' id='block_1_36' title="bbox 821 3458 1198 3516">
    <p class='ocr_par' dir='ltr' id='par_1_36' title="bbox 821 3458 1198 3516">
     <span class='ocr_line' id='line_1_36' title="bbox 821 3458 1198 3516; baseline -0.003 -2"><span class='ocrx_word' id='word_1_269' title='bbox 821 3458 1043 3516; x_wconf 82' lang='lat' dir='ltr'><strong>CAPUT</strong></span> <span class='ocrx_word' id='word_1_270' title='bbox 1080 3459 1198 3514; x_wconf 86' lang='lat' dir='ltr'>VII.</span> 
     </span>
    </p>
   </div>
   <div class='ocr_carea' id='block_1_37' title="bbox 278 3633 1807 3694">
    <p class='ocr_par' dir='ltr' id='par_1_37' title="bbox 278 3633 1807 3694">
     <span class='ocr_line' id='line_1_37' title="bbox 278 3633 1807 3694; baseline -0.001 -3"><span class='ocrx_word' id='word_1_271' title='bbox 278 3633 445 3692; x_wconf 71' lang='lat' dir='ltr'>Vatis.</span> <span class='ocrx_word' id='word_1_272' title='bbox 482 3639 533 3692; x_wconf 83' lang='grc'>1.</span> <span class='ocrx_word' id='word_1_273' title='bbox 559 3666 631 3678; x_wconf 91' lang='lat'>-—</span> <span class='ocrx_word' id='word_1_274' title='bbox 651 3639 786 3694; x_wconf 84' lang='lat' dir='ltr'>Post</span> <span class='ocrx_word' id='word_1_275' title='bbox 814 3636 931 3693; x_wconf 62' lang='lat' dir='ltr'>hinc</span> <span class='ocrx_word' id='word_1_276' title='bbox 962 3641 1176 3694; x_wconf 84' lang='lat' dir='ltr'>autem.</span> <span class='ocrx_word' id='word_1_277' title='bbox 1229 3635 1496 3692; x_wconf 90' lang='lat' dir='ltr'>Dominus</span> <span class='ocrx_word' id='word_1_278' title='bbox 1537 3635 1593 3693; x_wconf 85' lang='lat' dir='ltr'>in</span> <span class='ocrx_word' id='word_1_279' title='bbox 1639 3650 1807 3691; x_wconf 90' lang='lat' dir='ltr'>carne</span> 
     </span>
    </p>
   </div>
   <div class='ocr_carea' id='block_1_38' title="bbox 212 3724 1807 3798">
    <p class='ocr_par' dir='ltr' id='par_1_38' title="bbox 212 3724 1807 3798">
     <span class='ocr_line' id='line_1_38' title="bbox 212 3724 1807 3798; baseline 0.001 -21"><span class='ocrx_word' id='word_1_280' title='bbox 212 3739 434 3780; x_wconf 88' lang='lat' dir='ltr'>manens</span> <span class='ocrx_word' id='word_1_281' title='bbox 464 3724 783 3798; x_wconf 90' lang='lat' dir='ltr'>frequenter</span> <span class='ocrx_word' id='word_1_282' title='bbox 810 3725 865 3780; x_wconf 91' lang='lat' dir='ltr'>in</span> <span class='ocrx_word' id='word_1_283' title='bbox 900 3726 1178 3782; x_wconf 67' lang='lat' dir='ltr'>Galilaeam</span> <span class='ocrx_word' id='word_1_284' title='bbox 1208 3725 1535 3794; x_wconf 86' lang='lat' dir='ltr'>ambulabat,</span> <span class='ocrx_word' id='word_1_285' title='bbox 1586 3732 1645 3780; x_wconf 93' lang='lat' dir='ltr'>ut</span> <span class='ocrx_word' id='word_1_286' title='bbox 1682 3740 1807 3779; x_wconf 91' lang='lat' dir='ltr'>eum</span> 
     </span>
    </p>
   </div>
   <div class='ocr_carea' id='block_1_39' title="bbox 215 3809 1807 3884">
    <p class='ocr_par' dir='ltr' id='par_1_39' title="bbox 215 3809 1807 3884">
     <span class='ocr_line' id='line_1_39' title="bbox 215 3809 1807 3884; baseline 0.004 -21"><span class='ocrx_word' id='word_1_287' title='bbox 215 3809 403 3869; x_wconf 86' lang='lat' dir='ltr'>imitari</span> <span class='ocrx_word' id='word_1_288' title='bbox 433 3814 703 3882; x_wconf 83' lang='lat' dir='ltr'>volentes,</span> <span class='ocrx_word' id='word_1_289' title='bbox 739 3814 808 3869; x_wconf 92' lang='lat' dir='ltr'>de</span> <span class='ocrx_word' id='word_1_290' title='bbox 844 3813 989 3868; x_wconf 78' lang='lat' dir='ltr'>vitiis</span> <span class='ocrx_word' id='word_1_291' title='bbox 1033 3814 1104 3868; x_wconf 90' lang='lat' dir='ltr'>ad</span> <span class='ocrx_word' id='word_1_292' title='bbox 1150 3814 1373 3869; x_wconf 84' lang='lat' dir='ltr'>virtutes</span> <span class='ocrx_word' id='word_1_293' title='bbox 1421 3811 1807 3884; x_wconf 87' lang='lat' dir='ltr'>transmigrare</span> 
     </span>
    </p>
   </div>
   <div class='ocr_carea' id='block_1_40' title="bbox 214 3900 1807 3976">
    <p class='ocr_par' dir='ltr' id='par_1_40' title="bbox 214 3900 1807 3976">
     <span class='ocr_line' id='line_1_40' title="bbox 214 3900 1807 3976; baseline 0.001 -22"><span class='ocrx_word' id='word_1_294' title='bbox 214 3900 414 3957; x_wconf 87' lang='lat' dir='ltr'>discant</span> <span class='ocrx_word' id='word_1_295' title='bbox 448 3920 461 3959; x_wconf 89' lang='lat'><strong>:</strong></span> <span class='ocrx_word' id='word_1_296' title='bbox 497 3903 647 3975; x_wconf 92' lang='lat' dir='ltr'>quod</span> <span class='ocrx_word' id='word_1_297' title='bbox 679 3902 768 3957; x_wconf 88' lang='lat' dir='ltr'>illa</span> <span class='ocrx_word' id='word_1_298' title='bbox 799 3901 1082 3976; x_wconf 85' lang='lat' dir='ltr'>ﬁgurabat.</span> <span class='ocrx_word' id='word_1_299' title='bbox 1134 3902 1235 3959; x_wconf 93' lang='lat' dir='ltr'>Vel</span> <span class='ocrx_word' id='word_1_300' title='bbox 1268 3910 1325 3956; x_wconf 92' lang='lat' dir='ltr'>ut</span> <span class='ocrx_word' id='word_1_301' title='bbox 1356 3902 1499 3957; x_wconf 91' lang='lat' dir='ltr'>illius</span> <span class='ocrx_word' id='word_1_302' title='bbox 1547 3901 1807 3973; x_wconf 84' lang='lat' dir='ltr'>temporis</span> 
     </span>
    </p>
   </div>
   <div class='ocr_carea' id='block_1_41' title="bbox 216 3991 1805 4065">
    <p class='ocr_par' dir='ltr' id='par_1_41' title="bbox 216 3991 1805 4065">
     <span class='ocr_line' id='line_1_41' title="bbox 216 3991 1805 4065; baseline 0.001 -22"><span class='ocrx_word' id='word_1_303' title='bbox 216 3992 373 4046; x_wconf 87' lang='lat' dir='ltr'>sancti</span> <span class='ocrx_word' id='word_1_304' title='bbox 401 3992 470 4047; x_wconf 93' lang='lat' dir='ltr'>de</span> <span class='ocrx_word' id='word_1_305' title='bbox 497 3992 685 4047; x_wconf 64' lang='lat' dir='ltr'>Iudaea</span> <span class='ocrx_word' id='word_1_306' title='bbox 717 3991 788 4047; x_wconf 90' lang='lat' dir='ltr'>ad</span> <span class='ocrx_word' id='word_1_307' title='bbox 817 3999 1010 4065; x_wconf 89' lang='lat' dir='ltr'>gentes</span> <span class='ocrx_word' id='word_1_308' title='bbox 1041 3991 1192 4048; x_wconf 91' lang='lat' dir='ltr'>verbi</span> <span class='ocrx_word' id='word_1_309' title='bbox 1223 3991 1323 4046; x_wconf 91' lang='lat' dir='ltr'>Dei</span> <span class='ocrx_word' id='word_1_310' title='bbox 1350 3991 1632 4049; x_wconf 79' lang='lat' dir='ltr'>transitum</span> <span class='ocrx_word' id='word_1_311' title='bbox 1677 4006 1805 4046; x_wconf 85' lang='lat' dir='ltr'>exs-</span> 
     </span>
    </p>
   </div>
   <div class='ocr_carea' id='block_1_42' title="bbox 212 4086 499 4146">
    <p class='ocr_par' dir='ltr' id='par_1_42' title="bbox 212 4086 499 4146">
     <span class='ocr_line' id='line_1_42' title="bbox 212 4086 499 4146; baseline -0.003 -11"><span class='ocrx_word' id='word_1_312' title='bbox 212 4086 499 4146; x_wconf 82' lang='lat' dir='ltr'>pectarent.</span> 
     </span>
    </p>
   </div>
   <div class='ocr_carea' id='block_1_43' title="bbox 279 4167 1809 4240">
    <p class='ocr_par' dir='ltr' id='par_1_43' title="bbox 279 4167 1809 4240">
     <span class='ocr_line' id='line_1_43' title="bbox 279 4167 1809 4240; baseline -0.001 -17"><span class='ocrx_word' id='word_1_313' title='bbox 279 4167 445 4225; x_wconf 68' lang='lat' dir='ltr'>Vrsas.</span> <span class='ocrx_word' id='word_1_314' title='bbox 476 4173 532 4227; x_wconf 85' lang='grc'>2.</span> <span class='ocrx_word' id='word_1_315' title='bbox 564 4198 637 4209; x_wconf 89' lang='grc'><strong>-</strong></span> <span class='ocrx_word' id='word_1_316' title='bbox 674 4171 805 4225; x_wconf 82' lang='lat' dir='ltr'>Dies</span> <span class='ocrx_word' id='word_1_317' title='bbox 856 4172 1056 4240; x_wconf 83' lang='lat' dir='ltr'>festus.</span> <span class='ocrx_word' id='word_1_318' title='bbox 1108 4169 1233 4224; x_wconf 91' lang='lat' dir='ltr'>Non</span> <span class='ocrx_word' id='word_1_319' title='bbox 1282 4169 1428 4240; x_wconf 91' lang='lat' dir='ltr'>quod</span> <span class='ocrx_word' id='word_1_320' title='bbox 1476 4184 1635 4238; x_wconf 88' lang='lat' dir='ltr'>unus,</span> <span class='ocrx_word' id='word_1_321' title='bbox 1685 4175 1809 4223; x_wconf 90' lang='lat' dir='ltr'>sunt</span> 
     </span>
    </p>
   </div>
   <div class='ocr_carea' id='block_1_44' title="bbox 216 4255 1808 4330">
    <p class='ocr_par' dir='ltr' id='par_1_44' title="bbox 216 4255 1808 4330">
     <span class='ocr_line' id='line_1_44' title="bbox 216 4255 1808 4330; baseline 0 -19"><span class='ocrx_word' id='word_1_322' title='bbox 216 4255 349 4311; x_wconf 88' lang='lat' dir='ltr'>enim</span> <span class='ocrx_word' id='word_1_323' title='bbox 381 4266 621 4329; x_wconf 90' lang='lat' dir='ltr'>septem,</span> <span class='ocrx_word' id='word_1_324' title='bbox 658 4258 756 4313; x_wconf 89' lang='lat' dir='ltr'>sed</span> <span class='ocrx_word' id='word_1_325' title='bbox 784 4274 937 4313; x_wconf 90' lang='lat' dir='ltr'>more</span> <span class='ocrx_word' id='word_1_326' title='bbox 970 4274 1160 4313; x_wconf 92' lang='lat' dir='ltr'>eorum</span> <span class='ocrx_word' id='word_1_327' title='bbox 1193 4264 1450 4330; x_wconf 90' lang='lat' dir='ltr'>quotquot</span> <span class='ocrx_word' id='word_1_328' title='bbox 1479 4265 1620 4326; x_wconf 91' lang='lat' dir='ltr'>sunt,</span> <span class='ocrx_word' id='word_1_329' title='bbox 1654 4255 1808 4329; x_wconf 90' lang='lat' dir='ltr'>quasi</span> 
     </span>
    </p>
   </div>
   <div class='ocr_carea' id='block_1_45' title="bbox 216 4346 1808 4417">
    <p class='ocr_par' dir='ltr' id='par_1_45' title="bbox 216 4346 1808 4417">
     <span class='ocr_line' id='line_1_45' title="bbox 216 4346 1808 4417; baseline 0.002 -19"><span class='ocrx_word' id='word_1_330' title='bbox 216 4360 346 4399; x_wconf 89' lang='lat' dir='ltr'>unus</span> <span class='ocrx_word' id='word_1_331' title='bbox 376 4347 630 4402; x_wconf 89' lang='lat' dir='ltr'>dicuntur</span> <span class='ocrx_word' id='word_1_332' title='bbox 671 4353 895 4417; x_wconf 88' lang='lat' dir='ltr'>propter</span> <span class='ocrx_word' id='word_1_333' title='bbox 942 4362 1104 4401; x_wconf 90' lang='lat' dir='ltr'>unam</span> <span class='ocrx_word' id='word_1_334' title='bbox 1150 4346 1496 4401; x_wconf 85' lang='lat' dir='ltr'>festivitatem</span> <span class='ocrx_word' id='word_1_335' title='bbox 1542 4361 1808 4416; x_wconf 90' lang='lat' dir='ltr'>scenope-</span> 
     </span>
    </p>
   </div>
   <div class='ocr_carea' id='block_1_46' title="bbox 214 4432 1806 4506">
    <p class='ocr_par' dir='ltr' id='par_1_46' title="bbox 214 4432 1806 4506">
     <span class='ocr_line' id='line_1_46' title="bbox 214 4432 1806 4506; baseline 0.001 -18"><span class='ocrx_word' id='word_1_336' title='bbox 214 4432 301 4504; x_wconf 84' lang='lat' dir='ltr'>gia</span> <span class='ocrx_word' id='word_1_337' title='bbox 327 4433 593 4490; x_wconf 79' lang='lat' dir='ltr'>festivitas</span> <span class='ocrx_word' id='word_1_338' title='bbox 636 4432 1133 4502; x_wconf 83' lang='lat' dir='ltr'>tabernaculorum,</span> <span class='ocrx_word' id='word_1_339' title='bbox 1186 4434 1314 4506; x_wconf 86' lang='lat' dir='ltr'>quia</span> <span class='ocrx_word' id='word_1_340' title='bbox 1354 4451 1544 4490; x_wconf 90' lang='lat' dir='ltr'>mense</span> <span class='ocrx_word' id='word_1_341' title='bbox 1576 4434 1806 4505; x_wconf 91' lang='lat' dir='ltr'>septimo</span> 
     </span>
    </p>
   </div>
   <div class='ocr_carea' id='block_1_47' title="bbox 1902 528 3510 600">
    <p class='ocr_par' dir='ltr' id='par_1_47' title="bbox 1902 528 3510 600">
     <span class='ocr_line' id='line_1_47' title="bbox 1902 528 3510 600; baseline 0.001 -16"><span class='ocrx_word' id='word_1_342' title='bbox 1902 529 2028 584; x_wconf 89' lang='lat' dir='ltr'>dam</span> <span class='ocrx_word' id='word_1_343' title='bbox 2059 530 2243 585; x_wconf 92' lang='lat' dir='ltr'>dicunt</span> <span class='ocrx_word' id='word_1_344' title='bbox 2271 531 2375 584; x_wconf 90' lang='lat' dir='ltr'>hoc</span> <span class='ocrx_word' id='word_1_345' title='bbox 2419 530 2489 584; x_wconf 92' lang='lat' dir='ltr'>ad</span> <span class='ocrx_word' id='word_1_346' title='bbox 2516 528 2831 600; x_wconf 87' lang='lat' dir='ltr'>passionem</span> <span class='ocrx_word' id='word_1_347' title='bbox 2880 529 3174 599; x_wconf 87' lang='lat' dir='ltr'>pertinere,</span> <span class='ocrx_word' id='word_1_348' title='bbox 3229 529 3358 600; x_wconf 85' lang='lat' dir='ltr'>quia</span> <span class='ocrx_word' id='word_1_349' title='bbox 3400 546 3510 585; x_wconf 89' lang='lat' dir='ltr'>non</span> 
     </span>
    </p>
   </div>
   <div class='ocr_carea' id='block_1_48' title="bbox 1903 616 3509 691">
    <p class='ocr_par' dir='ltr' id='par_1_48' title="bbox 1903 616 3509 691">
     <span class='ocr_line' id='line_1_48' title="bbox 1903 616 3509 691; baseline 0 -19"><span class='ocrx_word' id='word_1_350' title='bbox 1903 616 1959 672; x_wconf 90' lang='lat' dir='ltr'>in</span> <span class='ocrx_word' id='word_1_351' title='bbox 1994 616 2287 672; x_wconf 86' lang='lat' dir='ltr'>festivitate</span> <span class='ocrx_word' id='word_1_352' title='bbox 2318 617 2684 690; x_wconf 66' lang='lat' dir='ltr'>scenopegiaa,</span> <span class='ocrx_word' id='word_1_353' title='bbox 2715 617 2811 672; x_wconf 91' lang='lat' dir='ltr'>sed</span> <span class='ocrx_word' id='word_1_354' title='bbox 2841 616 2897 671; x_wconf 90' lang='lat' dir='ltr'>in</span> <span class='ocrx_word' id='word_1_355' title='bbox 2926 616 3170 688; x_wconf 89' lang='lat' dir='ltr'>paschali</span> <span class='ocrx_word' id='word_1_356' title='bbox 3195 633 3299 689; x_wconf 89' lang='lat' dir='ltr'>qua</span> <span class='ocrx_word' id='word_1_357' title='bbox 3330 632 3509 691; x_wconf 88' lang='lat' dir='ltr'>agnus</span> 
     </span>
    </p>
   </div>
   <div class='ocr_carea' id='block_1_49' title="bbox 1904 706 2809 776">
    <p class='ocr_par' dir='ltr' id='par_1_49' title="bbox 1904 706 2809 776">
     <span class='ocr_line' id='line_1_49' title="bbox 1904 706 2809 776; baseline -0.002 -14"><span class='ocrx_word' id='word_1_358' title='bbox 1904 707 2079 762; x_wconf 89' lang='lat' dir='ltr'>occidi</span> <span class='ocrx_word' id='word_1_359' title='bbox 2108 706 2264 776; x_wconf 90' lang='lat' dir='ltr'>solet,</span> <span class='ocrx_word' id='word_1_360' title='bbox 2297 722 2513 762; x_wconf 91' lang='lat' dir='ltr'>crucem</span> <span class='ocrx_word' id='word_1_361' title='bbox 2545 706 2809 761; x_wconf 85' lang='lat' dir='ltr'>ascendit.</span> 
     </span>
    </p>
   </div>
   <div class='ocr_carea' id='block_1_50' title="bbox 1977 794 3512 866">
    <p class='ocr_par' dir='ltr' id='par_1_50' title="bbox 1977 794 3512 866">
     <span class='ocr_line' id='line_1_50' title="bbox 1977 794 3512 866; baseline 0 -16"><span class='ocrx_word' id='word_1_362' title='bbox 1977 795 2147 850; x_wconf 71' lang='lat' dir='ltr'>Vens.</span> <span class='ocrx_word' id='word_1_363' title='bbox 2179 798 2265 850; x_wconf 82' lang='grc'><strong>10.</strong></span> <span class='ocrx_word' id='word_1_364' title='bbox 2299 797 2507 851; x_wconf 80' lang='grc' dir='ltr'>-Νοη</span> <span class='ocrx_word' id='word_1_365' title='bbox 2536 798 2863 866; x_wconf 79' lang='lat' dir='ltr'>manifeste,</span> <span class='ocrx_word' id='word_1_366' title='bbox 2907 802 3012 850; x_wconf 90' lang='lat' dir='ltr'>etc.</span> <span class='ocrx_word' id='word_1_367' title='bbox 3051 794 3253 865; x_wconf 89' lang='lat' dir='ltr'>Typice</span> <span class='ocrx_word' id='word_1_368' title='bbox 3289 812 3303 849; x_wconf 93' lang='lat'><strong>:</strong></span> <span class='ocrx_word' id='word_1_369' title='bbox 3333 794 3512 850; x_wconf 88' lang='lat' dir='ltr'>Chris-</span> 
     </span>
    </p>
   </div>
   <div class='ocr_carea' id='block_1_51' title="bbox 1906 882 3511 954">
    <p class='ocr_par' dir='ltr' id='par_1_51' title="bbox 1906 882 3511 954">
     <span class='ocr_line' id='line_1_51' title="bbox 1906 882 3511 954; baseline 0.001 -17"><span class='ocrx_word' id='word_1_370' title='bbox 1906 891 1991 938; x_wconf 87' lang='lat' dir='ltr'>tus</span> <span class='ocrx_word' id='word_1_371' title='bbox 2020 883 2265 939; x_wconf 90' lang='lat' dir='ltr'>occultus</span> <span class='ocrx_word' id='word_1_372' title='bbox 2295 883 2540 938; x_wconf 89' lang='lat' dir='ltr'>ascendit</span> <span class='ocrx_word' id='word_1_373' title='bbox 2571 884 2627 937; x_wconf 93' lang='lat' dir='ltr'>in</span> <span class='ocrx_word' id='word_1_374' title='bbox 2660 883 3030 950; x_wconf 85' lang='lat' dir='ltr'>festivitatem,</span> <span class='ocrx_word' id='word_1_375' title='bbox 3087 884 3214 954; x_wconf 90' lang='lat' dir='ltr'>quia</span> <span class='ocrx_word' id='word_1_376' title='bbox 3253 882 3308 937; x_wconf 91' lang='lat' dir='ltr'>in</span> <span class='ocrx_word' id='word_1_377' title='bbox 3338 884 3511 938; x_wconf 91' lang='lat' dir='ltr'>omni-</span> 
     </span>
    </p>
   </div>
   <div class='ocr_carea' id='block_1_52' title="bbox 1908 970 3512 1044">
    <p class='ocr_par' dir='ltr' id='par_1_52' title="bbox 1908 970 3512 1044">
     <span class='ocr_line' id='line_1_52' title="bbox 1908 970 3512 1044; baseline 0.002 -19"><span class='ocrx_word' id='word_1_378' title='bbox 1908 973 2010 1027; x_wconf 90' lang='lat' dir='ltr'>bus</span> <span class='ocrx_word' id='word_1_379' title='bbox 2040 972 2147 1026; x_wconf 90' lang='lat' dir='ltr'>illis</span> <span class='ocrx_word' id='word_1_380' title='bbox 2176 970 2492 1044; x_wconf 83' lang='lat' dir='ltr'>figuralibus</span> <span class='ocrx_word' id='word_1_381' title='bbox 2522 972 2677 1026; x_wconf 88' lang='lat' dir='ltr'>latuit</span> <span class='ocrx_word' id='word_1_382' title='bbox 2709 972 2801 1043; x_wconf 88' lang='lat' dir='ltr'>qui</span> <span class='ocrx_word' id='word_1_383' title='bbox 2848 972 3012 1027; x_wconf 90' lang='lat' dir='ltr'>modo</span> <span class='ocrx_word' id='word_1_384' title='bbox 3060 979 3143 1027; x_wconf 88' lang='lat' dir='ltr'>est</span> <span class='ocrx_word' id='word_1_385' title='bbox 3186 972 3512 1028; x_wconf 89' lang='lat' dir='ltr'>manifestus</span> 
     </span>
    </p>
   </div>
   <div class='ocr_carea' id='block_1_53' title="bbox 1907 1060 3506 1132">
    <p class='ocr_par' dir='ltr' id='par_1_53' title="bbox 1907 1060 3506 1132">
     <span class='ocr_line' id='line_1_53' title="bbox 1907 1060 3506 1132; baseline -0.001 -15"><span class='ocrx_word' id='word_1_386' title='bbox 1907 1062 2085 1117; x_wconf 90' lang='lat' dir='ltr'>nobis.</span> <span class='ocrx_word' id='word_1_387' title='bbox 2119 1062 2187 1115; x_wconf 89' lang='lat' dir='ltr'>Et</span> <span class='ocrx_word' id='word_1_388' title='bbox 2217 1061 2363 1132; x_wconf 90' lang='lat' dir='ltr'>quod</span> <span class='ocrx_word' id='word_1_389' title='bbox 2394 1060 2569 1126; x_wconf 87' lang='lat' dir='ltr'>latuit,</span> <span class='ocrx_word' id='word_1_390' title='bbox 2604 1061 2913 1131; x_wconf 86' lang='lat' dir='ltr'>exemplum</span> <span class='ocrx_word' id='word_1_391' title='bbox 2944 1068 3027 1116; x_wconf 89' lang='lat' dir='ltr'>est</span> <span class='ocrx_word' id='word_1_392' title='bbox 3053 1060 3254 1115; x_wconf 88' lang='lat' dir='ltr'>vitandi</span> <span class='ocrx_word' id='word_1_393' title='bbox 3281 1061 3458 1116; x_wconf 90' lang='lat' dir='ltr'>malos</span> <span class='ocrx_word' id='word_1_394' title='bbox 3492 1078 3506 1115; x_wconf 91' lang='lat'>:</span> 
     </span>
    </p>
   </div>
   <div class='ocr_carea' id='block_1_54' title="bbox 1908 1149 3505 1222">
    <p class='ocr_par' dir='ltr' id='par_1_54' title="bbox 1908 1149 3505 1222">
     <span class='ocr_line' id='line_1_54' title="bbox 1908 1149 3505 1222; baseline 0.001 -19"><span class='ocrx_word' id='word_1_395' title='bbox 1908 1150 2051 1220; x_wconf 88' lang='lat' dir='ltr'>quod</span> <span class='ocrx_word' id='word_1_396' title='bbox 2082 1149 2266 1220; x_wconf 89' lang='lat' dir='ltr'>palam</span> <span class='ocrx_word' id='word_1_397' title='bbox 2294 1149 2534 1219; x_wconf 88' lang='lat' dir='ltr'>loquitur</span> <span class='ocrx_word' id='word_1_398' title='bbox 2563 1157 2616 1204; x_wconf 92' lang='lat' dir='ltr'>et</span> <span class='ocrx_word' id='word_1_399' title='bbox 2645 1165 2755 1204; x_wconf 90' lang='lat' dir='ltr'>non</span> <span class='ocrx_word' id='word_1_400' title='bbox 2784 1157 2998 1205; x_wconf 88' lang='lat' dir='ltr'>tenetur</span> <span class='ocrx_word' id='word_1_401' title='bbox 3017 1150 3088 1205; x_wconf 89' lang='lat' dir='ltr'>ab</span> <span class='ocrx_word' id='word_1_402' title='bbox 3113 1150 3205 1204; x_wconf 91' lang='lat' dir='ltr'>his</span> <span class='ocrx_word' id='word_1_403' title='bbox 3235 1150 3327 1221; x_wconf 88' lang='lat' dir='ltr'>qui</span> <span class='ocrx_word' id='word_1_404' title='bbox 3357 1166 3505 1222; x_wconf 74' lang='lat' dir='ltr'>quae-</span> 
     </span>
    </p>
   </div>
   <div class='ocr_carea' id='block_1_55' title="bbox 1910 1237 2579 1308">
    <p class='ocr_par' dir='ltr' id='par_1_55' title="bbox 1910 1237 2579 1308">
     <span class='ocr_line' id='line_1_55' title="bbox 1910 1237 2579 1308; baseline 0.003 -17"><span class='ocrx_word' id='word_1_405' title='bbox 1910 1238 2124 1307; x_wconf 88' lang='lat' dir='ltr'>rebant,</span> <span class='ocrx_word' id='word_1_406' title='bbox 2157 1237 2439 1308; x_wconf 88' lang='lat' dir='ltr'>potestatis</span> <span class='ocrx_word' id='word_1_407' title='bbox 2478 1246 2579 1293; x_wconf 91' lang='lat' dir='ltr'>est.</span> 
     </span>
    </p>
   </div>
   <div class='ocr_carea' id='block_1_56' title="bbox 1981 1326 3506 1399">
    <p class='ocr_par' dir='ltr' id='par_1_56' title="bbox 1981 1326 3506 1399">
     <span class='ocr_line' id='line_1_56' title="bbox 1981 1326 3506 1399; baseline 0.001 -18"><span class='ocrx_word' id='word_1_408' title='bbox 1981 1327 2152 1382; x_wconf 71' lang='lat' dir='ltr'>Vens.</span> <span class='ocrx_word' id='word_1_409' title='bbox 2190 1329 2276 1383; x_wconf 81' lang='grc'><strong>16.</strong></span> <span class='ocrx_word' id='word_1_410' title='bbox 2299 1357 2368 1367; x_wconf 91' lang='grc'><strong>-</strong></span> <span class='ocrx_word' id='word_1_411' title='bbox 2396 1327 2703 1399; x_wconf 78' lang='lat' dir='ltr'>Respondit</span> <span class='ocrx_word' id='word_1_412' title='bbox 2732 1328 2812 1383; x_wconf 86' lang='lat' dir='ltr'>eis</span> <span class='ocrx_word' id='word_1_413' title='bbox 2836 1345 2853 1382; x_wconf 90' lang='lat'><strong><em>:</em></strong></span> <span class='ocrx_word' id='word_1_414' title='bbox 2875 1328 2990 1383; x_wconf 85' lang='lat' dir='ltr'>Mea</span> <span class='ocrx_word' id='word_1_415' title='bbox 3019 1327 3299 1396; x_wconf 80' lang='lat' dir='ltr'>doctrina,</span> <span class='ocrx_word' id='word_1_416' title='bbox 3323 1326 3506 1383; x_wconf 76' lang='lat' dir='ltr'>homi-</span> 
     </span>
    </p>
   </div>
   <div class='ocr_carea' id='block_1_57' title="bbox 1910 1415 3509 1486">
    <p class='ocr_par' dir='ltr' id='par_1_57' title="bbox 1910 1415 3509 1486">
     <span class='ocr_line' id='line_1_57' title="bbox 1910 1415 3509 1486; baseline 0.001 -16"><span class='ocrx_word' id='word_1_417' title='bbox 1910 1415 2014 1483; x_wconf 89' lang='lat' dir='ltr'>nis,</span> <span class='ocrx_word' id='word_1_418' title='bbox 2047 1432 2165 1470; x_wconf 89' lang='lat' dir='ltr'>non</span> <span class='ocrx_word' id='word_1_419' title='bbox 2194 1420 2279 1471; x_wconf 87' lang='lat' dir='ltr'>est</span> <span class='ocrx_word' id='word_1_420' title='bbox 2307 1432 2454 1483; x_wconf 86' lang='lat' dir='ltr'>mea,</span> <span class='ocrx_word' id='word_1_421' title='bbox 2488 1415 2586 1470; x_wconf 90' lang='lat' dir='ltr'>sed</span> <span class='ocrx_word' id='word_1_422' title='bbox 2617 1415 2736 1470; x_wconf 90' lang='lat' dir='ltr'>Dei.</span> <span class='ocrx_word' id='word_1_423' title='bbox 2760 1415 2859 1470; x_wconf 92' lang='lat' dir='ltr'>Vel</span> <span class='ocrx_word' id='word_1_424' title='bbox 2889 1415 3017 1486; x_wconf 89' lang='lat' dir='ltr'>quia</span> <span class='ocrx_word' id='word_1_425' title='bbox 3034 1431 3146 1471; x_wconf 90' lang='lat' dir='ltr'>non</span> <span class='ocrx_word' id='word_1_426' title='bbox 3174 1424 3256 1471; x_wconf 91' lang='lat' dir='ltr'>est</span> <span class='ocrx_word' id='word_1_427' title='bbox 3283 1417 3509 1471; x_wconf 88' lang='lat' dir='ltr'>verbum</span> 
     </span>
    </p>
   </div>
   <div class='ocr_carea' id='block_1_58' title="bbox 1911 1503 3508 1575">
    <p class='ocr_par' dir='ltr' id='par_1_58' title="bbox 1911 1503 3508 1575">
     <span class='ocr_line' id='line_1_58' title="bbox 1911 1503 3508 1575; baseline 0.002 -18"><span class='ocrx_word' id='word_1_428' title='bbox 1911 1503 2128 1574; x_wconf 90' lang='lat' dir='ltr'>nullius,</span> <span class='ocrx_word' id='word_1_429' title='bbox 2162 1504 2255 1558; x_wconf 91' lang='lat' dir='ltr'>sed</span> <span class='ocrx_word' id='word_1_430' title='bbox 2288 1504 2519 1572; x_wconf 89' lang='lat' dir='ltr'>alicujus</span> <span class='ocrx_word' id='word_1_431' title='bbox 2548 1504 2790 1559; x_wconf 90' lang='lat' dir='ltr'>doctrina</span> <span class='ocrx_word' id='word_1_432' title='bbox 2821 1503 2957 1572; x_wconf 87' lang='lat' dir='ltr'>ejus,</span> <span class='ocrx_word' id='word_1_433' title='bbox 3001 1504 3057 1558; x_wconf 94' lang='lat' dir='ltr'>id</span> <span class='ocrx_word' id='word_1_434' title='bbox 3106 1512 3189 1559; x_wconf 92' lang='lat' dir='ltr'>est</span> <span class='ocrx_word' id='word_1_435' title='bbox 3218 1504 3335 1575; x_wconf 91' lang='lat' dir='ltr'>ipse</span> <span class='ocrx_word' id='word_1_436' title='bbox 3382 1519 3508 1560; x_wconf 33' lang='lat' dir='ltr'>vera</span> 
     </span>
    </p>
   </div>
   <div class='ocr_carea' id='block_1_59' title="bbox 1913 1592 3505 1663">
    <p class='ocr_par' dir='ltr' id='par_1_59' title="bbox 1913 1592 3505 1663">
     <span class='ocr_line' id='line_1_59' title="bbox 1913 1592 3505 1663; baseline 0.002 -18"><span class='ocrx_word' id='word_1_437' title='bbox 1913 1592 2061 1660; x_wconf 89' lang='lat' dir='ltr'>bum,</span> <span class='ocrx_word' id='word_1_438' title='bbox 2096 1592 2345 1648; x_wconf 88' lang='lat' dir='ltr'>doctrina</span> <span class='ocrx_word' id='word_1_439' title='bbox 2376 1592 2490 1661; x_wconf 91' lang='lat' dir='ltr'>ejus</span> <span class='ocrx_word' id='word_1_440' title='bbox 2521 1609 2630 1647; x_wconf 91' lang='lat' dir='ltr'>non</span> <span class='ocrx_word' id='word_1_441' title='bbox 2660 1600 2746 1647; x_wconf 90' lang='lat' dir='ltr'>est</span> <span class='ocrx_word' id='word_1_442' title='bbox 2774 1609 2889 1661; x_wconf 92' lang='lat' dir='ltr'>sua,</span> <span class='ocrx_word' id='word_1_443' title='bbox 2926 1593 3024 1647; x_wconf 91' lang='lat' dir='ltr'>sed</span> <span class='ocrx_word' id='word_1_444' title='bbox 3052 1593 3169 1661; x_wconf 89' lang='lat' dir='ltr'>ejus</span> <span class='ocrx_word' id='word_1_445' title='bbox 3190 1607 3223 1647; x_wconf 88' lang='lat' dir='ltr'>a</span> <span class='ocrx_word' id='word_1_446' title='bbox 3245 1607 3352 1663; x_wconf 90' lang='lat' dir='ltr'>quo</span> <span class='ocrx_word' id='word_1_447' title='bbox 3383 1602 3505 1648; x_wconf 88' lang='lat' dir='ltr'>est:</span> 
     </span>
    </p>
   </div>
   <div class='ocr_carea' id='block_1_60' title="bbox 1914 1681 3508 1753">
    <p class='ocr_par' dir='ltr' id='par_1_60' title="bbox 1914 1681 3508 1753">
     <span class='ocr_line' id='line_1_60' title="bbox 1914 1681 3508 1753; baseline 0.002 -19"><span class='ocrx_word' id='word_1_448' title='bbox 1914 1682 2060 1752; x_wconf 92' lang='lat' dir='ltr'>quod</span> <span class='ocrx_word' id='word_1_449' title='bbox 2091 1690 2190 1736; x_wconf 90' lang='lat' dir='ltr'>est.</span> <span class='ocrx_word' id='word_1_450' title='bbox 2222 1682 2343 1752; x_wconf 88' lang='lat' dir='ltr'>Ego</span> <span class='ocrx_word' id='word_1_451' title='bbox 2373 1697 2483 1736; x_wconf 88' lang='lat' dir='ltr'>non</span> <span class='ocrx_word' id='word_1_452' title='bbox 2511 1698 2630 1735; x_wconf 91' lang='lat' dir='ltr'>sum</span> <span class='ocrx_word' id='word_1_453' title='bbox 2660 1697 2692 1735; x_wconf 91' lang='lat' dir='ltr'>a</span> <span class='ocrx_word' id='word_1_454' title='bbox 2720 1681 2948 1751; x_wconf 90' lang='lat' dir='ltr'>meipso.</span> <span class='ocrx_word' id='word_1_455' title='bbox 2990 1683 3058 1741; x_wconf 86' lang='lat' dir='ltr'>Et</span> <span class='ocrx_word' id='word_1_456' title='bbox 3086 1681 3212 1753; x_wconf 88' lang='lat' dir='ltr'>quia</span> <span class='ocrx_word' id='word_1_457' title='bbox 3243 1683 3347 1737; x_wconf 93' lang='lat' dir='ltr'>hoc</span> <span class='ocrx_word' id='word_1_458' title='bbox 3373 1698 3508 1753; x_wconf 90' lang='lat' dir='ltr'>pro-</span> 
     </span>
    </p>
   </div>
   <div class='ocr_carea' id='block_1_61' title="bbox 1835 1768 3505 1858">
    <p class='ocr_par' dir='ltr' id='par_1_61' title="bbox 1835 1768 3505 1858">
     <span class='ocr_line' id='line_1_61' title="bbox 1835 1768 3505 1858; baseline 0.001 -34"><span class='ocrx_word' id='word_1_459' title='bbox 1835 1798 1889 1858; x_wconf 86' lang='lat' dir='ltr'>B</span> <span class='ocrx_word' id='word_1_460' title='bbox 1914 1768 2139 1825; x_wconf 81' lang='lat' dir='ltr'>fundum</span> <span class='ocrx_word' id='word_1_461' title='bbox 2169 1770 2300 1825; x_wconf 90' lang='lat' dir='ltr'>vidit</span> <span class='ocrx_word' id='word_1_462' title='bbox 2330 1786 2439 1825; x_wconf 91' lang='lat' dir='ltr'>non</span> <span class='ocrx_word' id='word_1_463' title='bbox 2468 1786 2659 1825; x_wconf 90' lang='lat' dir='ltr'>omnes</span> <span class='ocrx_word' id='word_1_464' title='bbox 2685 1770 3077 1839; x_wconf 90' lang='lat' dir='ltr'>intellecturos,</span> <span class='ocrx_word' id='word_1_465' title='bbox 3122 1770 3271 1858; x_wconf 85' lang='lat' dir='ltr'>dedit</span> <span class='ocrx_word' id='word_1_466' title='bbox 3318 1771 3505 1826; x_wconf 89' lang='lat' dir='ltr'>consi—</span> 
     </span>
    </p>
   </div>
   <div class='ocr_carea' id='block_1_62' title="bbox 1911 1852 3507 1931">
    <p class='ocr_par' dir='ltr' id='par_1_62' title="bbox 1911 1852 3507 1931">
     <span class='ocr_line' id='line_1_62' title="bbox 1911 1852 3507 1931; baseline 0.001 -19"><span class='ocrx_word' id='word_1_467' title='bbox 1911 1859 2042 1913; x_wconf 91' lang='lat' dir='ltr'>lium</span> <span class='ocrx_word' id='word_1_468' title='bbox 2075 1876 2088 1913; x_wconf 92' lang='lat'><strong>:</strong></span> <span class='ocrx_word' id='word_1_469' title='bbox 2123 1858 2179 1913; x_wconf 91' lang='lat' dir='ltr'>Si</span> <span class='ocrx_word' id='word_1_470' title='bbox 2226 1859 2309 1914; x_wconf 94' lang='lat' dir='ltr'>vis</span> <span class='ocrx_word' id='word_1_471' title='bbox 2357 1859 2684 1929; x_wconf 82' lang='lat' dir='ltr'>intelligere,</span> <span class='ocrx_word' id='word_1_472' title='bbox 2719 1860 2905 1914; x_wconf 88' lang='lat' dir='ltr'>crede.</span> <span class='ocrx_word' id='word_1_473' title='bbox 2954 1860 3071 1915; x_wconf 86' lang='lat' dir='ltr'>Hoc</span> <span class='ocrx_word' id='word_1_474' title='bbox 3118 1852 3245 1913; x_wconf 86' lang='lat' dir='ltr'>est:</span> <span class='ocrx_word' id='word_1_475' title='bbox 3282 1860 3339 1915; x_wconf 89' lang='lat' dir='ltr'>Si</span> <span class='ocrx_word' id='word_1_476' title='bbox 3386 1860 3507 1931; x_wconf 88' lang='lat' dir='ltr'>quis</span> 
     </span>
    </p>
   </div>
   <div class='ocr_carea' id='block_1_63' title="bbox 1908 1946 3507 2019">
    <p class='ocr_par' dir='ltr' id='par_1_63' title="bbox 1908 1946 3507 2019">
     <span class='ocr_line' id='line_1_63' title="bbox 1908 1946 3507 2019; baseline -0.001 -16"><span class='ocrx_word' id='word_1_477' title='bbox 1908 1947 2082 2004; x_wconf 91' lang='lat' dir='ltr'>credit</span> <span class='ocrx_word' id='word_1_478' title='bbox 2106 1962 2194 2002; x_wconf 91' lang='lat' dir='ltr'>me</span> <span class='ocrx_word' id='word_1_479' title='bbox 2225 1946 2420 2001; x_wconf 89' lang='lat' dir='ltr'>Filium</span> <span class='ocrx_word' id='word_1_480' title='bbox 2450 1947 2570 2012; x_wconf 88' lang='lat' dir='ltr'>Dei,</span> <span class='ocrx_word' id='word_1_481' title='bbox 2606 1954 2905 2019; x_wconf 86' lang='lat' dir='ltr'>cognoscet</span> <span class='ocrx_word' id='word_1_482' title='bbox 2926 1948 2993 2001; x_wconf 91' lang='lat' dir='ltr'>de</span> <span class='ocrx_word' id='word_1_483' title='bbox 3015 1947 3284 2014; x_wconf 89' lang='lat' dir='ltr'>doctrina,</span> <span class='ocrx_word' id='word_1_484' title='bbox 3317 1947 3373 2002; x_wconf 93' lang='lat' dir='ltr'>id</span> <span class='ocrx_word' id='word_1_485' title='bbox 3405 1955 3507 2015; x_wconf 92' lang='lat' dir='ltr'>est,</span> 
     </span>
    </p>
   </div>
   <div class='ocr_carea' id='block_1_64' title="bbox 1906 2035 3201 2108">
    <p class='ocr_par' dir='ltr' id='par_1_64' title="bbox 1906 2035 3201 2108">
     <span class='ocr_line' id='line_1_64' title="bbox 1906 2035 3201 2108; baseline 0.002 -19"><span class='ocrx_word' id='word_1_486' title='bbox 1906 2035 2170 2108; x_wconf 90' lang='lat' dir='ltr'>intelliget</span> <span class='ocrx_word' id='word_1_487' title='bbox 2201 2036 2345 2107; x_wconf 92' lang='lat' dir='ltr'>quod</span> <span class='ocrx_word' id='word_1_488' title='bbox 2376 2035 2626 2092; x_wconf 89' lang='lat' dir='ltr'>doctrina</span> <span class='ocrx_word' id='word_1_489' title='bbox 2653 2052 2779 2090; x_wconf 88' lang='lat' dir='ltr'>mea</span> <span class='ocrx_word' id='word_1_490' title='bbox 2808 2052 2918 2091; x_wconf 92' lang='lat' dir='ltr'>non</span> <span class='ocrx_word' id='word_1_491' title='bbox 2947 2044 3029 2091; x_wconf 90' lang='lat' dir='ltr'>est</span> <span class='ocrx_word' id='word_1_492' title='bbox 3057 2051 3201 2091; x_wconf 90' lang='lat' dir='ltr'>mea.</span> 
     </span>
    </p>
   </div>
   <div class='ocr_carea' id='block_1_65' title="bbox 1978 2124 3510 2197">
    <p class='ocr_par' dir='ltr' id='par_1_65' title="bbox 1978 2124 3510 2197">
     <span class='ocr_line' id='line_1_65' title="bbox 1978 2124 3510 2197; baseline -0.001 -16"><span class='ocrx_word' id='word_1_493' title='bbox 1978 2126 2149 2181; x_wconf 68' lang='lat' dir='ltr'>Vens.</span> <span class='ocrx_word' id='word_1_494' title='bbox 2194 2128 2282 2179; x_wconf 81' lang='grc'><strong>18.</strong></span> <span class='ocrx_word' id='word_1_495' title='bbox 2318 2155 2388 2164; x_wconf 91' lang='lat'><strong><em>—</em></strong></span> <span class='ocrx_word' id='word_1_496' title='bbox 2425 2126 2591 2193; x_wconf 84' lang='lat' dir='ltr'>Quia</span> <span class='ocrx_word' id='word_1_497' title='bbox 2621 2126 2942 2197; x_wconf 82' lang='lat' dir='ltr'>semetipso.</span> <span class='ocrx_word' id='word_1_498' title='bbox 2992 2124 3358 2180; x_wconf 83' lang='lat' dir='ltr'>Antichristus</span> <span class='ocrx_word' id='word_1_499' title='bbox 3398 2138 3510 2180; x_wconf 91' lang='lat' dir='ltr'>non</span> 
     </span>
    </p>
   </div>
   <div class='ocr_carea' id='block_1_66' title="bbox 1906 2213 3510 2287">
    <p class='ocr_par' dir='ltr' id='par_1_66' title="bbox 1906 2213 3510 2287">
     <span class='ocr_line' id='line_1_66' title="bbox 1906 2213 3510 2287; baseline -0.001 -18"><span class='ocrx_word' id='word_1_500' title='bbox 1906 2221 1990 2269; x_wconf 90' lang='lat' dir='ltr'>est</span> <span class='ocrx_word' id='word_1_501' title='bbox 2017 2229 2201 2280; x_wconf 87' lang='lat' dir='ltr'>verax,</span> <span class='ocrx_word' id='word_1_502' title='bbox 2226 2221 2279 2268; x_wconf 91' lang='lat' dir='ltr'>et</span> <span class='ocrx_word' id='word_1_503' title='bbox 2299 2213 2560 2282; x_wconf 87' lang='lat' dir='ltr'>injustitia</span> <span class='ocrx_word' id='word_1_504' title='bbox 2590 2213 2647 2267; x_wconf 92' lang='lat' dir='ltr'>in</span> <span class='ocrx_word' id='word_1_505' title='bbox 2676 2214 2769 2269; x_wconf 92' lang='lat' dir='ltr'>illo</span> <span class='ocrx_word' id='word_1_506' title='bbox 2790 2221 2891 2282; x_wconf 89' lang='lat' dir='ltr'>est,</span> <span class='ocrx_word' id='word_1_507' title='bbox 2917 2214 3044 2285; x_wconf 89' lang='lat' dir='ltr'>quia</span> <span class='ocrx_word' id='word_1_508' title='bbox 3064 2214 3256 2285; x_wconf 56' lang='lat' dir='ltr'>quaerit</span> <span class='ocrx_word' id='word_1_509' title='bbox 3276 2214 3510 2287; x_wconf 88' lang='lat' dir='ltr'>gloriam</span> 
     </span>
    </p>
   </div>
   <div class='ocr_carea' id='block_1_67' title="bbox 1906 2302 3509 2374">
    <p class='ocr_par' dir='ltr' id='par_1_67' title="bbox 1906 2302 3509 2374">
     <span class='ocr_line' id='line_1_67' title="bbox 1906 2302 3509 2374; baseline 0 -16"><span class='ocrx_word' id='word_1_510' title='bbox 1906 2319 2081 2369; x_wconf 88' lang='lat' dir='ltr'>suam,</span> <span class='ocrx_word' id='word_1_511' title='bbox 2113 2319 2225 2358; x_wconf 90' lang='lat' dir='ltr'>non</span> <span class='ocrx_word' id='word_1_512' title='bbox 2252 2302 2371 2372; x_wconf 91' lang='lat' dir='ltr'>Dei,</span> <span class='ocrx_word' id='word_1_513' title='bbox 2407 2318 2441 2358; x_wconf 91' lang='lat' dir='ltr'>a</span> <span class='ocrx_word' id='word_1_514' title='bbox 2478 2318 2586 2374; x_wconf 90' lang='lat' dir='ltr'>quo</span> <span class='ocrx_word' id='word_1_515' title='bbox 2615 2318 2727 2359; x_wconf 90' lang='lat' dir='ltr'>non</span> <span class='ocrx_word' id='word_1_516' title='bbox 2774 2311 2858 2358; x_wconf 90' lang='lat' dir='ltr'>est</span> <span class='ocrx_word' id='word_1_517' title='bbox 2904 2303 3123 2373; x_wconf 90' lang='lat' dir='ltr'>missus,</span> <span class='ocrx_word' id='word_1_518' title='bbox 3175 2304 3273 2358; x_wconf 91' lang='lat' dir='ltr'>sed</span> <span class='ocrx_word' id='word_1_519' title='bbox 3320 2303 3509 2359; x_wconf 90' lang='lat' dir='ltr'>venire</span> 
     </span>
    </p>
   </div>
   <div class='ocr_carea' id='block_1_68' title="bbox 1906 2391 3509 2464">
    <p class='ocr_par' dir='ltr' id='par_1_68' title="bbox 1906 2391 3509 2464">
     <span class='ocr_line' id='line_1_68' title="bbox 1906 2391 3509 2464; baseline -0.001 -17"><span class='ocrx_word' id='word_1_520' title='bbox 1906 2393 2223 2463; x_wconf 89' lang='lat' dir='ltr'>permissus.</span> <span class='ocrx_word' id='word_1_521' title='bbox 2280 2393 2385 2459; x_wconf 87' lang='lat' dir='ltr'>Qui</span> <span class='ocrx_word' id='word_1_522' title='bbox 2412 2397 2625 2460; x_wconf 84' lang='lat' dir='ltr'>autem,</span> <span class='ocrx_word' id='word_1_523' title='bbox 2673 2399 2776 2447; x_wconf 89' lang='lat' dir='ltr'>etc.</span> <span class='ocrx_word' id='word_1_524' title='bbox 2831 2392 2892 2447; x_wconf 92' lang='lat' dir='ltr'>Id</span> <span class='ocrx_word' id='word_1_525' title='bbox 2937 2400 3041 2459; x_wconf 91' lang='lat' dir='ltr'>est,</span> <span class='ocrx_word' id='word_1_526' title='bbox 3092 2407 3198 2464; x_wconf 92' lang='lat' dir='ltr'>ego</span> <span class='ocrx_word' id='word_1_527' title='bbox 3244 2391 3336 2463; x_wconf 85' lang='lat' dir='ltr'>qui</span> <span class='ocrx_word' id='word_1_528' title='bbox 3382 2391 3509 2447; x_wconf 91' lang='lat' dir='ltr'>licet</span> 
     </span>
    </p>
   </div>
   <div class='ocr_carea' id='block_1_69' title="bbox 1906 2480 3507 2553">
    <p class='ocr_par' dir='ltr' id='par_1_69' title="bbox 1906 2480 3507 2553">
     <span class='ocr_line' id='line_1_69' title="bbox 1906 2480 3507 2553; baseline -0.001 -17"><span class='ocrx_word' id='word_1_529' title='bbox 1906 2481 2137 2553; x_wconf 84' lang='lat' dir='ltr'>aequalis</span> <span class='ocrx_word' id='word_1_530' title='bbox 2166 2481 2334 2549; x_wconf 89' lang='lat' dir='ltr'>Patri,</span> <span class='ocrx_word' id='word_1_531' title='bbox 2368 2489 2551 2536; x_wconf 89' lang='lat' dir='ltr'>tamen</span> <span class='ocrx_word' id='word_1_532' title='bbox 2582 2481 2639 2534; x_wconf 93' lang='lat' dir='ltr'>in</span> <span class='ocrx_word' id='word_1_533' title='bbox 2669 2480 2811 2535; x_wconf 89' lang='lat' dir='ltr'>servi</span> <span class='ocrx_word' id='word_1_534' title='bbox 2839 2480 3018 2536; x_wconf 88' lang='lat' dir='ltr'>forma</span> <span class='ocrx_word' id='word_1_535' title='bbox 3047 2496 3233 2552; x_wconf 57' lang='lat' dir='ltr'>quaero</span> <span class='ocrx_word' id='word_1_536' title='bbox 3272 2480 3507 2552; x_wconf 86' lang='lat' dir='ltr'>gloriam</span> 
     </span>
    </p>
   </div>
   <div class='ocr_carea' id='block_1_70' title="bbox 1907 2567 3507 2640">
    <p class='ocr_par' dir='ltr' id='par_1_70' title="bbox 1907 2567 3507 2640">
     <span class='ocr_line' id='line_1_70' title="bbox 1907 2567 3507 2640; baseline -0.001 -17"><span class='ocrx_word' id='word_1_537' title='bbox 1907 2569 2101 2636; x_wconf 89' lang='lat' dir='ltr'>Patris,</span> <span class='ocrx_word' id='word_1_538' title='bbox 2133 2584 2243 2625; x_wconf 92' lang='lat' dir='ltr'>non</span> <span class='ocrx_word' id='word_1_539' title='bbox 2271 2585 2472 2636; x_wconf 89' lang='lat' dir='ltr'>meam,</span> <span class='ocrx_word' id='word_1_540' title='bbox 2505 2569 2562 2623; x_wconf 92' lang='lat' dir='ltr'>in</span> <span class='ocrx_word' id='word_1_541' title='bbox 2592 2570 2699 2624; x_wconf 92' lang='lat' dir='ltr'>hoc</span> <span class='ocrx_word' id='word_1_542' title='bbox 2728 2568 3034 2640; x_wconf 89' lang='lat' dir='ltr'>exemplum</span> <span class='ocrx_word' id='word_1_543' title='bbox 3064 2567 3380 2623; x_wconf 88' lang='lat' dir='ltr'>humilitatis</span> <span class='ocrx_word' id='word_1_544' title='bbox 3410 2568 3507 2623; x_wconf 89' lang='lat' dir='ltr'>tri-</span> 
     </span>
    </p>
   </div>
   <div class='ocr_carea' id='block_1_71' title="bbox 1907 2657 3020 2728">
    <p class='ocr_par' dir='ltr' id='par_1_71' title="bbox 1907 2657 3020 2728">
     <span class='ocr_line' id='line_1_71' title="bbox 1907 2657 3020 2728; baseline 0.001 -16"><span class='ocrx_word' id='word_1_545' title='bbox 1907 2658 2041 2728; x_wconf 92' lang='lat' dir='ltr'>buit,</span> <span class='ocrx_word' id='word_1_546' title='bbox 2075 2666 2133 2713; x_wconf 91' lang='lat' dir='ltr'>ut</span> <span class='ocrx_word' id='word_1_547' title='bbox 2161 2658 2345 2714; x_wconf 89' lang='lat' dir='ltr'>omnia</span> <span class='ocrx_word' id='word_1_548' title='bbox 2374 2658 2520 2713; x_wconf 89' lang='lat' dir='ltr'>bona</span> <span class='ocrx_word' id='word_1_549' title='bbox 2550 2659 2666 2713; x_wconf 93' lang='lat' dir='ltr'>Deo</span> <span class='ocrx_word' id='word_1_550' title='bbox 2695 2657 3020 2713; x_wconf 90' lang='lat' dir='ltr'>tribuamus.</span> 
     </span>
    </p>
   </div>
   <div class='ocr_carea' id='block_1_72' title="bbox 1974 2769 3505 2845">
    <p class='ocr_par' dir='ltr' id='par_1_72' title="bbox 1974 2769 3505 2845">
     <span class='ocr_line' id='line_1_72' title="bbox 1974 2769 3505 2845; baseline -0.001 -18"><span class='ocrx_word' id='word_1_551' title='bbox 1974 2773 2150 2828; x_wconf 72' lang='lat' dir='ltr'>Vens.</span> <span class='ocrx_word' id='word_1_552' title='bbox 2185 2777 2272 2828; x_wconf 75' lang='lat'>19.</span> <span class='ocrx_word' id='word_1_553' title='bbox 2305 2802 2375 2813; x_wconf 91' lang='lat'>—</span> <span class='ocrx_word' id='word_1_554' title='bbox 2404 2774 2599 2829; x_wconf 87' lang='lat' dir='ltr'>Nonne</span> <span class='ocrx_word' id='word_1_555' title='bbox 2633 2773 2851 2844; x_wconf 84' lang='lat' dir='ltr'>Moyses,</span> <span class='ocrx_word' id='word_1_556' title='bbox 2886 2780 2992 2828; x_wconf 89' lang='lat' dir='ltr'>etc.</span> <span class='ocrx_word' id='word_1_557' title='bbox 3024 2771 3147 2845; x_wconf 90' lang='lat' dir='ltr'>Ego</span> <span class='ocrx_word' id='word_1_558' title='bbox 3180 2787 3247 2826; x_wconf 88' lang='lat' dir='ltr'>ex</span> <span class='ocrx_word' id='word_1_559' title='bbox 3276 2770 3394 2826; x_wconf 91' lang='lat' dir='ltr'>Deo</span> <span class='ocrx_word' id='word_1_560' title='bbox 3424 2769 3505 2825; x_wconf 87' lang='lat' dir='ltr'>lo-</span> 
     </span>
    </p>
   </div>
   <div class='ocr_carea' id='block_1_73' title="bbox 1908 2860 3505 2934">
    <p class='ocr_par' dir='ltr' id='par_1_73' title="bbox 1908 2860 3505 2934">
     <span class='ocr_line' id='line_1_73' title="bbox 1908 2860 3505 2934; baseline -0.001 -19"><span class='ocrx_word' id='word_1_561' title='bbox 1908 2878 2048 2933; x_wconf 90' lang='lat' dir='ltr'>quor</span> <span class='ocrx_word' id='word_1_562' title='bbox 2074 2869 2127 2916; x_wconf 90' lang='lat' dir='ltr'>et</span> <span class='ocrx_word' id='word_1_563' title='bbox 2157 2860 2389 2934; x_wconf 88' lang='lat' dir='ltr'>gloriam</span> <span class='ocrx_word' id='word_1_564' title='bbox 2419 2861 2536 2931; x_wconf 90' lang='lat' dir='ltr'>ejus</span> <span class='ocrx_word' id='word_1_565' title='bbox 2566 2877 2769 2933; x_wconf 71' lang='lat' dir='ltr'>quaero,</span> <span class='ocrx_word' id='word_1_566' title='bbox 2801 2876 2989 2927; x_wconf 86' lang='lat' dir='ltr'>verax,</span> <span class='ocrx_word' id='word_1_567' title='bbox 3019 2861 3199 2929; x_wconf 91' lang='lat' dir='ltr'>justus</span> <span class='ocrx_word' id='word_1_568' title='bbox 3232 2879 3245 2915; x_wconf 90' lang='lat'><strong>:</strong></span> <span class='ocrx_word' id='word_1_569' title='bbox 3279 2860 3378 2915; x_wconf 91' lang='lat' dir='ltr'>sed</span> <span class='ocrx_word' id='word_1_570' title='bbox 3406 2873 3505 2914; x_wconf 90' lang='lat' dir='ltr'>vos</span> 
     </span>
    </p>
   </div>
   <div class='ocr_carea' id='block_1_74' title="bbox 1911 2949 3509 3023">
    <p class='ocr_par' dir='ltr' id='par_1_74' title="bbox 1911 2949 3509 3023">
     <span class='ocr_line' id='line_1_74' title="bbox 1911 2949 3509 3023; baseline 0 -19"><span class='ocrx_word' id='word_1_571' title='bbox 1911 2950 2004 3021; x_wconf 89' lang='lat' dir='ltr'>qui</span> <span class='ocrx_word' id='word_1_572' title='bbox 2031 2950 2344 3023; x_wconf 89' lang='lat' dir='ltr'>gloriamini</span> <span class='ocrx_word' id='word_1_573' title='bbox 2372 2950 2428 3004; x_wconf 93' lang='lat' dir='ltr'>in</span> <span class='ocrx_word' id='word_1_574' title='bbox 2457 2950 2602 3023; x_wconf 90' lang='lat' dir='ltr'>lege,</span> <span class='ocrx_word' id='word_1_575' title='bbox 2636 2957 2830 3005; x_wconf 89' lang='lat' dir='ltr'>contra</span> <span class='ocrx_word' id='word_1_576' title='bbox 2870 2949 3051 3022; x_wconf 86' lang='lat' dir='ltr'>legem</span> <span class='ocrx_word' id='word_1_577' title='bbox 3082 2966 3203 3021; x_wconf 75' lang='lat' dir='ltr'>quae</span> <span class='ocrx_word' id='word_1_578' title='bbox 3230 2955 3375 3005; x_wconf 89' lang='lat' dir='ltr'>vetat</span> <span class='ocrx_word' id='word_1_579' title='bbox 3414 2962 3509 3004; x_wconf 89' lang='lat' dir='ltr'>oc-</span> 
     </span>
    </p>
   </div>
   <div class='ocr_carea' id='block_1_75' title="bbox 1910 3037 2865 3111">
    <p class='ocr_par' dir='ltr' id='par_1_75' title="bbox 1910 3037 2865 3111">
     <span class='ocr_line' id='line_1_75' title="bbox 1910 3037 2865 3111; baseline -0.001 -17"><span class='ocrx_word' id='word_1_580' title='bbox 1910 3038 2113 3106; x_wconf 88' lang='lat' dir='ltr'>cidere,</span> <span class='ocrx_word' id='word_1_581' title='bbox 2148 3038 2391 3111; x_wconf 68' lang='lat' dir='ltr'>quaaritis</span> <span class='ocrx_word' id='word_1_582' title='bbox 2417 3055 2506 3093; x_wconf 92' lang='lat' dir='ltr'>me</span> <span class='ocrx_word' id='word_1_583' title='bbox 2534 3037 2865 3094; x_wconf 81' lang='lat' dir='ltr'>interﬁcere.</span> 
     </span>
    </p>
   </div>
   <div class='ocr_carea' id='block_1_76' title="bbox 1829 3152 3505 3222">
    <p class='ocr_par' dir='ltr' id='par_1_76' title="bbox 1829 3152 3505 3222">
     <span class='ocr_line' id='line_1_76' title="bbox 1829 3152 3505 3222; baseline -0.002 -13"><span class='ocrx_word' id='word_1_584' title='bbox 1829 3159 1878 3222; x_wconf 85' lang='lat' dir='ltr'>C.</span> <span class='ocrx_word' id='word_1_585' title='bbox 1982 3154 2152 3209; x_wconf 68' lang='lat' dir='ltr'>Vens.</span> <span class='ocrx_word' id='word_1_586' title='bbox 2185 3157 2276 3213; x_wconf 88' lang='grc'>20.</span> <span class='ocrx_word' id='word_1_587' title='bbox 2311 3184 2382 3194; x_wconf 91' lang='grc'><strong><em>-</em></strong></span> <span class='ocrx_word' id='word_1_588' title='bbox 2412 3155 2782 3211; x_wconf 74' lang='lat' dir='ltr'>Dwmonium.</span> <span class='ocrx_word' id='word_1_589' title='bbox 2836 3152 3097 3221; x_wconf 60' lang='lat' dir='ltr'>Quaerunt</span> <span class='ocrx_word' id='word_1_590' title='bbox 3135 3152 3386 3209; x_wconf 89' lang='lat' dir='ltr'>occidere</span> <span class='ocrx_word' id='word_1_591' title='bbox 3432 3159 3505 3219; x_wconf 88' lang='lat' dir='ltr'>et,</span> 
     </span>
    </p>
   </div>
   <div class='ocr_carea' id='block_1_77' title="bbox 1912 3239 3510 3315">
    <p class='ocr_par' dir='ltr' id='par_1_77' title="bbox 1912 3239 3510 3315">
     <span class='ocr_line' id='line_1_77' title="bbox 1912 3239 3510 3315; baseline -0.002 -18"><span class='ocrx_word' id='word_1_592' title='bbox 1912 3243 2058 3315; x_wconf 89' lang='lat' dir='ltr'>quod</span> <span class='ocrx_word' id='word_1_593' title='bbox 2087 3242 2243 3313; x_wconf 90' lang='lat' dir='ltr'>pejus</span> <span class='ocrx_word' id='word_1_594' title='bbox 2274 3250 2376 3310; x_wconf 90' lang='lat' dir='ltr'>est,</span> <span class='ocrx_word' id='word_1_595' title='bbox 2410 3242 2597 3299; x_wconf 88' lang='lat' dir='ltr'>dicunt</span> <span class='ocrx_word' id='word_1_596' title='bbox 2626 3259 2749 3297; x_wconf 91' lang='lat' dir='ltr'>eum</span> <span class='ocrx_word' id='word_1_597' title='bbox 2780 3242 3109 3297; x_wconf 64' lang='lat' dir='ltr'>daemonium</span> <span class='ocrx_word' id='word_1_598' title='bbox 3137 3242 3365 3309; x_wconf 88' lang='lat' dir='ltr'>habere,</span> <span class='ocrx_word' id='word_1_599' title='bbox 3416 3239 3510 3313; x_wconf 89' lang='lat' dir='ltr'>qui</span> 
     </span>
    </p>
   </div>
   <div class='ocr_carea' id='block_1_78' title="bbox 1911 3330 2377 3402">
    <p class='ocr_par' dir='ltr' id='par_1_78' title="bbox 1911 3330 2377 3402">
     <span class='ocr_line' id='line_1_78' title="bbox 1911 3330 2377 3402; baseline 0.002 -17"><span class='ocrx_word' id='word_1_600' title='bbox 1911 3331 2181 3387; x_wconf 70' lang='lat' dir='ltr'>daemonia</span> <span class='ocrx_word' id='word_1_601' title='bbox 2207 3330 2377 3402; x_wconf 91' lang='lat' dir='ltr'>pellit.</span> 
     </span>
    </p>
   </div>
   <div class='ocr_carea' id='block_1_79' title="bbox 1981 3444 3505 3521">
    <p class='ocr_par' dir='ltr' id='par_1_79' title="bbox 1981 3444 3505 3521">
     <span class='ocr_line' id='line_1_79' title="bbox 1981 3444 3505 3521; baseline 0 -21"><span class='ocrx_word' id='word_1_602' title='bbox 1981 3447 2152 3501; x_wconf 77' lang='lat' dir='ltr'>Vnus.</span> <span class='ocrx_word' id='word_1_603' title='bbox 2185 3451 2274 3504; x_wconf 86' lang='grc'>21.</span> <span class='ocrx_word' id='word_1_604' title='bbox 2308 3476 2378 3487; x_wconf 84' lang='lat'><strong>-</strong></span> <span class='ocrx_word' id='word_1_605' title='bbox 2410 3450 2592 3504; x_wconf 88' lang='lat' dir='ltr'>Unum</span> <span class='ocrx_word' id='word_1_606' title='bbox 2621 3463 2758 3520; x_wconf 85' lang='lat' dir='ltr'>opus</span> <span class='ocrx_word' id='word_1_607' title='bbox 2789 3449 2922 3519; x_wconf 83' lang='lat' dir='ltr'>feci.</span> <span class='ocrx_word' id='word_1_608' title='bbox 2964 3447 3044 3521; x_wconf 90' lang='lat' dir='ltr'>De</span> <span class='ocrx_word' id='word_1_609' title='bbox 3070 3462 3180 3502; x_wconf 91' lang='lat' dir='ltr'>uno</span> <span class='ocrx_word' id='word_1_610' title='bbox 3207 3444 3505 3513; x_wconf 89' lang='lat' dir='ltr'>miramini,</span> 
     </span>
    </p>
   </div>
   <div class='ocr_carea' id='block_1_80' title="bbox 1910 3534 3507 3606">
    <p class='ocr_par' dir='ltr' id='par_1_80' title="bbox 1910 3534 3507 3606">
     <span class='ocr_line' id='line_1_80' title="bbox 1910 3534 3507 3606; baseline 0 -17"><span class='ocrx_word' id='word_1_611' title='bbox 1910 3534 2040 3606; x_wconf 88' lang='lat' dir='ltr'>quid</span> <span class='ocrx_word' id='word_1_612' title='bbox 2071 3535 2118 3589; x_wconf 91' lang='lat' dir='ltr'>si</span> <span class='ocrx_word' id='word_1_613' title='bbox 2148 3534 2331 3591; x_wconf 88' lang='lat' dir='ltr'>omnia</span> <span class='ocrx_word' id='word_1_614' title='bbox 2359 3535 2619 3590; x_wconf 90' lang='lat' dir='ltr'>videretis</span> <span class='ocrx_word' id='word_1_615' title='bbox 2638 3536 2666 3589; x_wconf 81' lang='lat'><strong>?</strong></span> <span class='ocrx_word' id='word_1_616' title='bbox 2696 3536 2875 3591; x_wconf 89' lang='lat' dir='ltr'>Unum</span> <span class='ocrx_word' id='word_1_617' title='bbox 2904 3551 3041 3605; x_wconf 91' lang='lat' dir='ltr'>opus</span> <span class='ocrx_word' id='word_1_618' title='bbox 3070 3534 3188 3603; x_wconf 86' lang='lat' dir='ltr'>fuit,</span> <span class='ocrx_word' id='word_1_619' title='bbox 3241 3535 3387 3606; x_wconf 90' lang='lat' dir='ltr'>quod</span> <span class='ocrx_word' id='word_1_620' title='bbox 3416 3542 3507 3589; x_wconf 85' lang='lat' dir='ltr'>to-</span> 
     </span>
    </p>
   </div>
   <div class='ocr_carea' id='block_1_81' title="bbox 1910 3612 3587 3689">
    <p class='ocr_par' dir='ltr' id='par_1_81' title="bbox 1910 3612 3587 3689">
     <span class='ocr_line' id='line_1_81' title="bbox 1910 3612 3587 3689; baseline 0 -13"><span class='ocrx_word' id='word_1_621' title='bbox 1910 3629 2023 3676; x_wconf 90' lang='lat' dir='ltr'>tum</span> <span class='ocrx_word' id='word_1_622' title='bbox 2054 3623 2331 3678; x_wconf 90' lang='lat' dir='ltr'>hominem</span> <span class='ocrx_word' id='word_1_623' title='bbox 2362 3623 2575 3678; x_wconf 88' lang='lat' dir='ltr'>sanavit</span> <span class='ocrx_word' id='word_1_624' title='bbox 2604 3623 2661 3677; x_wconf 92' lang='lat' dir='ltr'>in</span> <span class='ocrx_word' id='word_1_625' title='bbox 2690 3623 2941 3689; x_wconf 88' lang='lat' dir='ltr'>sabbato,</span> <span class='ocrx_word' id='word_1_626' title='bbox 2977 3623 3121 3677; x_wconf 90' lang='lat' dir='ltr'>unde</span> <span class='ocrx_word' id='word_1_627' title='bbox 3160 3622 3358 3676; x_wconf 89' lang='lat' dir='ltr'>turbati</span> <span class='ocrx_word' id='word_1_628' title='bbox 3387 3630 3512 3677; x_wconf 88' lang='lat' dir='ltr'>sunt</span> <span class='ocrx_word' id='word_1_629' title='bbox 3584 3612 3587 3615; x_wconf 27' lang='grc'>¹</span> 
     </span>
    </p>
   </div>
   <div class='ocr_carea' id='block_1_82' title="bbox 1908 3710 3510 3780">
    <p class='ocr_par' dir='ltr' id='par_1_82' title="bbox 1908 3710 3510 3780">
     <span class='ocr_line' id='line_1_82' title="bbox 1908 3710 3510 3780; baseline 0 -15"><span class='ocrx_word' id='word_1_630' title='bbox 1908 3710 2056 3765; x_wconf 91' lang='lat' dir='ltr'>stulti</span> <span class='ocrx_word' id='word_1_631' title='bbox 2086 3712 2474 3767; x_wconf 88' lang='lat' dir='ltr'>observatores</span> <span class='ocrx_word' id='word_1_632' title='bbox 2505 3711 2740 3776; x_wconf 89' lang='lat' dir='ltr'>sabbati,</span> <span class='ocrx_word' id='word_1_633' title='bbox 2775 3711 2873 3765; x_wconf 92' lang='lat' dir='ltr'>sed</span> <span class='ocrx_word' id='word_1_634' title='bbox 2904 3710 3176 3766; x_wconf 89' lang='lat' dir='ltr'>convincit</span> <span class='ocrx_word' id='word_1_635' title='bbox 3215 3726 3312 3765; x_wconf 90' lang='lat' dir='ltr'>eos</span> <span class='ocrx_word' id='word_1_636' title='bbox 3360 3712 3510 3780; x_wconf 83' lang='lat' dir='ltr'>Moy-</span> 
     </span>
    </p>
   </div>
   <div class='ocr_carea' id='block_1_83' title="bbox 1908 3798 3511 3870">
    <p class='ocr_par' dir='ltr' id='par_1_83' title="bbox 1908 3798 3511 3870">
     <span class='ocr_line' id='line_1_83' title="bbox 1908 3798 3511 3870; baseline 0.001 -17"><span class='ocrx_word' id='word_1_637' title='bbox 1908 3816 2018 3866; x_wconf 90' lang='lat' dir='ltr'>ses,</span> <span class='ocrx_word' id='word_1_638' title='bbox 2046 3800 2246 3868; x_wconf 87' lang='lat' dir='ltr'>jubens</span> <span class='ocrx_word' id='word_1_639' title='bbox 2279 3799 2671 3856; x_wconf 89' lang='lat' dir='ltr'>circumcidere</span> <span class='ocrx_word' id='word_1_640' title='bbox 2691 3807 2886 3855; x_wconf 89' lang='lat' dir='ltr'>octava</span> <span class='ocrx_word' id='word_1_641' title='bbox 2916 3799 3024 3865; x_wconf 93' lang='lat' dir='ltr'>die,</span> <span class='ocrx_word' id='word_1_642' title='bbox 3049 3799 3196 3870; x_wconf 91' lang='lat' dir='ltr'>quod</span> <span class='ocrx_word' id='word_1_643' title='bbox 3216 3798 3511 3869; x_wconf 89' lang='lat' dir='ltr'>aliquando</span> 
     </span>
    </p>
   </div>
   <div class='ocr_carea' id='block_1_84' title="bbox 1908 3886 3512 3958">
    <p class='ocr_par' dir='ltr' id='par_1_84' title="bbox 1908 3886 3512 3958">
     <span class='ocr_line' id='line_1_84' title="bbox 1908 3886 3512 3958; baseline -0.002 -14"><span class='ocrx_word' id='word_1_644' title='bbox 1908 3889 2147 3944; x_wconf 90' lang='lat' dir='ltr'>occurrit</span> <span class='ocrx_word' id='word_1_645' title='bbox 2175 3888 2232 3942; x_wconf 90' lang='lat' dir='ltr'>in</span> <span class='ocrx_word' id='word_1_646' title='bbox 2261 3888 2490 3945; x_wconf 88' lang='lat' dir='ltr'>sabbato</span> <span class='ocrx_word' id='word_1_647' title='bbox 2520 3886 2654 3942; x_wconf 85' lang='lat' dir='ltr'>fieri.</span> <span class='ocrx_word' id='word_1_648' title='bbox 2688 3889 2757 3942; x_wconf 90' lang='lat' dir='ltr'>Et</span> <span class='ocrx_word' id='word_1_649' title='bbox 2784 3888 2891 3943; x_wconf 91' lang='lat' dir='ltr'>hoc</span> <span class='ocrx_word' id='word_1_650' title='bbox 2937 3895 3020 3942; x_wconf 91' lang='lat' dir='ltr'>est</span> <span class='ocrx_word' id='word_1_651' title='bbox 3054 3904 3068 3941; x_wconf 88' lang='lat'><strong>:</strong></span> <span class='ocrx_word' id='word_1_652' title='bbox 3103 3888 3396 3958; x_wconf 90' lang='lat' dir='ltr'>Pr0pterea</span> <span class='ocrx_word' id='word_1_653' title='bbox 3442 3901 3512 3941; x_wconf 90' lang='lat' dir='ltr'>ne</span> 
     </span>
    </p>
   </div>
   <div class='ocr_carea' id='block_1_85' title="bbox 1910 3974 3509 4048">
    <p class='ocr_par' dir='ltr' id='par_1_85' title="bbox 1910 3974 3509 4048">
     <span class='ocr_line' id='line_1_85' title="bbox 1910 3974 3509 4048; baseline -0.001 -18"><span class='ocrx_word' id='word_1_654' title='bbox 1910 3976 2030 4048; x_wconf 92' lang='lat' dir='ltr'>quis</span> <span class='ocrx_word' id='word_1_655' title='bbox 2060 3976 2329 4043; x_wconf 88' lang='lat' dir='ltr'>turbetur,</span> <span class='ocrx_word' id='word_1_656' title='bbox 2362 3975 2410 4030; x_wconf 91' lang='lat' dir='ltr'>si</span> <span class='ocrx_word' id='word_1_657' title='bbox 2438 3976 2587 4031; x_wconf 89' lang='lat' dir='ltr'>salus</span> <span class='ocrx_word' id='word_1_658' title='bbox 2620 3992 2837 4047; x_wconf 90' lang='lat' dir='ltr'>semper</span> <span class='ocrx_word' id='word_1_659' title='bbox 2866 3974 2926 4030; x_wconf 86' lang='lat' dir='ltr'>ﬁt</span> <span class='ocrx_word' id='word_1_660' title='bbox 2957 3975 3119 4031; x_wconf 90' lang='lat' dir='ltr'>etiam</span> <span class='ocrx_word' id='word_1_661' title='bbox 3149 3975 3207 4030; x_wconf 92' lang='lat' dir='ltr'>in</span> <span class='ocrx_word' id='word_1_662' title='bbox 3256 3974 3509 4030; x_wconf 90' lang='lat' dir='ltr'>sabbato.</span> 
     </span>
    </p>
   </div>
   <div class='ocr_carea' id='block_1_86' title="bbox 1908 4063 3510 4137">
    <p class='ocr_par' dir='ltr' id='par_1_86' title="bbox 1908 4063 3510 4137">
     <span class='ocr_line' id='line_1_86' title="bbox 1908 4063 3510 4137; baseline -0.002 -17"><span class='ocrx_word' id='word_1_663' title='bbox 1908 4066 1978 4120; x_wconf 91' lang='lat' dir='ltr'>Et</span> <span class='ocrx_word' id='word_1_664' title='bbox 2009 4066 2181 4122; x_wconf 91' lang='lat' dir='ltr'>sciant</span> <span class='ocrx_word' id='word_1_665' title='bbox 2228 4080 2419 4121; x_wconf 91' lang='lat' dir='ltr'>omnes</span> <span class='ocrx_word' id='word_1_666' title='bbox 2470 4082 2688 4137; x_wconf 90' lang='lat' dir='ltr'>semper</span> <span class='ocrx_word' id='word_1_667' title='bbox 2730 4065 2934 4121; x_wconf 90' lang='lat' dir='ltr'>debere</span> <span class='ocrx_word' id='word_1_668' title='bbox 2980 4064 3100 4120; x_wconf 87' lang='lat' dir='ltr'>ﬁeri</span> <span class='ocrx_word' id='word_1_669' title='bbox 3149 4080 3270 4136; x_wconf 76' lang='lat' dir='ltr'>quae</span> <span class='ocrx_word' id='word_1_670' title='bbox 3318 4063 3510 4120; x_wconf 89' lang='lat' dir='ltr'>salutis</span> 
     </span>
    </p>
   </div>
   <div class='ocr_carea' id='block_1_87' title="bbox 1908 4162 3291 4209">
    <p class='ocr_par' dir='ltr' id='par_1_87' title="bbox 1908 4162 3291 4209">
     <span class='ocr_line' id='line_1_87' title="bbox 1908 4162 3291 4209; baseline 0.001 -1"><span class='ocrx_word' id='word_1_671' title='bbox 1908 4162 2051 4209; x_wconf 89' lang='lat' dir='ltr'>sunt.</span> <span class='ocrx_word' id='word_1_672' title='bbox 3288 4206 3291 4209; x_wconf 40' lang='grc' dir='ltr'><strong><em>λ</em></strong></span> 
     </span>
    </p>
   </div>
   <div class='ocr_carea' id='block_1_88' title="bbox 1981 4240 3509 4314">
    <p class='ocr_par' dir='ltr' id='par_1_88' title="bbox 1981 4240 3509 4314">
     <span class='ocr_line' id='line_1_88' title="bbox 1981 4240 3509 4314; baseline -0.001 -17"><span class='ocrx_word' id='word_1_673' title='bbox 1981 4243 2151 4298; x_wconf 75' lang='lat' dir='ltr'>Vnus.</span> <span class='ocrx_word' id='word_1_674' title='bbox 2199 4246 2289 4301; x_wconf 85' lang='grc'>22.</span> <span class='ocrx_word' id='word_1_675' title='bbox 2341 4273 2411 4283; x_wconf 89' lang='grc'><strong>-</strong></span> <span class='ocrx_word' id='word_1_676' title='bbox 2460 4243 2977 4300; x_wconf 79' lang='lat' dir='ltr'>Circumcisionem.</span> <span class='ocrx_word' id='word_1_677' title='bbox 3027 4244 3228 4314; x_wconf 83' lang='lat' dir='ltr'>(ALC.)</span> <span class='ocrx_word' id='word_1_678' title='bbox 3278 4240 3509 4312; x_wconf 87' lang='lat' dir='ltr'>Propter</span> 
     </span>
    </p>
   </div>
   <div class='ocr_carea' id='block_1_89' title="bbox 1906 4330 3511 4402">
    <p class='ocr_par' dir='ltr' id='par_1_89' title="bbox 1906 4330 3511 4402">
     <span class='ocr_line' id='line_1_89' title="bbox 1906 4330 3511 4402; baseline 0.001 -17"><span class='ocrx_word' id='word_1_679' title='bbox 1906 4339 2020 4386; x_wconf 89' lang='lat' dir='ltr'>tres</span> <span class='ocrx_word' id='word_1_680' title='bbox 2049 4346 2248 4387; x_wconf 88' lang='lat' dir='ltr'>causas</span> <span class='ocrx_word' id='word_1_681' title='bbox 2276 4331 2402 4386; x_wconf 89' lang='lat' dir='ltr'>data</span> <span class='ocrx_word' id='word_1_682' title='bbox 2430 4330 2529 4386; x_wconf 89' lang='lat' dir='ltr'>fuit</span> <span class='ocrx_word' id='word_1_683' title='bbox 2558 4331 2921 4388; x_wconf 87' lang='lat' dir='ltr'>circumcisio.</span> <span class='ocrx_word' id='word_1_684' title='bbox 2957 4331 3159 4397; x_wconf 91' lang='lat' dir='ltr'>Primo,</span> <span class='ocrx_word' id='word_1_685' title='bbox 3182 4338 3311 4397; x_wconf 91' lang='lat' dir='ltr'>etc.,</span> <span class='ocrx_word' id='word_1_686' title='bbox 3336 4346 3511 4402; x_wconf 85' lang='lat' dir='ltr'>usque</span> 
     </span>
    </p>
   </div>
   <div class='ocr_carea' id='block_1_90' title="bbox 1908 4420 2981 4492">
    <p class='ocr_par' dir='ltr' id='par_1_90' title="bbox 1908 4420 2981 4492">
     <span class='ocr_line' id='line_1_90' title="bbox 1908 4420 2981 4492; baseline -0.002 -16"><span class='ocrx_word' id='word_1_687' title='bbox 1908 4420 1981 4476; x_wconf 87' lang='lat' dir='ltr'>ad</span> <span class='ocrx_word' id='word_1_688' title='bbox 2012 4428 2065 4476; x_wconf 88' lang='lat' dir='ltr'>et</span> <span class='ocrx_word' id='word_1_689' title='bbox 2094 4436 2189 4476; x_wconf 87' lang='lat' dir='ltr'>cor</span> <span class='ocrx_word' id='word_1_690' title='bbox 2218 4435 2251 4475; x_wconf 85' lang='lat' dir='ltr'>a</span> <span class='ocrx_word' id='word_1_691' title='bbox 2280 4420 2666 4491; x_wconf 87' lang='lat' dir='ltr'>cupiditatibus</span> <span class='ocrx_word' id='word_1_692' title='bbox 2697 4421 2981 4492; x_wconf 88' lang='lat' dir='ltr'>spoliatur.</span> 
     </span>
    </p>
   </div>
   <div class='ocr_carea' id='block_1_91' title="bbox 211 4519 3515 4595">
    <p class='ocr_par' dir='ltr' id='par_1_91' title="bbox 211 4519 3515 4595">
     <span class='ocr_line' id='line_1_91' title="bbox 211 4519 3515 4595; baseline 0.002 -22"><span class='ocrx_word' id='word_1_693' title='bbox 211 4519 378 4578; x_wconf 69' lang='lat' dir='ltr'>Judaei</span> <span class='ocrx_word' id='word_1_694' title='bbox 404 4524 729 4579; x_wconf 87' lang='lat' dir='ltr'>habitabant</span> <span class='ocrx_word' id='word_1_695' title='bbox 756 4524 813 4578; x_wconf 88' lang='lat' dir='ltr'>in</span> <span class='ocrx_word' id='word_1_696' title='bbox 840 4523 1203 4580; x_wconf 89' lang='lat' dir='ltr'>tabernaculis</span> <span class='ocrx_word' id='word_1_697' title='bbox 1237 4541 1250 4577; x_wconf 94' lang='lat'>:</span> <span class='ocrx_word' id='word_1_698' title='bbox 1284 4523 1340 4577; x_wconf 94' lang='lat' dir='ltr'>in</span> <span class='ocrx_word' id='word_1_699' title='bbox 1368 4523 1687 4589; x_wconf 81' lang='lat' dir='ltr'>memoriam</span> <span class='ocrx_word' id='word_1_700' title='bbox 1733 4523 1804 4577; x_wconf 91' lang='lat' dir='ltr'>il-</span> <span class='ocrx_word' id='word_1_701' title='bbox 1832 4519 1885 4579; x_wconf 95' lang='lat' dir='ltr'>D</span> <span class='ocrx_word' id='word_1_702' title='bbox 1978 4526 2147 4582; x_wconf 73' lang='lat' dir='ltr'>Vens.</span> <span class='ocrx_word' id='word_1_703' title='bbox 2178 4529 2267 4583; x_wconf 88' lang='grc'><strong>23.</strong></span> <span class='ocrx_word' id='word_1_704' title='bbox 2299 4556 2370 4566; x_wconf 89' lang='grc'><strong><em>-</em></strong></span> <span class='ocrx_word' id='word_1_705' title='bbox 2399 4528 2461 4583; x_wconf 86' lang='lat' dir='ltr'>Si</span> <span class='ocrx_word' id='word_1_706' title='bbox 2488 4527 3001 4595; x_wconf 81' lang='lat' dir='ltr'>circumcisionem,</span> <span class='ocrx_word' id='word_1_707' title='bbox 3037 4532 3145 4580; x_wconf 92' lang='lat' dir='ltr'>etc.</span> <span class='ocrx_word' id='word_1_708' title='bbox 3200 4522 3370 4593; x_wconf 88' lang='lat' dir='ltr'>Quasi</span> <span class='ocrx_word' id='word_1_709' title='bbox 3414 4540 3515 4581; x_wconf 85' lang='lat' dir='ltr'>vos</span> 
     </span>
    </p>
   </div>
   <div class='ocr_carea' id='block_1_92' title="bbox 212 4607 1804 4685">
    <p class='ocr_par' dir='ltr' id='par_1_92' title="bbox 212 4607 1804 4685">
     <span class='ocr_line' id='line_1_92' title="bbox 212 4607 1804 4685; baseline 0.003 -22"><span class='ocrx_word' id='word_1_710' title='bbox 212 4607 387 4666; x_wconf 88' lang='lat' dir='ltr'>lorum</span> <span class='ocrx_word' id='word_1_711' title='bbox 409 4612 464 4667; x_wconf 93' lang='lat' dir='ltr'>in</span> <span class='ocrx_word' id='word_1_712' title='bbox 492 4613 693 4685; x_wconf 87' lang='lat' dir='ltr'>quibus</span> <span class='ocrx_word' id='word_1_713' title='bbox 722 4621 907 4684; x_wconf 89' lang='lat' dir='ltr'>patres</span> <span class='ocrx_word' id='word_1_714' title='bbox 956 4629 1146 4670; x_wconf 89' lang='lat' dir='ltr'>eorum</span> <span class='ocrx_word' id='word_1_715' title='bbox 1173 4612 1556 4668; x_wconf 87' lang='lat' dir='ltr'>habitaverunt</span> <span class='ocrx_word' id='word_1_716' title='bbox 1600 4611 1655 4665; x_wconf 93' lang='lat' dir='ltr'>in</span> <span class='ocrx_word' id='word_1_717' title='bbox 1703 4612 1804 4667; x_wconf 89' lang='lat' dir='ltr'>de-</span> 
     </span>
    </p>
   </div>
   <div class='ocr_carea' id='block_1_93' title="bbox 214 4708 379 4756">
    <p class='ocr_par' dir='ltr' id='par_1_93' title="bbox 214 4708 379 4756">
     <span class='ocr_line' id='line_1_93' title="bbox 214 4708 379 4756; baseline 0.006 -2"><span class='ocrx_word' id='word_1_718' title='bbox 214 4708 379 4756; x_wconf 83' lang='lat' dir='ltr'>serto.</span> 
     </span>
    </p>
   </div>
   <div class='ocr_carea' id='block_1_94' title="bbox 282 4797 1806 4872">
    <p class='ocr_par' dir='ltr' id='par_1_94' title="bbox 282 4797 1806 4872">
     <span class='ocr_line' id='line_1_94' title="bbox 282 4797 1806 4872; baseline 0.003 -23"><span class='ocrx_word' id='word_1_719' title='bbox 282 4797 449 4855; x_wconf 72' lang='lat' dir='ltr'>Vens.</span> <span class='ocrx_word' id='word_1_720' title='bbox 483 4803 538 4854; x_wconf 88' lang='lat'>3.</span> <span class='ocrx_word' id='word_1_721' title='bbox 562 4828 634 4839; x_wconf 93' lang='lat'>—-</span> <span class='ocrx_word' id='word_1_722' title='bbox 659 4801 725 4857; x_wconf 88' lang='lat' dir='ltr'>Ut</span> <span class='ocrx_word' id='word_1_723' title='bbox 753 4804 809 4855; x_wconf 86' lang='lat' dir='ltr'>et</span> <span class='ocrx_word' id='word_1_724' title='bbox 840 4800 1125 4872; x_wconf 78' lang='lat' dir='ltr'>discipuli.</span> <span class='ocrx_word' id='word_1_725' title='bbox 1147 4797 1325 4870; x_wconf 90' lang='lat' dir='ltr'>Opera</span> <span class='ocrx_word' id='word_1_726' title='bbox 1354 4814 1474 4871; x_wconf 61' lang='lat' dir='ltr'>quae</span> <span class='ocrx_word' id='word_1_727' title='bbox 1499 4797 1618 4854; x_wconf 90' lang='lat' dir='ltr'>veri</span> <span class='ocrx_word' id='word_1_728' title='bbox 1644 4798 1806 4855; x_wconf 87' lang='lat' dir='ltr'>disci-</span> 
     </span>
    </p>
   </div>
   <div class='ocr_carea' id='block_1_95' title="bbox 217 4884 1807 4958">
    <p class='ocr_par' dir='ltr' id='par_1_95' title="bbox 217 4884 1807 4958">
     <span class='ocr_line' id='line_1_95' title="bbox 217 4884 1807 4958; baseline 0.001 -18"><span class='ocrx_word' id='word_1_729' title='bbox 217 4884 325 4953; x_wconf 85' lang='lat' dir='ltr'>puli</span> <span class='ocrx_word' id='word_1_730' title='bbox 355 4887 624 4958; x_wconf 88' lang='lat' dir='ltr'>sciebant,</span> <span class='ocrx_word' id='word_1_731' title='bbox 673 4887 925 4944; x_wconf 89' lang='lat' dir='ltr'>laudibus</span> <span class='ocrx_word' id='word_1_732' title='bbox 953 4887 1153 4944; x_wconf 91' lang='lat' dir='ltr'>divinis</span> <span class='ocrx_word' id='word_1_733' title='bbox 1198 4896 1390 4944; x_wconf 89' lang='lat' dir='ltr'>etnon</span> <span class='ocrx_word' id='word_1_734' title='bbox 1425 4886 1677 4958; x_wconf 87' lang='lat' dir='ltr'>populari</span> <span class='ocrx_word' id='word_1_735' title='bbox 1720 4886 1807 4942; x_wconf 89' lang='lat' dir='ltr'>fa-</span> 
     </span>
    </p>
   </div>
   <div class='ocr_carea' id='block_1_96' title="bbox 215 4974 677 5032">
    <p class='ocr_par' dir='ltr' id='par_1_96' title="bbox 215 4974 677 5032">
     <span class='ocr_line' id='line_1_96' title="bbox 215 4974 677 5032; baseline 0.009 -6"><span class='ocrx_word' id='word_1_736' title='bbox 215 4987 343 5030; x_wconf 77' lang='lat' dir='ltr'>vore</span> <span class='ocrx_word' id='word_1_737' title='bbox 377 4974 677 5032; x_wconf 84' lang='lat' dir='ltr'>efferenda.</span> 
     </span>
    </p>
   </div>
   <div class='ocr_carea' id='block_1_97' title="bbox 277 5082 1805 5152">
    <p class='ocr_par' dir='ltr' id='par_1_97' title="bbox 277 5082 1805 5152">
     <span class='ocr_line' id='line_1_97' title="bbox 277 5082 1805 5152; baseline 0.001 -16"><span class='ocrx_word' id='word_1_738' title='bbox 277 5082 520 5139; x_wconf 55' lang='grc' dir='ltr'>νειμ.</span> <span class='ocrx_word' id='word_1_739' title='bbox 540 5114 611 5124; x_wconf 88' lang='grc'><strong><em>-</em></strong></span> <span class='ocrx_word' id='word_1_740' title='bbox 641 5085 831 5141; x_wconf 89' lang='lat' dir='ltr'>Nemo.</span> <span class='ocrx_word' id='word_1_741' title='bbox 867 5084 1070 5141; x_wconf 78' lang='lat' dir='ltr'>Gloriae</span> <span class='ocrx_word' id='word_1_742' title='bbox 1101 5085 1219 5151; x_wconf 91' lang='lat' dir='ltr'>ejus</span> <span class='ocrx_word' id='word_1_743' title='bbox 1250 5084 1555 5141; x_wconf 87' lang='lat' dir='ltr'>consulunt.</span> <span class='ocrx_word' id='word_1_744' title='bbox 1588 5082 1759 5152; x_wconf 90' lang='lat' dir='ltr'>Quasi</span> <span class='ocrx_word' id='word_1_745' title='bbox 1791 5100 1805 5137; x_wconf 90' lang='lat'><strong>:</strong></span> 
     </span>
    </p>
   </div>
   <div class='ocr_carea' id='block_1_98' title="bbox 214 5168 1800 5242">
    <p class='ocr_par' dir='ltr' id='par_1_98' title="bbox 214 5168 1800 5242">
     <span class='ocr_line' id='line_1_98' title="bbox 214 5168 1800 5242; baseline 0.002 -18"><span class='ocrx_word' id='word_1_746' title='bbox 214 5168 342 5224; x_wconf 73' lang='lat' dir='ltr'>Mira</span> <span class='ocrx_word' id='word_1_747' title='bbox 370 5170 527 5242; x_wconf 87' lang='lat' dir='ltr'>facis,</span> <span class='ocrx_word' id='word_1_748' title='bbox 560 5172 768 5229; x_wconf 90' lang='lat' dir='ltr'>scilicet</span> <span class='ocrx_word' id='word_1_749' title='bbox 810 5173 866 5227; x_wconf 91' lang='lat' dir='ltr'>in</span> <span class='ocrx_word' id='word_1_750' title='bbox 910 5173 1248 5241; x_wconf 89' lang='lat' dir='ltr'>abscondito,</span> <span class='ocrx_word' id='word_1_751' title='bbox 1301 5172 1400 5228; x_wconf 91' lang='lat' dir='ltr'>sed</span> <span class='ocrx_word' id='word_1_752' title='bbox 1440 5172 1800 5241; x_wconf 90' lang='lat' dir='ltr'>innotescere,</span> 
     </span>
    </p>
   </div>
   <div class='ocr_carea' id='block_1_99' title="bbox 214 5259 934 5317">
    <p class='ocr_par' dir='ltr' id='par_1_99' title="bbox 214 5259 934 5317">
     <span class='ocr_line' id='line_1_99' title="bbox 214 5259 934 5317; baseline 0.01 -8"><span class='ocrx_word' id='word_1_753' title='bbox 214 5266 269 5310; x_wconf 92' lang='lat' dir='ltr'>ut</span> <span class='ocrx_word' id='word_1_754' title='bbox 294 5259 366 5312; x_wconf 90' lang='lat' dir='ltr'>ab</span> <span class='ocrx_word' id='word_1_755' title='bbox 400 5261 651 5316; x_wconf 89' lang='lat' dir='ltr'>omnibus</span> <span class='ocrx_word' id='word_1_756' title='bbox 678 5261 934 5317; x_wconf 85' lang='lat' dir='ltr'>lauderis.</span> 
     </span>
    </p>
   </div>
   <div class='ocr_carea' id='block_1_100' title="bbox 282 5347 1809 5423">
    <p class='ocr_par' dir='ltr' id='par_1_100' title="bbox 282 5347 1809 5423">
     <span class='ocr_line' id='line_1_100' title="bbox 282 5347 1809 5423; baseline 0.002 -22"><span class='ocrx_word' id='word_1_757' title='bbox 282 5347 456 5405; x_wconf 67' lang='lat' dir='ltr'>Vens.</span> <span class='ocrx_word' id='word_1_758' title='bbox 491 5354 543 5406; x_wconf 86' lang='lat'>6.</span> <span class='ocrx_word' id='word_1_759' title='bbox 574 5379 646 5390; x_wconf 91' lang='lat'><strong><em>—</em></strong></span> <span class='ocrx_word' id='word_1_760' title='bbox 686 5352 937 5423; x_wconf 83' lang='lat' dir='ltr'>Tempus.</span> <span class='ocrx_word' id='word_1_761' title='bbox 969 5351 1099 5406; x_wconf 89' lang='lat' dir='ltr'>Ideo</span> <span class='ocrx_word' id='word_1_762' title='bbox 1128 5366 1239 5406; x_wconf 91' lang='lat' dir='ltr'>non</span> <span class='ocrx_word' id='word_1_763' title='bbox 1278 5358 1361 5407; x_wconf 89' lang='lat' dir='ltr'>est</span> <span class='ocrx_word' id='word_1_764' title='bbox 1400 5365 1546 5406; x_wconf 91' lang='lat' dir='ltr'>nunc</span> <span class='ocrx_word' id='word_1_765' title='bbox 1596 5358 1809 5421; x_wconf 90' lang='lat' dir='ltr'>tempus</span> 
     </span>
    </p>
   </div>
   <div class='ocr_carea' id='block_1_101' title="bbox 216 5437 1811 5511">
    <p class='ocr_par' dir='ltr' id='par_1_101' title="bbox 216 5437 1811 5511">
     <span class='ocr_line' id='line_1_101' title="bbox 216 5437 1811 5511; baseline 0.002 -22"><span class='ocrx_word' id='word_1_766' title='bbox 216 5450 418 5506; x_wconf 88' lang='lat' dir='ltr'>meum,</span> <span class='ocrx_word' id='word_1_767' title='bbox 450 5439 545 5493; x_wconf 89' lang='lat' dir='ltr'>sed</span> <span class='ocrx_word' id='word_1_768' title='bbox 576 5446 840 5505; x_wconf 85' lang='lat' dir='ltr'>vestrum,</span> <span class='ocrx_word' id='word_1_769' title='bbox 892 5439 1020 5511; x_wconf 91' lang='lat' dir='ltr'>quia</span> <span class='ocrx_word' id='word_1_770' title='bbox 1056 5455 1167 5495; x_wconf 89' lang='lat' dir='ltr'>non</span> <span class='ocrx_word' id='word_1_771' title='bbox 1211 5455 1332 5494; x_wconf 89' lang='lat' dir='ltr'>sum</span> <span class='ocrx_word' id='word_1_772' title='bbox 1363 5446 1573 5494; x_wconf 90' lang='lat' dir='ltr'>amator</span> <span class='ocrx_word' id='word_1_773' title='bbox 1622 5437 1811 5493; x_wconf 91' lang='lat' dir='ltr'>mundi</span> 
     </span>
    </p>
   </div>
   <div class='ocr_carea' id='block_1_102' title="bbox 216 5527 1809 5596">
    <p class='ocr_par' dir='ltr' id='par_1_102' title="bbox 216 5527 1809 5596">
     <span class='ocr_line' id='line_1_102' title="bbox 216 5527 1809 5596; baseline 0.003 -20"><span class='ocrx_word' id='word_1_774' title='bbox 216 5531 273 5576; x_wconf 90' lang='lat' dir='ltr'>ut</span> <span class='ocrx_word' id='word_1_775' title='bbox 299 5541 423 5595; x_wconf 87' lang='lat' dir='ltr'>vos,</span> <span class='ocrx_word' id='word_1_776' title='bbox 457 5528 554 5582; x_wconf 91' lang='lat' dir='ltr'>sed</span> <span class='ocrx_word' id='word_1_777' title='bbox 586 5535 892 5596; x_wconf 86' lang='lat' dir='ltr'>accusator,</span> <span class='ocrx_word' id='word_1_778' title='bbox 932 5535 985 5583; x_wconf 86' lang='lat' dir='ltr'>et</span> <span class='ocrx_word' id='word_1_779' title='bbox 1012 5527 1137 5583; x_wconf 89' lang='lat' dir='ltr'>ideo</span> <span class='ocrx_word' id='word_1_780' title='bbox 1166 5543 1273 5583; x_wconf 92' lang='lat' dir='ltr'>non</span> <span class='ocrx_word' id='word_1_781' title='bbox 1307 5528 1456 5583; x_wconf 90' lang='lat' dir='ltr'>audit</span> <span class='ocrx_word' id='word_1_782' title='bbox 1502 5544 1601 5583; x_wconf 90' lang='lat' dir='ltr'>vos</span> <span class='ocrx_word' id='word_1_783' title='bbox 1647 5543 1809 5582; x_wconf 89' lang='lat' dir='ltr'>mun-</span> 
     </span>
    </p>
   </div>
   <div class='ocr_carea' id='block_1_103' title="bbox 214 5609 1813 5757">
    <p class='ocr_par' dir='ltr' id='par_1_103' title="bbox 214 5609 1813 5757">
     <span class='ocr_line' id='line_1_103' title="bbox 214 5609 1813 5757; baseline 0.003 -91"><span class='ocrx_word' id='word_1_784' title='bbox 214 5609 315 5757; x_wconf 56' lang='lat'>:25</span> <span class='ocrx_word' id='word_1_785' title='bbox 346 5630 475 5670; x_wconf 90' lang='lat' dir='ltr'>suos</span> <span class='ocrx_word' id='word_1_786' title='bbox 500 5615 671 5672; x_wconf 89' lang='lat' dir='ltr'>falsos</span> <span class='ocrx_word' id='word_1_787' title='bbox 699 5624 889 5685; x_wconf 90' lang='lat' dir='ltr'>testes,</span> <span class='ocrx_word' id='word_1_788' title='bbox 913 5616 1006 5688; x_wconf 90' lang='lat' dir='ltr'>qui</span> <span class='ocrx_word' id='word_1_789' title='bbox 1039 5617 1216 5673; x_wconf 91' lang='lat' dir='ltr'>dicitis</span> <span class='ocrx_word' id='word_1_790' title='bbox 1245 5617 1392 5673; x_wconf 87' lang='lat' dir='ltr'>bona</span> <span class='ocrx_word' id='word_1_791' title='bbox 1420 5616 1567 5673; x_wconf 87' lang='lat' dir='ltr'>mala</span> <span class='ocrx_word' id='word_1_792' title='bbox 1586 5624 1638 5672; x_wconf 93' lang='lat' dir='ltr'>et</span> <span class='ocrx_word' id='word_1_793' title='bbox 1666 5615 1813 5672; x_wconf 88' lang='lat' dir='ltr'>mala</span> 
     </span>
     <span class='ocr_line' id='line_1_104' title="bbox 288 5717 384 5757; baseline 0.01 -1"><span class='ocrx_word' id='word_1_794' title='bbox 288 5717 384 5757; x_wconf 87' lang='lat' dir='ltr'>na.</span> 
     </span>
    </p>
   </div>
   <div class='ocr_carea' id='block_1_104' title="bbox 288 5717 384 5759">
    <p class='ocr_par' dir='ltr' id='par_1_104' title="bbox 288 5717 384 5759">
     <span class='ocr_line' id='line_1_105' title="bbox 288 5717 384 5759; baseline 0.031 -3"><span class='ocrx_word' id='word_1_795' title='bbox 288 5717 384 5759; x_wconf 70' lang='grc' dir='ltr'>ΠΒ.</span> 
     </span>
    </p>
   </div>
   <div class='ocr_carea' id='block_1_105' title="bbox 1908 4613 3511 4687">
    <p class='ocr_par' dir='ltr' id='par_1_105' title="bbox 1908 4613 3511 4687">
     <span class='ocr_line' id='line_1_106' title="bbox 1908 4613 3511 4687; baseline -0.001 -17"><span class='ocrx_word' id='word_1_796' title='bbox 1908 4614 2002 4687; x_wconf 90' lang='lat' dir='ltr'>qui</span> <span class='ocrx_word' id='word_1_797' title='bbox 2030 4614 2086 4668; x_wconf 92' lang='lat' dir='ltr'>in</span> <span class='ocrx_word' id='word_1_798' title='bbox 2112 4615 2237 4687; x_wconf 89' lang='lat' dir='ltr'>lege</span> <span class='ocrx_word' id='word_1_799' title='bbox 2265 4613 2577 4686; x_wconf 83' lang='lat' dir='ltr'>gloriamini</span> <span class='ocrx_word' id='word_1_800' title='bbox 2598 4622 2784 4669; x_wconf 90' lang='lat' dir='ltr'>contra</span> <span class='ocrx_word' id='word_1_801' title='bbox 2808 4614 2991 4686; x_wconf 87' lang='lat' dir='ltr'>legem</span> <span class='ocrx_word' id='word_1_802' title='bbox 3023 4629 3150 4685; x_wconf 74' lang='lat' dir='ltr'>quae</span> <span class='ocrx_word' id='word_1_803' title='bbox 3171 4630 3260 4669; x_wconf 90' lang='lat' dir='ltr'>me</span> <span class='ocrx_word' id='word_1_804' title='bbox 3280 4614 3511 4683; x_wconf 89' lang='lat' dir='ltr'>nuntiat,</span> 
     </span>
    </p>
   </div>
   <div class='ocr_carea' id='block_1_106' title="bbox 1908 4702 3512 4774">
    <p class='ocr_par' dir='ltr' id='par_1_106' title="bbox 1908 4702 3512 4774">
     <span class='ocr_line' id='line_1_107' title="bbox 1908 4702 3512 4774; baseline -0.001 -16"><span class='ocrx_word' id='word_1_805' title='bbox 1908 4704 1978 4758; x_wconf 90' lang='lat' dir='ltr'>de</span> <span class='ocrx_word' id='word_1_806' title='bbox 2007 4712 2185 4759; x_wconf 88' lang='lat' dir='ltr'>morte</span> <span class='ocrx_word' id='word_1_807' title='bbox 2215 4719 2340 4759; x_wconf 87' lang='lat' dir='ltr'>mea</span> <span class='ocrx_word' id='word_1_808' title='bbox 2368 4702 2638 4769; x_wconf 88' lang='lat' dir='ltr'>tractatis,</span> <span class='ocrx_word' id='word_1_809' title='bbox 2674 4703 2773 4757; x_wconf 91' lang='lat' dir='ltr'>sed</span> <span class='ocrx_word' id='word_1_810' title='bbox 2804 4717 2916 4756; x_wconf 90' lang='lat' dir='ltr'>non</span> <span class='ocrx_word' id='word_1_811' title='bbox 2946 4708 3029 4757; x_wconf 90' lang='lat' dir='ltr'>est</span> <span class='ocrx_word' id='word_1_812' title='bbox 3076 4709 3264 4757; x_wconf 90' lang='lat' dir='ltr'>contra</span> <span class='ocrx_word' id='word_1_813' title='bbox 3311 4702 3512 4774; x_wconf 90' lang='lat' dir='ltr'>legem,</span> 
     </span>
    </p>
   </div>
   <div class='ocr_carea' id='block_1_107' title="bbox 1909 4789 3516 4865">
    <p class='ocr_par' dir='ltr' id='par_1_107' title="bbox 1909 4789 3516 4865">
     <span class='ocr_line' id='line_1_108' title="bbox 1909 4789 3516 4865; baseline 0 -18"><span class='ocrx_word' id='word_1_814' title='bbox 1909 4792 2056 4865; x_wconf 90' lang='lat' dir='ltr'>quod</span> <span class='ocrx_word' id='word_1_815' title='bbox 2086 4799 2257 4848; x_wconf 90' lang='lat' dir='ltr'>totum</span> <span class='ocrx_word' id='word_1_816' title='bbox 2316 4790 2593 4847; x_wconf 90' lang='lat' dir='ltr'>hominem</span> <span class='ocrx_word' id='word_1_817' title='bbox 2638 4806 2833 4846; x_wconf 91' lang='lat' dir='ltr'>sanum</span> <span class='ocrx_word' id='word_1_818' title='bbox 2880 4789 2984 4847; x_wconf 86' lang='lat' dir='ltr'>feci</span> <span class='ocrx_word' id='word_1_819' title='bbox 3029 4790 3086 4845; x_wconf 91' lang='lat' dir='ltr'>in</span> <span class='ocrx_word' id='word_1_820' title='bbox 3133 4791 3363 4846; x_wconf 86' lang='lat' dir='ltr'>sabbato</span> <span class='ocrx_word' id='word_1_821' title='bbox 3411 4808 3516 4865; x_wconf 89' lang='lat' dir='ltr'>ego</span> 
     </span>
    </p>
   </div>
   <div class='ocr_carea' id='block_1_108' title="bbox 1909 4878 3514 4937">
    <p class='ocr_par' dir='ltr' id='par_1_108' title="bbox 1909 4878 3514 4937">
     <span class='ocr_line' id='line_1_109' title="bbox 1909 4878 3514 4937; baseline 0.001 -1"><span class='ocrx_word' id='word_1_822' title='bbox 1909 4880 2175 4936; x_wconf 89' lang='lat' dir='ltr'>Dominus</span> <span class='ocrx_word' id='word_1_823' title='bbox 2203 4880 2432 4936; x_wconf 89' lang='lat' dir='ltr'>sabbati.</span> <span class='ocrx_word' id='word_1_824' title='bbox 2473 4879 2731 4936; x_wconf 87' lang='lat' dir='ltr'>Custodia</span> <span class='ocrx_word' id='word_1_825' title='bbox 2771 4878 2917 4935; x_wconf 91' lang='lat' dir='ltr'>enim</span> <span class='ocrx_word' id='word_1_826' title='bbox 2965 4879 3182 4935; x_wconf 88' lang='lat' dir='ltr'>sabbati</span> <span class='ocrx_word' id='word_1_827' title='bbox 3230 4879 3369 4936; x_wconf 91' lang='lat' dir='ltr'>sicut</span> <span class='ocrx_word' id='word_1_828' title='bbox 3401 4895 3514 4937; x_wconf 70' lang='lat' dir='ltr'>cat-</span> 
     </span>
    </p>
   </div>
   <div class='ocr_carea' id='block_1_109' title="bbox 1909 4968 3516 5040">
    <p class='ocr_par' dir='ltr' id='par_1_109' title="bbox 1909 4968 3516 5040">
     <span class='ocr_line' id='line_1_110' title="bbox 1909 4968 3516 5040; baseline 0 -15"><span class='ocrx_word' id='word_1_829' title='bbox 1909 4977 2027 5025; x_wconf 89' lang='lat' dir='ltr'>tera</span> <span class='ocrx_word' id='word_1_830' title='bbox 2055 4969 2240 5026; x_wconf 88' lang='lat' dir='ltr'>omnia</span> <span class='ocrx_word' id='word_1_831' title='bbox 2266 4977 2494 5040; x_wconf 90' lang='lat' dir='ltr'>propter</span> <span class='ocrx_word' id='word_1_832' title='bbox 2522 4968 2756 5024; x_wconf 89' lang='lat' dir='ltr'>salutem</span> <span class='ocrx_word' id='word_1_833' title='bbox 2783 4968 3021 5025; x_wconf 90' lang='lat' dir='ltr'>hominis</span> <span class='ocrx_word' id='word_1_834' title='bbox 3050 4976 3193 5035; x_wconf 90' lang='lat' dir='ltr'>sunt,</span> <span class='ocrx_word' id='word_1_835' title='bbox 3248 4968 3388 5024; x_wconf 89' lang='lat' dir='ltr'>sicut</span> <span class='ocrx_word' id='word_1_836' title='bbox 3415 4985 3516 5025; x_wconf 89' lang='lat' dir='ltr'>vos</span> 
     </span>
    </p>
   </div>
   <div class='ocr_carea' id='block_1_110' title="bbox 1908 5057 3513 5130">
    <p class='ocr_par' dir='ltr' id='par_1_110' title="bbox 1908 5057 3513 5130">
     <span class='ocr_line' id='line_1_111' title="bbox 1908 5057 3513 5130; baseline 0.001 -18"><span class='ocrx_word' id='word_1_837' title='bbox 1908 5058 2015 5130; x_wconf 89' lang='lat' dir='ltr'>ipsi</span> <span class='ocrx_word' id='word_1_838' title='bbox 2054 5057 2510 5114; x_wconf 90' lang='lat' dir='ltr'>circumcidentes</span> <span class='ocrx_word' id='word_1_839' title='bbox 2551 5057 2609 5113; x_wconf 93' lang='lat' dir='ltr'>in</span> <span class='ocrx_word' id='word_1_840' title='bbox 2655 5058 2906 5124; x_wconf 88' lang='lat' dir='ltr'>sabbato,</span> <span class='ocrx_word' id='word_1_841' title='bbox 2959 5058 3113 5130; x_wconf 89' lang='lat' dir='ltr'>(quia</span> <span class='ocrx_word' id='word_1_842' title='bbox 3159 5057 3231 5113; x_wconf 90' lang='lat' dir='ltr'>ad</span> <span class='ocrx_word' id='word_1_843' title='bbox 3278 5058 3513 5114; x_wconf 87' lang='lat' dir='ltr'>salutem</span> 
     </span>
    </p>
   </div>
   <div class='ocr_carea' id='block_1_111' title="bbox 1910 5145 3276 5218">
    <p class='ocr_par' dir='ltr' id='par_1_111' title="bbox 1910 5145 3276 5218">
     <span class='ocr_line' id='line_1_112' title="bbox 1910 5145 3276 5218; baseline -0.001 -14"><span class='ocrx_word' id='word_1_844' title='bbox 1910 5145 2169 5218; x_wconf 89' lang='lat' dir='ltr'>pertinet)</span> <span class='ocrx_word' id='word_1_845' title='bbox 2194 5163 2305 5202; x_wconf 90' lang='lat' dir='ltr'>non</span> <span class='ocrx_word' id='word_1_846' title='bbox 2334 5146 2552 5203; x_wconf 90' lang='lat' dir='ltr'>solvere</span> <span class='ocrx_word' id='word_1_847' title='bbox 2578 5163 2677 5203; x_wconf 90' lang='lat' dir='ltr'>vos</span> <span class='ocrx_word' id='word_1_848' title='bbox 2707 5147 3001 5203; x_wconf 89' lang='lat' dir='ltr'>sabbatum</span> <span class='ocrx_word' id='word_1_849' title='bbox 3032 5146 3276 5203; x_wconf 88' lang='lat' dir='ltr'>creditis.</span> 
     </span>
    </p>
   </div>
   <div class='ocr_carea' id='block_1_112' title="bbox 1981 5262 3513 5335">
    <p class='ocr_par' dir='ltr' id='par_1_112' title="bbox 1981 5262 3513 5335">
     <span class='ocr_line' id='line_1_113' title="bbox 1981 5262 3513 5335; baseline 0.001 -17"><span class='ocrx_word' id='word_1_850' title='bbox 1981 5262 2152 5318; x_wconf 75' lang='lat' dir='ltr'>Vnus.</span> <span class='ocrx_word' id='word_1_851' title='bbox 2185 5263 2274 5319; x_wconf 79' lang='grc'>24.</span> <span class='ocrx_word' id='word_1_852' title='bbox 2317 5291 2387 5303; x_wconf 86' lang='lat'>--</span> <span class='ocrx_word' id='word_1_853' title='bbox 2418 5263 2602 5319; x_wconf 85' lang='lat' dir='ltr'>Nolite</span> <span class='ocrx_word' id='word_1_854' title='bbox 2635 5264 2921 5335; x_wconf 83' lang='lat' dir='ltr'>judicare,</span> <span class='ocrx_word' id='word_1_855' title='bbox 2971 5270 3084 5318; x_wconf 90' lang='lat' dir='ltr'>etc.</span> <span class='ocrx_word' id='word_1_856' title='bbox 3127 5263 3252 5319; x_wconf 91' lang='lat' dir='ltr'>Non</span> <span class='ocrx_word' id='word_1_857' title='bbox 3299 5263 3513 5320; x_wconf 89' lang='lat' dir='ltr'>debetis</span> 
     </span>
    </p>
   </div>
   <div class='ocr_carea' id='block_1_113' title="bbox 1909 5349 3520 5422">
    <p class='ocr_par' dir='ltr' id='par_1_113' title="bbox 1909 5349 3520 5422">
     <span class='ocr_line' id='line_1_114' title="bbox 1909 5349 3520 5422; baseline -0.001 -16"><span class='ocrx_word' id='word_1_858' title='bbox 1909 5350 2041 5406; x_wconf 88' lang='lat' dir='ltr'>mihi</span> <span class='ocrx_word' id='word_1_859' title='bbox 2071 5350 2237 5406; x_wconf 90' lang='lat' dir='ltr'>irasci</span> <span class='ocrx_word' id='word_1_860' title='bbox 2295 5349 2364 5405; x_wconf 93' lang='lat' dir='ltr'>de</span> <span class='ocrx_word' id='word_1_861' title='bbox 2395 5350 2691 5407; x_wconf 89' lang='lat' dir='ltr'>salvatione</span> <span class='ocrx_word' id='word_1_862' title='bbox 2720 5350 2956 5407; x_wconf 91' lang='lat' dir='ltr'>hominis</span> <span class='ocrx_word' id='word_1_863' title='bbox 2994 5351 3051 5406; x_wconf 90' lang='lat' dir='ltr'>in</span> <span class='ocrx_word' id='word_1_864' title='bbox 3081 5351 3334 5422; x_wconf 83' lang='lat' dir='ltr'>sabbato,</span> <span class='ocrx_word' id='word_1_865' title='bbox 3381 5352 3520 5408; x_wconf 88' lang='lat' dir='ltr'>sicut</span> 
     </span>
    </p>
   </div>
   <div class='ocr_carea' id='block_1_114' title="bbox 1910 5438 3515 5511">
    <p class='ocr_par' dir='ltr' id='par_1_114' title="bbox 1910 5438 3515 5511">
     <span class='ocr_line' id='line_1_115' title="bbox 1910 5438 3515 5511; baseline -0.001 -17"><span class='ocrx_word' id='word_1_866' title='bbox 1910 5455 2021 5495; x_wconf 90' lang='lat' dir='ltr'>non</span> <span class='ocrx_word' id='word_1_867' title='bbox 2049 5438 2363 5496; x_wconf 89' lang='lat' dir='ltr'>irascemini</span> <span class='ocrx_word' id='word_1_868' title='bbox 2398 5439 2468 5494; x_wconf 91' lang='lat' dir='ltr'>de</span> <span class='ocrx_word' id='word_1_869' title='bbox 2515 5439 2930 5496; x_wconf 86' lang='lat' dir='ltr'>circumcisione</span> <span class='ocrx_word' id='word_1_870' title='bbox 2977 5440 3034 5496; x_wconf 92' lang='lat' dir='ltr'>in</span> <span class='ocrx_word' id='word_1_871' title='bbox 3083 5441 3332 5510; x_wconf 89' lang='lat' dir='ltr'>sabbato,</span> <span class='ocrx_word' id='word_1_872' title='bbox 3386 5440 3515 5511; x_wconf 88' lang='lat' dir='ltr'>quia</span> 
     </span>
    </p>
   </div>
   <div class='ocr_carea' id='block_1_115' title="bbox 1911 5527 3515 5599">
    <p class='ocr_par' dir='ltr' id='par_1_115' title="bbox 1911 5527 3515 5599">
     <span class='ocr_line' id='line_1_116' title="bbox 1911 5527 3515 5599; baseline -0.002 -15"><span class='ocrx_word' id='word_1_873' title='bbox 1911 5545 2021 5585; x_wconf 92' lang='lat' dir='ltr'>non</span> <span class='ocrx_word' id='word_1_874' title='bbox 2052 5537 2134 5585; x_wconf 90' lang='lat' dir='ltr'>est</span> <span class='ocrx_word' id='word_1_875' title='bbox 2158 5527 2516 5599; x_wconf 88' lang='lat' dir='ltr'>judicandum</span> <span class='ocrx_word' id='word_1_876' title='bbox 2546 5530 2846 5584; x_wconf 89' lang='lat' dir='ltr'>secundum</span> <span class='ocrx_word' id='word_1_877' title='bbox 2875 5529 3094 5596; x_wconf 88' lang='lat' dir='ltr'>faciem,</span> <span class='ocrx_word' id='word_1_878' title='bbox 3144 5530 3200 5584; x_wconf 90' lang='lat' dir='ltr'>id</span> <span class='ocrx_word' id='word_1_879' title='bbox 3228 5537 3310 5584; x_wconf 92' lang='lat' dir='ltr'>est</span> <span class='ocrx_word' id='word_1_880' title='bbox 3340 5527 3515 5583; x_wconf 91' lang='lat' dir='ltr'>actio-</span> 
     </span>
    </p>
   </div>
   <div class='ocr_carea' id='block_1_116' title="bbox 1912 5616 3517 5691">
    <p class='ocr_par' dir='ltr' id='par_1_116' title="bbox 1912 5616 3517 5691">
     <span class='ocr_line' id='line_1_117' title="bbox 1912 5616 3517 5691; baseline -0.003 -17"><span class='ocrx_word' id='word_1_881' title='bbox 1912 5634 2040 5674; x_wconf 90' lang='lat' dir='ltr'>nem</span> <span class='ocrx_word' id='word_1_882' title='bbox 2068 5633 2448 5689; x_wconf 88' lang='lat' dir='ltr'>personarum,</span> <span class='ocrx_word' id='word_1_883' title='bbox 2491 5624 2550 5673; x_wconf 92' lang='lat' dir='ltr'>ut</span> <span class='ocrx_word' id='word_1_884' title='bbox 2596 5618 2743 5691; x_wconf 92' lang='lat' dir='ltr'>quod</span> <span class='ocrx_word' id='word_1_885' title='bbox 2784 5618 2936 5674; x_wconf 91' lang='lat' dir='ltr'>licuit</span> <span class='ocrx_word' id='word_1_886' title='bbox 2982 5618 3177 5688; x_wconf 85' lang='lat' dir='ltr'>Moysi,</span> <span class='ocrx_word' id='word_1_887' title='bbox 3225 5616 3356 5671; x_wconf 90' lang='lat' dir='ltr'>mihi</span> <span class='ocrx_word' id='word_1_888' title='bbox 3407 5629 3517 5670; x_wconf 92' lang='lat' dir='ltr'>non</span> 
     </span>
    </p>
   </div>
   <div class='ocr_carea' id='block_1_117' title="bbox 1909 5703 3515 5780">
    <p class='ocr_par' dir='ltr' id='par_1_117' title="bbox 1909 5703 3515 5780">
     <span class='ocr_line' id='line_1_118' title="bbox 1909 5703 3515 5780; baseline -0.002 -18"><span class='ocrx_word' id='word_1_889' title='bbox 1909 5705 2090 5777; x_wconf 89' lang='lat' dir='ltr'>liceat,</span> <span class='ocrx_word' id='word_1_890' title='bbox 2123 5706 2224 5766; x_wconf 89' lang='lat' dir='ltr'>sed</span> <span class='ocrx_word' id='word_1_891' title='bbox 2247 5706 2457 5777; x_wconf 86' lang='lat' dir='ltr'>justum</span> <span class='ocrx_word' id='word_1_892' title='bbox 2478 5706 2766 5780; x_wconf 86' lang='lat' dir='ltr'>judicium,</span> <span class='ocrx_word' id='word_1_893' title='bbox 2796 5705 2854 5767; x_wconf 86' lang='lat' dir='ltr'>id</span> <span class='ocrx_word' id='word_1_894' title='bbox 2882 5713 2987 5777; x_wconf 85' lang='lat' dir='ltr'>est,</span> <span class='ocrx_word' id='word_1_895' title='bbox 3021 5704 3325 5764; x_wconf 89' lang='lat' dir='ltr'>secundum</span> <span class='ocrx_word' id='word_1_896' title='bbox 3364 5703 3515 5764; x_wconf 86' lang='lat' dir='ltr'>veri-</span> 
     </span>
    </p>
   </div>
  </div>
