3964 6180
421 273 529 326 387

427 402 594 450 tatem
636 410 819 449 rerum
865 413 879 449 :

425 484 775 549 damnabitis,
810 499 912 538 nec
941 500 1028 536 me
1061 484 1389 538 contrarium
1440 481 1515 534 illi
1546 481 1758 536 dicetis.
1803 482 1866 534 In
1914 496 2021 552 quo

423 572 545 628 illos
576 572 770 644 arguit,
794 588 896 626 nos
926 572 1159 638 instruit,
1186 589 1253 625 ne
1283 572 1338 625 in
1361 571 1670 638 judicandis
1690 569 1870 625 causis
1899 586 2024 640 per-

427 678 589 717 sonas
618 661 973 731 accipiamus,
998 677 1105 715 non
1127 661 1270 731 quod
1293 676 1392 729 pro
1421 659 1729 714 diversitate
1750 659 2022 732 graduum

425 750 790 808 diversimode
820 765 1088 820 personas
1117 765 1227 802 non
1257 750 1609 805 honoremus.

495 858 666 914 Vaas.
699 861 786 914 25.
809 886 880 896 -
899 857 1170 911 Dicebant
1199 872 1342 926 ergo.
1379 854 1515 923 Quia
1544 854 1645 909 etsi
1676 853 1920 910 occultus
1951 853 2022 908 ad

425 946 620 1001 festum
652 945 915 1014 ascendit,
948 944 1131 1014 palam
1160 943 1415 1014 loquitur,
1438 951 1490 997 et
1520 951 1748 1014 apparet
1778 949 2021 1013 potestas

425 1051 545 1106 qua:
574 1035 865 1104 putabatur
903 1033 1180 1087 timiditas.
1227 1032 1488 1086 Mirantur
1519 1032 1702 1102 aliqui,
1755 1031 1877 1102 quia
1925 1047 2024 1102 p0-

423 1124 584 1178 tentia
616 1139 725 1177 non
753 1131 963 1177 tenetur
991 1122 1145 1190 cujus
1173 1137 1322 1174 mors
1345 1129 1630 1191 tantopere
1653 1121 2020 1191 quaerebatur,

422 1221 475 1266 et
504 1212 743 1267 nondum
772 1212 932 1281 plene
964 1210 1328 1281 intelligentes
1359 1209 1476 1277 ejus
1529 1226 1654 1264 esse
1705 1208 2019 1279 potentiam,

423 1309 612 1371 putant
643 1317 768 1354 esse
795 1299 1080 1354 scientiam
1113 1298 1440 1368 principum,
1493 1298 1619 1368 quia
1649 1305 2026 1370 cognoverunt

425 1405 549 1444 eum
596 1405 720 1443 esse
768 1387 1063 1451 Christum,
1113 1387 1258 1440 unde
1306 1387 1409 1440 sibi
1445 1386 1580 1456 ipsis
1609 1387 1870 1454 objiciunt
1915 1403 2026 1441 non

424 1494 548 1533 esse
577 1478 722 1532 hunc
755 1477 1049 1542 Christum,
1084 1491 1206 1530 cum
1236 1491 1398 1529 nemo
1420 1475 1557 1530 sciat
1576 1475 1720 1528 unde
1747 1475 1816 1528 sit
1874 1475 2028 1528 Chri-

423 1565 697 1637 stus,quia
727 1565 827 1619 etsi
855 1581 956 1635 per
981 1565 1279 1635 prophetas
1309 1564 1503 1618 dicitur
1534 1564 1686 1619 locus
1734 1563 2026 1618 nativitatis

423 1663 476 1709 et
495 1654 825 1723 hujusmodi,
861 1661 1044 1708 tamen
1074 1661 1274 1708 aeterna
1303 1652 1556 1707 nativitas
1587 1653 1704 1720 ejus
1753 1669 1820 1707 ex
1867 1653 2025 1707 Patre

911 270 1316 326 WALAFRIDI
1354 269 1598 326 STRABI
1635 267 1834 326 FULD.
1875 264 2047 322 MON.
2088 263 2241 321 OPP.
2281 263 2458 320 PARS
2497 263 2539 318 Ι.
2581 293 2649 302 -
2685 259 3154 318 THEOLOGICA.

930 411 1037 466 qua
1086 395 1325 466 cognita,
1377 409 1476 448 nec
1518 409 1604 447 me
1653 408 1754 446 nec
1797 393 2023 462 Moysen
2050 391 2372 457 Ahominis
2415 390 2512 462 qui
2551 392 2635 444 est
2670 389 2734 442 in
2780 389 2932 454 caelo,
2983 385 3138 458 quasi
3182 382 3333 450 dicit,
3375 381 3609 454 loquens
3654 383 3709 438 in

3615 261 3713 313 388

2123 487 2287 535 terra.

2192 567 2362 623 Vsus.
2398 569 2485 621 34.
2519 595 2589 606 —-
2617 567 2736 621 Non
2762 566 2997 636 potestis
3027 563 3237 619 venire.
3261 562 3384 617 Non
3415 561 3489 616 ait
3516 559 3718 631 poteri-

2122 655 2209 722 tis,
2244 657 2341 711 sed
2371 656 2617 726 potestis.
2653 654 2814 708 Tales
2836 654 2979 707 enim
3000 661 3127 707 tunc
3156 659 3312 706 erant
3341 650 3433 722 qui
3461 666 3570 705 non
3599 666 3720 721 pos-

2122 753 2263 811 sent,
2298 745 2434 800 sicut
2463 753 2516 799 et
2543 743 2672 798 alibi
2703 743 2833 798 dicit
2861 743 3020 797 Petro
3055 759 3069 795 :
3101 742 3220 796 Non
3249 744 3403 813 potes
3462 756 3550 795 me
3566 739 3724 811 sequi

2120 834 2302 900 modo,
2321 819 2586 906 sequeris
2617 837 2808 888 autem
2826 834 3023 904 postea.
3042 830 3224 900 (Joan.
3249 829 3398 900 xm),
3421 828 3500 884 sic
3521 843 3624 883 nec
3653 827 3721 883 de

2122 921 2240 976 istis
2270 923 2430 976 datur
2460 921 2794 992 desperatio.

2196 1037 2476 1091 Vaas.35.
2501 1065 2570 1075 ——
2603 1035 2685 1090 Ad
2734 1036 3076 1106 semetipsos,
3130 1040 3233 1088 etc.
3287 1031 3441 1087 Unde
3489 1030 3722 1085 Domino

2123 1125 2306 1180 dicere
2336 1124 2666 1191 nescierunt,
2698 1132 2751 1178 et
2780 1131 2959 1178 tamen
2988 1122 3121 1176 illud
3152 1121 3298 1193 quod
3325 1121 3563 1175 futurum
3612 1129 3726 1175 erat

2123 1214 2430 1270 nescientes
2459 1213 2964 1284 pronuntiaverunt.
3000 1210 3158 1279 Quod
3189 1219 3242 1265 et
3272 1210 3318 1264 si
3346 1225 3454 1264 non
3482 1225 3724 1280 praesen-

2125 1302 2200 1357 tia
2229 1319 2326 1371 per
2355 1303 2652 1372 apostolos,
2714 1309 2894 1358 tamen
2925 1301 3100 1356 iturus
3149 1306 3232 1356 est
3259 1299 3330 1355 ad
3363 1306 3557 1370 gentes
3605 1313 3724 1354 cre-

2125 1391 2352 1445 dituras.

2195 1507 2367 1560 VEBS.
2393 1509 2480 1560 36.
2503 1535 2572 1545 --
2604 1507 2738 1572 Quis
2767 1509 2852 1562 est
2881 1505 2970 1560 hic
2996 1508 3019 1560 ἵ
3065 1505 3199 1558 Cum
3228 1502 3547 1576 ignorantes
3590 1516 3725 1572 pro-

2124 1596 2443 1665 phetassent
2474 1594 2776 1660 veritatem,
2811 1593 3132 1663 replicantes
3163 1593 3415 1647 eamdem
3465 1591 3727 1662 quaestio-

2126 1700 2268 1749 nem,
2303 1683 2595 1738 ostendunt
2626 1700 2685 1738 se
2715 1683 3072 1754 prOphetasse
3102 1697 3168 1737 ex
3197 1679 3523 1754 ignorantia,
3549 1688 3607 1733 ut
3635 1695 3728 1749 po-

421 1743 682 1808 nascitur,
728 1743 872 1797 unde
904 1743 1173 1812 Propheta
1208 1761 1221 1796 :
1263 1742 1691 1846 Generatione-m
1733 1744 1852 1812 ejus
1900 1743 2024 1813 quis
2053 1761 2105 1821 Β
2135 1742 2557 1846 dus'ignorasse
2590 1742 2874 1828 videanu‘n.
2904 1787 3068 1843 quam
3096 1742 3473 1842 prOPVhetasse.

425 1833 880 1902 enarrabit(1sa.
914 1831 1079 1900 Lm)?
1122 1831 1276 1886 Unde
1325 1829 1570 1884 Christus
1619 1830 1688 1884 ad
1736 1837 2026 1901 utrumque

421 1921 736 1991 respondet,
773 1929 825 1974 et
855 1920 921 1974 de
953 1920 1282 1985 infirmitate,
1319 1927 1372 1974 et
1404 1919 1472 1973 de
1503 1920 1808 1988 majestate.

497 2037 668 2091 Vens.
694 2040 782 2094 28.
804 2066 873 2075 —-
893 2038 963 2091 Et
992 2053 1084 2091 me
1115 2038 1297 2091 scitis.
1332 2035 1391 2089 1d
1422 2042 1523 2100 est,
1560 2034 1802 2107 efﬁgiem
1848 2034 2028 2089 vultus

423 2125 550 2190 mei,
584 2129 640 2180 et
671 2126 819 2180 unde
851 2126 962 2180 sim
995 2125 1337 2180 nativitatem
1360 2132 1412 2179 et
1432 2131 1709 2195 parentes,
1737 2125 1883 2195 quod
1905 2132 1986 2178 est
2011 2142 2024 2177 :

425 2214 723 2268 secundum
749 2229 976 2268 carnem
1025 2230 1112 2268 me
1142 2213 1385 2279 noscitis,
1437 2214 1535 2269 sed
1571 2229 1682 2268 non
1726 2213 2030 2268 secundum

425 2302 792 2369 Divinitatem,
823 2303 949 2373 quia
987 2320 1021 2356 α
1049 2319 1140 2357 me
1187 2304 1312 2374 ipso
1336 2320 1450 2357 non
1497 2304 1644 2358 veni.
1698 2301 2031 2357 Nesciebant

425 2407 550 2446 eum
579 2391 680 2445 Dei
707 2391 900 2445 Filium
933 2407 1076 2456 esse,
1112 2406 1214 2445 nec
1244 2405 1278 2445 a
1307 2392 1470 2445 Patre
1500 2391 1728 2445 missum
1762 2408 1776 2445 :
1808 2390 2028 2446 nescie-

425 2481 558 2535 bant
585 2479 746 2534 etiam
775 2481 950 2535 Deum
978 2480 1194 2534 Patrem
1227 2480 1320 2550 qui
1350 2496 1511 2536 verus
1566 2488 1649 2534 est
1677 2479 1895 2551 genitor
1939 2479 2028 2550 ip-

424 2568 538 2623 sius
565 2567 828 2623 veritatis.
866 2568 974 2623 Sed
1006 2569 1148 2622 unde
1178 2577 1406 2639 possunt
1455 2568 1614 2637 scire,
1659 2568 1841 2622 subdit
1874 2584 1888 2620 :
1921 2569 2028 2638 Ego

421 2659 556 2713 scio.
588 2658 742 2730 Ergo
775 2674 804 2710 a
837 2673 924 2712 me
954 2658 1202 2728 quaerite,
1234 2657 1292 2711 in
1315 2674 1403 2711 me
1433 2657 1654 2722 credite,
1704 2657 1834 2727 quia
1862 2672 2029 2712 nemo

419 2748 580 2803 novit
609 2749 840 2801 Patrem
870 2748 986 2802 nisi
1017 2748 1218 2814 Filius,
1248 2750 1305 2802 et
1335 2747 1428 2802 cui
1458 2747 1640 2801 Filius
1670 2746 1914 2802 voluerit
1942 2760 2032 2802 re-

418 2837 610 2892 velare
639 2834 833 2906 (Marc.
867 2836 971 2905 xi).

496 2950 666 3004 Vsus.
690 2953 779 3007 29.
808 2978 876 2988 -
899 2949 1003 3005 Sed
1033 2950 1147 3004 scio
1176 2964 1325 3003 eum.
1344 2948 1473 3003 Ideo
1503 2947 1616 3003 scio
1646 2963 1788 3013 eum,
1813 2950 1944 3020 quia
1965 2948 2031 3003 ab

420 3041 538 3110 ipso
568 3055 696 3094 sum
727 3039 863 3108 ipse,
889 3044 993 3091 etc.
1019 3035 1262 3091 Breviter
1290 3044 1582 3107 utrumque
1611 3037 2028 3106 complectatur,

2203 1862 2370 1916 Vsus.
2393 1863 2481 1915 37.
2505 1891 2574 1902 -—
2605 1863 2670 1916 In
2700 1861 2998 1916 novissimo
3031 1863 3244 1914 autem.
3278 1859 3407 1912 Post
3433 1856 3728 1911 dissensio-

2128 1967 2227 2005 nes
2255 1951 2570 2004 Judaaorum
2599 1949 2666 2003 de
2695 1951 2845 2016 Jesu,
2866 1957 2918 2004 et
2946 1956 3072 2019 post
3099 1948 3271 2002 verba
3301 1963 3419 2018 quae
3437 1946 3590 2011 dixit,
3616 1945 3729 2016 qui-

2129 2039 2231 2093 bus
2259 2039 2349 2093 alii
2379 2039 2762 2106 conderentur,
2799 2038 2889 2092 alii
2922 2039 3271 2102 docerentur,
3314 2036 3369 2090 in
3410 2034 3600 2090 ultimo
3638 2034 3727 2088 die

2129 2128 2475 2199 scenopegize
2505 2135 2664 2183 vocat
2687 2143 2795 2181 non
2827 2126 3002 2181 solum
3031 2125 3324 2197 loquendo,
3377 2123 3475 2179 sed
3521 2130 3576 2178 et
3606 2122 3726 2178 cla-

2127 2217 2345 2283 mando,
2381 2224 2438 2270 ut
2466 2217 2558 2288 qui
2590 2216 2699 2270 sitit
2728 2216 2908 2271 veniat
2935 2215 3002 2269 ad
3034 2231 3178 2270 eum.

2199 2307 2259 2361 Si
2289 2308 2412 2377 quis
2441 2307 2589 2360 sitit.
2621 2305 2778 2359 Bibat
2809 2304 3074 2374 spiritum,
3108 2311 3166 2358 ut
3211 2309 3336 2372 post
3381 2300 3620 2372 exponit,
3671 2305 3728 2354 et

2129 2411 2258 2451 cum
2289 2395 2505 2460 biberit,
2527 2395 2773 2462 ﬂumina
2803 2394 2870 2448 de
2898 2398 3095 2449 ventre
3122 2393 3244 2464 ejus
3265 2392 3449 2460 ﬂuent
3475 2406 3634 2462 aqua:
3653 2391 3730 2443 υἱ-

2127 2499 2227 2538 vae.
2263 2483 2465 2537 Venter
2496 2490 2578 2537 est
2609 2482 2943 2538 conscientia
2981 2481 3183 2547 cordis,
3232 2495 3352 2550 quae
3395 2478 3566 2532 bibito
3611 2477 3729 2548 spi-

2129 2572 2235 2626 ritu
2263 2580 2498 2642 purgata
2529 2571 2680 2637 vivit,
2715 2579 2769 2625 et
2798 2571 2964 2625 habet
2991 2569 3214 2624 fontem.
3246 2569 3316 2622 Et
3344 2567 3460 2638 ipsa
3493 2574 3578 2621 est
3605 2565 3730 2621 fons

2128 2660 2216 2715 vel
2243 2660 2461 2726 ﬂuvius,
2497 2660 2589 2731 qui
2616 2667 2805 2714 manat
2857 2658 3257 2725 benevolentia,
3306 2657 3436 2711 dum
3479 2655 3730 2726 proximo

2129 2749 2243 2804 vult
2274 2749 2581 2813 consulere,
2603 2749 2694 2821 qui
2723 2749 2869 2804 bona
2898 2763 2999 2803 sua
3016 2755 3170 2820 putat
3199 2745 3304 2802 sibi
3333 2745 3435 2802 soli
3453 2743 3724 2810 sufﬁcere,

2129 2853 2241 2892 non
2269 2837 2369 2892 fuit
2397 2837 2490 2892 ille
2520 2835 2660 2891 fons.

2201 2926 2412 2996 (HIER.)
2444 2925 2720 2981 Audacter
2763 2933 2818 2980 et
2856 2931 2970 2980 tota
3004 2923 3254 2980 libertate
3297 2921 3613 2993 pronuntio,
3662 2936 3728 2978 ex

2132 3030 2198 3069 eo
2229 3021 2494 3085 tempore,
2543 3022 2672 3080 etc.,
2721 3029 2894 3086 usque
2938 3013 3010 3068 ad
3048 3011 3406 3084 quamobrem
3455 3026 3580 3066 cum
3622 3009 3728 3063 du-

421 3099 487 3182 db
517 3127 636 3196 ipso
666 3099 813 3190 sunt,
851 3099 995 3196 quia
1043 3124 1210 3178 Filius
1254 3125 1322 3180 de
1368 3099 1550 3194 Patre,
1602 3099 1762 3180 Pater
1803 3141 1913 3180 non
1958 3099 2098 3182 deC
2130 3110 2350 3196 cere?“
2374 3104 2534 3196 ξθδυε
2564 3103 2636 3157 ad
2663 3103 2977 3173 Ρθιεείοηθω
3007 3108 3231 3173 negant:
3275 3109 3331 3156 θι
3358 3099 3630 3155 Chris‘um
3669 3113 3728 3152 5°

424 3213 551 3282 alio,
589 3222 643 3268 et
671 3214 727 3267 in
759 3228 926 3269 carne
954 3229 1042 3267 me
1070 3213 1285 3283 videtis,
1321 3213 1449 3284 quia
1477 3215 1594 3284 ipse
1623 3230 1712 3269 me
1747 3214 1912 3268 misit.
1964 3215 2026 3270 In

423 3319 533 3373 quo
565 3302 614 3356 ei
647 3317 846 3374 magna
874 3302 1191 3374 generantis
1222 3303 1514 3358 auctoritas
1545 3311 1598 3358 et
1630 3302 1734 3359 sibi
1784 3319 2026 3359 commu-

423 3391 508 3444 nis
541 3407 663 3447 cum
694 3390 1004 3446 hominibus
1034 3399 1244 3446 natura.

493 3534 660 3588 Vsus.
688 3537 774 3588 30.
794 3562 864 3573 —
894 3535 1042 3588 Hora
1071 3537 1211 3605 ejus.
1265 3533 1390 3588 Non
1420 3533 1565 3604 quod
1613 3533 1911 3589 necessitas
1959 3534 2027 3588 sit

422 3623 571 3690 facti,
607 3623 704 3678 sed
733 3623 1111 3694 opportunitas
1143 3623 1458 3678 voluntatis.
1513 3621 1692 3677 Voluit
1737 3623 1881 3677 enim
1929 3639 2028 3694 op-

417 3719 650 3782 portuno
680 3720 925 3782 tempore
955 3712 1124 3780 nasci,
1182 3712 1475 3782 praemissa
1506 3711 1673 3783 longa
1713 3712 1852 3767 serie
1897 3728 2028 3782 prae-

419 3816 634 3856 conum.
670 3800 933 3856 Similiter
961 3801 1288 3871 praedicator
1315 3800 1600 3873 Evangelii
1631 3800 1800 3856 voluit
1830 3816 2027 3871 oppor-

419 3897 549 3945 tuno
578 3897 826 3960 tempore
856 3889 1025 3944 mori.

500 4033 669 4087 Vens.
703 4036 791 4088 32.
825 4061 893 4072 --
925 4031 1244 4086 Audierant
1268 4031 1563 4085 Pharisaei.
1615 4028 1896 4100 Principes
1937 4030 2026 4083 in-

429 4119 565 4186 sani,
602 4119 788 4173 audito
817 4134 1098 4172 murmure
1126 4133 1233 4189 quo
1264 4117 1507 4172 Christus
1547 4132 1579 4170 a
1612 4116 1771 4170 turba
1819 4116 2028 4190 gloriﬁ-

423 4209 672 4277 cabatur,
725 4214 970 4279 quaerunt
1018 4205 1292 4272 occidere,
1346 4222 1507 4277 quem
1557 4212 1738 4259 tamen
1785 4206 2027 4261 nondum

424 4297 696 4354 volentem
725 4295 1141 4366 apprehendere
1182 4311 1291 4351 non
1321 4301 1630 4366 potuerunt,
1682 4295 1780 4350 sed
1827 4295 2030 4351 docen-

425 4395 535 4443 tem
564 4385 872 4442 audierunt.

502 4512 673 4567 Vnus.
707 4514 797 4566 33.
827 4539 896 4550 -—
924 4509 1118 4565 Adhuc
1148 4509 1432 4565 modicum
1464 4512 1702 4580 tempus.
1737 4507 1908 4577 Quasi
1937 4507 2025 4562 di-

430 4609 515 4658 cat
550 4618 563 4654 :
596 4600 755 4668 Quod
782 4598 946 4654 modo
977 4599 1159 4665 vultis,
1194 4606 1317 4668 post
1349 4597 1542 4653 facturi
1573 4598 1723 4664 estis,
1777 4597 1875 4652 sed
1921 4612 2031 4652 non

431 4689 615 4754 modo,
651 4688 780 4759 quia
809 4689 989 4743 adhuc
1017 4687 1293 4743 modicum
1324 4694 1537 4757 tempus
1567 4686 1850 4742 vobiscum
1886 4702 2026 4754 sum,

434 4793 542 4850 quo
571 4775 1034 4846 dispensationem
1065 4792 1245 4831 meam
1288 4775 1516 4845 implere
1563 4775 1760 4842 debeo,
1811 4782 1864 4828 et
1902 4781 2031 4830 tunc

429 4866 572 4922 vado
603 4865 672 4920 ad
703 4881 826 4921 eum
857 4864 949 4935 qui
979 4881 1066 4919 me
1095 4865 1263 4930 misit,
1295 4871 1419 4918 tunc
1449 4864 1562 4933 pati
1595 4864 1790 4919 debeo.
1843 4863 1911 4916 Et
1940 4862 2032 4933 qui

428 4955 592 5010 modo
623 4969 731 5009 non
761 4953 924 5008 vultis
954 4953 1145 5007 audire
1171 4960 1500 5022 praesentem
1548 4960 1600 5007 et
1638 4951 1902 5008 miracula
1947 4950 2029 5005 fa-

429 5043 684 5108 cientem,
718 5041 970 5112 quaeretis
998 5058 1084 5095 me
1114 5049 1237 5111 post
1266 5042 1724 5097 resurrectionem
1765 5049 1817 5096 et
1845 5056 2030 5095 assen-

433 5130 643 5185 sionem
673 5146 797 5186 cum
830 5137 977 5184 tanta
1006 5129 1267 5185 miracula
1292 5128 1422 5183 ﬁent
1449 5147 1549 5200 per
1591 5129 1868 5200 apostolos
1908 5144 2028 5183 mea

430 5218 645 5284 virtute,
678 5227 731 5273 et
759 5235 885 5274 cum
916 5227 1062 5272 tanta
1103 5219 1289 5273 credet
1325 5219 1632 5273 multitudo.
1682 5220 1835 5274 Tunc
1884 5217 2028 5272 enim

431 5307 740 5378 compuncti
789 5307 856 5362 de
916 5315 1066 5362 tanto
1129 5307 1340 5364 scelere
1393 5308 1583 5364 mortis
1631 5307 1827 5363 Christi
1876 5306 2028 5360 dixe-

432 5403 558 5450 runt
641 5397 802 5451 Petro
853 5413 866 5448 :
923 5397 1065 5463 Quid
1121 5398 1401 5468 facie-mus
1456 5402 1478 5452 Υ
1561 5397 1844 5453 Vobiscum
1900 5412 2028 5450 sum

431 5489 489 5541 et
517 5484 673 5542 vado.
706 5485 829 5538 Non
869 5484 944 5538 ait
974 5501 1091 5552 ero,
1137 5487 1234 5540 sed
1281 5502 1420 5551 sum,
1473 5483 1600 5556 quia
1644 5492 1697 5537 et
1741 5484 1786 5537 si
1833 5499 2027 5538 secun-

431 5573 561 5628 dum
593 5573 738 5646 quod
767 5575 931 5628 homo
961 5583 1130 5628 mutat
1156 5575 1298 5641 loca,
1341 5573 1641 5629 secundum
1686 5573 1833 5644 quod
1881 5573 2027 5626 Deus

433 5678 546 5719 non
586 5669 788 5732 mutat,
838 5678 963 5720 cum
1010 5663 1211 5738 ubique
1251 5663 1338 5718 sit.
1402 5662 1557 5718 Unde
1601 5661 1732 5717 alibi
1781 5677 1794 5717 :
1847 5661 2027 5718 Filius

2128 3191 2343 3247 nescire
2366 3191 2573 3260 jurant.

2197 3307 2476 3371 Vnns.39,
2511 3308 2599 3359 40.
2635 3335 2704 3345 -
2735 3305 2994 3361 Nondum
3023 3305 3197 3370 enim,
3243 3310 3346 3358 etc.
3393 3302 3464 3356 Et
3505 3302 3551 3356 si
3602 3315 3727 3372 pro—

2123 3396 2303 3465 pheta:
2331 3401 2661 3464 acceperunt
2696 3395 2949 3448 eumdem
2979 3393 3224 3463 spiritum
3260 3409 3273 3445 :
3309 3398 3361 3446 et
3389 3392 3629 3445 Joannes
3676 3399 3727 3443 et

2125 3483 2216 3537 alii
2247 3491 2373 3538 ante
2404 3482 2859 3538 resurrectionem
2908 3480 3147 3546 Christi;
3189 3489 3376 3534 tamen
3419 3485 3540 3533 erat
3585 3477 3726 3532 alius

2125 3573 2322 3626 modus
2351 3571 2661 3626 donationis
2693 3570 2907 3624 futurus
2937 3569 3182 3640 apertior
3221 3577 3272 3623 et
3301 3567 3518 3638 plenior
3554 3584 3567 3620 :
3599 3574 3724 3636 post

2127 3660 2590 3715 resurrectionem
2624 3659 2788 3723 enim,
2811 3658 3030 3728 quando
3059 3657 3295 3727 primum
3325 3654 3581 3726 apparuit
3608 3669 3735 3724 apo-

2127 3749 2300 3814 stolis,
2329 3747 2622 3802 insuﬂlavit
2660 3747 2716 3801 in
2745 3746 2943 3801 faciem
2983 3761 3195 3812 eorum,
3250 3744 3342 3816 qui
3374 3743 3506 3798 ﬂatu
3550 3742 3734 3813 primo

2128 3836 2333 3892 homini
2359 3837 2596 3891 animam
2628 3833 2842 3900 indidit,
2878 3841 2932 3888 et
2961 3833 3028 3888 de
3081 3833 3214 3888 limo
3262 3832 3453 3887 erexit.
3504 3829 3736 3904 Signiﬁ-

2127 3941 2261 3980 cans
2290 3941 2421 3996 ergo
2453 3941 2512 3979 se
2540 3939 2663 3980 esse
2693 3923 2964 3989 eumdem,
2993 3921 3288 3977 insuﬂlavit
3317 3919 3568 3991 spiritum
3599 3935 3739 3990 apo—

2127 4014 2302 4080 stolis,
2336 4020 2394 4067 ut
2424 4013 2492 4068 de
2522 4013 2637 4068 luto
2667 4018 3047 4082 exsurgerent.
3068 4010 3281 4064 Deinde
3297 4016 3420 4080 post
3449 4008 3739 4063 ascensio-

2127 4118 2252 4156 nem
2281 4101 2495 4171 plenius
2527 4101 2788 4171 Spiritum
2808 4100 2956 4154 misit
2985 4101 3040 4153 in
3069 4099 3247 4171 igneis
3277 4097 3500 4170 linguis,
3521 4104 3582 4151 ut
3613 4112 3737 4152 om-

2127 4207 2226 4245 nes
2257 4198 2450 4261 gentes
2483 4189 2762 4256 docerent,
2785 4190 2928 4244 sicut
2957 4188 3036 4242 illi
3056 4195 3182 4242 tunc
3212 4186 3465 4242 omnibus
3487 4185 3736 4256 linguis:

2129 4279 2208 4334 sic
2239 4294 2384 4334 nunc
2415 4278 2595 4332 unitas
2638 4277 2882 4333 Eccesia:
2928 4275 3169 4346 loquitur
3213 4274 3466 4330 omnibus
3505 4272 3738 4346 linguis.

2127 4384 2158 4422 a
2186 4383 2295 4439 qua
2323 4366 2528 4422 unitate
2558 4366 2823 4437 praecisus
2852 4380 2962 4420 non
2993 4364 3157 4419 habet
3187 4364 3459 4434 spiritum.

2053 4479 2108 4540 D
2205 4457 2346 4524 Quid
2373 4458 2533 4512 Iesus
2562 4456 2814 4511 nondum
2845 4458 2970 4509 erat
2987 4454 3358 4525 gloriﬁcatus,
3382 4460 3487 4506 etc.
3521 4453 3614 4540 Eia:
3633 4452 3743 4506 illa

2131 4563 2257 4617 ergo
2290 4546 2471 4609 turba,
2509 4551 2612 4599 etc.
2649 4545 2938 4613 Postquam
2966 4549 3148 4596 autem
3177 4541 3523 4610 baptizantur
3552 4539 3745 4610 Spiri-

2132 4642 2188 4688 tu
2217 4642 2424 4700 sancto,
2459 4641 2513 4687 et
2541 4631 2835 4687 effunditur
2863 4631 3043 4704 gratia
3069 4629 3302 4700 Spiritus
3329 4627 3501 4684 sancti
3526 4627 3586 4683 in
3617 4627 3706 4683 eis
3729 4647 3746 4693 ;

2130 4730 2260 4778 tunc
2286 4723 2460 4776 libere
2489 4721 2785 4792 loquuntur
2804 4721 2873 4774 ad
2893 4718 3170 4790 principes
3198 4717 3548 4773 Judaeorum:
3572 4717 3749 4788 Opor-

2134 4815 2214 4866 tet
2245 4811 2461 4866 obedire
2489 4811 2669 4880 magis
2709 4811 2816 4865 Deo
2856 4823 3028 4881 quam
3073 4807 3390 4864 hominibus
3439 4807 3591 4877 (Act.
3625 4808 3691 4874 v)
3732 4823 3748 4858 :

2130 4907 2376 4954 mortuos
2408 4899 2690 4964 suscitant,
2709 4897 2853 4952 inter
2881 4896 3097 4968 ﬂagella
3114 4896 3382 4960 laetantur,
3404 4894 3753 4965 sanguinem

2129 4987 2380 5054 fundunt,
2402 4996 2455 5042 et
2484 4987 2606 5040 aliis
2635 4986 2918 5056 suppliciis
2940 4992 3288 5040 coronantur.
3306 4983 3568 5037 Nondum
3601 4997 3755 5054 ergo

2130 5084 2248 5131 erat
2278 5075 2511 5146 Spiritus
2539 5075 2597 5129 in
2622 5075 2905 5145 apostolis,
2937 5089 3037 5130 nec
3067 5073 3136 5128 de
3164 5079 3352 5128 ventre
3381 5086 3578 5126 eorum
3610 5071 3760 5128 ﬂue—

2131 5165 2261 5218 bant
2289 5163 2484 5236 gratiae
2515 5163 2826 5234 spirituales
2859 5181 2872 5217 :
2905 5163 3034 5234 quia
3060 5161 3302 5219 nondum
3330 5159 3510 5216 fuerat
3535 5160 3756 5216 Domi-

2128 5269 2231 5307 nus
2259 5251 2620 5323 glorificatus.

2199 5369 2558 5425 Vnns.45.—
2600 5371 2884 5426 Venerunt
2909 5384 3054 5441 ergo.
3102 5366 3252 5422 Missi
3283 5365 3352 5420 ad
3400 5364 3760 5434 capiendum

2128 5475 2250 5514 eum
2280 5458 2558 5513 redierunt
2575 5457 2844 5513 immunes
2874 5474 2907 5512 a
2934 5457 3178 5523 crimine,
3197 5453 3346 5526 pleni
3365 5453 3764 5512 admiratione

2127 5547 2324 5603 divinae
2353 5547 2616 5602 doctrina:
2641 5553 2830 5602 testes.

2199 5662 2369 5718 Vsus.
2403 5664 2493 5718 47.
2535 5692 2604 5702 -
2647 5660 2913 5734 Nunquid
2951 5664 3008 5718 et
3038 5676 3157 5730 vos,
3203 5666 3307 5716 etc.
3353 5657 3767 5720 Laudabiliter
