3964 6180
217 242 309 296 389

1169 238 1441 296 GLOSSA
1479 236 1888 297 ORD'INARIA.
1929 271 1998 282 —
2035 241 2304 298 EVANG.
2351 241 2548 299 JOAN.

3405 248 3509 301 390

217 363 423 418 seducti
454 371 608 418 erant
638 364 730 435 qui
760 362 985 420 dimisso
1017 363 1162 420 malo
1191 364 1526 421 inﬁdelitatis
1575 365 1812 420 transie-
1831 368 1888 429 Α
1917 367 2074 422 citius
2123 367 2362 422 exituros
2412 383 2575 438 quam
2629 367 2781 438 plura
2838 367 3286 440 interrogaturos.
3340 369 3510 424 Docet

220 461 334 507 rant
366 453 439 506 ad
461 451 645 507 ﬁdem.

282 542 453 597 Vnus.
491 544 580 597 48.
610 572 680 582 -
701 542 968 615 Nunquid
988 559 1062 598 ex
1069 543 1424 615 principibus
1452 544 1679 615 aliquis,
1707 550 1812 598 etc.

220 630 317 700 Qui
346 632 547 687 docent
566 632 747 705 legem
787 641 1141 688 contemnunt
1170 649 1294 688 eum
1326 632 1415 703 qui
1436 632 1582 686 misit
1611 632 1813 704 legem,

220 721 311 775 sed
346 721 438 792 qui
468 737 577 775 non
607 730 872 776 noverant
894 721 1094 794 legem,
1149 721 1377 776 credunt
1433 721 1488 774 in
1547 737 1671 774 eum
1727 719 1820 792 qui

222 808 370 864 dedit
401 809 604 881 legem,
659 819 717 864 ut
762 809 1053 880 impleatur
1104 810 1248 880 quod
1305 809 1504 864 dicitur
1539 827 1553 863 :
1591 811 1658 866 Ut
1705 823 1820 862 non

226 899 480 954 videntes
511 898 760 965 videant,
795 903 851 954 et
878 899 1134 954 videntes
1165 900 1299 954 caeci
1317 899 1462 967 ﬁant
1494 899 1676 968 (Joan.
1713 897 1816 968 ix).

285 987 472 1042 Vnus.~
494 989 582 1041 51.
605 1017 675 1026 -
703 987 968 1059 Nunquid
1001 989 1116 1042 (ex.
1141 986 1282 1054 Quia
1300 986 1376 1040 illi
1398 985 1645 1056 perversi
1673 985 1823 1040 vola

227 1075 354 1129 bant
384 1075 542 1145 prius
572 1092 695 1131 esse
725 1076 1076 1130 damnatores
1107 1092 1270 1147 quam
1326 1072 1668 1146 cognitores,‘
1721 1075 1824 1128 iste

232 1179 364 1218 vero
395 1165 627 1234 putabat
651 1165 797 1235 quod
827 1164 873 1218 si
902 1165 1172 1234 patienter
1213 1181 1336 1220 eum
1366 1171 1693 1234 praesentem
1722 1179 1823 1216 au-

224 1252 424 1320 dirent,
460 1252 648 1308 forsan
697 1261 879 1308 essent
930 1253 1136 1308 similes
1193 1253 1453 1306 ministris
1484 1253 1574 1323 qui
1612 1251 1824 1306 malue-

227 1349 352 1395 runt
384 1342 617 1397 credere
647 1359 810 1413 quam
860 1350 1068 1397 tenere.
1121 1342 1457 1398 Auctoritate
1503 1357 1639 1414 ergo
1687 1339 1828 1411 legis

224 1430 334 1485 vult
363 1447 462 1486 eos
492 1431 774 1496 inducere,
809 1439 866 1485 ut
896 1447 1022 1486 eum
1047 1431 1194 1501 prius
1227 1430 1395 1487 velint
1422 1429 1630 1484 audire.

295 1521 470 1575 Vnus.
503 1524 590 1588 5'2,
626 1524 713 1575 53.
738 1550 807 1560 —
825 1522 898 1576 Et
917 1525 978 1576 tu
997 1520 1261 1575 Galitwus
1291 1536 1367 1584 es,
1400 1527 1504 1574 etc.
1527 1521 1596 1573 Et
1619 1519 1830 1573 reversi

227 1613 382 1677 sunt,
420 1617 523 1665 etc.
587 1609 846 1664 Galilaus
904 1608 1185 1664 dicebatur
1238 1609 1416 1676 Jesus,
1466 1607 1722 1678 quoniam
1761 1606 1830 1661 de

227 1699 501 1754 Nazareth
532 1705 689 1754 erant
715 1706 972 1770 parentes
1001 1698 1146 1767 ejus.

825 1865 1050 1920 CAPUT
1098 1865 1239 1919 VIII.

298 2034 479 2090 Vens.
512 2037 536 2086 1
571 2063 640 2074 —
669 2035 827 2089 Jesus
857 2037 1068 2089 autem.
1096 2031 1236 2100 Quia
1251 2047 1372 2086 mos
1403 2030 1452 2085 ei
1483 2039 1600 2086 erat
1626 2030 1714 2086 die
1735 2031 1833 2098 dq-

230 2138 350 2178 cere
385 2122 443 2177 in
473 2122 696 2193 templo,
737 2138 968 2193 vespere
997 2122 1198 2177 reverti
1241 2121 1297 2175 in
1336 2120 1669 2189 Bethaniam,
1713 2135 1834 2191 qua

230 2220 306 2268 est
341 2211 403 2265 in
433 2220 620 2267 monte
655 2210 873 2266 Oliveti.

327 2299 562 2370 Mystice
604 2316 618 2352 :
651 2298 844 2370 Signat
874 2298 1208 2353 altitudinem
1234 2297 1644 2366 misericordia,
1694 2296 1835 2351 unde

229 2388 394 2444 nobis
424 2388 684 2457 chrisma,
721 2388 775 2442 id
806 2396 889 2442 est
935 2387 1135 2442 unctio.
1196 2387 1353 2442 Mane
1397 2386 1537 2441 redit
1566 2385 1637 2440 ad
1693 2393 1837 2440 tem-

229 2478 406 2549 plum.
441 2478 598 2532 Mane
628 2485 710 2531 est
739 2484 893 2531 ortus
913 2491 1069 2531 nova
1096 2475 1232 2531 lucis
1260 2483 1385 2545 post
1402 2475 1654 2530 tenebras
1675 2473 1834 2546 legis,

231 2582 337 2638 quo
369 2565 646 2630 ﬁdelibus,
679 2566 736 2619 id
766 2572 865 2627 est,
899 2564 953 2618 in
984 2564 1184 2634 templo
1232 2564 1350 2632 ejus
1406 2561 1840 2618 misericordiam

234 2655 385 2709 venit
418 2654 668 2724 pandere
698 2661 751 2708 et
779 2653 932 2707 dare.
993 2652 1179 2708 Sessio
1234 2660 1318 2707 est
1345 2651 1622 2706 humilitas
1652 2652 1840 2706 Incar-

234 2742 503 2812 nationis,
546 2741 674 2813 quia
701 2741 995 2796 miseretur
1023 2748 1077 2794 et
1105 2741 1282 2805 docet,
1303 2740 1448 2794 unde
1478 2739 1734 2794 libentius
1751 2753 1844 2809 p0-

235 2830 403 2900 pulus
433 2829 583 2885 venit
603 2830 672 2884 ad
701 2845 844 2894 eum,
881 2829 978 2884 sed
1008 2828 1212 2883 inimici
1240 2827 1498 2882 Pharisai
1549 2827 1618 2884 de
1640 2827 1843 2896 justitia

235 2926 468 2983 tentant,
503 2933 573 2972 an
605 2925 793 2972 contra
823 2933 944 2972 eam
992 2917 1155 2972 dicat.
1203 2917 1462 2972 Sciebant
1502 2923 1844 2972 mansuetum

233 3015 286 3060 et
303 3005 706 3061 misericordia
725 3005 1163 3076 pradicatorem,
1185 3005 1330 3060 unde
1349 3004 1600 3075 placebat
1619 3004 1840 3074 populo,

1915 466 2095 512 autem
2125 473 2227 511 nos
2257 457 2395 511 sicut
2433 465 2483 510 et
2515 465 2638 510 ante
2697 456 3085 511 correctionem
3144 455 3382 525 alterius,
3441 457 3514 510 ita

1917 553 2102 616 etpost
2131 562 2240 600 non
2295 545 2444 616 ipsos
2474 545 2746 601 humiliter
2773 545 3123 617 investigare,
3155 562 3222 600 ne
3251 545 3396 601 idem
3427 545 3513 601 vel

1917 634 2064 688 aliud
2097 634 2270 689 simile
2300 634 2354 688 in
2383 635 2541 689 nobis
2571 635 2656 689 sit.

1989 723 2158 778 Vnus.
2187 727 2270 777 11.
2307 754 2374 763 —
2402 724 2511 779 Nec
2541 740 2636 794 ego
2681 726 2734 778 te
2773 723 3168 780 condemnabo.
3225 723 3334 778 Sed
3389 721 3516 795 quia

1918 818 2132 882 poterat
2164 811 2353 866 timere
2409 829 2478 866 ne
2508 812 2608 866 iste
2662 811 2753 882 qui
2801 811 2916 867 sine
2972 819 3197 883 peccato
3253 820 3338 867 est
3391 827 3515 866 eam

1920 901 2148 972 puniret,
2185 901 2314 956 dicit
2361 901 2429 967 ei,
2490 909 2547 956 ut
2601 900 2913 956 misericors
2969 901 3237 972 praterita
3293 909 3516 972 peccata

1923 989 2198 1044 dimittens
2232 991 2378 1045 :Ncc
2409 1006 2504 1061 ego
2562 994 2612 1044 te
2661 991 3052 1056 condemnabo,
3105 997 3160 1044 ut
3210 989 3390 1058 justus
3448 1005 3518 1043 ne

1923 1079 2152 1149 amplius
2173 1087 2363 1150 peccet
2386 1077 2732 1134 interdicens.

1997 1168 2166 1225 Vnus.
2203 1172 2288 1224 12.
2320 1199 2389 1207 —
2409 1169 2622 1223 Iterum
2653 1184 2796 1239 ergo.
2830 1166 3081 1238 Repulsis
3140 1166 3517 1235 tentatoribus,

1926 1265 2117 1310 sanata
2144 1256 2304 1327 culpa
2331 1256 2592 1323 mulieris,
2629 1256 2868 1327 apertius
2899 1255 3078 1310 subdit
3109 1255 3237 1326 quid
3259 1256 3430 1326 possit
3452 1273 3519 1311 ex

1927 1345 2232 1414 Divinitate,
2297 1362 2364 1400 ne
2422 1345 2700 1417 ambigunt
2756 1345 2824 1399 de
2884 1361 2949 1399 eo
3004 1344 3223 1400 homine
3249 1361 3316 1398 an
3345 1344 3522 1415 possit

1927 1441 2152 1506 peccata
2181 1433 2469 1489 dimittere.
2501 1437 2611 1506 Ego
2643 1451 2770 1489 sum
2803 1434 2905 1488 tua:
2936 1433 3159 1488 mundi.
3195 1433 3328 1502 Qua
3376 1433 3521 1488 nube

1929 1523 2111 1577 carnis
2142 1523 2356 1594 tegitur,
2393 1531 2446 1577 et
2483 1523 2561 1578 sic
2595 1522 2880 1578 telorando
2918 1521 3226 1578 hominibus
3268 1521 3520 1592 oflicitur,

1929 1612 2070 1666 unde
2099 1620 2149 1666 et
2175 1619 2401 1682 peccata
2419 1628 2643 1683 possum
2701 1611 2972 1666 dimittere
3022 1620 3075 1666 et
3130 1611 3292 1665 etiam
3351 1610 3526 1666 homi-

1931 1717 2057 1755 nem
2087 1700 2410 1756 illuminare.

2004 1789 2172 1843 VEas.
2210 1792 2294 1842 13.
2330 1818 2400 1828 —
2437 1791 2861 1844 Testimonium.
2920 1789 3112 1842 Putant
3146 1804 3256 1843 non
3287 1788 3524 1844 creden-

1933 1877 2061 1932 dum
2082 1877 2151 1932 ei.
2185 1875 2390 1946 Quasi:
2425 1877 2584 1932 Solus
2604 1878 2671 1931 de
2702 1893 2761 1932 se
2792 1883 3014 1931 testatur
3043 1876 3192 1931 obliti
3213 1876 3527 1947 pramissa-

1935 1983 2053 2020 rum
2082 1966 2442 2032 lucernarum,
2477 1973 2529 2020 et
2557 1965 2726 2036 ipsius
2751 1964 2973 2020 Joannis
3019 1964 3290 2036 Baptista,
3325 1965 3419 2037 qui
3460 1966 3528 2021 de

1936 2070 2002 2110 eo
2031 2054 2313 2110 evidenter
2343 2054 2598 2110 ostendit.

2009 2160 2177 2214 Vnus.
2215 2163 2298 2214 14.
2334 2190 2403 2199 -
2428 2163 2623 2216 Verum
2635 2164 2723 2215 est
2750 2160 3160 2215 testi-monium.
3184 2160 3365 2214 Meum
3386 2156 3531 2213 testi-

1936 2248 2176 2302 monium
2206 2247 2330 2303 ideo
2360 2265 2552 2303 verum
2572 2257 2672 2317 est,
2706 2249 3032 2315 habendum,
3068 2247 3194 2318 quia
3226 2247 3341 2303 scio
3387 2246 3531 2301 unde

1937 2336 2116 2402 venio,
2147 2338 2252 2392 hoc
2283 2345 2383 2402 est,
2416 2337 2542 2407 quia
2572 2336 2879 2391 testimonio
2929 2335 3097 2390 Patris
3128 2334 3482 2391 confirmatur
3514 2352 3528 2388 :

1939 2425 2063 2480 veni
2090 2425 2290 2478 missus
2320 2442 2350 2478 a
2379 2426 2557 2490 Patre,
2590 2440 2698 2479 non
2727 2433 2906 2478 tamen
2956 2440 3078 2478 eum
3135 2423 3417 2489 deserens,
3479 2431 3533 2477 et

1941 2513 2160 2584 impleto
2188 2513 2485 2569 ministerio
2513 2513 2583 2568 ad
2609 2514 2823 2569 Patrem
2853 2511 3039 2579 redeo,
3065 2527 3167 2568 nec
3184 2519 3362 2567 tamen
3381 2526 3532 2565 mun-

1941 2602 2068 2657 dum
2097 2602 2363 2674 relinquo.

2011 2709 2182 2763 Vnus.
2221 2711 2304 2762 15.
2339 2738 2407 2747 -
2447 2707 2541 2763 Vos
2587 2707 2900 2762 secundum
2956 2722 3188 2762 carnem
3234 2705 3528 2777 judicatis.

1945 2796 2083 2865 Quia
2097 2796 2232 2850 illud
2259 2795 2503 2864 nescitis,
2535 2795 2659 2850 ideo
2689 2811 2786 2850 vos
2821 2795 3120 2850 secundum
3149 2809 3370 2849 carnem
3384 2791 3535 2862 judi-

1945 2885 2098 2954 catis,
2114 2885 2218 2940 hoc
2245 2891 2344 2948 est,
2377 2883 2653 2938 hominem
2681 2883 2901 2954 putatis,
2935 2882 3020 2938 cui
3036 2883 3092 2936 in
3119 2881 3280 2937 laude
3303 2897 3402 2936 sua
3413 2896 3536 2937 cre-

1946 2974 2185 3029 dendum
2215 2988 2325 3027 non
2355 2972 2440 3039 sit,
2465 2979 2518 3026 et
2547 2971 2709 3026 etiam
2737 2970 3024 3025 damnatis.

231 3095 383 3150 unde
414 3093 678 3164 putabant
697 3056 966 3149 dicturum
986 3056 1503 3148 dimittendamresse
1519 3056 1842 3160 adulteram,
1879 3083 1928 3146 C
2019 3064 2127 3133 E90
2140 3078 2273 3164 fw"
2293 3060 2486 3133 judico
2498 3075 2867 3164 quenquam"
2883 3060 3143 3164 qulnon
3163 3056 3376 3164 PSHE?"
3388 3056 3542 3164 {123‘s}

249 3193 301 3238 et
329 3184 392 3237 in
422 3183 530 3237 hoc
557 3182 834 3238 diceretur
866 3183 1036 3237 hostis
1060 3182 1200 3254 legis
1243 3181 1544 3238 contrarius
1597 3181 1770 3251 Moysi
1799 3188 1855 3236 et

235 3272 358 3327 Deo
396 3271 611 3327 auctori
641 3279 695 3326 et
724 3287 850 3327 cum
879 3271 1124 3326 adultera
1150 3287 1274 3325 reus
1331 3270 1542 3326 mortis.
1604 3268 1762 3337 Quod
1797 3268 1842 3324 si

239 3360 558 3416 secundum
594 3359 779 3432 legem
838 3360 1045 3415 diceret
1088 3359 1454 3430 lapidandam,
1515 3357 1847 3423 deriderent,

236 3449 402 3520 quasi
434 3464 550 3503 non
579 3448 808 3503 haberet
835 3447 1307 3502 mansuetudinem
1337 3462 1500 3517 quam
1518 3445 1852 3516 pradicabat

236 3552 337 3606 pro
390 3551 506 3610 qua
551 3536 854 3590 amabatur.
902 3537 1023 3607 Ipse
1069 3543 1250 3590 autem
1295 3543 1485 3589 neutra
1509 3533 1736 3604 ‘capitur
1763 3549 1853 3588 ca-

235 3624 475 3694 lumnia,
511 3625 609 3679 sed
640 3633 856 3680 servata
884 3624 1297 3679 mansuetudine
1353 3623 1649 3694 respondet
1708 3623 1854 3694 quod

237 3723 322 3768 est
354 3729 511 3768 vera
537 3712 758 3781 justitia
790 3729 804 3765 :
839 3712 944 3779 Qui
967 3714 1092 3768 sine
1125 3715 1352 3784 peccato
1381 3715 1484 3776 est,
1514 3713 1738 3782 primus
1790 3712 1854 3766 in

235 3804 413 3857 illam
448 3802 698 3872 lapidem
752 3802 968 3856 mittat.
1026 3801 1150 3855 Non
1189 3807 1372 3855 autem
1421 3799 1602 3853 statim
1625 3799 1849 3868 judicat,

231 3891 334 3946 sed
365 3889 647 3945 inclinans
677 3905 737 3943 se
765 3888 934 3960 digito
968 3888 1156 3944 scribit
1184 3887 1241 3941 in
1271 3897 1494 3942 terram.

305 3998 490 4051 Vnus.
525 3999 580 4050 3.
612 4025 681 4036 —
710 3995 1034 4050 Adducunt.
1068 3994 1295 4065 Mystice
1330 4012 1342 4047 :
1374 3993 1569 4048 Mulier
1619 3992 1676 4046 in
1701 3993 1854 4048 adul-

237 4085 383 4140 terio
417 4085 766 4154 deprehensa
796 4083 974 4156 signat
995 4085 1366 4156 Synagogam,
1392 4098 1513 4153 qua
1534 4082 1856 4138 adulteravit

235 4173 435 4244 legem
454 4172 652 4242 Moysi,
686 4171 964 4243 sequendo
995 4171 1311 4226 traditiones
1339 4180 1569 4241 patrum.
1605 4170 1705 4225 Vel
1735 4187 1856 4242 qua

234 4261 484 4316 dimissa
512 4261 639 4331 lege
667 4260 858 4331 Moysi,
884 4261 996 4328 jam
1017 4259 1255 4330 sequitur
1275 4259 1438 4314 ﬁdem
1468 4258 1686 4325 Christi,
1711 4259 1854 4316 unde

233 4350 477 4404 Judaus
517 4349 630 4417 jam
671 4348 827 4419 quasi
880 4347 1179 4402 adulteram
1226 4355 1460 4402 accusat.
1520 4347 1621 4402 Vel
1675 4346 1856 4419 signat

1954 3151 2253 3206 secundum
2282 3165 2525 3214 carnem,
2560 3155 2618 3202 ut
2639 3164 2760 3215 nos,
2786 3147 2870 3202 vel
2883 3147 3098 3218 penitus
3113 3146 3419 3216 nonjudico
3437 3146 3544 3201 hoc

1953 3239 2130 3309 primo
2148 3239 2398 3305 adventu,
2440 3237 2538 3292 sed
2568 3236 2737 3301 salvo,
2763 3235 2860 3290 sed
2890 3234 3016 3306 quia
3036 3235 3273 3290 secundo
3308 3235 3544 3290 adventu

1947 3326 2226 3396 judicabit,
2262 3325 2441 3380 subdit
2467 3326 2570 3380 hoc
2603 3341 2616 3380 :
2641 3327 2713 3380 Et
2737 3326 2789 3379 si
2808 3325 3003 3396 judico
3032 3339 3147 3395 ego,
3181 3332 3283 3378 etc.

2025 3443 2194 3498 Vnus.
2232 3444 2316 3494 16.
2362 3471 2430 3481 --
2473 3441 2613 3507 Quia
2635 3439 3145 3510 solus(Aue.)Ideo
3184 3455 3374 3494 verum
3421 3438 3545 3510 quia

1954 3547 2062 3586 non
2095 3531 2261 3596 solus,
2297 3529 2396 3584 sed
2425 3545 2528 3599 ego
2560 3537 2612 3583 et
2639 3528 2820 3582 Pater.
2854 3527 2999 3583 Ecce
3028 3543 3162 3599 ergo
3193 3527 3300 3581 duo
3329 3527 3383 3580 in
3413 3543 3544 3597 per-

1955 3619 2122 3685 sonis,
2146 3618 2270 3673 licet
2290 3633 2456 3671 unum
2469 3617 2524 3670 in
2545 3615 2842 3670 substantia
2867 3634 2880 3681 ;
2905 3615 3052 3685 quod
3073 3622 3153 3668 est
3177 3631 3188 3668 :
3207 3615 3335 3669 Ideo
3357 3631 3547 3669 verum

1955 3714 2035 3762 est
2059 3705 2322 3774 judicium
2342 3721 2544 3772 meum,
2579 3704 2707 3774 quia
2736 3719 2895 3758 verus
2912 3702 3010 3757 Dei
3059 3702 3226 3756 Filius
3240 3719 3380 3768 sum,
3404 3702 3549 3756 unde

1954 3794 2213 3866 probatur
2261 3794 2404 3864 quod
2451 3792 2636 3858 Filius,
2687 3792 2813 3864 quia
2862 3807 2971 3845 non
3017 3790 3186 3859 solus,
3248 3789 3344 3845 sed
3390 3790 3551 3844 Pater

1955 3899 2165 3938 mecum
2173 3925 2186 3938 .

2025 3971 2196 4027 Vnus.
2233 3972 2317 4026 1'7.
2350 4001 2418 4011 —
2445 3971 2517 4024 Et
2548 3971 2612 4023 in
2645 3969 2758 4040 lege
2775 3973 2960 4024 vestra
2979 3969 3256 4040 scriptum
3286 3971 3388 4023 est.
3423 3967 3554 4038 (10.)

1955 4060 2110 4116 Dicto
2140 4060 2208 4114 de
2231 4058 2436 4128 judicio
2485 4057 2632 4129 quod
2682 4074 2841 4111 suum
2888 4065 2941 4111 et
2962 4057 3137 4110 Patris
3185 4055 3553 4111 testimonium

1956 4165 2144 4205 verum
2200 4147 2288 4214 sit,
2339 4146 2533 4217 probat
2592 4146 2660 4200 ab
2737 4145 3055 4200 auctoritate
3111 4145 3271 4217 legis.
3349 4143 3558 4199 Dicitur

1955 4237 2119 4304 enim,
2153 4245 2282 4306 etc.,
2314 4251 2486 4308 usque
2515 4235 2585 4290 ad
2615 4243 2674 4289 ut
2727 4242 2981 4290 accusata
3037 4233 3284 4288 Susanna
3341 4231 3552 4286 habuit.

2029 4352 2198 4406 Vnus.
2225 4355 2313 4406 19.
2345 4380 2414 4391 -
2442 4349 2717 4405 Dicebant
2747 4365 2871 4421 ergo
2903 4351 2972 4404 ei.
3000 4347 3312 4403 Secundum
3331 4361 3556 4401 carnem

234 4437 584 4504 Ecclesiam,
648 4453 768 4507 qua
814 4436 1126 4508 relinquens
1183 4437 1378 4500 Deum,
1439 4434 1700 4490 fornicata
1749 4436 1933 4496 eratD
1958 4439 2286 4510 judicantes,
2347 4440 2567 4493 Patrem
2613 4436 2809 4492 Christi
2839 4436 3129 4492 carnaliter
3176 4444 3551 4506 acceperunt:

237 4542 378 4582 cum
413 4525 776 4592 daemonibus,
811 4541 974 4596 quam
1021 4525 1241 4580 Judaus
1297 4532 1532 4589 accusat,
1595 4523 1739 4594 quod
1794 4522 1864 4576 ad

238 4614 539 4669 Christum
580 4612 827 4680 accedat,
861 4621 916 4668 et
927 4613 1082 4684 quasi
1109 4629 1309 4670 novum
1338 4611 1660 4668 idololatria
1689 4627 1864 4683 genus

242 4709 519 4775 reputata
548 4709 652 4756 est.

317 4810 506 4864 Vnus.
534 4811 587 4861 6.
622 4836 692 4847 —
719 4809 878 4864 les-us
908 4812 1101 4864 autem
1129 4808 1424 4863 inclinans
1480 4821 1538 4861 se
1582 4791 1872 4860 deorsum.

235 4898 396 4968 Quid
451 4896 720 4952 scriberet
774 4895 829 4949 in
877 4903 1043 4964 terra,
1093 4895 1208 4951 sive
1252 4895 1420 4951 verba
1464 4893 1700 4959 illorum,
1752 4893 1866 4948 sive

237 4987 383 5060 quid
409 4985 588 5052 aliud,
628 5000 740 5039 non
759 4991 841 5039 est
860 4982 1163 5052 diﬂ‘initum,
1189 4983 1489 5039 secundum
1536 4982 1683 5053 quod
1705 4997 1763 5035 se
1785 4980 1867 5034 in-

239 5076 450 5141 clinat,
488 5081 541 5128 et
571 5072 743 5148 digito
774 5072 982 5128 scribit.
1016 5073 1187 5128 Docet
1232 5079 1414 5126 tamen
1468 5078 1523 5124 ut
1579 5077 1868 5140 antequam

230 5163 528 5233 judicium
567 5159 680 5229 ﬁat,
713 5176 814 5214 nos
869 5160 1071 5215 debere
1099 5159 1382 5228 inclinare,
1440 5157 1496 5211 id
1526 5165 1625 5222 est,
1660 5157 1867 5213 conde-

238 5251 540 5308 scendere
569 5249 624 5302 in
646 5248 853 5318 judicio
875 5256 964 5303 aut
995 5248 1245 5304 faciendo
1277 5247 1353 5302 uti
1374 5246 1722 5302 discretione.

319 5368 517 5423 Vsus.
544 5369 599 5419 8.
621 5395 691 5404 —
709 5366 785 5420 Et
805 5366 1017 5419 iterum
1036 5380 1094 5420 se
1114 5364 1426 5419 inclinans.
1451 5362 1587 5416 Data
1610 5359 1872 5416 sententia

231 5455 486 5527 justitiae
516 5469 622 5525 qua
669 5452 746 5507 illi
797 5451 1002 5509 conscii
1056 5451 1345 5519 malorum,
1432 5449 1677 5521 percussi
1724 5456 1868 5514 sunt,

239 5547 474 5601 iterum
501 5541 692 5598 scribit
721 5541 777 5595 in
807 5549 1011 5596 terram
1033 5557 1099 5595 ex
1134 5556 1305 5606 more,
1340 5539 1548 5594 vultum
1576 5538 1682 5593 alio
1741 5553 1870 5591 ver-

238 5644 377 5693 tens

1964 4529 2061 4584 sed
2088 4537 2205 4584 erat
2233 4529 2396 4583 homo
2425 4527 2481 4581 in
2506 4535 2715 4597 aperto,
2753 4525 2991 4580 Verbum
3021 4523 3198 4578 Patris
3236 4524 3291 4578 in
3319 4524 3553 4581 occulto.

1967 4619 2062 4676 Ubi
2092 4622 2179 4674 est
2203 4620 2371 4672 Pater
2395 4619 2542 4671 tuus.
2573 4613 2742 4683 Quasi
2791 4613 2999 4667 dicant:
3042 4612 3117 4666 Te
3165 4611 3412 4668 videmus
3458 4615 3556 4669 sed

1963 4722 2071 4762 non
2109 4707 2322 4761 Patrem
2377 4712 2574 4760 tecum.
2617 4701 2827 4770 Quibus
2876 4708 3098 4756 econtra
3154 4701 3396 4757 dicitur:
3449 4703 3557 4758 Sed

1964 4811 2066 4850 nec
2094 4811 2182 4849 me
2212 4793 2378 4860 scitis,
2414 4791 2542 4864 quia
2569 4791 2614 4845 si
2643 4790 2921 4845 hominem
2977 4805 3139 4861 quem
3185 4789 3400 4857 videtis,
3448 4807 3560 4846 non

1965 4884 2111 4956 quod
2138 4883 2193 4937 in
2222 4883 2436 4939 occulto
2465 4897 2585 4935 sum
2610 4878 2778 4946 scitis,
2813 4887 2865 4933 et
2885 4878 3009 4933 ideo
3028 4894 3131 4934 nec
3148 4879 3362 4933 Patrem
3384 4879 3555 4935 scitis.

1967 4972 2076 5028 Sed
2106 4971 2152 5026 si
2181 4988 2270 5026 me
2301 4969 2531 5038 sciretis,
2566 4969 2711 5041 quod
2741 4976 2824 5023 est
2851 4967 3025 5038 prius,
3076 4983 3164 5022 me
3218 4967 3555 5039 cognoscite,

1966 5069 2020 5117 et
2050 5061 2127 5116 sic
2155 5061 2371 5114 Patrem
2401 5059 2628 5124 sciretis,
2663 5057 2788 5129 quia
2838 5073 3004 5111 unum
3039 5073 3247 5111 sumus.
3298 5058 3560 5114 Forsitan

1967 5155 2026 5206 et
2042 5153 2288 5218 Patrem,
2323 5156 2426 5204 etc.
2454 5148 2578 5203 Non
2606 5147 2832 5214 dubitat,
2876 5146 2973 5200 sed
3039 5145 3348 5202 dubitantes
3406 5147 3562 5219 quasi

1967 5239 2154 5294 irridet
2181 5247 2234 5294 et
2263 5238 2509 5308 increpat
2543 5255 2557 5304 ;
2589 5244 2646 5292 ut
2683 5244 2737 5292 et
2793 5234 3046 5291 dominus
3091 5251 3274 5303 servo,
3335 5234 3562 5292 forsitan

1967 5328 2231 5384 Dominus
2260 5335 2384 5382 tuus
2405 5342 2545 5381 sum.

2041 5445 2207 5499 Vnus.
2227 5447 2315 5499 20.
2348 5473 2417 5482 -
2447 5444 2571 5498 Haec
2599 5441 2779 5506 verba,
2816 5447 2918 5495 etc.
2953 5439 3116 5495 Gaza
3161 5438 3378 5506 divitia,
3413 5436 3560 5530 Phy-

1971 5532 2091 5586 laxe
2119 5547 2355 5587 servare.
2413 5530 2616 5601 Typice
2650 5547 2664 5584 :
2697 5527 3160 5599 Gazophylacium
3190 5534 3272 5580 est
3303 5527 3563 5593 mysteria

439 5649 456 5686 :
510 5639 570 5687 ut
610 5630 719 5686 illis
774 5631 842 5686 sit
869 5630 1102 5686 liberum
1157 5629 1324 5700 exire,
1377 5644 1516 5701 quos
1540 5625 1875 5700 pravidebat
1973 5620 2398 5693 Scripturarum,
2442 5636 2563 5692 qua
2600 5626 2724 5675 sunt
2768 5617 2826 5672 in
2867 5616 3091 5688 templo,
3120 5615 3177 5669 id
3205 5621 3288 5669 est
3314 5612 3371 5668 in
3401 5607 3562 5667 Chri-
