3932 6178
437 211 535 265 391

861 207 1268 264 WALAFRIDI
1306 207 1550 264 STRABI
1586 207 1783 264 FULD.
1824 206 1997 266 MON.
2040 206 2193 266 OPP.
2234 208 2411 267 PARS
2448 210 2490 264 Ι.
2531 240 2601 251 -
2637 208 3117 268 THEOLOGICA.
3580 219 3662 275 392

430 340 532 389 sto.
584 332 713 389 Haec
759 339 972 389 secreta
1027 340 1149 403 post
1179 332 1629 389 resurrectionem
1656 333 1871 405 aperuit
1896 350 2028 407 apo—
2046 335 2103 396 A
2131 333 2334 389 didisti.
2366 335 2488 391 Non
2514 335 2891 408 cognoscimus
2918 344 2975 391 ut
2999 334 3301 401 credamus,
3325 333 3417 390 sed
3449 336 3669 395 credimus

435 421 608 491 stolis,
642 421 740 476 sed
792 420 847 474 in
873 421 957 475 his
1004 422 1166 477 modo
1204 421 1441 493 loquitur
1466 438 1567 492 per
1594 410 1887 493 parabolas
1926 439 2037 479 non

429 508 857 581 intelligentibus
873 510 1180 565 IudmisJit
1198 527 1363 566 nemo
1393 512 1764 583 apprehendit
1791 528 1940 568 eum.
1976 512 2036 567 Id

435 605 536 665 est,
571 597 884 670 loquentem
917 599 985 654 de
1019 598 1251 654 Deitate.

504 687 675 742 Vens.
709 691 798 744 2i.
830 718 899 728 —
918 689 1025 759 Ego
1055 688 1211 743 vado.
1245 686 1416 755 Quasi
1446 697 1656 758 sponte,
1691 698 1744 745 et
1774 689 1897 746 ideo
1928 689 2034 746 fru-

431 782 542 830 stra
571 774 847 830 laboratis.
882 775 1036 829 Vadit
1082 775 1173 829 illo
1205 776 1347 831 unde
1378 786 1618 846 venerat,
1652 785 1705 832 et
1735 778 1879 833 unde
1926 794 2035 833 non

427 862 770 919 discesserat.
843 863 1123 930 Quaeritis,
1140 863 1264 919 ideo
1281 874 1672 936 persequentes
1700 874 2035 937 assumptum

431 952 665 1008 inccelis
695 967 805 1006 non
832 959 890 1005 ut
932 952 1092 1007 amici
1148 953 1350 1008 habere
1398 954 1696 1025 cupientes.
1757 956 1912 1012 Unde
1955 954 2034 1011 eis

433 1056 650 1111 pinnam
678 1039 923 1111 praedicit
953 1058 967 1094 :
991 1042 1056 1095 In
1083 1046 1311 1113 peccato
1342 1047 1525 1099 vestro
1554 1033 1897 1099 moriemini.

503 1130 674 1184 Vnus.
709 1132 799 1186 22.
847 1159 917 1170 --
950 1130 1214 1202 Nunquid
1257 1132 1569 1201 interﬁciet
1624 1134 2035 1204 semetipsum?

435 1217 601 1273 Stulta
631 1218 797 1272 verba
827 1217 984 1289 quasi
1013 1218 1060 1272 si
1087 1218 1155 1274 de
1184 1227 1361 1274 morte
1388 1220 1611 1287 diceret,
1669 1238 1780 1275 non
1809 1230 2034 1292 possent

429 1323 556 1361 eum
588 1306 742 1378 sequi
774 1307 843 1361 ad
872 1314 1123 1362 mortem.
1148 1307 1375 1363 Dicebat
1403 1324 1536 1379 ergo
1567 1325 1677 1364 non
1723 1310 1792 1365 de
1834 1318 2029 1380 morte,

432 1396 533 1451 sed
561 1395 631 1450 de
659 1394 838 1467 gloria
874 1395 942 1449 ad
991 1412 1151 1467 quam
1189 1395 1303 1451 ibat
1330 1413 1429 1467 per
1454 1406 1704 1467 mortem,
1753 1406 1896 1454 unde
1925 1399 2032 1454 illis

430 1484 743 1539 carnalibus
768 1484 949 1540 subdit
984 1500 996 1539 :

504 1573 675 1629 Vnus.
708 1577 797 1630 23.
831 1603 900 1613 -—
939 1575 1031 1629 Vos
1072 1574 1332 1630 deorsum
1360 1576 1514 1630 estis.
1557 1577 1624 1630 Et
1651 1575 1775 1631 ideo
1832 1583 2031 1632 terram

433 1661 640 1733 sapitis,
677 1660 814 1717 sicut
842 1678 1067 1731 serpens
1097 1670 1295 1717 terram
1323 1663 1625 1718 comeditis.

500 1778 672 1833 Vnus.
704 1779 794 1834 2L.
818 1779 1039 1833 -Di.ei
1078 1794 1203 1850 ergo
1236 1779 1398 1834 vobis.
1433 1778 1533 1834 Hic
1555 1778 1774 1849 exponit
1805 1778 1937 1850 quid
1970 1779 2038 1834 sit

427 1883 551 1923 esse
578 1866 648 1921 de
676 1866 902 1931 mundo,
938 1864 993 1918 id
1025 1874 1109 1921 est
1139 1882 1263 1922 esse
1295 1875 1614 1937 peccatores
1644 1866 1892 1923 inﬁdeles
1922 1876 2035 1923 ter-

434 1969 572 2011 rena
593 1954 887 2025 sapientes,
932 1954 1078 2010 unde
1104 1955 1211 2010 hoc
1238 1954 1319 2009 eis
1350 1955 1588 2026 exponit.
1623 1956 1683 2012 Si
1720 1956 1894 2012 enim.
1928 1957 2036 2012 Sed

435 2043 743 2100 econtrario
774 2059 929 2113 spem
959 2043 1051 2097 dat
1072 2043 1382 2098 credituris.
1421 2044 1804 2100 Credideritis.
1839 2044 2035 2100 Credi—

435 2132 625 2187 deritis
655 2131 803 2197 dicit,
837 2147 947 2186 non
966 2132 1344 2202 perceperitis,
1378 2132 1505 2203 quia
1531 2148 1693 2187 nemo
1714 2149 1859 2189 nunc
1893 2134 2042 2205 capit

434 2220 828 2276 immutabilem
860 2220 1171 2275 essentiam.
1195 2223 1303 2293 Ego
1334 2238 1478 2287 sum,
1531 2223 1875 2288 moriemini,
1929 2231 2033 2278 etc.

432 2309 559 2365 Non
587 2308 718 2364 dicit
746 2308 894 2380 quid,
910 2308 995 2364 vel
1017 2309 1282 2375 Christus,
1308 2310 1393 2365 vel
1422 2309 1587 2364 Filius
1615 2310 1735 2379 Dei,
1762 2311 1845 2366 vel
1889 2311 2037 2366 aliud

426 2397 758 2467 hujusmodi,
795 2397 892 2453 sed
922 2397 990 2450 ad
1020 2396 1152 2452 istos
1182 2398 1348 2453 utitur
1382 2398 1552 2454 verbo
1580 2407 1801 2454 aeternae
1840 2415 2034 2455 essen-

434 2485 541 2555 tia,
578 2486 715 2541 sicut
741 2485 871 2542 olim
902 2486 973 2540 ad
1000 2488 1226 2557 Moysen
1247 2503 1409 2559 quem
1437 2486 1683 2542 mittebat
1702 2488 1772 2542 ad
1803 2488 2037 2543 liberan-

435 2575 568 2630 dum
599 2574 787 2630 Israel.
821 2573 987 2643 Quasi
1016 2574 1161 2630 dicat
1193 2593 1207 2629 :
1241 2574 1346 2643 Qui
1381 2575 1505 2629 misi
1559 2578 1783 2647 Moysen
1804 2577 1872 2631 ad
1900 2576 2036 2632 libe-

435 2663 665 2719 randum
721 2662 862 2718 ﬁlios
892 2663 1079 2729 Israel,
1114 2680 1221 2736 ego
1246 2681 1344 2734 per
1361 2665 1629 2734 meipsum
1650 2665 1774 2720 veni
1798 2665 2035 2721 liberare

435 2752 702 2823 perditos.
762 2753 969 2807 Caetera
1026 2767 1158 2807 vero
1197 2752 1381 2808 omnia
1437 2769 1559 2825 qua
1586 2753 1891 2820 mittuntur,
1926 2770 2035 2809 non

436 2856 565 2897 vere
596 2848 740 2895 sunt.

506 2956 678 3013 Vnus.
700 2958 790 3013 25.
822 2985 892 2996 —
912 2958 1287 3030 Principium.
1320 2957 1512 3028 (AUG.)
1533 2956 1749 3011 Credite
1769 2973 1857 3012 me
1886 2956 2036 3027 prin-

433 3044 654 3117 cipium,
688 3053 814 3112 etc.,
837 3062 1009 3118 usque
1031 3046 1103 3101 ad
1124 3045 1243 3116 ipse
1272 3062 1465 3100 manus
1485 3046 1725 3117 dextera,
1756 3045 2034 3116 fortitudo,

435 3134 721 3205 sapientia,
756 3142 810 3189 et
829 3134 1071 3189 Verbum
1102 3142 1185 3189 est
1214 3134 1411 3189 Patris.

509 3223 639 3293 (In.)
696 3223 842 3278 Ecce
887 3222 1019 3294 quid
1069 3230 1152 3277 est
1196 3239 1339 3288 esse,
1375 3221 1503 3294 quia
1534 3222 1865 3293 principium
1892 3223 1948 3277 in
1979 3239 2037 3278 se

437 3319 621 3366 manet
674 3311 890 3366 innovat
921 3310 1120 3377 omnia,
1154 3319 1207 3365 et
1235 3311 1435 3365 mutari
1461 3327 1571 3365 non
1597 3319 1796 3381 potest.

506 3400 722 3472 Loquor
762 3400 929 3455 vobis.
980 3401 1047 3453 Et
1076 3398 1250 3455 habeo
1298 3399 1454 3454 vobis
1511 3399 1677 3453 multa
1725 3398 1894 3470 loqui,
1932 3399 2037 3454 do-

437 3488 631 3554 cendo,
665 3488 711 3541 si
745 3488 1105 3556 credideritis,
1140 3488 1447 3544 accusando
1470 3488 1514 3542 si
1545 3504 1654 3543 non
1675 3487 2034 3553 credideritis,

437 3584 490 3632 et
519 3576 611 3648 qui
639 3577 803 3632 modo
831 3594 941 3633 non
963 3577 1168 3646 judico,
1196 3578 1292 3632 sed
1327 3577 1498 3643 salvo,
1532 3577 1709 3632 habeo
1737 3585 1862 3648 post
1885 3576 2037 3646 judi-

438 3680 583 3721 care.
616 3666 800 3721 Habeo
831 3667 973 3735 dico,
1008 3667 1105 3722 sed
1136 3674 1307 3721 totum
1344 3683 1410 3721 ex
1440 3667 1600 3721 Patre
1644 3665 1735 3738 qui
1764 3682 1927 3721 verax
1956 3673 2038 3720 est

436 3770 504 3810 ex
522 3770 600 3823 se,
636 3770 702 3810 ex
732 3770 840 3827 quo
870 3771 975 3826 ego
1015 3772 1137 3810 sum
1174 3755 1375 3810 veritas
1407 3772 1570 3826 quam
1592 3754 1778 3828 genuit
1798 3772 1865 3810 ex
1881 3771 1961 3821 se,
1985 3761 2039 3809 et

434 3842 559 3905 ideo
585 3859 718 3899 vera
748 3842 890 3909 dico,
916 3851 969 3899 et
991 3844 1197 3912 judico.
1230 3846 1375 3901 Ecce
1395 3844 1669 3915 quomodo
1685 3842 1774 3898 dat
1803 3842 2037 3917 gloriam

434 3930 584 3984 Patri
630 3932 719 3986 cui
749 3932 973 4002 aequalis
1020 3939 1104 3986 est
1133 3939 1191 3986 ut
1219 3932 1411 3987 doceat
1448 3948 1550 3987 nos
1606 3932 1847 3986 minores
1903 3930 2038 3986 dare

436 4012 670 4083 gloriam
699 4014 836 4068 Deo.

508 4126 680 4182 Vens.
714 4129 803 4184 2’1.
835 4156 905 4168 -
928 4129 1002 4183 Et
1029 4143 1144 4184 non
1165 4132 1558 4199 cognoverunt.
1596 4129 1733 4184 Cum
1761 4127 1909 4195 dicit,
1943 4130 2039 4200 qui

438 4215 605 4272 misit
624 4231 734 4284 me,
767 4231 945 4272 verax
978 4219 1081 4285 est,
1106 4231 1216 4269 non
1236 4215 1613 4271 intellexerunt
1632 4216 1779 4287 quod
1794 4216 1863 4271 de
1882 4216 2038 4271 Patre

438 4304 661 4372 diceret,
699 4304 824 4377 quia
851 4304 1028 4361 adhuc
1046 4303 1322 4358 habebant
1351 4304 1567 4360 clausos
1588 4304 1796 4371 oculos,
1834 4312 1885 4359 et
1914 4304 2039 4360 ideo

2140 431 2197 477 ut
2225 438 2618 495 cognoscamus
2651 442 2664 478 ε
2699 424 2821 480 ideo
2850 424 3091 479 Christus
3118 425 3281 479 homo
3309 422 3365 477 in
3391 431 3515 479 terra
3541 424 3669 482 ﬁdem

2131 511 2277 579 jacit,
2309 520 2433 583 post
2462 529 2521 568 se
2548 513 2838 569 videndum
2869 512 3033 580 dabit,
3065 512 3208 585 quod
3236 518 3320 567 est
3346 528 3533 568 merces
3553 512 3668 570 ﬁdei.

2209 600 2379 655 Vnus.
2415 605 2502 656 31.
2534 632 2603 641 -
2641 604 2769 657 Vere
2789 603 3074 674 discipuli.
3106 601 3190 656 Ad
3218 602 3356 656 hanc
3395 601 3672 658 altitudinem

2137 688 2464 759 pervenietis
2494 706 2559 744 ex
2589 688 2698 743 ﬁde
2726 707 2848 762 quae
2888 698 2972 745 est
3009 690 3245 756 humilis,
3277 697 3332 745 et
3358 691 3672 761 contemnitur,

2138 785 2189 832 et
2221 785 2304 833 est
2322 794 2552 849 granum
2580 777 2804 849 sinapis.

2207 891 2378 947 Vnus.
2410 895 2497 957 33,
2531 894 2617 947 34.
2651 922 2720 932 -
2749 894 2948 948 Liberi.
2964 893 3078 947 Hoc
3101 892 3328 949 verbum
3349 892 3579 948 Dominus
3599 908 3673 964 po-

2135 978 2239 1033 suit
2267 996 2300 1033 a
2328 980 2588 1047 libertate,
2621 997 2728 1036 non
2748 988 2804 1035 ut
2828 981 3145 1053 plerumque
3186 981 3376 1037 Latine
3419 981 3513 1036 dici
3552 980 3674 1047 solet,

2134 1068 2349 1123 liberari
2378 1069 2569 1141 aliquis
2597 1070 2665 1123 ab
2692 1069 3015 1125 infirmitate.
3048 1070 3119 1125 Et
3146 1085 3253 1125 non
3276 1070 3475 1125 dixerat
3520 1070 3676 1124 Domi-

2136 1173 2238 1211 nus
2267 1156 2458 1212 :liberi
2515 1157 2681 1227 eritis,
2714 1158 2850 1213 sed:
2882 1160 3094 1214 Veritas
3117 1160 3484 1226 liberabitvos,
3514 1159 3562 1213 in
3596 1178 3677 1232 quo

2136 1252 2313 1300 tamen
2344 1246 2515 1302 verbo
2545 1262 2656 1301 non
2686 1246 3063 1302 intellexerunt
3094 1246 3201 1301 nisi
3247 1247 3534 1303 libertatem
3578 1266 3679 1305 car-

2132 1334 2330 1389 nalem.
2355 1335 2657 1408 Respondit
2688 1336 2789 1403 eis,
2822 1344 2925 1390 etc.
2956 1336 3081 1390 Non
3107 1335 3187 1389 illi
3227 1335 3320 1407 qui
3365 1337 3679 1405 crediderunt,

2133 1422 2231 1476 sed
2263 1422 2352 1476 alii
2380 1422 2435 1475 in
2466 1423 2617 1478 turba
2646 1422 2736 1495 qui
2766 1439 2875 1478 non
2904 1423 3272 1490 crediderunt,
3311 1424 3404 1496 qui
3422 1426 3584 1481 audito
3623 1428 3680 1482 li-

2132 1511 2345 1566 berabit
2373 1528 2486 1576 vos,
2516 1511 2778 1583 indignati
2806 1520 2930 1566 sunt
2958 1529 3017 1567 se
3034 1512 3217 1568 vocari
3247 1529 3451 1579 servos,
3480 1522 3683 1584 putantes

2132 1599 2335 1653 dixisse
2380 1600 2447 1654 de
2477 1599 2678 1655 carnali
2723 1600 2988 1654 libertate.
3012 1602 3082 1655 Et
3112 1602 3337 1657 nemini
3383 1596 3680 1658 seruiuimus.

2056 1687 2475 1753 BMeutiuntur.
2524 1690 2727 1759 Joseph
2782 1689 3000 1744 servivit
3054 1689 3110 1742 in
3142 1691 3396 1761 Egypto,
3449 1699 3606 1760 patres
3642 1690 3686 1744 in

2135 1777 2364 1848 Egypto
2397 1776 2701 1833 servierunt
2736 1776 2790 1830 in
2821 1777 2952 1845 luto,
3001 1777 3091 1833 isti
3144 1778 3322 1833 eidem
3352 1778 3548 1834 tributis
3589 1778 3684 1834 Ca-

2137 1865 2293 1919 saris.

2206 1954 2404 2020 Amen,
2434 1970 2602 2009 amen
2631 1955 2770 2018 dico,
2832 1962 2935 2010 etc.
2986 1957 3159 2010 Amen
3215 1954 3494 2021 Hebraice,
3537 1970 3686 2011 verum

2136 2040 2333 2097 dicitur
2389 2042 2590 2112 Latine,
2649 2043 2795 2113 quod
2850 2043 3028 2097 nullus
3072 2042 3339 2113 interpres
3399 2043 3609 2109 mutavit,
3634 2058 3687 2097 ne

2135 2129 2419 2186 vilesceret
2463 2131 2738 2201 nudatum,
2773 2131 2871 2186 sed
2915 2132 3177 2187 honorem
3220 2132 3418 2187 habeat
3446 2139 3688 2199 secretum,

2137 2226 2191 2273 et
2218 2226 2299 2273 est
2332 2218 2489 2290 quasi
2511 2220 2897 2287 juramentum,
2959 2221 3105 2275 unde
3159 2220 3518 2292 Hieronymus
3559 2234 3690 2290 super

2136 2306 2334 2361 Isaiam
2377 2324 2390 2360 :
2437 2308 2585 2362 Jurat
2605 2309 2867 2362 Dominus
2896 2325 2998 2379 per
3053 2309 3427 2380 semetipsum,
3477 2308 3690 2381 quoniam

2138 2395 2459 2450 sententiam
2485 2396 2595 2451 oris
2624 2396 2706 2450 sui
2744 2405 2797 2452 et
2830 2397 3061 2452 verbum
3089 2398 3235 2470 quod
3266 2398 3441 2454 semel
3489 2394 3689 2468 protulit,

2137 2500 2475 2555 nequaquam
2505 2484 2712 2539 irritum
2730 2484 2876 2553 facit,
2911 2486 3014 2542 hoc
3043 2494 3146 2557 est,
3189 2502 3291 2558 per
3345 2485 3690 2558 semeptipsum

2130 2572 2345 2641 juravit.

2207 2662 2377 2716 Vnus.
2412 2664 2500 2716 35.
2531 2662 2817 2718 —Servus
2837 2666 3049 2731 autem,
3069 2670 3173 2719 etc.
3191 2664 3255 2718 In
3268 2664 3377 2720 hoc
3406 2661 3691 2720 terruitnos.

2134 2748 2271 2817 Quae
2301 2764 2435 2822 ergo
2466 2765 2594 2821 spes
2645 2758 2725 2805 est
2768 2750 3028 2806 libertatis
3057 2751 3143 2806 his
3196 2751 3287 2823 qui
3314 2766 3431 2808 non
3466 2758 3575 2806 sunt
3599 2747 3694 2802 sine

2132 2844 2353 2908 peccato
2381 2839 2411 2893 ?

2205 2928 2377 2981 Vsus.
2397 2928 2484 2981 5⁵7.
2517 2955 2587 2968 -
2615 2928 2754 2993 Seio,
2806 2934 2907 2982 etc.
2940 2926 3202 2999 Exposito
3227 2943 3262 2983 a
3279 2927 3511 2984 Domino
3539 2932 3691 2981 contra

2067 3047 2116 3110 Ο
2140 3014 2444 3087 gloriantes
2473 3015 2542 3069 de
2570 3031 2712 3071 vana
2740 3015 2985 3071 libertate
3015 3016 3215 3083 carnis,
3247 3024 3302 3071 et
3327 3033 3461 3072 vera
3477 3012 3693 3070 servitute

2136 3102 2365 3174 peccati,
2398 3110 2451 3158 et
2483 3119 2612 3158 vera
2654 3103 2903 3159 libertate
2958 3120 3057 3175 per
3100 3121 3161 3160 se
3202 3103 3397 3174 ﬁlium,
3431 3101 3696 3160 consedens

2134 3191 2273 3259 istis,
2328 3190 2532 3247 scilicet
2580 3193 2725 3262 quod
2771 3191 2867 3246 ﬁlii
2912 3193 3142 3248 Abrahae
3180 3198 3304 3248 sunt
3350 3208 3453 3265 per
3487 3203 3691 3253 carnem,

2135 3279 2271 3334 tales
2314 3279 2515 3334 liberos
2561 3280 2799 3335 ostendit
2858 3297 2967 3336 non
3018 3295 3144 3337 esse
3187 3280 3328 3337 filios
3382 3281 3599 3337 Abrahae
3621 3290 3700 3347 per

2135 3367 2497 3423 imitationem
2560 3367 2687 3423 ﬁdei
2719 3376 2774 3423 et
2821 3368 3062 3438 justitiae,
3097 3370 3195 3425 sed
3232 3385 3362 3425 esse
3392 3369 3526 3424 ﬁlios
3552 3362 3729 3421 homi-.

2136 3456 2275 3511 cidae
2303 3456 2523 3527 diaboli,
2548 3465 2851 3528 quaerentes
2882 3474 2942 3513 se
2969 3458 3237 3526 occidere,
3268 3466 3323 3515 et
3354 3458 3429 3514 ita
3452 3472 3581 3530 _esse
3598 3466 3703 3509 vere

2137 3560 2345 3602 δεῖνος.
3530 3560 3533 3561 ν

2209 3658 2379 3713 Vnus.
2412 3660 2498 3712 39.
2533 3658 3044 3730 —Responderunt
3087 3663 3143 3715 et
3191 3660 3473 3716 dixerunt
3493 3659 3558 3714 ei.
3588 3651 3706 3723 Quia

2138 3746 2319 3819 arguit
2347 3761 2442 3801 eos
2463 3745 2643 3801 facere
2672 3746 2817 3801 mala
2845 3747 3036 3818 patris,
3068 3746 3302 3803 fatentes
3336 3755 3546 3819 patrem
3573 3755 3703 3798 suum

2139 3849 2262 3889 esse
2290 3834 2581 3901 Abraham,
2614 3843 2917 3904 provocant
2952 3835 3133 3907 aliqua
3180 3836 3510 3892 maledicere
3547 3839 3709 3888 contra

2138 3923 2436 3989 Abraham,
2471 3930 2528 3977 ut
2561 3922 2628 3977 sit
2655 3922 2735 3978 eis
2764 3923 2982 3980 occasio
3011 3924 3244 3979 faciendi
3273 3924 3423 3996 quod
3461 3921 3701 3979 volebant.

2139 4011 2237 4066 sed
2266 4010 2529 4066 Dominus
2568 4011 2838 4066 Abraham
2886 4010 3072 4067 laudat
3126 4019 3181 4066 et
3236 4011 3375 4068 istos
3433 4012 3711 4085 degeneres

2139 4099 2379 4167 damnat,
2414 4099 2647 4154 dicens:
2706 4100 2766 4156 Si
2806 4099 2918 4169 ﬁlii
2961 4099 3214 4167 Abrahae,
3267 4108 3375 4156 etc.

2211 4215 2380 4269 Vnus.
2414 4216 2501 4269 40.
2533 4215 2775 4271 —Nunc
2804 4220 2999 4271 autem
3014 4216 3289 4287 quaeritis,
3324 4220 3435 4272 etc.
3459 4215 3579 4270 Non
3603 4206 3714 4266 dicit

2141 4302 2309 4373 (quod
2329 4303 2561 4373 poterat)
2583 4319 2642 4358 se
2672 4318 2796 4358 esse
2843 4303 3121 4359 dominum
3152 4304 3411 4374 Abrahae,
3443 4319 3513 4358 ne
3543 4300 3608 4355 sit
3630 4312 3711 4353 oc-

440 4392 624 4448 subdit
643 4392 723 4449 eis
757 4411 770 4448 :
822 4395 960 4451 Cum
1017 4393 1413 4450 exaltaveritis
1470 4393 1700 4460 Filium,
1755 4401 1883 4460 etc.,
1943 4392 2037 4448 ubi
2063 4391 2283 4464 Dcasio
2311 4390 2611 4460 calumniae,
2628 4407 2731 4448 nec
2761 4390 2928 4447 ﬁlium
2946 4392 3067 4460 Dei,
3103 4392 3200 4449 sed
3220 4394 3370 4467 quod
3400 4390 3656 4452 invident,
3675 4391 3717 4441 et

438 4482 678 4538 ostendit
707 4482 920 4556 aliquos
940 4482 1014 4536 ibi
1036 4499 1180 4548 esse,
1214 4481 1307 4552 qui
1336 4489 1458 4553 post
1517 4481 1833 4552 passionem
1884 4497 2040 4538 suam

440 4579 624 4626 essent
653 4572 911 4628 credituri
939 4579 993 4628 et
1020 4570 1290 4645 cegnituri
1327 4571 1446 4643 quis
1479 4571 1595 4642 ipse
1630 4577 1794 4626 esset.

511 4687 689 4749 Vnus.
718 4692 809 4745 29.
835 4721 903 4730 —
943 4691 1085 4759 Quia
1104 4705 1201 4761 ego
1235 4705 1382 4745 sum.
1406 4689 1546 4743 Esse
1589 4695 1670 4743 est
1705 4686 2042 4742 immutabile

437 4766 638 4840 divinae
666 4778 999 4834 substantiae.
1071 4778 1180 4833 Sed
1192 4792 1261 4832 ne
1291 4777 1410 4848 ipse
1440 4777 1530 4849 qui
1550 4776 1805 4847 loquitur,
1836 4775 2041 4831 intelli-

440 4878 665 4946 geretur
690 4884 816 4924 esse
836 4868 1015 4933 Pater,
1050 4866 1231 4921 subdit
1263 4883 1276 4920 :
1307 4868 1381 4922 Et
1396 4884 1432 4922 a
1448 4868 1657 4938 meipso
1672 4865 1820 4936 facio
1850 4865 2040 4934 nihil;

443 4960 567 5031 quia
594 4976 625 5013 a
655 4956 866 5028 meipso
885 4971 997 5010 non
1017 4971 1156 5024 sum,
1182 4955 1280 5010 sed
1309 4971 1341 5009 a
1369 4956 1542 5010 Patre.

518 5048 660 5115 Quia
680 5063 795 5119 ego,
828 5053 932 5101 etc.
989 5044 1219 5115 Semper
1274 5044 1390 5115 ipsa
1424 5042 1706 5115 aequalitas
1760 5051 1862 5099 est.
1893 5042 2045 5099 Sem-

441 5152 544 5209 per
598 5150 709 5190 non
766 5151 832 5190 ex
891 5133 1125 5205 quodam
1188 5131 1338 5189 initio
1397 5140 1450 5186 et
1505 5132 1765 5202 deinceps
1795 5131 1892 5187 sed
1923 5131 2043 5186 sine

440 5225 596 5281 initio
653 5231 705 5278 et
761 5222 885 5278 ﬁne.
946 5222 1048 5277 Dei
1090 5220 1237 5276 enim
1278 5220 1558 5293 generatio
1604 5236 1714 5275 non
1742 5220 1904 5276 habet
1932 5220 2040 5274 ini-

440 5314 578 5369 tium
605 5312 885 5385 temporis,
919 5311 1045 5383 quia
1070 5327 1169 5382 per
1187 5309 1539 5382 Unigenitum
1568 5308 1709 5365 facta
1737 5317 1860 5365 sunt
1907 5317 2042 5365 tem-

444 5418 601 5476 pora.

516 5511 688 5567 Vnus.
723 5511 812 5565 30.
844 5535 914 5548 —-
942 5507 1107 5563 Multi
1136 5504 1502 5561 crediderunt
1522 5507 1585 5561 in
1605 5521 1753 5560 eum.
1776 5503 1939 5560 Fides
1961 5512 2043 5560 est

432 5600 674 5661 credere
702 5597 847 5673 quod
875 5613 984 5656 non
1015 5594 1187 5663 vides,
1218 5593 1418 5651 veritas
1437 5600 1521 5649 est
1549 5593 1733 5650 videre
1755 5594 1903 5665 quod
1922 5610 2043 5650 cre-

2138 4479 2282 4553 quod
2310 4487 2539 4551 possunt
2568 4478 2834 4537 occidere.

2210 4595 2382 4651 Vnus.
2417 4595 2504 4650 41.
2533 4625 2602 4635 -
2642 4597 2735 4652 Vos
2753 4598 2953 4667 facitis
2988 4613 3176 4669 opera.
3220 4597 3341 4652 Jam
3367 4595 3547 4651 innuit
3575 4592 3718 4649 alium

2138 4690 2350 4755 patrem
2370 4699 2529 4754 quam
2558 4684 2856 4751 Abraham,
2889 4685 3041 4754 cujus
3060 4683 3157 4738 ﬁlii
3185 4692 3330 4751 sunt,
3363 4700 3481 4741 non
3524 4688 3717 4742 natura,

2141 4771 2239 4827 sed
2268 4770 2586 4827 imitatione.
2618 4774 2926 4840 Dixerunt,
2961 4779 3065 4828 etc.
3098 4773 3225 4840 Nos,
3250 4781 3355 4830 etc.
3388 4774 3515 4828 Jam
3540 4765 3724 4825 intelli-

2139 4868 2332 4932 gentes
2360 4875 2471 4915 non
2498 4860 2568 4915 de
2587 4860 2804 4934 origine
2831 4860 3026 4928 carnis,
3050 4861 3150 4916 sed
3178 4861 3249 4917 de
3278 4861 3387 4917 vita
3449 4857 3723 4915 Dominum

2138 4947 2307 5020 loqui,
2341 4956 2395 5002 et
2414 4964 2481 5003 ex
2508 4965 2613 5004 usu
2642 4948 3035 5020 Scripturarum
3063 4949 3299 5006 scientes
3326 4946 3728 5005 fornicationem

2140 5035 2490 5107 spiritualiter
2544 5037 2670 5103 dici,
2705 5053 2829 5093 cum
2857 5038 3036 5093 anima
3064 5037 3214 5092 falsis
3268 5036 3373 5092 diis
3436 5033 3727 5105 subjicitur,

2139 5132 2344 5179 mutant
2388 5125 2802 5196 responsionem
2848 5133 2901 5180 et
2941 5134 3118 5183 tacent
3139 5126 3251 5195 jam
3279 5126 3351 5181 de‘
3371 5133 3541 5197 patre
3569 5121 3730 5178 Abra-

2139 5214 2289 5283 ham,
2322 5228 2390 5267 ne
2420 5213 2501 5268 eis
2521 5213 2730 5269 dicatur
2761 5231 2774 5267 :
2810 5213 2921 5268 Cur
2958 5214 3028 5269 de
3086 5229 3151 5269 eo
3201 5212 3542 5287 gloriamini,
3592 5209 3735 5277 cujus

2140 5301 2307 5359 vitam
2334 5317 2445 5356 non
2470 5301 2803 5357 imitamini?
2825 5311 2878 5357 et
2893 5302 3080 5358 dicunt
3094 5309 3303 5374 patrem
3327 5301 3533 5373 Deum,
3565 5296 3735 5356 volen-

2139 5398 2223 5445 tes
2251 5388 2440 5446 videre
2469 5390 2597 5462 quid
2617 5391 2688 5446 ad
2716 5392 2821 5447 hoc
2850 5399 3036 5462 posset
3066 5390 3146 5446 eis
3176 5390 3376 5447 dicere.

2212 5505 2383 5561 Vnus.
2405 5508 2744 5564 42.—Dixit
2766 5522 2911 5578 ergo.
2944 5505 3095 5562 Sicut
3106 5506 3468 5577 praeestendit
3486 5506 3561 5563 de
3572 5503 3740 5561 Abra-

2142 5594 2286 5664 ham,
2318 5595 2397 5653 ita
2422 5611 2569 5653 nunc
2599 5594 2833 5679 ostendit
2858 5596 3035 5678 Deum
3062 5610 3175 5655 non
3227 5603 3443 5668 patrem
3502 5595 3588 5652 eis
3629 5606 3743 5650 esse
