3932 6178
229 329 315 379 393
1145 319 1414 376 GLOSSA
1451 316 1860 376 ORDINARIA.
1901 345 1969 354 —
2007 315 2268 372 EVANG.
2309 309 2508 372 .IOAN.
3369 314 3472 375 394

225 463 410 511 eorum,
443 444 559 516 quia
589 459 693 499 non
724 451 1064 516 cognoscunt
1091 443 1282 498 Filium
1315 459 1476 514 quem
1506 442 1651 496 misit
1678 439 1852 498 necA
1882 440 2031 507 mini,
2067 457 2171 512 ego
2204 455 2330 508 non,
2367 441 2462 494 sed
2493 455 2558 494 ea
2588 439 2763 512 gloria
2793 456 2952 512 quam
2980 441 3145 496 habui
3190 443 3333 512 apud
3370 443 3476 497 Pa-
3577 489 3580 493 .

227 550 334 589 eum
359 533 595 604 diligunt.
631 533 736 602 Ego
766 534 940 586 enim.
975 531 1261 587 Processio
1293 548 1358 585 ex
1390 531 1551 585 Patre
1579 538 1781 584 aeterna
1882 537 2016 583 trem
2048 537 2333 600 antequam
2374 529 2607 583 mundus
2657 537 2821 594 esset,
2875 546 2994 601 quae
3032 538 3110 584 est
3143 530 3210 584 ab
3240 531 3474 586 humana

225 632 310 685 est,
343 622 392 676 in
423 637 519 692 qua
539 628 620 676 est
640 619 805 674 Filius
833 620 1144 692 unigenitus
1174 619 1312 674 Patri
1341 619 1567 690 aequalis
1593 636 1604 671 :
1636 617 1783 672 venit
1885 616 2158 672 inflatione
2190 617 2442 672 discreta.

224 712 368 764 homo
395 708 576 772 factus,
610 709 664 762 in
694 723 801 779 quo
831 707 1001 762 frater
1032 707 1362 763 hominibus.

286 800 440 853 Vens.
464 800 547 852 43.
579 825 649 838 —-
681 797 862 864 Quare
897 799 1192 870 loquelam.
1215 798 1292 850 [ta
1322 812 1412 850 res
1443 803 1525 850 est
1553 803 1609 850 ut
1638 795 1780 859 dico,

227 887 309 940 sed
337 901 437 940 non
457 885 674 956 potestis
696 885 840 956 quod
861 885 984 940 dico
1008 899 1365 957 cognoscere,
1394 884 1520 955 quia
1542 899 1651 937 non
1681 898 1786 952 po-

225 983 356 1037 testis
384 981 583 1047 audire,
619 998 740 1037 cum
770 997 880 1036 non
909 982 1088 1036 velitis
1119 981 1396 1037 credendo
1445 979 1669 1052 corrigi.
1721 981 1788 1033 Et

226 1072 314 1126 hoc
339 1085 492 1140 quare
513 1069 540 1122 ‘l
561 1068 710 1137 Quia
727 1085 792 1124 ex
810 1069 1025 1125 diabolo
1047 1069 1181 1124 estis
1209 1086 1222 1124 :
1249 1068 1342 1123 filii
1373 1068 1573 1124 diaboli
1593 1083 1789 1139 perse-

229 1173 398 1213 verare
426 1157 682 1230 elegistis.

289 1273 441 1326 Vens.
473 1273 558 1325 44.
593 1301 662 1311 -
705 1273 796 1328 Vos
813 1288 887 1327 ex
903 1280 1089 1344 patre,
1117 1281 1219 1328 etc.
1254 1273 1398 1328 Ecce
1408 1272 1518 1342 jam
1535 1269 1792 1326 determi-

228 1369 305 1414 nat
331 1360 441 1430 quis
468 1360 534 1414 sit
563 1367 718 1430 pater
747 1376 957 1426 eorum,
991 1361 1143 1429 cujus
1174 1358 1267 1415 ﬁlii
1298 1368 1422 1414 sunt
1450 1375 1559 1414 non
1572 1374 1794 1416 nascen-

231 1449 309 1514 do,
357 1457 408 1501 ut
449 1448 730 1504 Manichazi
761 1448 964 1514 dicunt,
997 1449 1095 1504 sed
1125 1448 1387 1503 imitando
1413 1467 1426 1514 ;
1449 1448 1592 1503 unde
1623 1456 1675 1503 et
1702 1448 1795 1502 Ju-

229 1536 341 1592 dais
367 1536 554 1592 dicitur
578 1554 590 1590 :
613 1539 787 1593 Pater
807 1542 938 1594 tuus
960 1537 1318 1595 Amorrhatus
1339 1541 1444 1603 est,
1477 1541 1663 1592 mater
1694 1540 1796 1591 tua

234 1625 425 1680 (lethaea
445 1625 667 1694 (Ezech.
689 1627 834 1694 xw).

287 1715 349 1768 Et
381 1714 671 1769 desideria.
705 1713 834 1769 Ideo
865 1711 962 1768 ﬁlii
992 1713 1192 1769 diaboli
1221 1714 1347 1786 quia
1377 1713 1659 1770 desideria
1686 1731 1794 1786 pa-

234 1803 321 1855 tris
339 1803 499 1857 vestri
519 1803 694 1858 vultis
714 1805 920 1872 facere,
943 1803 1261 1858 etoccidere
1277 1818 1365 1858 me
1387 1802 1441 1856 in
1457 1817 1647 1871 carne,
1672 1802 1793 1873 quia
1812 1791 1866 1850 Β

234 1906 324 1945 non
350 1891 567 1961 potestis
599 1892 655 1945 in
688 1899 889 1946 mente.
927 1893 1030 1946 Ille
1051 1891 1347 1948 homicida.
1388 1892 1530 1948 Nota
1572 1891 1797 1947 homici-

234 1979 342 2034 dam
368 1996 470 2034 non
503 1979 680 2035 solum
703 1980 794 2051 qui
825 1979 1102 2044 ferro,sed
1135 1981 1296 2035 etiam
1329 1980 1420 2052 qui
1451 1981 1620 2036 verbo
1653 1981 1798 2036 occi-

234 2068 314 2132 dit,
366 2076 418 2122 ut
453 2068 705 2124 diabolus
733 2068 942 2140 primos
973 2076 1242 2139 parentes,
1281 2069 1424 2124 unde
1453 2069 1508 2124 in
1537 2067 1748 2140 psalmo
1782 2086 1795 2123 :

235 2158 422 2228 Lingua
442 2175 634 2213 eorum
655 2158 1104 2229 gladius'acutus
1125 2159 1299 2227 (Psal.
1315 2159 1460 2228 LVI).
1483 2159 1554 2212 Et
1574 2159 1636 2213 in
1655 2159 1799 2214 veri-

238 2250 336 2300 tate
355 2262 461 2301 non
481 2248 663 2301 stetit.
691 2245 872 2314 Quare
901 2261 1011 2300 non
1041 2245 1236 2302 stetit?
1258 2246 1398 2313 Quia
1418 2263 1532 2302 non
1555 2250 1640 2302 est
1661 2247 1722 2301 in
1740 2262 1800 2302 eo

235 2337 434 2389 veritas.
461 2334 516 2388 Id
548 2343 652 2401 est,
688 2335 928 2389 Verbum
960 2342 1012 2388 et
1042 2333 1309 2404 sapientia
1339 2335 1530 2389 Patris.
1565 2335 1698 2389 Cum
1726 2333 1803 2388 di-

237 2422 370 2486 citur,
398 2422 448 2476 in
497 2423 716 2478 Christo
746 2431 830 2478 est
875 2422 1096 2489 veritas,
1130 2423 1206 2477 ita
1250 2422 1466 2489 dicitur,
1499 2431 1557 2477 ut
1588 2423 1704 2493 ipse
1735 2422 1804 2476 sit

237 2511 428 2566 veritas.
478 2512 532 2566 Si
583 2527 723 2582 ergo
771 2512 1025 2566 diabolus
1064 2512 1302 2568 stetisset
1347 2511 1402 2565 in
1451 2512 1698 2578 veritate,
1749 2511 1804 2565 in

239 2599 421 2655 Christo
451 2601 707 2670 stetisset,
744 2601 841 2656 sed
873 2617 985 2655 non
1018 2601 1162 2656 stetit
1189 2601 1243 2654 in
1275 2616 1360 2667 ea,
1395 2602 1520 2672 quia
1566 2617 1677 2656 non
1721 2607 1807 2655 est

240 2687 342 2759 ipsa
356 2689 405 2743 in
425 2705 508 2744 eo.
533 2692 620 2746 Ex
639 2691 886 2762 propriis
909 2691 1175 2762 loquitur,
1199 2690 1330 2762 quia
1350 2691 1600 2746 mendax
1615 2694 1720 2746 est.
1739 2691 1808 2744 Et

240 2777 326 2832 hoc
352 2792 452 2833 non
479 2777 695 2843 sufficit,
729 2778 855 2850 quia
885 2786 937 2833 et
982 2779 1145 2834 homo
1181 2778 1415 2834 mendax
1454 2786 1538 2834 est
1572 2778 1662 2851 qui
1699 2794 1808 2833 non

247 2864 388 2920 habet
413 2867 478 2922 de
507 2866 757 2938 prOprio,
789 2866 887 2921 sed
915 2867 982 2920 ab
1012 2867 1192 2922 alieno
1221 2865 1404 2937 coepit,
1437 2866 1491 2920 id
1521 2875 1604 2922 est
1633 2882 1666 2921 a
1696 2867 1809 2921 dia-

247 2951 368 3020 bolo,
390 2955 507 3010 ideo
522 2955 771 3010 addidit:
794 2957 862 3010 Et
882 2959 1048 3027 pater
1067 2956 1264 3027 ipsius.
1297 2955 1516 3010 Scilicet
1544 2955 1811 3013 mendacii

245 3043 366 3113 quod
394 3043 606 3099 invenit.
643 3046 733 3099 Ex
758 3044 1022 3116 prapriis.
1057 3042 1198 3112 Quia
1229 3059 1338 3098 non
1367 3043 1583 3099 aliunde
1622 3045 1808 3111 habet,

245 3131 372 3186 seda
390 3149 444 3187 se
473 3141 766 3204 postquam
795 3129 990 3188 cecidit
1018 3147 1052 3186 a
1091 3131 1313 3188 veritate
1337 3151 1352 3199 ;
1387 3133 1531 3188 unde
1564 3133 1813 3188 subditur
1831 3142 1882 3205 α

245 3235 351 3274 esse
376 3229 519 3292 pater
545 3221 823 3278 mendacii
864 3221 1010 3290 quod
1041 3237 1106 3276 ex
1148 3237 1208 3276 se
1239 3221 1445 3292 genuit,
1478 3229 1537 3276 ut
1566 3221 1713 3277 Deus
1745 3239 1812 3277 ex

245 3323 294 3362 se
320 3309 608 3365 veritatem.

310 3421 462 3479 Vens.
494 3426 582 3479 46.
616 3454 692 3464 -
721 3424 853 3492 Quis
885 3441 959 3480 ea:
987 3425 1152 3491 vobis,
1187 3432 1290 3481 etc.
1324 3426 1445 3480 Non
1491 3425 1815 3498 dedignatur

251 3525 304 3562 ex
333 3512 526 3566 ratione
553 3511 844 3566 ostendere
868 3528 927 3566 se
947 3527 1054 3566 non
1087 3528 1209 3567 esse
1238 3519 1602 3584 peccatorem,
1636 3521 1740 3569 etc.

313 3598 466 3654 Vens.
491 3602 578 3654 48.
611 3630 687 3642 -
718 3601 932 3664 Nonne,
967 3608 1073 3655 etc.
1106 3599 1248 3668 Quia
1274 3601 1506 3656 convicti
1548 3607 1672 3655 sunt
1708 3613 1816 3656 non

253 3699 360 3740 esse
378 3686 464 3741 ﬁlii
491 3687 730 3741 Abrahae
760 3685 846 3741 vel
877 3686 997 3752 Dei,
1031 3687 1127 3742 sed
1149 3685 1370 3754 diaboli,
1401 3687 1651 3761 ingemat
1679 3702 1817 3744 con-

251 3769 384 3838 vicia,
415 3775 536 3846 quia
565 3791 678 3831 non
709 3781 960 3845 poterant
991 3775 1267 3830 resistere.

310 3862 463 3917 Vens.
515 3865 600 3919 49.
632 3893 705 3904 —
736 3864 1064 3932 Honori/ica.
1114 3864 1238 3918 Non
1280 3879 1368 3918 me
1397 3869 1508 3932 (ne
1549 3879 1820 3937 arrogans

253 3947 385 4003 vobis
413 3952 640 4021 videar)
674 3951 815 4006 facio
848 3951 993 4022 quod
1024 3952 1220 4017 debeo,
1257 3952 1354 4007 sed
1386 3968 1482 4008 vos
1510 3969 1618 4008 non
1648 3952 1822 4008 facitis

255 4039 375 4106 quod
403 4040 628 4104 debetis,
664 4039 794 4110 quia
836 4056 943 4094 non
973 4040 1284 4094 honorastis
1311 4057 1418 4109 me,
1452 4057 1614 4112 quem
1644 4041 1690 4094 si
1721 4056 1820 4096 co-

257 4129 584 4195 gnosceretis,
618 4127 762 4184 sicut
791 4144 895 4200 ego
924 4126 1223 4184 honoriﬁco
1244 4129 1476 4197 Patrem,
1510 4129 1596 4198 sic
1618 4145 1715 4184 vos
1735 4145 1822 4184 me

256 4211 586 4271 honoraretis.

318 4328 469 4385 Vens.
489 4333 575 4384 50.
609 4360 680 4371 --
711 4333 820 4402 Ego
849 4335 1062 4386 autem.
1095 4329 1293 4386 Audito
1322 4331 1586 4398 convicio,
1619 4333 1827 4386 Daemo-

258 4416 398 4470 nium
419 4417 599 4487 habes,
631 4425 854 4474 econtra
886 4420 954 4473 de
985 4419 1162 4489 gloria
1188 4435 1282 4473 sua
1312 4419 1414 4474 hoc
1444 4419 1618 4474 solum
1647 4418 1776 4474 dicit
1807 4435 1821 4472 :

1956 705 2125 759 Vens.
2151 708 2237 759 51.
2262 735 2330 744 -
2352 706 2546 770 Amen,
2571 722 2737 760 amen
2760 706 2881 762 dico
2900 706 3066 762 vobis.
3086 707 3207 762 Non
3228 723 3351 778 ego,
3377 708 3475 762 sed

1885 793 2043 847 Pater
2074 793 2262 864 quierit
2297 793 2524 865 gloriam
2554 809 2731 848 meam
2757 813 2770 859 ;
2795 809 2900 866 ego
2921 802 3100 849 autem
3125 795 3269 850 dico.
3296 796 3352 850 Si
3382 810 3480 851 vos

1887 880 2084 949 dicitis,
2121 881 2455 935 Daemonium
2478 882 2669 950 habes,
2723 897 2830 954 ego
2863 897 2961 937 vos
3000 883 3067 937 ad
3099 883 3259 937 vitam
3305 898 3468 939 voco.

1888 967 2024 1023 Hinc
2055 969 2226 1024 discat
2271 970 2430 1035 liin
2471 969 2651 1037 Jesus,
2702 985 2809 1024 non
2859 970 3077 1036 malum,
3132 971 3229 1026 sed
3279 971 3480 1027 bonum

1889 1056 2144 1112 reddere.
2186 1058 2305 1112 Non
2331 1057 2558 1112 videbit.
2591 1056 2746 1125 Quod
2772 1057 2983 1126 dicitur,
3020 1058 3224 1115 videbit
3253 1059 3339 1114 vel
3370 1077 3476 1132 gu-

1890 1145 2069 1213 stabit,
2104 1144 2236 1198 nihil
2265 1144 2410 1199 aliud
2441 1153 2525 1200 est
2557 1161 2717 1216 quam
2746 1145 3069 1216 experietur.

1963 1233 2131 1287 Vens.
2167 1236 2254 1290 52.
2295 1263 2364 1273 --
2403 1234 2563 1289 Nunc
2609 1236 3011 1304 cognoscimus.
3063 1234 3208 1291 Sicut
3255 1245 3481 1307 accepta

1890 1321 2220 1378 contumelia
2255 1321 2430 1377 bonus
2461 1320 2517 1375 ﬁt
2548 1321 2762 1388 melior,
2796 1322 2870 1376 ita
2896 1322 3070 1377 malus
3101 1323 3169 1378 de
3215 1322 3482 1382 beneﬁcio

1890 1411 2062 1481 pejor.
2851 1401 2854 1406 ’

1965 1499 2134 1553 Vens.
2158 1500 2246 1553 53.
2269 1527 2338 1538 -
2362 1498 2535 1566 Quem
2559 1500 2802 1571 teipsum
2821 1501 2968 1570 facis
2991 1503 3014 1555 ?
3034 1499 3340 1557 Secundum
3360 1498 3484 1558 illos

1892 1603 1953 1642 se
1972 1585 2203 1642 faciebat
2231 1587 2424 1641 Filium
2454 1587 2573 1653 Dei,
2609 1587 2875 1659 aequalem
2907 1587 3029 1654 sibi,
3062 1589 3217 1660 quasi
3251 1604 3360 1644 non
3389 1604 3484 1644 es-

1894 1683 1994 1741 set,
2019 1675 2116 1730 sed
2137 1689 2246 1729 non
2267 1674 2515 1740 faciebat,
2539 1675 2648 1730 imo
2668 1691 2797 1731 vere
2817 1685 2931 1732 erat
2951 1695 2966 1743 ;
2989 1677 3133 1732 unde
3153 1676 3445 1748 Apostolus
3468 1695 3483 1732 :

1894 1765 2015 1820 Non
2043 1765 2309 1835 rapinam
2337 1764 2649 1820 arbitratus
2699 1769 2783 1820 est
2813 1781 2932 1821 esse
2969 1782 3028 1822 se
3065 1767 3338 1838 aequalem
3375 1767 3487 1822 Deo

1895 1851 2142 1924 (Philip.
2175 1852 2274 1921 ιι).
2308 1852 2436 1908 Ideo
2475 1868 2583 1908 non
2632 1853 2723 1925 qui
2771 1869 2830 1908 es
2854 1893 2868 1921 ,
2902 1855 3000 1909 sed
3045 1870 3206 1926 quem
3253 1853 3486 1926 teipsum

1896 1939 2031 1997 facis
2050 1940 2079 1995 ?

1970 2029 2139 2084 Vens.
2163 2033 2250 2086 54.
2276 2060 2344 2070 -
2365 2029 2666 2102 Respondit
2683 2031 2862 2086 Iesus.
2887 2032 3091 2086 Contra
3109 2031 3214 2087 hoc
3235 2031 3379 2104 quod
3399 2031 3488 2086 di-

1899 2125 2027 2173 cunt
2048 2136 2062 2173 :
2089 2119 2261 2186 Quem
2279 2122 2334 2174 te
2352 2120 2498 2189 facis
2523 2123 2544 2173 .9
2564 2117 2726 2174 refert
2743 2118 2969 2191 gloriam
2990 2133 3145 2175 suam
3163 2119 3235 2176 ad
3254 2121 3486 2187 Patrem,

1899 2207 1969 2262 de
1999 2222 2105 2278 quo
2133 2215 2217 2263 est
2242 2207 2385 2279 quod
2415 2208 2562 2262 Deus
2593 2215 2695 2262 est.

1973 2296 2141 2351 Vens.
2163 2298 2250 2350 55.
2273 2326 2342 2336 ——
2359 2298 2458 2350 Est
2489 2297 2660 2351 Pater
2687 2311 2865 2352 meus.
2890 2299 3089 2368 Aperte
3119 2296 3248 2353 dicit
3280 2298 3492 2354 Patrem

1902 2400 2059 2440 suum
2089 2400 2212 2440 esse
2258 2385 2430 2439 Deum
2463 2383 2554 2454 qui
2604 2384 2946 2439 annnntiatus
2975 2392 3059 2440 est
3101 2385 3304 2441 Judmis
3337 2403 3351 2439 :
3381 2400 3491 2441 non

1902 2481 2178 2528 recentem
2205 2472 2378 2526 Deum
2410 2471 2566 2527 vobis
2596 2471 2877 2540 annuntio,
2909 2473 3005 2527 sed
3053 2472 3203 2528 illum
3233 2473 3302 2528 de
3341 2474 3494 2542 cujus

1903 2560 2212 2632 cognitione
2233 2559 2418 2615 soletis
2437 2558 2683 2632 gloriari.
2719 2559 2823 2627 Qui
2847 2561 3166 2632 glori/icui.
3183 2562 3300 2616 Vox
3319 2560 3494 2616 Patris

1904 2647 2170 2723 gloriﬁcat
2221 2648 2411 2703 Filium
2441 2648 2496 2702 in
2525 2647 2814 2719 baptismo,
2843 2648 2900 2702 in
2938 2657 3141 2715 monte,
3186 2657 3240 2706 et
3283 2649 3338 2703 in
3379 2648 3501 2704 aliis

1907 2736 2318 2806 hujusmodi.Et
2343 2753 2458 2793 non
2491 2738 2846 2808 cognovistis.
2877 2738 3001 2792 Non
3030 2736 3365 2810 cognovistis
3395 2736 3499 2808 spi-

1907 2824 2194 2889 ritualiter,
2247 2824 2377 2878 dum
2423 2840 2526 2894 pro
2576 2824 2804 2880 terrenis
2853 2825 3119 2880 servistis.
3166 2826 3309 2882 Ecce
3354 2825 3504 2882 videt

1909 2921 2094 2984 aperte
2119 2928 2214 2968 eos
2243 2911 2347 2967 sibi
2376 2912 2648 2981 resistere,
2682 2912 2780 2968 sed
2810 2919 2993 2969 tamen
3039 2929 3148 2968 non
3196 2912 3398 2969 desinit
3440 2929 3503 2970 se

1910 3001 1989 3059 eis
2009 3001 2346 3073 praedicare.
2360 3002 2431 3056 Et
2453 3003 2502 3057 si
2523 3001 2742 3068 dixero,
2775 3009 2881 3058 etc.
2913 3001 2996 3057 Ne
3027 3002 3082 3056 in
3111 3002 3216 3058 hoc
3236 3016 3504 3075 arrogans

1911 3090 2155 3146 videatur
2181 3089 2422 3161 gloriari,
2455 3089 2623 3154 addit,
2657 3094 2714 3145 et
2745 3090 2795 3146 si
2822 3091 3040 3147 dixero.
3074 3089 3407 3164 Arrogantia
3425 3089 3507 3146 sic

1913 3187 2186 3246 caveatur,
2221 3186 2279 3234 ut
2307 3177 2510 3234 veritas
2539 3193 2648 3232 non
2677 3178 3029 3250 relinquatur.

1982 3267 2155 3322 Vens.
2187 3270 2274 3322 56.
2310 3297 2380 3306 -
2407 3267 2708 3322 Abraham.
2740 3267 2986 3324 Credens
3035 3267 3324 3324 exsultavit
3371 3284 3502 3341 spe-

1913 3355 2106 3423 rando,
2136 3363 2195 3410 ut
2225 3355 2433 3410 videret
2460 3353 2817 3426 intelligendo
2847 3363 3056 3411 tantum
3085 3357 3424 3427 mysterium.

1983 3446 2145 3500 Diem
2174 3460 2382 3500 meum.
2415 3443 2597 3514 (Ana.
2622 3443 2642 3513 )
2673 3445 2942 3499 Incertum
2987 3452 3070 3500 est
3097 3444 3153 3498 in
3181 3445 3328 3501 diem
3364 3454 3508 3502 tem-

1914 3531 2177 3604 poralem,
2211 3540 2338 3599 etc.,
2372 3547 2546 3604 usque
2575 3531 2648 3586 ad
2679 3538 2733 3587 et
2764 3531 2911 3603 quod
2935 3531 3115 3603 ipsum
3144 3547 3278 3589 caro
3305 3533 3510 3591 factum

1917 3628 2001 3675 est
2019 3620 2047 3674 ?

1991 3709 2161 3765 Vens.
2197 3712 2284 3763 59.
2316 3736 2386 3750 -
2417 3709 2488 3763 Et
2516 3709 2719 3764 exivit.
2753 3706 2956 3764 Exiens
2985 3708 3054 3764 de
3083 3708 3310 3781 templo,
3331 3709 3507 3781 idest,

1917 3800 1987 3856 de
2015 3796 2205 3869 ﬁguris
2231 3797 2557 3865 Iudaeorum,
2599 3795 2878 3853 videamus
2907 3796 3035 3869 quid
3063 3796 3255 3855 fecerit
3282 3797 3340 3854 in
3367 3807 3510 3855 tem-

1917 3888 2010 3961 plo
2032 3885 2296 3960 gentium.

2525 4055 2752 4113 CAPUT
2792 4055 2889 4112 IX.

1995 4225 2163 4278 Vens.
2199 4227 2249 4279 1.
2283 4255 2351 4264 -
2380 4226 2452 4280 Et
2474 4228 2829 4297 praeteriens.
2865 4223 2987 4282 Non
3017 4234 3170 4283 stans
3199 4225 3253 4283 in
3283 4225 3371 4286 via
3389 4244 3513 4302 pec-

1921 4320 2181 4379 catorum,
2203 4313 2300 4367 sed
2329 4329 2485 4368 secus
2515 4314 2656 4370 viam
2676 4323 2875 4370 nostrae
2901 4316 3508 4375 mortalitatis.Cazcum.

1924 4400 2110 4456 Caecus
2159 4399 2429 4473 signiﬁcat
2473 4402 2766 4456 humanum
2814 4418 3006 4473 genus,
3037 4403 3093 4457 in
3139 4420 3246 4476 quo
3296 4406 3510 4462 caecitas

265 4502 541 4574 Honori/ica
570 4510 822 4571 Patrem,
855 4507 1036 4561 omnia
1079 4507 1365 4563 tribuendo
1395 4507 1463 4571 ei,
1497 4515 1550 4561 et
1581 4523 1685 4579 ego
1716 4495 1896 4562 nonD
1926 4489 2208 4555 naturalis»
2244 4489 2365 4579 qni?
2401 4498 2663 4579 P900811“?
2687 4491 2864 4561 Ρΐίηιο
2894 4491 3132 4560 homines
3167 4492 3351 4548 Vitium
3379 4511 3512 4565 Ι)Γο-

264 4606 420 4660 quam
449 4594 676 4666 gloriam
707 4611 883 4649 meam
915 4603 971 4648 ut
999 4595 1268 4662 homines,
1303 4595 1396 4666 qui
1426 4595 1586 4649 illatis
1629 4601 1825 4650 contu-

263 4680 413 4734 meliis
439 4682 644 4754 aliquid
678 4683 930 4749 reddunt,
961 4684 1058 4737 sed
1089 4683 1235 4737 Patri
1263 4699 1503 4750 reservo,
1535 4691 1588 4738 et
1617 4688 1704 4738 est
1731 4684 1828 4756 qui

265 4775 455 4837 quaerat
473 4775 525 4826 et
538 4773 779 4843 judicet.
806 4772 938 4826 Duae
971 4779 1094 4824 sunt
1126 4772 1464 4826 tentationes.
1491 4774 1610 4828 Una
1639 4772 1830 4842 proba-

267 4853 424 4921 tionis,
444 4859 509 4913 de
528 4875 637 4930 qua
658 4879 678 4914 :
701 4862 900 4914 Tentat
921 4876 1012 4915 vos
1032 4861 1176 4915 Deus
1197 4861 1217 4930 (
1238 4862 1400 4915 Deut.
1425 4875 1526 4914 xm
1544 4863 1583 4931 ).
1609 4860 1727 4914 Alia
1743 4860 1834 4915 de-

268 4944 522 5014 ceptionis,
573 4948 644 5002 de
675 4963 782 5019 qua
815 4965 828 5001 :
861 4950 1006 5002 Deus
1056 4950 1376 5006 intentator
1419 4951 1701 5005 malorum
1748 4952 1834 5004 est

269 5031 497 5103 (lacu).
545 5036 636 5091 Sic
667 5045 720 5090 et
765 5036 872 5090 duo
921 5036 1344 5091 timoreszunus
1391 5054 1550 5109 quem
1599 5037 1832 5093 charitas

268 5115 392 5174 foras
423 5123 592 5191 mittit,
628 5123 765 5178 alter
796 5123 885 5195 qui
914 5132 1195 5194 permanet
1224 5125 1277 5178 in
1325 5127 1581 5181 saeculum
1628 5125 1830 5182 saeculi.

275 5205 349 5262 Sic
375 5218 424 5263 et
450 5211 554 5266 duo
578 5212 821 5280 judicia:
855 5229 1020 5267 unum
1052 5212 1437 5282 damnationis,
1471 5230 1578 5284 quo
1608 5230 1716 5270 non
1741 5213 1836 5282 ju-

274 5293 396 5349 dicat
421 5299 588 5366 Pater,
622 5300 721 5354 sed
759 5316 920 5355 omne
944 5301 1207 5369 judicium
1238 5302 1386 5356 dedit
1419 5303 1586 5357 Filio:
1610 5302 1837 5357 alterum

276 5381 626 5452 discretionis;
661 5389 840 5442 unde:
867 5389 1066 5445 Judica
1112 5405 1223 5456 me,
1275 5392 1439 5455 Deus,
1482 5395 1539 5445 et
1584 5391 1840 5447 discerne

277 5485 478 5529 causam
505 5493 694 5531 meam
724 5478 896 5545 (Psal.
930 5479 1098 5547 xui).
1134 5478 1441 5550 Secundum
1476 5479 1578 5534 hoc
1608 5478 1837 5534 dicitur:

281 5557 359 5612 Est
385 5563 529 5618 Pater
559 5564 651 5635 qui
684 5573 894 5635 quaerat
923 5565 1154 5636 gloriam
1186 5582 1385 5634 meam,
1419 5574 1472 5622 et
1502 5567 1779 5622 discernat
1810 5581 1844 5620 a

286 5646 433 5717 gloria
461 5661 658 5718 vestra,
692 5653 816 5724 quia
846 5669 944 5709 vos
983 5656 1282 5711 secundum
1330 5655 1586 5714 saeculum
1633 5653 1844 5728 gloria-

403 5774 633 5835 Pn'aon.
677 5777 862 5837 CXIV.

1925 4585 2044 4648 pter
2071 4586 2317 4632 naturam
2348 4577 2586 4646 inolevit,
2620 4579 2762 4633 unde
2794 4579 3094 4634 secundum
3121 4588 3358 4637 mentem
3387 4599 3512 4638 om-

1924 4665 2010 4720 nis
2038 4667 2200 4722 homo
2229 4681 2405 4722 caecus
2432 4673 2589 4720 natus
2619 4674 2720 4720 est.

2000 4755 2168 4809 Vens.
2202 4758 2254 4808 3.
2287 4784 2356 4795 -—
2383 4755 2564 4825 Neque
2592 4755 2682 4810 hic
2697 4756 2971 4826 peccavit.
3004 4756 3373 4814 Peccaverunt
3403 4759 3518 4832 qui-

1929 4843 2073 4909 dem,
2113 4844 2212 4896 sed
2249 4857 2357 4896 non
2391 4841 2483 4896 illo
2513 4851 2736 4912 peccato
2762 4841 2958 4899 factum
2987 4852 3087 4913 est,
3123 4854 3178 4900 ut
3207 4862 3385 4902 caecus
3422 4864 3522 4904 na-

1931 4938 2190 4998 sceretur,
2223 4931 2318 4984 sed
2348 4931 2466 4984 haec
2486 4936 2571 4986 est
2588 4945 2774 4997 causa,
2799 4936 2865 4986 ut
2884 4935 3331 5004 manifestentur
3350 4952 3524 5008 opera

1932 5021 2034 5074 Dei
2063 5019 2124 5073 in
2155 5020 2274 5074 illo.
2307 5019 2373 5073 Ut
2403 5035 2526 5074 eum
2554 5018 2912 5074 illuminando
2941 5029 2993 5074 et
3023 5037 3122 5091 per
3151 5037 3276 5076 eum
3306 5023 3434 5096 quid
3465 5024 3532 5080 in:

1934 5106 2173 5162 caecitate
2203 5107 2420 5161 humani
2463 5107 2684 5179 generis
2729 5107 2972 5163 facturus
3011 5109 3080 5162 sit
3120 5109 3483 5181 significando
3507 5155 3538 5182 ν

1936 5195 2102 5250 Filius
2146 5195 2246 5250 Dei
2293 5195 2664 5251 manifestatur
2697 5215 2710 5263 ;
2744 5197 2888 5252 unde
2929 5197 3148 5254 subdit:
3181 5201 3260 5256 Me
3308 5205 3543 5274 oportet

1937 5285 2180 5356 operari.

2012 5373 2180 5427 Vens.
2215 5374 2267 5426 5.
2297 5401 2366 5412 -
2399 5372 2662 5439 Quandiu
2690 5391 2817 5428 sum
2846 5374 2909 5429 in
2937 5375 3168 5431 mundo.
3200 5376 3322 5430 Non
3351 5373 3535 5428 solum

1941 5468 2068 5516 tunc
2097 5459 2342 5515 Christus
2372 5459 2554 5516 lumen
2579 5470 2693 5520 erat
2723 5461 2778 5516 in
2825 5463 3048 5531 mundo,
3083 5463 3179 5517 sed
3211 5470 3263 5516 et
3310 5475 3545 5529 semper

1942 5564 2117 5618 usque
2139 5549 2206 5603 ad
2228 5550 2747 5604 consummationem
2778 5551 2962 5606 saeculi
2992 5567 3092 5620 per
3120 5548 3283 5603 ﬁdem
3302 5554 3386 5600 est
3409 5561 3532 5601 cum

1945 5635 2155 5704 electis,
2188 5643 2243 5694 et
2271 5645 2354 5694 est
2384 5645 2598 5710 tempus
2637 5638 2920 5711 operandi.
2951 5638 3073 5692 Nox
3118 5635 3214 5691 illa
3239 5641 3323 5692 est
3364 5632 3535 5690 infer-

3155 5777 3220 5832 13
