3964 6180
382 283 485 339 395

900 275 1302 332 WALAFRIDI
1341 275 1582 332 STRABI
1621 276 1819 331 FULD.
1862 275 2032 332 MON.
2077 277 2228 332 OPP.
2271 279 2446 336 PARS
2483 280 2526 335 Ι.
2569 312 2636 321 -
2674 282 3143 338 THEOLOGICA.

3567 288 3668 341 396

385 403 546 475 nalis,
571 405 626 458 in
657 418 764 474 qua
785 401 918 456 nulli
937 401 1064 456 licet
1099 399 1338 470 operari,
1369 407 1553 454 utnec
1573 399 1787 454 ardenti
1825 399 1976 454 diviti
2005 405 2060 464 Α
2083 401 2307 470 inuncti,
2338 403 2448 471 jam
2471 404 2650 460 cordis
2676 405 2867 461 oculos
2905 407 3172 462 illuminat
3193 416 3246 463 et
3279 408 3370 463 ille
3404 425 3514 463 non
3545 417 3669 463 tan-

387 495 555 560 licuit,
581 493 678 548 sed
699 500 907 546 tantum
928 498 1009 545 est
1031 497 1242 559 tempus
1263 487 1580 558 recipiendi.

465 584 633 637 Vens.
667 585 720 635 6.
752 610 821 619 —
852 581 921 634 Et
947 579 1085 649 fecit
1119 578 1323 632 lutum.
1358 576 1506 631 Sicut
1538 576 1772 646 primum
1801 575 1976 632 homi-

383 687 509 726 nem
540 671 608 726 de
636 670 766 724 limo
798 676 957 722 terrae
990 664 1263 733 formavit,
1287 664 1361 718 ita
1379 680 1480 734 per
1505 663 1650 718 idem
1683 680 1858 736 genus
1879 663 1974 718 luti

381 776 557 833 genus
586 760 883 812 humanum
913 753 1242 809 reformavit.
1276 753 1356 807 De
1389 752 1560 806 saliva
1608 752 1777 807 lutum
1825 751 1971 822 fecit,

383 849 513 920 quia
544 846 783 903 Verbum
811 858 942 900 caro
972 841 1169 897 factum
1200 848 1307 896 est.
1366 840 1548 895 Saliva
1575 848 1657 896 est
1705 841 1973 910 sapientia

384 952 504 1008 quae
537 951 602 989 ex
631 949 726 988 ore
756 930 1018 986 Altissimi
1049 929 1267 1001 prodiit.
1292 930 1463 983 Terra
1485 937 1568 984 est
1587 944 1718 984 caro
1749 928 1969 984 Christi.

387 1026 562 1082 Unxit
591 1023 798 1078 oculos.
819 1021 879 1074 Id
899 1019 1464 1084 est,catechumenum
1495 1014 1640 1085 fecit,
1676 1016 1770 1088 qui
1795 1017 1971 1072 credit

377 1113 616 1168 Verbum
645 1125 868 1166 carnem
899 1107 1122 1164 factum.
1155 1108 1360 1163 Unctus
1400 1105 1642 1161 nondum
1671 1105 1839 1172 videt,
1871 1105 1969 1161 sed

379 1200 606 1256 mittitur
635 1207 693 1253 ut
737 1198 900 1264 lavet,
937 1197 991 1252 id
1013 1204 1112 1262 est,
1165 1195 1466 1266 baptizetur
1493 1195 1550 1248 in
1580 1194 1766 1260 Misso,
1801 1193 1856 1248 id
1885 1201 1969 1249 est

371 1289 428 1344 in
459 1289 694 1353 Christo,
726 1295 948 1358 propter
976 1285 1120 1356 quod
1152 1300 1352 1338 nomen
1380 1282 1604 1355 piscinae
1636 1282 1964 1354 interpreta-

371 1386 476 1433 tur.
507 1377 814 1447 Baptizatus
845 1390 877 1428 a
909 1373 1144 1444 peccatis
1173 1373 1358 1427 lumen
1379 1371 1604 1442 recepit.

445 1494 612 1548 Vens.
627 1494 680 1547 7.
694 1521 764 1531 —
781 1493 852 1546 Et
868 1491 1023 1545 venit
1041 1489 1252 1554 videns,
1269 1496 1373 1544 etc.
1390 1486 1664 1555 Quaeritur
1685 1486 1960 1559 quomodo

367 1581 531 1637 istum
563 1582 680 1635 sine
712 1578 818 1634 fide
840 1577 1129 1644 sanaverit,
1163 1593 1286 1633 cum
1301 1577 1518 1649 legatur
1539 1575 1812 1630 neminem
1843 1575 1960 1630 sine

366 1671 647 1726 sanatione
669 1668 944 1732 interiore,
968 1666 1202 1721 exterius
1224 1681 1452 1720 sanasse
1470 1665 1497 1718 ?
1515 1664 1621 1720 Sed
1646 1665 1750 1720 hoc
1766 1663 1960 1719 dicitur

2081 496 2193 543 tum
2215 490 2409 544 Filium
2429 492 2683 561 hominis,
2709 495 2806 548 sed
2829 495 2991 550 etiam
3013 494 3300 551 conﬁtetur
3324 497 3517 552 Filium
3540 497 3666 552 Dei.

2153 577 2318 632 Vens.
2345 582 2522 634 39.—
2546 583 2611 638 Ut
2628 583 2723 654 qui
2757 599 2872 638 non
2909 583 3119 639 vident.
3153 585 3215 639 Id
3252 593 3354 651 est,
3376 585 3465 656 qui
3487 601 3547 640 se
3581 586 3667 642 vi-

2076 665 2209 720 dere
2239 675 2446 736 putant,
2482 677 2731 739 quaerunt
2774 679 2832 725 ut
2861 671 3099 738 videant,
3135 681 3188 728 et
3219 673 3310 744 qui
3370 674 3574 739 vident,
3610 675 3665 730 id

2076 761 2176 821 est,
2221 755 2312 825 qui
2335 771 2393 810 se
2414 756 2601 812 videre
2633 766 2843 828 putant,
2865 767 2916 814 et
2931 760 3201 816 medicum
3240 777 3350 816 non
3391 770 3659 832 quaerunt,

2075 849 2128 895 et
2156 842 2261 898 hoc
2286 850 2368 897 est
2391 843 2676 912 judicium,
2707 846 2762 900 id
2794 855 2877 902 est
2906 849 3163 904 discretio
3204 850 3350 922 quod
3399 851 3661 906 discernit

2073 944 2295 984 causam
2327 932 2662 987 credentium
2686 949 2718 988 a
2737 936 3009 1006 superbis.
3041 937 3312 992 Iudicium
3344 938 3488 993 enim
3515 938 3660 994 dam-

2070 1017 2304 1072 nationis
2348 1035 2459 1074 non
2499 1021 2684 1088 modo,
2735 1023 2832 1078 sed
2866 1025 2922 1079 in
2964 1023 3069 1080 fine
3108 1024 3471 1095 faciet;unde
3502 1048 3520 1084 :
3549 1029 3658 1100 Ego

2068 1121 2183 1161 non
2216 1106 2405 1174 judico
2433 1126 2787 1183 quem-quam.

2689 1280 2914 1338 CAPUT
2950 1282 3023 1336 X.

2137 1415 2307 1472 Vens.
2335 1421 2384 1472 1.
2407 1449 2476 1458 -
2495 1419 2695 1488 Amen,
2714 1437 2881 1477 amen
2907 1422 3028 1479 dico
3045 1423 3212 1480 vobis.
3237 1423 3377 1493 Quia
3397 1426 3655 1483 Pharisaei

2055 1503 2340 1572 jactabant
2371 1522 2431 1561 se
2474 1507 2681 1576 videre,
2729 1510 2874 1582 quod
2920 1519 3166 1581 possent,
3199 1512 3244 1566 si
3275 1529 3406 1568 oves
3451 1515 3654 1570 Christi

2061 1600 2266 1660 essent,
2325 1595 2589 1650 Dominus
2647 1606 2840 1654 contra
2895 1615 3081 1655 eorum
3139 1602 3509 1674 arrogantiam
3581 1603 3652 1658 de

2061 1696 2232 1751 grege
2263 1697 2381 1749 suo,
2401 1691 2454 1738 et
2473 1683 2542 1738 de
2571 1686 2710 1742 ostio
2741 1702 2848 1758 quo
2877 1687 3110 1742 intratur
3137 1688 3194 1743 in
3225 1689 3365 1744 ovile
3397 1690 3652 1744 similitu-

365 1759 434 1815 de
463 1759 570 1813 illis
601 1758 694 1829 qui
723 1764 947 1828 propter
975 1762 1201 1825 peccata
1227 1751 1676 1808 inﬁrmabantur:
1715 1753 1818 1807 iste
1848 1768 1932 1807 n01

2057 1767 2238 1823 dinem
2268 1771 2542 1841 proponit,
2576 1774 2870 1830 ostendens
2900 1776 3047 1848 quod
3078 1793 3179 1833 nec
3213 1778 3498 1848 sapientia,
3543 1795 3650 1836 nec

359 1856 580 1919 propter
601 1853 907 1917 peccatum,
923 1844 1021 1899 sed
1040 1850 1258 1914 propter
1269 1841 1499 1914 gloriam
1512 1842 1611 1896 Dei
1632 1841 1948 1913 languebat.

433 1938 598 1992 Vens.
635 1938 720 1989 16.
752 1963 821 1972 -
853 1935 971 1989 Νοη
1000 1936 1084 1987 est
1104 1931 1195 1986 hic
1217 1931 1374 1986 homo
1396 1948 1429 1984 α
1446 1931 1571 1994 Deo,
1597 1937 1702 1984 etc.
1731 1929 1825 1984 Ille
1848 1929 1952 1999 spi-

360 2025 625 2080 ritualiter
655 2022 891 2079 custodit
919 2021 1221 2086 sabbatum,
1270 2019 1361 2090 qui
1391 2026 1473 2074 est
1501 2017 1618 2072 sine
1665 2026 1895 2089 peccato
1931 2036 1946 2084 ;

353 2113 429 2168 illi
457 2129 586 2178 non,
623 2112 714 2182 qui
748 2110 894 2165 servi
924 2116 1049 2164 sunt
1077 2097 1309 2180 peccati.

437 2202 605 2255 Vens.
635 2203 719 2254 i7.
751 2228 820 2238 —
859 2200 936 2253 Tu
965 2197 1098 2270 quid
1123 2197 1288 2265 dicis,
1319 2203 1425 2251 etc.
1460 2193 1720 2262 Quaerunt
1739 2194 1950 2251 calum-

352 2291 517 2353 niam,
552 2296 610 2342 ut
639 2288 729 2342 ille
758 2287 825 2342 de
855 2301 1140 2358 synagoga
1181 2285 1492 2355 pelleretur,
1544 2283 1641 2338 sed
1670 2299 1703 2338 a
1733 2283 1946 2338 Christo

353 2377 710 2435 inveniretur.
747 2377 850 2431 Ille
878 2379 1071 2431 autem
1099 2374 1386 2438 dixit,etc.
1411 2373 1600 2428 Adhuc
1620 2372 1868 2427 inunctus
1890 2372 1946 2426 in

352 2468 536 2532 corde,
569 2467 661 2538 qui
693 2463 996 2533 confitetur,
1031 2479 1140 2518 non
1171 2471 1351 2517 tamen
1381 2461 1656 2516 mentitur.

413 2582 584 2636 VEns.
615 2569 783 2639 18.—-
807 2583 984 2636 Donec
1014 2582 1368 2647 vocaverunt,
1402 2586 1505 2632 etc.
1539 2576 1765 2647 Mystice
1791 2593 1804 2629 ε
1832 2577 1942 2630 Pa-

343 2679 542 2735 rentes,
579 2671 632 2724 id
663 2677 746 2723 est
797 2669 1048 2722 diabolus
1079 2667 1163 2722 vel
1213 2667 1360 2732 vitia,
1395 2667 1484 2736 qui
1531 2665 1734 2719 dicunt.
1787 2665 1941 2718 Eta-

343 2770 447 2814 tem
483 2759 665 2823 habet,
699 2757 816 2827 ipse
849 2757 916 2811 de
949 2773 1006 2811 se
1036 2756 1308 2826 loquatur,
1343 2754 1434 2825 qui
1455 2753 1644 2808 nolunt
1662 2752 1940 2808 hominem

347 2846 593 2903 confiteri
622 2845 913 2899 Christum.

411 2938 488 2990 Da
516 2936 757 3006 gloriam
786 2935 928 2988 Deo:
962 2933 1064 2987 Nos
1093 2933 1322 2996 scimus,
1366 2937 1470 2985 etc.
1519 2931 1658 2984 Dare
1705 2928 1936 2999 gloriam

339 3024 473 3091 Deo,
500 3031 581 3075 est
621 3023 904 3076 veritatem
921 3021 989 3074 de
1012 3020 1194 3090 aliquo
1233 3017 1390 3090 quasi
1417 3025 1684 3088 praesente
1717 3019 1832 3072 Deo
1861 3017 1938 3070 di-

2056 1856 2371 1914 observatio
2400 1858 2560 1932 legis,
2591 1877 2694 1918 nec
2722 1863 2866 1918 bona
2894 1865 3004 1920 vita
3033 1865 3330 1937 quidquam
3370 1867 3514 1922 valet
3543 1868 3651 1923 nisi

2049 1960 2150 2014 per
2180 1961 2306 2000 eum
2338 1965 2351 2001 :
2386 1947 2503 2003 sine
2534 1964 2600 2004 eo
2648 1951 2781 2004 nihil
2824 1960 2948 2006 sunt
2976 1953 3030 2006 in
3061 1970 3387 2027 quocunque
3432 1956 3645 2026 Iudaeo,

2049 2033 2136 2088 vel
2168 2035 2358 2106 gentili
2388 2043 2441 2090 et
2482 2037 2808 2109 philosopho
2857 2041 2941 2096 vel
2988 2042 3265 2098 Pharisaao
3315 2045 3406 2115 qui
3447 2045 3648 2101 docent

2050 2120 2207 2176 beate
2230 2124 2411 2178 vivere
2435 2142 2448 2178 :
2472 2125 2561 2180 vel
2597 2127 2854 2184 haeretico
2890 2130 2990 2184 sub
3029 2131 3248 2186 nomine
3283 2133 3517 2188 Christi:
3542 2151 3645 2191 nec

2048 2217 2228 2265 tamen
2247 2211 2304 2264 in
2323 2212 2538 2268 Christo
2578 2215 2932 2285 praedicante,
2957 2220 3055 2274 sed
3091 2236 3281 2275 omnes
3318 2222 3436 2276 sine
3457 2238 3523 2277 eo
3544 2239 3643 2278 ra-

2044 2298 2199 2368 piunt
2231 2307 2282 2353 et
2310 2301 2585 2357 occidunt.
2637 2306 2745 2359 Per
2787 2307 3013 2361 ostium.
3064 2308 3123 2362 Id
3153 2317 3234 2363 est
3272 2326 3372 2380 per
3413 2327 3536 2378 me,
3583 2321 3643 2367 ut

2043 2395 2168 2456 post
2197 2389 2435 2457 exponit.
2470 2391 2597 2446 Haec
2621 2393 2791 2460 janua
2820 2402 2903 2448 est
2933 2395 3152 2450 humilis
3198 2415 3212 2451 :
3246 2398 3336 2468 qui
3365 2415 3466 2468 per
3494 2401 3640 2456 hanc

2043 2475 2157 2529 vult
2176 2476 2402 2542 intrare,
2427 2487 2642 2556 oportet
2668 2489 2724 2535 ut
2743 2497 2802 2536 se
2824 2483 3087 2552 humiliet,
3114 2501 3202 2555 ne,
3223 2486 3268 2540 si
3285 2495 3499 2542 erectus
3529 2497 3634 2556 est,

2043 2563 2280 2618 olicndat
2305 2565 2360 2618 in
2390 2555 2652 2622 humilem
2677 2570 2920 2638 januam.
2955 2573 3086 2627 Fur.
3121 2572 3260 2642 Quia
3307 2576 3452 2646 quod
3500 2555 3636 2632 alie?

2040 2667 2168 2706 num
2197 2662 2278 2707 est
2309 2671 2466 2708 suum
2495 2657 2646 2726 dicit,
2677 2658 2733 2712 id
2763 2667 2865 2726 est,
2899 2677 3031 2715 oves
3061 2662 3161 2716 Dei
3191 2678 3319 2717 suas
3349 2664 3498 2720 facit.
3529 2667 3636 2720 La-

2041 2747 2144 2806 tro,
2180 2742 2306 2812 quia
2336 2743 2483 2813 quod
2512 2743 2718 2800 furatus
2745 2756 2828 2801 est
2871 2749 3088 2804 occidit.
3138 2751 3246 2806 Sed
3294 2767 3485 2808 omnes
3533 2754 3628 2824 qui

2040 2829 2324 2884 veritatem
2375 2839 2558 2887 tenent
2585 2841 2638 2888 et
2667 2834 2864 2891 docent
2895 2837 2950 2890 in
2980 2837 3198 2893 Christo
3227 2849 3463 2909 pastore,
3497 2851 3626 2897 sunt

2038 2932 2177 2970 unus
2204 2927 2417 2988 pastor.

2109 3005 2276 3060 Vens.
2308 3012 2361 3064 2.
2394 3039 2464 3049 -
2490 3012 2692 3067 Pastor
2728 3017 2812 3068 est
2857 3015 3064 3070 ovi-um.
3116 3016 3359 3072 Christus
3401 3020 3626 3089 proprie

337 3125 484 3175 cere,
508 3110 612 3164 hoc
647 3116 765 3162 est:
805 3106 1058 3162 Conﬁteri
1093 3107 1256 3160 istum
1287 3121 1397 3160 non
1430 3121 1553 3160 esse
1582 3107 1757 3160 Deum
1787 3106 1924 3160 sicut
1955 3117 2003 3179 Ο
2032 3102 2221 3163 Ὠδεῖον
2251 3104 2334 3150 εει
2363 3099 2662 3154 secundum
2691 3100 2926 3157 Oﬁicium
2954 3105 3214 3174 pascendi
3244 3122 3395 3171 oves,
3420 3115 3477 3161 ut
3507 3107 3626 3179 ipse

333 3214 454 3266 nos,
489 3198 587 3252 sed
617 3205 980 3267 peccatorem.

403 3287 570 3340 Vens.
595 3287 683 3342 27.
734 3315 803 3324 ——
848 3283 992 3351 Quid
1014 3285 1242 3349 iterum,
1269 3291 1371 3338 etc.
1397 3282 1932 3353 (Auc.)Stomacha-

331 3383 419 3429 tur
449 3381 636 3429 contra
667 3373 916 3427 duritiam
966 3387 1174 3441 eorum,
1207 3372 1276 3426 de
1307 3387 1452 3426 caeco
1487 3370 1664 3425 factus
1711 3370 1925 3439 videns,

331 3473 379 3518 et
409 3478 586 3518 caecos
608 3463 721 3530 jam
763 3477 869 3514 non
900 3459 1102 3514 ferens.

403 3552 569 3605 Vens.
593 3555 681 3606 28.
703 3580 773 3590 --
793 3549 1214 3605 Malcdixerunt
1235 3563 1360 3619 ergo
1388 3550 1459 3603 ei.
1497 3547 1808 3603 Secundum
1829 3563 1926 3603 cor

329 3655 519 3694 eorum
551 3639 859 3694 maledictio
892 3647 991 3692 est.
1031 3638 1139 3692 Sed
1170 3637 1314 3708 quod
1345 3637 1542 3691 dicitur
1571 3637 1809 3707 optabile
1839 3644 1921 3692 cst

326 3729 598 3794 omnibus,
631 3735 688 3781 ut
717 3727 967 3797 discipuli
999 3725 1199 3780 Christi
1229 3725 1353 3779 sint.

395 3817 562 3871 Vens.
580 3820 668 3872 29.
683 3846 752 3854 —-—
767 3817 923 3870 Hunc
943 3819 1136 3869 autem
1157 3817 1462 3869 nescimus.
1489 3813 1753 3883 Superius
1775 3813 1920 3868 dixe-

325 3912 445 3960 rant
481 3923 500 3960 :
531 3906 689 3959 Hunc
720 3906 929 3959 scimus
969 3923 986 3958 :
1027 3903 1170 3956 unde
1202 3903 1327 3956 hinc
1356 3903 1542 3956 dicunt
1573 3918 1633 3955 se
1676 3903 1911 3970 nescire,

318 3993 418 4047 sed
435 3992 646 4046 nescire
670 4007 768 4044 nos
785 3991 1016 4045 dicimus
1047 4006 1167 4060 quae
1184 3989 1488 4058 abjicimus.
1525 3989 1618 4042 llle
1649 3990 1907 4057 nescitur,

316 4079 450 4133 latet
492 4078 806 4145 humilitate,
851 4077 1096 4146 proditur
1145 4077 1425 4146 signorum
1476 4075 1910 4131 virtuteznesci-

318 4174 404 4220 tur
429 4166 572 4220 unde
605 4167 690 4234 sit,
725 4172 779 4220 et
806 4174 862 4218 ut
891 4166 1038 4219 Deus
1069 4180 1244 4219 cmcos
1275 4164 1556 4218 illuminat.

339 4257 342 4260 i
388 4272 560 4337 Vens.
595 4284 681 4335 33.
719 4310 787 4320 --
822 4281 941 4335 Nisi
972 4283 1115 4335 esset
1138 4279 1227 4334 hic
1250 4298 1282 4334 (ι
1305 4281 1432 4346 Deo,
1457 4287 1562 4332 etc.
1599 4277 1789 4346 Spreta
1819 4288 1908 4328 eo-

313 4385 434 4424 rum
473 4369 570 4436 ira,
608 4369 784 4424 libere
821 4367 1102 4422 veritatem
1129 4367 1431 4422 conlitetur.
1467 4367 1593 4420 llaec
1623 4363 1765 4418 enim
1794 4378 1902 4416 non

311 4457 416 4512 nisi
445 4473 478 4512 a
506 4457 758 4526 Domino,
809 4472 910 4511 nec
941 4472 974 4510 a
1003 4454 1282 4521 discipulis
1333 4454 1558 4522 fierent,
1611 4452 1715 4506 nisi
1758 4451 1903 4506 Deus
1921 4466 1978 4528 D

308 4563 364 4600 ω
396 4561 494 4601 CIS.

377 4633 548 4688 Vens.
581 4636 668 4689 34.
708 4664 778 4674 -
811 4635 876 4690 In
899 4651 923 4706 ι
943 4635 1146 4690 recti-tis
1179 4637 1353 4690 natus
1383 4638 1467 4690 est
1499 4639 1670 4692 totus.
1704 4637 1764 4691 Id
1795 4644 1896 4706 est,

304 4735 430 4778 cum
459 4720 659 4777 clausis
704 4722 896 4797 oculis,
948 4723 1090 4794 quod
1128 4722 1314 4778 dicunt
1356 4739 1478 4778 esse
1521 4740 1621 4795 pro
1663 4725 1900 4795 peccatis

303 4799 608 4881 parentum,
641 4810 738 4864 sed
769 4809 1010 4863 Christus
1058 4818 1227 4864 totum
1275 4819 1452 4877 sanat,
1505 4820 1658 4867 extra
1688 4813 1895 4882 oculos,

302 4896 448 4952 intus
478 4913 576 4953 cor
605 4897 797 4968 aperit.
817 4898 885 4952 Et
913 4901 975 4952 tu
1006 4898 1166 4953 doces
1196 4915 1297 4954 nos
1320 4903 1342 4954 ?
1363 4901 1433 4954 Et
1457 4902 1748 4971 ejecerunt
1769 4917 1899 4957 eum

301 4988 478 5055 foras.
519 4986 702 5040 Toties
730 4985 1123 5057 interrogando
1153 4994 1211 5040 ut
1241 4987 1535 5055 discerent,
1578 4989 1897 5058 magistrum

299 5071 558 5138 fecerant,
584 5073 682 5128 sed
703 5073 904 5145 ingrati
927 5073 1214 5128 docentem
1234 5075 1602 5144 projecerunt.
1623 5075 1733 5131 Sed
1767 5078 1896 5149 quia

297 5159 575 5230 expulsus,
600 5161 776 5234 magis
796 5159 974 5216 factus
995 5169 1076 5217 est
1097 5162 1459 5218 Christianus.

367 5276 537 5330 Vens.
570 5280 656 5332 36.
689 5307 759 5320 ο-
791 5277 922 5344 Qui:
973 5281 1074 5344 cst,
1109 5285 1214 5334 etc.
1265 5278 1454 5335 Adhuc
1505 5280 1760 5337 inunctus
1808 5280 1894 5335 his

293 5363 475 5419 verbis
502 5365 738 5420 ostendit
767 5381 828 5421 se
852 5365 1175 5434 jamdudum
1203 5382 1299 5422 cor
1319 5368 1387 5422 ad
1417 5369 1754 5426 credendum
1786 5371 1888 5423 ha-

292 5452 477 5509 buisse
530 5461 804 5524 paratum,
863 5453 963 5508 sed
1017 5453 1074 5507 in
1131 5471 1292 5526 quem
1349 5457 1578 5514 credere
1639 5461 1889 5527 debeat,

456 5556 599 5596 8.358.
1120 5580 1125 5585 -

289 5555 599 5614 ignorasse.
1120 5580 1125 5585 -

378 5629 548 5686 Vens.
571 5633 659 5685 37.
691 5662 760 5673 -
791 5633 861 5686 Et
881 5629 1094 5688 vidisti.
1117 5631 1235 5687 Jam
1253 5633 1515 5690 Dominus
1534 5637 1680 5694 lavat
1693 5639 1889 5697 faciem

2034 3191 2158 3252 post
2180 3186 2418 3254 exponit,
2444 3189 2534 3258 qui
2552 3205 2653 3258 per
2673 3205 2731 3243 se
2750 3190 2946 3245 ostium
2985 3193 3146 3247 intrat
3181 3195 3236 3248 in
3252 3195 3394 3250 ovile
3414 3197 3621 3253 ovium.

2033 3269 2142 3324 Sed
2172 3274 2297 3342 quia
2327 3274 2418 3328 alii
2449 3277 2864 3348 comparticipes
2892 3288 3016 3333 sunt
3045 3281 3094 3335 ei
3116 3283 3406 3351 pastoralis
3434 3284 3619 3354 oﬂicii,

2033 3374 2151 3428 quae
2183 3361 2251 3415 de
2281 3377 2346 3416 eo
2391 3364 2610 3433 proprie
2653 3365 2926 3435 dicuntur,
2979 3368 3139 3422 etiam
3184 3369 3262 3424 eis
3305 3387 3404 3426 suo
3451 3373 3620 3430 modo

2029 3458 2359 3520 congruunt.
2413 3449 2625 3505 Ostium
2655 3461 2738 3507 est
2769 3471 2875 3525 quo
2905 3455 3153 3523 intratur,
3187 3457 3434 3514 Christus
3483 3478 3619 3535 ergo

2024 3544 2215 3604 pastor
2245 3553 2343 3607 per
2371 3553 2430 3591 se
2475 3539 2693 3606 ostium,
2726 3550 2778 3595 et
2807 3543 3113 3616 quicunque
3157 3547 3260 3601 sub
3307 3563 3374 3602 eo
3403 3558 3615 3618 pastor,

2023 3638 2124 3692 per
2154 3624 2332 3694 ipsum
2380 3626 2576 3681 ostium
2625 3628 2788 3683 intrat
2839 3631 2893 3684 in
2938 3633 3102 3687 corda
3149 3634 3522 3707 ovium;quia
3571 3638 3620 3692 si

2022 3709 2189 3781 aliud,
2214 3713 2490 3783 praedicat,
2515 3732 2622 3771 non
2645 3717 2872 3772 audiunt
2897 3735 3048 3789 oves,
3084 3723 3129 3776 si
3156 3723 3442 3792 Christum,
3478 3741 3616 3781 oves

2020 3798 2218 3854 Christi
2248 3802 2391 3858 hanc
2419 3820 2607 3859 vocem
2639 3817 2965 3877 agnoscunt.

2091 3889 2260 3943 Vens.
2282 3893 2332 3944 3.
2368 3921 2438 3930 —
2464 3893 2602 3947 Huic
2620 3893 2888 3950 ostiari-us
2911 3899 3112 3969 aperit.
3138 3897 3426 3968 Ostiarius,
3449 3902 3505 3956 id
3526 3912 3614 3958 est

1976 3995 1993 4011 ι
2015 3974 2260 4030 Christus
2287 3978 2379 4048 qui
2411 3995 2470 4033 se
2498 3981 2689 4050 aperit,
2738 3984 2823 4037 vel
2857 3985 3134 4056 Scriptura
3174 4005 3294 4059 qua:
3341 3990 3490 4045 ducit
3536 3992 3610 4046 ad

2014 4062 2306 4131 Christum,
2355 4067 2441 4120 vel
2487 4067 2721 4138 Spiritus
2783 4059 3000 4128 sane/tus
3043 4075 3134 4147 qui
3186 4076 3344 4132 docet
3385 4095 3606 4134 omnem

2012 4151 2316 4206 veritatem.

2081 4239 2151 4292 Et
2179 4255 2320 4305 oves,
2355 4249 2460 4296 etc.
2499 4242 2692 4315 (AUG.)
2720 4246 2901 4317 Aliqui
2927 4257 3053 4303 sunt
3082 4266 3228 4306 verae
3267 4267 3418 4320 oves,
3466 4255 3596 4326 quia

2005 4325 2153 4379 novit
2183 4327 2464 4396 Dominus,
2497 4339 2624 4399 etc.,
2658 4349 2834 4405 usque
2862 4337 2934 4390 ad
2965 4338 3106 4394 hanc
3137 4340 3315 4394 nullus
3343 4325 3601 4414 proprius

2008 4416 2325 4484 contemnit,
2359 4417 2540 4472 nullus
2571 4419 2786 4476 alienus
2815 4421 2984 4479 audit.

2082 4503 2251 4559 Vens.
2274 4509 2324 4558 6.
2348 4537 2417 4545 ——
2433 4507 2527 4562 Illi
2545 4513 2739 4564 autem
2759 4527 2874 4566 non
2894 4521 3289 4583 cog-noverunt.
3314 4517 3607 4574 Prazdesti-

2006 4597 2148 4645 natae
2179 4608 2310 4648 oves
2339 4595 2408 4648 ad
2438 4602 2654 4666 tempus
2683 4613 2742 4652 se
2769 4599 3037 4668 nesciunt,
3072 4618 3174 4660 nec
3203 4619 3394 4660 vocem
3423 4617 3602 4678 pasto-

2005 4677 2082 4731 ris
2113 4680 2352 4747 audiunt,
2389 4684 2486 4738 sed
2515 4684 2570 4737 in
2597 4683 2704 4740 fine
2734 4699 3104 4757 perseverant,
3128 4708 3158 4746 e
3179 4702 3370 4750 contra
3396 4677 3508 4766 lupi
3526 4697 3598 4752 ad

2001 4771 2215 4836 tempus
2246 4770 2487 4837 audiunt,
2521 4772 2620 4827 sed
2648 4773 2703 4826 in
2733 4772 2838 4850 fine
2868 4789 3236 4846 perseverant.

2075 4855 2242 4910 Vens.
2265 4862 2316 4911 8.
2340 4888 2408 4898 —-
2427 4859 2650 4929 Omnes,
2685 4854 2805 4918 etcf
2827 4862 2937 4918 Fur
2951 4874 3032 4920 est
3063 4867 3155 4938 qui
3171 4885 3270 4938 per
3303 4871 3592 4928 simoniam

1999 4942 2086 4997 vel
2135 4943 2320 5014 aliquo
2368 4945 2474 5000 alio
2521 4949 2688 5003 modo
2735 4958 2929 5006 contra
2985 4954 3256 5010 Christum
3305 4958 3488 5028 intrat,
3537 4969 3592 5018 et

1995 5037 2281 5101 postquam
2329 5031 2607 5089 intraverit
2665 5037 2813 5093 malo
2861 5041 3112 5112 exemplo
3159 5044 3360 5100 occidit
3409 5055 3464 5102 et
3510 5050 3592 5105 sic

1995 5126 2180 5188 aperte
2210 5119 2370 5174 latro.
2420 5123 2535 5178 Nec
2584 5124 2709 5179 talis
2758 5127 3023 5184 dicendus
3071 5138 3155 5186 est
3199 5137 3588 5206 mercenarius,

1994 5204 2118 5260 ideo
2145 5206 2274 5277 lupo
2305 5208 2554 5266 veniente
2583 5228 2692 5269 non
2724 5215 2944 5286 resistit,
2977 5219 3076 5274 sed
3103 5236 3204 5289 pro
3233 5223 3486 5279 mercede
3508 5204 3593 5282 ce-

1993 5292 2088 5348 dit.
2125 5293 2182 5349 Si
2212 5295 2341 5366 lupo
2375 5297 2640 5356 violenter
2665 5303 3003 5360 distrahente
3031 5323 3141 5362 non
3170 5309 3400 5381 resistit,
3435 5329 3590 5369 mer-

1991 5381 2183 5436 cedem
2217 5383 2358 5441 hanc
2387 5387 2597 5458 recipit,
2630 5392 2775 5461 quod
2824 5408 2935 5447 non
2966 5394 3282 5451 distrahitur
3308 5414 3434 5454 cum
3465 5401 3588 5457 ovi-

1991 5467 2113 5539 bus,
2140 5471 2237 5527 sed
2257 5482 2449 5544 postea
2463 5477 2607 5532 male
2635 5478 2871 5535 vivendo
2891 5496 3024 5538 oves
3059 5487 3376 5558 corrumpit,
3403 5498 3456 5544 et
3469 5491 3585 5560 jam

1988 5555 2044 5611 in
2073 5559 2234 5615 aliam
2280 5570 2492 5632 partem
2539 5565 2789 5638 relapsus
2811 5566 2872 5623 ﬁt
2897 5568 2986 5625 fur
3030 5572 3119 5628 vel
3173 5555 3332 5644 latro,
3381 5555 3583 5634 nomen

1987 5649 2312 5705 mercenarii
2338 5651 2613 5711 amittens.
