3948 6178
325 319 418 372 397

1215 315 1484 372 GLOSSA
1523 316 1931 372 ORDINARIA.
1974 343 2041 354 —-
2078 314 2342 370 EVANG.
2381 313 2580 369 JOAN.

3404 353 3413 360 -
3493 319 3597 372 398

390 441 549 494 Vaas.
583 442 634 494 9.
667 441 976 512 —Siquis.
1036 439 1136 495 Hic
1174 440 1456 495 evidenter
1501 441 1757 509 ostendit,
1791 455 1900 495 non
1930 439 2114 499 Anon
2143 439 2426 495 accedunt
2472 438 2542 493 ad
2583 439 2786 512 ignem,
2847 438 2905 493 id
2958 446 3061 505 est,
3100 454 3210 494 non
3264 439 3493 495 credunt
3545 439 3603 495 in

328 529 492 584 solum
522 535 816 599 pastorem,
851 528 949 584 sed
979 535 1033 583 et
1059 543 1191 584 oves
1215 528 1422 584 intrare
1449 544 1550 599 per
1577 529 1800 584 ostium.
1832 530 1901 584 Et

325 617 676 688 ingredietur.
704 618 852 670 Intus
882 616 1023 671 bene
1043 617 1356 689 cogitando,
1407 616 1724 690 egredietur
1752 623 1912 674 extra.

320 704 553 775 exemplo
579 704 808 759 aliorum
838 705 978 760 bene
1008 706 1314 775 operando.
1350 705 1449 760 Vel
1489 705 1827 778 ingredietur
1848 704 1901 758 in

321 792 629 857 Ecclesium,
662 800 721 846 ut
751 793 840 848 hic
867 792 1014 848 vivat
1043 809 1144 863 per
1173 791 1355 848 fidem.
1398 794 1554 849 Unde
1582 801 1706 863 post
1735 792 1898 848 dicit:

326 883 383 939 Ut
413 882 581 937 vitam
601 881 877 936 habeant.
923 882 993 936 Et
1023 881 1340 954 egredietur
1368 881 1437 935 de
1465 881 1570 935 ista
1600 881 1729 948 vita,
1762 889 1820 935 ut
1849 879 1903 935 in

320 977 570 1025 aeternum
598 969 762 1024 vivat.
795 969 950 1024 Unde
978 979 1103 1040 post
1131 977 1184 1024 et
1203 969 1566 1024 abundantius
1583 970 1782 1025 habeat
1817 968 1902 1028 vi-

314 1065 414 1112 tam
442 1064 493 1112 et
521 1072 725 1128 pascua
752 1057 996 1113 inveniet
1023 1057 1346 1130 ingrediens
1377 1065 1429 1113 et
1461 1058 1778 1131 egrediens.

382 1163 545 1219 Vaas.
581 1166 666 1218 10.
697 1193 768 1202 -
790 1164 909 1219 Nisi
931 1168 994 1218 ut
1015 1166 1263 1234 furetur,
1291 1171 1396 1220 etc.
1418 1163 1650 1219 Furetur
1670 1163 1904 1219 alienam

317 1267 425 1306 rem
444 1250 542 1305 sibi
572 1251 903 1321 usurpan'do,
937 1258 1156 1317 mactet,
1181 1267 1214 1306 a
1241 1249 1350 1308 ﬁde
1389 1253 1743 1319 retrahendo,
1775 1268 1904 1324 per-

317 1340 399 1395 dat
416 1339 470 1394 in
501 1348 768 1395 aeternam
799 1339 1226 1395 damnationem.

382 1447 542 1500 Vens.
579 1449 669 1499 Η.
707 1477 776 1486 -
809 1447 1184 1502 Mercenarius
1220 1451 1432 1515 autem,
1477 1455 1581 1503 etc.
1616 1447 1904 1502 Mercenn-

317 1535 421 1590 rius
449 1542 530 1588 est
559 1535 652 1606 qui
684 1535 874 1605 quaerit
905 1551 1026 1606 qua:
1056 1549 1157 1588 sua
1207 1542 1349 1601 sunt,
1397 1551 1505 1590 non
1535 1551 1656 1606 quae
1685 1535 1902 1604 Christi,

318 1623 401 1694 qui
426 1622 594 1678 servit
623 1624 740 1678 Deo
795 1639 904 1678 non
936 1631 1161 1694 propter
1218 1624 1414 1692 Deum,
1466 1622 1562 1678 sed
1590 1639 1692 1694 pro
1722 1622 1908 1694 aliqua

318 1710 560 1766 mercede
591 1729 607 1778 ;
641 1711 733 1783 qui
791 1711 1077 1782 culpabilis
1117 1719 1218 1778 est,
1240 1719 1293 1766 et
1320 1727 1430 1768 non
1484 1719 1568 1768 est
1613 1711 1774 1778 ﬁlius,
1809 1712 1907 1767 sed

313 1808 485 1857 tamen
514 1799 866 1856 necessarius
896 1808 949 1854 et
980 1800 1319 1856 tolerandus.
1381 1801 1490 1856 Fur
1520 1817 1652 1856 vero
1681 1817 1903 1872 semper

311 1896 387 1945 est
415 1888 1025 1960 cavendus.{Praepositi
1073 1905 1206 1944 vero
1254 1889 1346 1960 qui
1377 1887 1471 1942 filii
1519 1895 1663 1954 sunt,
1711 1897 1836 1944 sunt
1855 1897 1909 1945 et

315 1985 573 2049 pastores,
611 1984 664 2032 et
710 1983 889 2032 tamen
918 1994 1060 2032 unus
1103 1985 1186 2032 est
1226 1985 1435 2048 pastor,
1469 1977 1596 2049 quia
1610 1977 1687 2032 illi
1716 1993 1908 2033 omnes

319 2073 433 2120 sunt
462 2064 715 2120 membra
744 2065 884 2120 illius
917 2066 1069 2135 cujus
1092 2073 1218 2120 sunt
1235 2082 1367 2122 oves
1392 2066 1723 2137 propriae.Et
1743 2068 1908 2140 lupus

314 2155 476 2226 rapit.
498 2155 687 2225 Lupus
717 2162 800 2209 est
829 2154 916 2209 vel
946 2154 1218 2210 violentus
1275 2155 1366 2226 qui
1396 2155 1754 2226 corporaliter
1783 2171 1908 2210 vas-

312 2249 399 2308 tat,
432 2243 518 2298 vel
550 2242 808 2298 diabolus
845 2243 936 2314 qui
983 2243 1340 2314 spiritualiter
1393 2243 1644 2315 dissipat,
1697 2243 1783 2300 cui
1813 2244 1907 2315 qui

313 2347 414 2386 non
441 2331 656 2385 animas
700 2332 898 2395 ovium,
937 2332 1033 2386 sed
1083 2347 1182 2387 sua
1240 2332 1451 2403 qumrit,
1510 2349 1622 2387 non
1668 2332 1908 2389 occurrit

318 2420 622 2475 resistendo
653 2419 738 2475 vel
767 2420 905 2474 mala
924 2421 1228 2492 arguendo,
1263 2422 1410 2492 quod
1439 2429 1522 2476 est
1552 2420 1907 2493 fugere,quia

313 2509 466 2563 timor
495 2516 581 2563 est
614 2507 745 2578 fuga
773 2508 939 2562 animi
970 2526 983 2562 :
1019 2507 1156 2581 fugit
1185 2525 1252 2564 ne
1290 2509 1481 2579 perdat
1511 2510 1658 2581 quod
1705 2510 1901 2583 diligit,

317 2597 452 2651 unde
481 2597 726 2652 reddens
756 2612 979 2652 causam
1003 2596 1145 2668 fugae
1175 2597 1358 2652 subdit
1391 2614 1403 2653 :
1439 2599 1581 2666 Quia
1608 2614 1904 2656 mercena-

311 2686 426 2741 rius
454 2690 560 2751 est,
634 2693 686 2740 et
717 2701 826 2740 non
864 2693 1010 2740 amat
1037 2701 1186 2754 oves,
1239 2687 1336 2742 sed
1365 2701 1466 2741 sua
1494 2702 1506 2741 :
1539 2694 1789 2757 pastores
1816 2703 1906 2743 au-

314 2780 418 2827 tem
444 2789 557 2828 non
581 2772 842 2829 dicuntur
884 2773 1077 2846 fugere
1108 2775 1154 2829 si
1183 2775 1383 2830 cedunt
1424 2775 1812 2845 persecutioni,
1853 2784 1907 2832 et

311 2870 520 2917 servant
551 2878 616 2918 se
646 2861 828 2917 ovium
860 2862 1094 2930 utilitati,
1128 2863 1326 2934 quibus
1357 2863 1522 2920 etiam
1549 2880 1783 2936 corpore
1811 2865 1906 2920 ab-

310 2958 503 3018 sentes,
539 2958 666 3006 sunt
697 2951 888 3022 spiritu
915 2959 1238 3022 praesentes.

374 3066 541 3121 Vens.
579 3067 668 3120 14.
702 3097 771 3106 -
818 3067 928 3138 Ego
957 3082 1087 3122 sum
1114 3071 1325 3138 pastor.
1373 3068 1499 3122 Post
1526 3067 1742 3138 culpam
1771 3067 1902 3133 ficti,

311 3153 500 3256 iterum
529 3155 765 3256 formam
786 3155 902 3209 veri
931 3155 1170 3225 pastoris
1190 3155 1433 3256 ορρρηίι·
1454 3158 1907 3256 ξθοιῖαηιραςςίον
1936 3144 2382 3244 θουττυηι,εεεῖ
2403 3144 2531 3252 (ιιιίᾷ
2557 3181 2714 3237 Jesus
2744 3197 2856 3237 non
2899 3144 3104 3253 patitur
3143 3183 3249 3239 nisi
3291 3144 3597 3256 quodrvult,

307 3242 472 3299 bon-us
494 3249 552 3299 et
584 3245 846 3299 ani-mam
878 3260 1025 3315 pono
1052 3261 1152 3318 pro
1199 3246 1404 3300 ovibus.
1450 3243 1609 3313 Quod
1651 3262 1760 3300 non
1788 3245 1906 3316 ipse

311 3348 444 3387 unus
474 3332 626 3398 fecit,
658 3331 761 3385 nisi
793 3333 940 3402 quod
982 3348 1173 3387 omnes
1208 3333 1292 3386 sui
1330 3341 1382 3388 et
1438 3333 1554 3404 ipse
1589 3350 1728 3388 unus
1759 3342 1902 3401 sunt,

303 3419 424 3490 quia
451 3421 572 3491 ipse
606 3420 722 3474 sine
752 3420 860 3474 illis
892 3421 995 3476 hoc
1022 3421 1212 3491 potuit,
1247 3421 1320 3476 illi
1370 3438 1478 3477 non
1546 3423 1664 3478 sine
1693 3439 1759 3478 eo
1788 3423 1906 3478 sine

308 3525 409 3579 quo
437 3509 574 3563 nihil
604 3517 851 3579 possunt.

376 3624 544 3678 Vens.
581 3627 669 3678 15.
689 3655 758 3665 -
786 3627 856 3679 Et
885 3641 1001 3696 ego.
1063 3624 1228 3679 Filius
1285 3642 1385 3696 per
1415 3642 1474 3680 se
1517 3627 1768 3699 agnoscit
1797 3628 1904 3682 Pa-

308 3718 456 3778 trem,
489 3729 602 3767 non
620 3729 722 3783 per
751 3713 921 3776 illum,
971 3713 1110 3768 sicut
1156 3713 1305 3780 alibi,
1343 3716 1522 3770 Deum
1561 3731 1725 3772 nemo
1763 3716 1904 3771 vidit

312 3816 584 3874 unquam,
626 3802 744 3856 nisi
785 3802 1117 3873 Unigenitus
1154 3803 1249 3874 qui
1283 3807 1367 3858 est
1404 3804 1467 3858 in
1505 3805 1638 3859 sinu
1683 3805 1873 3859 Patris

311 3891 424 3961 ipse
443 3892 803 3946 enarraverit
825 3890 1160 3960 (Matth.xx).
1187 3891 1320 3944 Item
1336 3908 1500 3947 nemo
1521 3893 1677 3948 novit
1695 3884 1907 3947 Filium

310 3979 420 4032 nisi
443 3981 636 4046 Pater,
671 3995 848 4050 neque
870 3981 1100 4033 Patrem
1138 3979 1260 4051 quis
1283 3980 1437 4035 novit
1474 3981 1668 4045 Filius,
1717 3985 1772 4035 et
1813 3981 1907 4036 cui

314 4067 485 4122 Filius
505 4068 751 4123 voluerit
772 4069 1020 4123 revelare
1041 4067 1262 4138 (Matth.
1286 4083 1346 4122 x1
1369 4089 1386 4134 ;
1409 4070 1543 4135 Luc,
1570 4069 1634 4139 Χ)
1650 4109 1662 4122 .
1693 4071 1764 4123 Et
1780 4070 1908 4124 ani-

312 4171 461 4209 mam
483 4172 673 4210 meam
693 4172 856 4227 pono.
890 4157 1004 4211 IIoc
1063 4164 1146 4210 est
1192 4156 1441 4226 probatio
1489 4157 1795 4212 dilectionis
1836 4158 1906 4212 ad

312 4242 547 4311 Patrem,
584 4252 637 4296 et
653 4244 720 4296 ad
751 4259 903 4298 oves.
939 4243 1028 4299 Sic
1087 4251 1138 4298 et
1188 4245 1381 4299 Petrus
1439 4245 1598 4300 tertio
1643 4243 1907 4301 conﬁtens

311 4347 578 4396 amorem,
633 4332 849 4400 jubetur
905 4347 1138 4401 pascere
1185 4349 1338 4397 oves,
1393 4340 1445 4388 et
1501 4351 1601 4403 pro
1634 4334 1713 4389 eis
1744 4334 1903 4388 mori.

311 4421 415 4475 Pro
447 4421 660 4476 ovibus.
683 4420 788 4473 Pro
805 4419 998 4474 ovibus
1027 4411 1219 4475 domus
1260 4421 1431 4475 Israel
1461 4439 1582 4492 quae
1611 4423 1904 4493 perierant,

2002 526 2291 581 Christum.
2327 527 2586 583 Salomon
2627 535 2810 583 autem
2860 526 3005 583 facto
3044 527 3247 598 templo
3273 527 3329 580 in
3343 535 3601 583 autumno

2001 613 2133 669 illud
2161 615 2432 671 dedicavit
2489 615 2591 686 (III
2626 617 2751 687 Reg.
2802 615 2946 686 vni).
2989 615 3310 684 Zorobabel,
3343 623 3397 672 et
3433 616 3592 671 Jesus

2003 703 2262 758 sacerdos
2296 711 2420 773 post
2459 703 2825 773 captivitatem
2868 702 3254 760 reaediﬁcatum
3311 704 3594 774 templum,

2003 790 2059 844 in
2087 807 2217 846 vero
2234 791 2626 861 dedicaverunt
2654 792 2731 864 (II
2747 791 2905 848 Esdr.
2939 791 3038 862 v1).
3058 793 3085 844 ,Ι
3091 792 3227 846 udas
3258 792 3598 848 Machabaaus

1994 894 2094 949 pro
2124 878 2503 950 profanatione
2551 880 2801 936 Antiochi
2842 880 2898 935 in
2935 880 3114 935 hieme
3142 880 3193 952 (I
3223 881 3466 937 Machab.
3490 879 3594 952 tv).

2076 967 2246 1023 Vaas.
2279 971 2366 1024 23.
2399 998 2468 1007 —
2513 969 2578 1024 In
2619 971 2863 1040 porticu.
2922 969 3171 1024 Porticus
3223 969 3422 1041 quibus
3461 977 3600 1025 tem-

2006 1053 2157 1126 plum
2184 1055 2523 1128 cingebatur,
2557 1056 2733 1111 solent
2762 1054 3061 1128 signiﬁcari
3089 1056 3309 1112 nomine
3351 1056 3559 1129 templi.

2077 1144 2248 1198 Vens.
2283 1146 2371 1201 24.
2391 1175 2460 1184 -
2515 1145 3028 1218 Οἱνσιιτηάθάεναηι
3061 1162 3186 1218 ergo
3229 1162 3361 1202 eum
3393 1147 3595 1202 Judaei.

2006 1231 2240 1287 Domino
2270 1231 2543 1303 patienter
2563 1233 2706 1288 inter
2749 1233 3043 1304 opprobria
3071 1234 3356 1290 veritatem
3391 1234 3599 1306 praedi-

2007 1329 2167 1377 cante
2213 1321 2469 1378 excaecati
2490 1337 2599 1377 non
2615 1321 3005 1394 obsequuntur,
3025 1324 3124 1378 sed
3142 1330 3366 1390 tentant,
3395 1324 3606 1393 Quous-

2007 1425 2110 1481 que
2140 1410 2397 1465 animam
2444 1415 2701 1468 nostram
2751 1411 2953 1467 tollis?
2984 1409 3395 1468 Calumniantur
3449 1411 3601 1468 illum

2007 1496 2201 1552 tollere
2231 1498 2443 1553 animas
2491 1499 2583 1570 qui
2640 1498 2833 1566 salvat,
2872 1515 3034 1571 quem
3088 1516 3286 1570 purum
3324 1499 3601 1558 hominem

2008 1586 2286 1656 putabant,
2326 1586 2424 1643 sed
2476 1603 2591 1657 prae
2629 1587 2882 1642 omnibus
2928 1595 3301 1659 regnaturum.
3333 1589 3393 1645 Si
3428 1593 3495 1646 tu
3544 1605 3602 1646 es

2017 1673 2290 1739 Christus,
2311 1676 2400 1731 die
2418 1675 2575 1733 nobis
2597 1676 2940 1748 palam.Non
2959 1676 3242 1732 veritatem
3269 1676 3602 1748 desiderant,

1922 1792 1976 1852 Β
2011 1762 2109 1818 sed
2136 1771 2334 1833 parant
2360 1763 2706 1830 calumniam,
2742 1772 2800 1818 ut
2821 1764 2867 1819 si
2895 1764 3094 1820 dixerit
3129 1781 3190 1821 se
3215 1781 3422 1838 regem,
3474 1781 3606 1823 con-

2009 1858 2097 1906 tra
2114 1853 2423 1924 Augustum
2453 1850 2744 1909 facientem
2774 1853 3027 1924 potestati
3072 1854 3309 1910 tradant.
3358 1853 3467 1911 Sed
3486 1855 3604 1910 Do-

2009 1939 2189 1994 minus
2223 1939 2302 1996 sic
2331 1947 2601 2011 temperat
2629 1957 2975 2012 responsum,
3009 1949 3067 1996 ut
3095 1957 3198 1999 nec
3217 1942 3326 1998 illis
3346 1942 3607 2004 sit.locus

2009 2027 2321 2094 calumniae,
2341 2036 2394 2085 et
2414 2027 2667 2084 fidelibus
2693 2038 2917 2101 propter
2961 2046 3098 2102 quos
3119 2031 3238 2087 hzec
3295 2029 3607 2088 referuntur

2007 2117 2294 2172 manifeste
2324 2125 2586 2188 appareat
2601 2118 2748 2190 quod
2775 2117 2894 2188 ipse
2924 2119 2994 2174 sit
3012 2117 3280 2188 Christus,
3303 2136 3415 2178 non
3441 2121 3607 2178 homo

2008 2212 2239 2272 tantum,
2264 2212 2322 2262 ut
2350 2206 2427 2260 illi
2443 2213 2651 2279 putant,
2675 2206 2774 2262 sed
2793 2207 2962 2263 Filius
2992 2207 3113 2264 Dei.

2081 2294 2248 2348 Vens.
2286 2297 2372 2351 ΞΘ.
2404 2325 2474 2334 -
2506 2297 2577 2351 Et
2594 2311 2757 2352 nemo
2773 2300 2960 2368 potest
2977 2312 3178 2368 rapere
3198 2298 3265 2354 de
3283 2314 3464 2355 manu
3491 2300 3603 2355 Pa-

2009 2383 2114 2438 tris
2142 2383 2278 2438 mei.
2304 2381 2446 2450 Quia
2475 2398 2540 2438 ex
2597 2384 2704 2440 hoc
2749 2384 2894 2456 quod
2941 2400 3060 2440 sum
3089 2401 3155 2441 ex
3211 2385 3395 2456 Patre,
3427 2387 3599 2457 major

2007 2486 2129 2524 sum
2201 2470 2274 2525 ad
2340 2471 2761 2544 protegendum,
2821 2487 2987 2544 quam
3025 2472 3103 2529 illi
3158 2473 3227 2528 ad
3283 2475 3606 2550 impugnang

2007 2558 2156 2613 dum.

2078 2648 2247 2702 Vens.
2268 2651 2431 2702 30.—
2449 2650 2560 2720 Ego
2582 2652 2638 2704 et
2655 2651 2826 2705 Pater
2853 2665 3036 2706 unum
3065 2665 3282 2707 sumus.
3304 2649 3401 2706 His
3417 2650 3603 2708 verbis

2006 2751 2116 2790 non
2145 2735 2323 2791 solum
2351 2736 2666 2792 Iudaeorum
2687 2737 2847 2793 solvit
2875 2738 3257 2810 quaestionem,
3289 2739 3383 2812 qui
3399 2748 3456 2796 ut
3485 2747 3604 2797 ten-

2005 2832 2183 2880 tarent
2210 2834 2580 2895 accesserunt,
2615 2827 2713 2882 sed
2752 2826 2918 2882 etiam
2964 2826 3272 2885 futurorum
3313 2828 3604 2887 haeretico-

2005 2929 2124 2968 rum
2152 2913 2375 2969 damnat
2404 2913 2692 2971 insaniam.

2077 3002 2246 3057 Vaas.
2270 3007 2356 3058 31.
2390 3033 2460 3042 -
2488 3003 2859 3060 Sustuterunt
2895 3021 3022 3078 ergo
3066 3005 3298 3078 lapides.
3343 3006 3459 3064 Hoc
3485 3007 3601 3078 jam

2005 3105 2116 3144 non
2135 3089 2316 3144 ferunt
2347 3091 2441 3162 qui
2490 3099 2689 3148 caetera
2727 3092 2985 3160 tulerunt,
3019 3095 3117 3149 sed
3144 3094 3268 3150 duri
3295 3094 3367 3152 ad
3389 3094 3601 3167 lapides

2003 3267 2179 3322 adhuc
2208 3267 2463 3338 loquitur.

2078 3355 2249 3411 Vens.
2283 3359 2370 3412 33.
2405 3387 2473 3396 —
2523 3359 2682 3414 Facis
2727 3359 2992 3431 teipsum.
3053 3359 3439 3418 Intellexerunt
3489 3377 3604 3418 non

2003 3460 2168 3515 posse
2199 3444 2328 3500 dici.
2361 3446 2471 3516 Ego
2500 3450 2557 3501 et
2577 3448 2749 3502 Pater
2779 3463 2963 3503 unum
2990 3465 3206 3518 sumus,
3264 3450 3370 3506 nisi
3397 3450 3490 3506 ubi
3520 3458 3606 3507 est

2003 3531 2287 3602 aequalitas
2317 3531 2493 3587 Patris
2514 3541 2569 3588 et
2598 3533 2736 3602 Filii,
2769 3535 2918 3606 quod
2945 3536 3109 3591 Arius
3139 3553 3249 3592 non
3289 3537 3554 3595 intellexit
3586 3558 3603 3607 ;

2005 3620 2254 3675 Christus
2283 3627 2480 3687 autem,
2515 3621 2642 3692 quia
2686 3622 2822 3678 vidit
2876 3623 3003 3678 illos
3058 3625 3246 3681 tardos
3294 3642 3405 3683 non
3451 3627 3599 3684 ferre

2007 3708 2357 3779 Splendorem
2386 3707 2645 3776 veritatis,
2671 3711 2989 3781 temperavit
3017 3729 3140 3768 eum
3169 3713 3226 3768 in
3252 3714 3338 3769 his
3366 3715 3551 3772 verbis
3582 3733 3598 3771 :

2004 3797 2197 3853 Nonne
2225 3797 2506 3868 scriptum
2526 3803 2631 3865 est,
2671 3806 2775 3855 etc.
2839 3790 2845 3797 ’
3361 3843 3366 3850 .

2076 3886 2244 3939 Vnus.
2278 3886 2367 3940 34.
2390 3917 2460 3926 -
2475 3887 2618 3953 Quia
2647 3903 2764 3959 ego.
2789 3887 2985 3943 Tribus
3012 3889 3189 3946 modis
3209 3889 3408 3947 dicitur
3426 3892 3594 3962 Deus,

2005 3973 2536 4045 natura,adoptione,
2556 3983 2614 4030 ut
2643 3978 2750 4048 Ego
2806 3977 2933 4034 dixi
2960 3996 2979 4034 :
3010 3981 3102 4036 Dii
3124 3978 3280 4052 falso,
3313 3988 3372 4037 ut
3398 3979 3602 4038 dmino-

2004 4077 2104 4116 nes
2135 4071 2188 4117 et
2217 4062 2382 4118 idola.
3241 4092 3248 4097 -
3299 4118 3302 4121 .

2078 4169 2247 4223 Vaas.
2272 4171 2359 4224 35.
2379 4200 2448 4210 —-
2469 4171 2528 4228 Si
2544 4171 2674 4228 illos
2693 4171 2848 4228 dixit
2867 4171 3014 4230 deos.
3075 4173 3132 4230 Si
3157 4191 3260 4246 per
3288 4191 3601 4234 sermonem

2007 4256 2104 4310 Dei
2126 4257 2502 4328 participando
2523 4257 2916 4316 fiunthomines
2948 4262 3041 4329 dii,
3077 4264 3350 4335 quomodo
3391 4265 3484 4323 ille
3505 4265 3599 4338 qui

2005 4360 2104 4415 per
2151 4353 2401 4400 naturam
2448 4355 2530 4402 est
2589 4347 2761 4404 Filius
2819 4366 2926 4423 quo
2970 4351 3310 4424 participant,
3371 4368 3480 4410 non
3517 4361 3604 4409 est

2009 4434 2157 4488 Deus
2185 4433 2214 4487 τ

313 4507 378 4560 ad
409 4524 550 4579 quas
580 4508 940 4578 corporaliter
970 4509 1240 4576 missus,a
1268 4511 1464 4582 quibus
1496 4527 1604 4565 non
1637 4519 1761 4565 sunt
1789 4512 1906 4566 dis—
1927 4504 1980 4563 D
2082 4521 2251 4576 νεεδ,
2287 4525 2374 4576 38,
2405 4553 2475 4563 _
2521 4524 2788 4597 operibu,
2827 4525 3056 4584 credite.
3105 4527 3293 4584 Fidem
3350 4527 3602 4586 adhibete

311 4595 515 4652 similes
539 4597 786 4668 illzequa:
816 4605 940 4651 sunt
960 4598 1028 4652 de
1044 4598 1319 4668 gentibus,
1344 4599 1488 4654 unde
1518 4599 1648 4655 dicit
1681 4617 1694 4653 :

377 4690 676 4774 yzas.'16.
710 4694 1023 4766 —0portet
1041 4712 1151 4751 me.
1186 4694 1448 4764 Quamvis
1481 4713 1582 4766 per
1611 4713 1756 4763 suos,
1782 4697 1911 4769 quia

310 4779 363 4834 in
395 4781 504 4836 illis
520 4782 658 4852 ipse.
701 4785 772 4838 Et
802 4799 993 4839 vocem
1046 4800 1252 4841 meam.
1315 4785 1438 4839 Non
1466 4785 1598 4841 dicit
1636 4802 1905 4854 meorum,

313 4869 440 4939 quia
471 4871 528 4924 in
558 4871 692 4941 ipsis
710 4871 802 4926 ille
831 4871 1090 4943 loquitur.

381 4959 553 5012 Vens.
591 4961 675 5014 i7.
716 4990 786 5000 —
830 4961 972 5027 Quia
1029 4977 1144 5032 ego,
1179 4968 1284 5017 etc.
1330 4961 1522 5032 (AUG.)
1576 4963 1813 5018 Verbum
1843 4980 1910 5020 ex

313 5061 416 5116 quo
449 5047 689 5118 suscepit
720 5048 1015 5114 hominem,
1064 5049 1119 5102 id
1165 5058 1248 5104 est
1304 5065 1524 5105 carnem
1557 5059 1608 5106 et
1648 5053 1901 5120 animam,

312 5141 437 5201 etc.,
473 5152 648 5207 usque
714 5137 787 5192 ad
831 5153 940 5192 non
984 5145 1250 5207 potestate
1309 5155 1428 5206 sua,
1488 5139 1585 5195 sed
1639 5147 1909 5210 potestate

313 5220 668 5279 inhabitantis
697 5240 920 5281 carnem
951 5226 1200 5291 Deitatis,
1235 5227 1463 5282 scilicet.

384 5320 558 5376 Vnus.
576 5325 668 5378 22.
691 5352 762 5363 —
780 5324 954 5379 Facta
982 5327 1122 5379 sunt
1139 5327 1334 5379 autem
1351 5325 1629 5390 ancaznia,
1655 5332 1760 5382 etc.
1793 5327 1913 5383 Cae-

312 5424 442 5479 non,
475 5409 534 5463 id
564 5417 645 5464 est
701 5426 920 5465 novum.
957 5411 1087 5466 Inde
1116 5411 1378 5479 encaenia,
1431 5412 1487 5467 id
1544 5420 1627 5468 est
1671 5414 1904 5471 initiare.

312 5495 570 5552 Encaenia
616 5497 757 5553 festa
785 5498 1145 5554 dedicationis
1199 5500 1406 5571 templi,
1452 5517 1572 5573 quae
1599 5501 1741 5558 facta
1769 5511 1852 5559 est
1878 5519 1911 5560 a

313 5584 450 5640 Juda
467 5586 779 5658 Machabaeo
837 5595 1081 5659 tempore
1113 5588 1328 5643 hiemis.
1392 5589 1578 5645 Hiems
1606 5599 1787 5648 autem
1823 5593 1911 5650 hic

315 5683 792 5746 commemoratur,
825 5683 882 5731 ut
938 5675 1212 5749 significet
1259 5677 1480 5734 Judmos
1517 5677 1768 5752 frigidos,
1819 5681 1912 5753 qui

2012 4609 2288 4680 operibus,
2303 4619 2360 4664 ut
2378 4612 2575 4667 merito
2597 4613 2724 4668 fidei
2740 4614 2971 4686 amplius
2992 4617 3382 4690 cognosCendo
3413 4633 3598 4691 opera,

2011 4698 2243 4754 veniatis
2263 4699 2332 4752 ad
2363 4698 2525 4754 fidem
2557 4701 2792 4757 deitatis.

2082 4794 2253 4849 Vens.
2287 4797 2374 4849 39.
2398 4825 2466 4834 —
2495 4795 2638 4862 Quia
2671 4796 2734 4852 in
2761 4813 2852 4853 me
2900 4802 2986 4854 est
3005 4801 3195 4856 Pater.
3234 4801 3397 4857 Pater
3422 4810 3505 4858 est
3547 4801 3604 4858 in

2011 4881 2163 4950 Filio,
2198 4882 2366 4937 Filius
2396 4883 2452 4938 in
2480 4883 2660 4952 Patre,
2699 4893 2758 4940 ut
2800 4885 3026 4958 aequalis
3063 4887 3118 4943 in
3162 4904 3228 4944 eo
3257 4889 3344 4946 cui
3381 4891 3604 4962 aequalis

2010 4977 2094 5024 est
2123 4988 2139 5037 ;
2171 4971 2315 5026 unde
2344 4979 2397 5026 et
2416 4980 2593 5042 potest
2615 4973 2800 5030 dicere
2832 4991 2848 5029 :
2891 4977 2998 5046 Ego
3035 4980 3093 5032 et
3110 4979 3281 5034 Pater
3298 4994 3482 5036 unum
3511 4995 3606 5037 su-

2010 5075 2137 5112 mus
2178 5059 2273 5130 qui
2326 5061 2479 5116 videt
2519 5078 2629 5128 me,
2661 5061 2811 5118 videt
2828 5067 2884 5117 et
2917 5065 3178 5132 Patrem;
3206 5073 3261 5121 et
3292 5065 3398 5124 hoc
3427 5075 3512 5123 est
3553 5067 3606 5126 ei

2009 5145 2311 5217 praprium.
2361 5148 2554 5203 Munus
2584 5158 2764 5204 autem
2811 5159 2894 5206 est
2943 5151 3150 5208 homini
3182 5169 3285 5225 per
3311 5157 3608 5230 participa-

2009 5234 2214 5289 tionem
2247 5235 2392 5305 quod
2412 5235 2612 5292 dicitur
2639 5253 2763 5294 esse
2803 5238 2859 5293 in
2889 5239 3007 5295 Deo
3032 5242 3343 5300 continente
3381 5253 3434 5301 et
3464 5245 3612 5304 Deus

2009 5321 2067 5376 in
2098 5337 2185 5390 eo,
2213 5330 2273 5377 ut
2309 5322 2366 5377 in
2394 5340 2545 5381 vase.

2082 5420 2252 5476 Vens.
2287 5421 2373 5476 41.
2397 5451 2466 5461 -
2496 5424 2566 5478 Et
2620 5425 2795 5481 multi
2830 5431 3129 5486 venerunt.
3163 5429 3256 5484 Isti
3301 5431 3610 5502 apprehenu

2011 5507 2145 5564 dunt
2173 5517 2604 5581 permanentem,
2635 5528 2744 5568 non
2778 5516 3052 5586 quomodo
3098 5517 3266 5591 iniqui
3294 5519 3609 5590 apprehene

2012 5596 2145 5652 dere
2173 5597 2428 5653 volebant
2457 5598 2851 5659 discedentem.
2888 5604 3029 5672 Quia
3047 5606 3312 5674 Joannes,
3346 5613 3450 5662 etc.
3472 5606 3606 5663 Nul-

2010 5685 2124 5742 lum
2155 5685 2213 5743 in
2240 5686 2584 5747 Hierusalem
2612 5688 2743 5748 fecit
2773 5698 2833 5749 ut
2863 5691 2990 5762 iste,
3022 5700 3078 5750 et
3108 5691 3373 5766 quidquid
3399 5693 3616 5753 dicebat
