3964 6180
300 280 402 333 399

795 253 1199 323 WALAFRIDI
1239 257 1481 316 STRABI
1519 247 1717 310 FULD.
1757 246 1931 304 MON.
1973 244 2126 301 OPP.
2169 243 2344 299 PARS
2383 242 2424 294 Ι.
2467 270 2536 280 -
2571 231 3042 292 THEOLOGICA.

3478 225 3576 276 400

306 396 672 456 testimonium
701 388 1176 463 huicperhibebat,
1203 382 1359 456 quasi
1377 396 1477 453 per
1498 379 1778 435 lucernam
1793 389 1886 430 ve-
1906 370 1963 431 A
1991 369 2154 425 corde
2187 387 2201 433 ;
2235 365 2534 422 secundum
2562 363 2618 416 in
2664 367 2841 431 porta,
2907 357 2960 411 id
2990 363 3073 410 est
3102 353 3282 436 inore
3316 369 3330 416 ;
3366 348 3578 403 tertium

1997 457 2008 463 “
2381 462 2384 463 ν
2505 452 2515 462 ⁸
2539 451 2552 463 ‘
2681 457 2688 463 ·
2757 448 2766 457 ⁵
2879 462 2884 463 γ
2918 462 2924 463 γ
2953 460 3025 463 μ--λ
3093 450 3134 463 -ι
3201 435 3578 463 -ιιυυ---ΛιηΛέ-ιη

306 488 520 543 niamus
549 484 619 540 ad
648 482 813 537 diem.

914 563 1136 620 CAPUT
1157 561 1253 615 XI.

377 681 546 736 Vnus.
584 681 633 732 1.
667 706 734 716 —-
785 676 922 730 Erat
979 673 1191 725 autem.
1246 666 1387 719 Dum
1440 668 1688 716 moratur
1745 666 1896 712 trans

312 768 626 829 Jordanem,
661 761 966 818 infirmatur
1021 758 1276 824 Lazarus,
1312 760 1364 806 et
1411 750 1626 804 mittunt
1680 745 1748 801 ad
1775 761 1896 800 eam

309 871 527 912 sorores
556 853 708 907 illuc.
747 851 871 904 Istae
901 860 1122 901 sorores
1161 839 1348 896 Lazari
1408 837 1587 908 figura
1643 841 1765 889 sunt
1805 834 1898 887 Ju-

307 945 550 1000 daeorum
581 941 636 994 in
664 946 868 994 aeterna
898 930 1226 989 beatitudine
1251 929 1361 997 jam
1383 932 1745 995 receptorum,
1807 920 1898 992 qui

307 1048 408 1104 pro
438 1031 603 1085 fratre
636 1025 895 1090 sanando,
947 1022 1001 1076 id
1050 1028 1133 1076 est
1179 1033 1277 1088 pro
1308 1013 1504 1091 aliquis
1557 1012 1614 1065 in
1659 1009 1900 1066 tenebris

309 1098 634 1192 ignorantiae
663 1115 840 1170 adhuc
863 1108 1189 1174 errantibus,
1237 1103 1469 1160 Domino
1500 1098 1804 1171 supplicant
1833 1114 1899 1152 ex

310 1207 594 1264 notissima
623 1202 856 1259 actione.
890 1201 1188 1270 Languens
1209 1195 1476 1249 Lazarus.
1498 1190 1732 1244 Lazarus
1753 1185 1900 1258 figu—

309 1313 369 1351 ra
401 1303 483 1350 est
512 1283 836 1348 Judmorum
856 1288 948 1359 qui
1001 1282 1198 1340 infirmi
1245 1288 1400 1336 erant
1428 1279 1484 1332 in
1527 1275 1632 1331 fide
1662 1274 1898 1330 Christi:

311 1383 520 1439 Martha
550 1389 603 1436 et
633 1378 800 1434 Maria
831 1373 1142 1448 significant
1170 1369 1474 1426 doctrinam
1505 1366 1773 1421 bonorum
1801 1363 1900 1417 Ju-

311 1473 574 1529 deorum.

381 1561 551 1614 Vnus.
585 1561 638 1612 3.
671 1586 738 1596 -—
767 1556 905 1609 Ecce
925 1567 1085 1624 quem
1117 1564 1296 1612 amas,
1329 1553 1434 1600 etc.
1485 1543 1740 1606 Lazarus,
1803 1555 1904 1611 per

314 1665 477 1720 quem
505 1653 764 1718 peccator
793 1638 1145 1713 significatur,
1207 1634 1301 1707 qui
1331 1651 1363 1688 a
1385 1631 1618 1687 Domino
1665 1635 1900 1697 amatur,

1995 457 2051 511 in
2078 462 2448 519 monumento,
2503 451 2557 506 id
2616 457 2697 504 est
2755 448 2806 501 in
2865 460 3032 516 opere
3086 432 3167 497 et~
3196 435 3585 495 consuetudine

1994 545 2280 617 peccandi.
2322 544 2489 598 Vivet.
2525 540 2594 594 Ut
2616 536 2750 594 vivit
2806 534 3102 596 Abraham,
3127 531 3282 583 Isaac
3313 534 3365 581 et
3394 523 3581 586 Iacob,

1997 649 2226 705 quorum
2256 633 2405 686 Deus
2435 627 2632 683 dicitur
2661 625 2799 680 sicut
2829 622 3094 677 vivorum.
3155 616 3397 672 Credens
3425 613 3580 667 etiam

1995 704 2241 777 mortuus
2270 719 2420 783 vivit,
2453 717 2591 772 sicut
2619 729 2728 770 non
2761 710 2990 766 credens
3038 706 3200 762 etiam
3229 704 3418 758 vivens
3437 715 3588 755 mor-

1997 817 2121 864 tuus
2149 816 2249 863 est.
2345 802 2356 810 ’

2069 897 2240 952 Vnus.
2273 899 2360 952 28.
2395 924 2464 933 —
2493 892 2751 948 Silentia.
2804 887 2940 955 Quia
2999 883 3045 938 si
3097 880 3378 938 audissent
3419 875 3591 932 Judaei

1999 1001 2120 1041 eam
2143 991 2393 1040 vocatam
2425 980 2593 1035 fuisse
2624 995 2657 1034 a
2695 979 2845 1041 Jesu,
2898 989 3008 1029 non
3046 976 3381 1042 sequeretur,
3438 975 3492 1021 et
3521 964 3592 1018 ita

1999 1089 2109 1129 non
2135 1072 2381 1127 viderent
2409 1067 2747 1124 miraculum.
2801 1063 2907 1119 Sed
2955 1060 3446 1133 quia'putaverunt
3501 1069 3593 1109 eas

2001 1163 2069 1217 ad
2089 1160 2398 1232 sepulcrum
2428 1157 2613 1212 fratris
2633 1155 2819 1219 ituras,
2843 1150 3014 1207 secuti
3047 1156 3188 1203 sunt.
3220 1149 3290 1201 Et
3336 1148 3493 1202 vocat
3516 1148 3588 1198 te.

2003 1231 2173 1306 Causa
2202 1246 2488 1304 brevitatis
2517 1245 2572 1298 in
2603 1242 2787 1298 verbis
2809 1241 3030 1295 Marthae
3045 1235 3282 1292 ostendit
3308 1249 3416 1288 non
3445 1231 3594 1302 prius
3685 1289 3688 1292 I

2004 1339 2236 1403 dictum,
2271 1335 2326 1390 id
2355 1342 2438 1390 est
2454 1332 2598 1405 quod
2627 1330 2894 1386 Dominus
2921 1327 3145 1382 Mariam
3175 1321 3472 1380 vocaverit.

2077 1455 2244 1508 Vens.
2282 1454 2370 1505 31.
2412 1481 2480 1490 —
2511 1448 2706 1504 Secuti
2747 1448 2901 1501 sunt.
2963 1443 3091 1497 Hac
3109 1440 3232 1494 ideo
3260 1434 3600 1507 evangelista

2004 1557 2224 1598 narrare
2253 1538 2483 1602 curavit,
2515 1545 2574 1591 ut
2604 1535 2884 1591 videamus
2911 1547 3031 1603 qua:
3078 1527 3292 1584 occasio
3322 1523 3513 1580 fecerit
3540 1531 3600 1577 ut

2005 1631 2188 1703 plures
2208 1628 2431 1683 haberet
2460 1632 2628 1681 testes
2660 1620 2992 1678 resurrectio
3021 1615 3383 1690 quatriduani.

313 1737 440 1809 quia
468 1750 576 1790 non
605 1732 752 1788 venit
778 1744 979 1786 vocare
1001 1727 1197 1796 justos,
1229 1722 1328 1779 sed
1357 1727 1694 1792 peccatores.
1736 1718 1974 1784 Soro-B
2077 1737 2248 1791 vus.
2283 1737 2368 1788 33.
2396 1762 2465 1772 __
2477 1733 2690 1802 Infrem
2702 1729 2789 1784 ait
2821 1727 3048 1799 Spw-tm
3072 1724 3225 1778 Nota
3239 1727 3596 1792 potestatem:

314 1842 424 1890 res,
455 1821 757 1894 peccatoris
803 1824 927 1873 sunt
985 1816 1143 1869 bonae
1199 1810 1579 1885 cogitationes,
1640 1822 1762 1879 quae
1799 1820 1901 1876 pro

315 1913 558 1985 peccatis
589 1906 953 1964 dissolvendis
981 1909 1159 1958 orant.

381 2003 550 2056 Vrsas.
590 2000 639 2052 tt.
673 2027 742 2038 —
773 1999 879 2052 Pro
900 1995 1081 2065 gloria
1109 1992 1242 2057 Dei,
1277 1997 1381 2044 etc.
1416 1986 1475 2041 Id
1508 1992 1610 2051 est,
1643 1991 1701 2038 ut
1731 1981 1903 2056 glori-

314 2090 508 2146 ﬁcatur
539 2087 705 2143 Filius
736 2083 854 2139 Dei.
886 2083 1030 2136 Ecce
1060 2095 1118 2134 se
1149 2080 1322 2133 Deum
1370 2074 1523 2143 dicit,
1569 2079 1756 2129 contra
1784 2069 1906 2125 illos

314 2179 405 2251 qui
437 2177 621 2232 dicunt
649 2173 842 2229 Filium
863 2170 963 2225 Dei
984 2183 1092 2224 non
1122 2183 1244 2221 esse
1275 2167 1468 2220 Deum.

386 2266 553 2320 VERS.
579 2267 631 2318 5.
653 2293 723 2303 —
751 2259 1050 2330 Diligebat.
1073 2254 1350 2326 Diligebat
1378 2248 1755 2323 languentium
1784 2247 1906 2303 Sal-

310 2364 465 2412 vator
493 2361 546 2409 et
573 2358 915 2406 mortuorum
963 2343 1255 2401 suscitator
1303 2341 1581 2408 Lazarum,
1615 2336 1740 2410 quia
1789 2335 1909 2391 lan-

311 2459 489 2517 guens
520 2449 574 2496 et
589 2445 854 2494 mortuus.

389 2532 558 2587 Vens.
586 2531 638 2583 6.
673 2557 742 2566 —
770 2522 988 2580 Duobus
1036 2521 1254 2576 diebus.
1312 2519 1381 2573 Ut
1426 2514 1772 2587 quatriduum
1802 2512 1908 2566 im-

310 2621 559 2693 pleretur.
593 2617 774 2671 Prima
794 2612 939 2669 enim
968 2611 1057 2665 die
1086 2624 1192 2680 quo
1205 2606 1506 2662 nuntiatum
1539 2611 1622 2658 est
1659 2603 1730 2668 ei,
1758 2616 1908 2656 mor-

315 2689 434 2765 tuus
456 2715 540 2763 est
569 2703 864 2777 languidus
907 2708 1058 2754 trans
1099 2696 1390 2751 Jordanem
1425 2711 1438 2746 :
1470 2709 1569 2763 per
1607 2691 1745 2746 duos
1791 2689 1910 2744 dies

310 2797 523 2860 mansit,
557 2809 687 2849 ecce
715 2801 828 2846 tres
863 2807 876 2843 :
911 2794 1105 2859 quarto
1135 2792 1316 2839 autem
1343 2782 1431 2836 die
1462 2780 1633 2836 venit.

385 2887 555 2941 Vsus.
585 2885 638 2936 7.
655 2912 723 2921 —
756 2884 964 2935 Eamus
976 2878 1038 2931 in
1057 2873 1329 2930 Judazam.
1354 2863 1913 2940 Mystice:Signiﬁcat

313 2973 478 3029 fidem
501 2971 798 3027 redituram
811 2965 878 3020 ad
897 2964 1115 3018 Judaaos
1128 2961 1182 3013 in
1203 2960 1309 3013 line
1325 2975 1424 3028 per
1437 2957 1611 3011 Ellam
1633 2963 1686 3010 et
1700 2953 1908 3009 Enoch.

383 3063 556 3117 Vnus.
584 3063 642 3112 8.
682 3087 752 3097 —
782 3056 994 3110 Dicunt
1023 3052 1077 3106 ei
1108 3047 1396 3119 discipuli.
1425 3043 1637 3109 Territi,
1662 3042 1908 3097 volentes

313 3149 603 3207 consilium
635 3146 771 3200 dare
797 3141 1060 3214 magistro
1090 3153 1159 3192 ne
1185 3141 1509 3198 moreretur,
1538 3131 1744 3187 sicutet
1774 3129 1906 3184 alibi

315 3241 508 3294 Petrus
537 3254 550 3291 :
587 3235 745 3290 Absit
765 3250 799 3287 a
833 3235 904 3295 te,
929 3229 1183 3294 Domine,
1216 3239 1325 3279 non
1356 3221 1448 3276 fiet
1475 3220 1573 3274 tibi
1605 3219 1766 3274 istud.
1801 3217 1909 3273 Sed

317 3329 456 3384 sicut
486 3327 678 3379 Petrus
709 3320 957 3374 laudatur
986 3317 1054 3370 de
1084 3313 1262 3369 alieno
1294 3330 1307 3365 :
1343 3314 1546 3367 Beatus
1603 3325 1680 3375 es,
1717 3309 1911 3364 Simon

319 3418 581 3486 Barjona,
620 3411 752 3483 quia
773 3411 944 3463 Pater
961 3403 1232 3460 reuelauit
1251 3400 1372 3463 tibi,
1396 3398 1642 3468 culpatur
1672 3395 1740 3450 de
1772 3410 1870 3449 suo
1896 3411 1909 3448 :

318 3483 452 3561 Redi
493 3504 617 3574 post
647 3513 757 3562 me,
782 3498 1014 3558 Satana,
1067 3491 1200 3574 quia
1219 3489 1370 3561 sapis
1390 3503 1505 3542 non
1527 3502 1648 3557 qua:
1667 3486 1786 3548 Dei,
1819 3483 1914 3538 sed

321 3608 442 3665 qua:
463 3571 708 3645 hominis
729 3587 884 3640 sunt.
900 3583 979 3636 Ita
1008 3572 1450 3646 ethos‘corripuit
1478 3574 1669 3629 dicens
1690 3588 1749 3627 se
1769 3571 1915 3626 diem

321 3661 378 3734 in
404 3693 510 3750 quo
541 3670 1042 3731 debentambulare
1071 3684 1139 3722 ne
1161 3664 1457 3730 offendant,
1490 3671 1542 3717 et
1564 3661 1680 3716 sine
1706 3677 1772 3716 eo
1802 3676 1916 3714 am-

320 3749 569 3822 bulantes
599 3762 897 3824 offendant,
927 3765 982 3812 ut
1012 3756 1174 3811 modo
1206 3754 1452 3809 nolentes
1501 3766 1626 3806 eum
1652 3749 1793 3804 mori
1825 3749 1916 3819 qui

319 3871 420 3928 pro
449 3852 760 3910 hominibus
792 3848 937 3903 venit
965 3844 1125 3900 mori.
1160 3843 1289 3896 Illos
1308 3849 1487 3896 autem
1509 3839 1640 3894 dicit
1660 3854 1784 3892 esse
1813 3838 1917 3891 ho-

323 3926 418 3999 ras
454 3957 574 4014 quae
603 3940 748 3994 diem
778 3942 1093 4006 sequuntur,
1119 3947 1227 3984 non
1257 3929 1375 3984 dies
1396 3945 1511 3995 eas,
1545 3927 1642 3981 sed
1681 3926 1798 3979 dies
1827 3940 1920 3978 eas

325 4013 612 4085 illuminat.
648 4022 948 4080 Duodecim
979 4028 1062 4075 est
1118 4026 1358 4072 sacratus
1391 4031 1645 4069 numerus
1675 4013 1765 4084 qui
1786 4029 1919 4082 per-

324 4124 506 4172 manet
535 4115 729 4186 plenus
761 4127 773 4164 :
805 4110 1016 4178 dejecto
1039 4106 1182 4162 enim
1240 4105 1398 4170 Juda,
1448 4103 1539 4174 qui
1568 4118 1677 4158 non
1706 4101 1922 4156 lucebat

328 4207 472 4261 inter
500 4205 688 4271 horas,
707 4199 847 4255 alius
876 4197 1224 4267 subrogatur.

401 4295 571 4350 Vsus.
604 4295 656 4346 9.
689 4320 759 4330 —
796 4289 990 4344 Nonne
1027 4282 1320 4338 duodecim
1352 4284 1487 4335 sunt
1535 4278 1683 4335 horae
1713 4276 1924 4348 (HIER.)

332 4383 463 4440 Dies
493 4381 756 4444 Christus,
782 4385 835 4431 et
867 4374 1027 4430 aliter
1056 4371 1172 4425 dies
1203 4369 1451 4439 apostoli,
1485 4367 1756 4438 quomodo
1770 4365 1926 4419 Chri-

331 4480 465 4539 stus,
489 4478 795 4541 etc.,usque
816 4464 887 4521 ad
917 4461 1020 4534 ipsi
1051 4457 1422 4529 intelliguntur
1440 4454 1725 4510 duodecim
1756 4469 1923 4524 apos-

332 4559 447 4617 toli.

404 4647 573 4701 Vens.
601 4645 684 4697 15.
718 4673 787 4682 -
821 4643 883 4698 Ut
903 4635 1166 4696 credatis.
1190 4635 1312 4689 Non
1337 4632 1484 4704 quod
1522 4631 1682 4687 modo
1713 4629 1924 4700 incipe-

333 4741 456 4790 rent
484 4731 732 4795 credere,
766 4728 863 4784 scd
909 4735 966 4781 ut
1017 4723 1292 4781 robustius
1339 4721 1643 4778 crederent.
1700 4719 1927 4788 Semper

337 4822 481 4878 enim
509 4819 647 4875 fides
677 4832 871 4873 eorum
900 4813 1177 4868 miraculis
1208 4810 1530 4880 augebatur.

407 4911 578 4965 Vnus.
600 4910 684 4962 17.
719 4936 787 4945 -
809 4906 879 4960 Et
899 4902 1118 4957 invenit
1141 4899 1351 4970 .(AUG.)
1383 4895 1605 4969 Mystice
1639 4914 1650 4949 :
1686 4895 1928 4964 Quatuor

338 5005 462 5054 sunt
492 4996 609 5050 dies
639 4993 850 5049 mortis.
882 4988 1136 5044 Nascitur
1163 4989 1347 5054 homo,
1372 4994 1499 5051 etc.,
1532 5000 1706 5057 usque
1727 4983 1799 5039 ad
1829 4982 1928 5038 sed

338 5102 443 5142 nec
473 5084 608 5138 tales
640 5079 892 5151 relinquit
919 5075 1312 5132 misericordia.

409 5175 580 5230 VERS.
610 5173 698 5226 22.
739 5200 807 5208 -
837 5167 940 5222 Sed
961 5170 1014 5220 et
1037 5179 1190 5219 nunc
1211 5163 1343 5217 scio.
1372 5162 1482 5214 Hoc
1508 5159 1643 5225 scio,
1672 5159 1794 5230 quia
1823 5174 1928 5229 po-

337 5269 442 5318 test
473 5259 738 5315 suscitare
767 5256 813 5310 si
860 5254 962 5320 vis,
993 5251 1137 5323 quod
1185 5258 1277 5304 tuo
1335 5248 1581 5319 relinquo
1618 5247 1925 5315 arbitrario,

338 5365 450 5407 non
479 5354 661 5404 autem
691 5358 986 5416 praesumo,
1020 5354 1196 5410 neque
1234 5352 1372 5407 rogo
1419 5344 1476 5390 ut
1526 5335 1774 5400 suscites,
1809 5351 1930 5406 qua:

337 5437 524 5496 nescio
551 5451 621 5491 an
652 5433 720 5488 sit
749 5431 896 5486 utilis
929 5427 1046 5483 fieri
1065 5423 1415 5481 resurrectio.

408 5544 578 5599 Vnus.
611 5542 700 5598 25.
734 5568 803 5580 -—
833 5537 1023 5592 Etiam
1043 5533 1092 5588 si
1110 5535 1367 5587 mortuus
1388 5531 1586 5600 fuerit.
1626 5529 1762 5583 Tres
1791 5543 1932 5583 mor-

339 5641 461 5690 tuos
514 5627 798 5686 suscitavit
850 5627 1031 5692 Jesus,
1071 5635 1237 5676 unum
1295 5618 1351 5672 in
1397 5617 1577 5682 domo,
1637 5616 1691 5671 id
1748 5623 1832 5671 est
1876 5617 1934 5669 in

2009 1825 2131 1896 Ipse
2163 1822 2381 1878 fremuit
2411 1829 2464 1875 et
2484 1817 2724 1874 turbavit
2772 1832 2851 1882 se,
2887 1829 3047 1884 quem
3080 1811 3216 1866 alius
3245 1810 3461 1864 turbare
3492 1823 3601 1863 non

2004 1911 2192 1984 potuit,
2227 1911 2365 1966 sicut
2417 1907 2603 1964 omnia
2629 1903 2942 1974 hujusmodi
2971 1899 3228 1971 suscepit,
3263 1897 3388 1970 quia
3410 1896 3598 1952 voluit.

2007 1998 2289 2072 Signiﬁcat
2335 2005 2514 2053 autem
2565 2003 2828 2067 quantum
2877 1992 3039 2045 homo
3095 1987 3300 2043 turbari
3381 1985 3600 2053 debeat,

2000 2105 2224 2162 pressus
2254 2094 2406 2142 tanta
2432 2085 2576 2140 mole
2647 2081 2877 2154 peccati.
2932 2077 3163 2148 Quando
3195 2083 3372 2132 autem
3401 2088 3604 2145 pecca-

2007 2186 2094 2234 tor
2123 2183 2443 2247 computans
2491 2189 2611 2245 quae
2666 2172 2806 2227 bona
2854 2168 2953 2224 Dei
3011 2165 3238 2236 accepit,
3289 2181 3408 2236 qua:
3459 2162 3607 2216 mala

2009 2265 2271 2332 reddidit,
2306 2263 2483 2318 fremit
2517 2261 2571 2315 in
2604 2259 2798 2331 spiritu
2820 2266 2872 2314 et
2901 2255 3185 2311 turbatur:
3218 2253 3463 2309 Christus
3494 2251 3608 2306 fre-

2009 2356 2108 2411 mit
2143 2355 2197 2408 in
2231 2369 2297 2408 eo
2329 2360 2381 2408 et
2412 2350 2672 2414 turbatur,
2707 2348 2830 2420 quia
2861 2346 2997 2400 fides
3038 2345 3107 2400 de
3155 2343 3390 2405 Christo,
3422 2341 3608 2396 Chris-

2008 2453 2094 2500 tus
2122 2451 2206 2498 est
2237 2442 2290 2495 in
2321 2439 2505 2496 corde.
2557 2437 2763 2492 Fremit
2791 2451 2923 2491 vero
2967 2433 3104 2491 fides
3147 2432 3201 2486 in
3231 2431 3448 2487 homine
3476 2430 3604 2484 dum

2009 2533 2080 2588 de
2109 2529 2350 2602 peccatis
2381 2528 2623 2597 increpat
2640 2542 2718 2580 se.

2081 2630 2254 2684 Vsus.
2289 2629 2377 2681 34.
2407 2653 2474 2664 -
2509 2625 2604 2682 Ubi
2627 2623 2897 2696 posuistis
2929 2639 3060 2678 eum
3093 2625 3116 2676 ξ)
3143 2618 3249 2687 Qui
3267 2617 3464 2672 absens
3496 2615 3606 2670 sci-

2010 2718 2086 2775 vit
2116 2724 2410 2779 mortuum,
2436 2712 2540 2769 scit
2567 2719 2621 2768 et
2645 2711 2737 2766 ubi
2769 2710 2837 2764 sit
2867 2710 3130 2780 sepultus,
3165 2707 3262 2762 sed
3292 2706 3370 2762 sic
3397 2705 3605 2769 dicens,

2011 2823 2072 2862 se
2095 2805 2248 2878 quasi
2277 2801 2492 2858 nescire
2521 2800 2795 2872 perditum
2810 2799 3087 2854 hominem
3136 2793 3405 2867 signiﬁcat
3428 2813 3442 2860 ;
3464 2793 3611 2847 unde

2012 2894 2262 2950 dicitur:
2316 2893 2438 2947 Non
2487 2890 2618 2946 novi
2669 2906 2760 2945 vos
2805 2888 3026 2958 (Matth.
3070 2886 3193 2955 vn).
3241 2884 3354 2938 Et:
3413 2883 3506 2940 Ubi
3525 2884 3613 2937 est

2013 2983 2191 3039 Adam
2215 2986 2238 3037 ?
2263 2981 2426 3052 (Gen.
2449 2978 2553 3048 In).

1939 3083 1988 3143 C
2078 3089 2248 3143 Vnus.
2279 3089 2368 3141 38.
2399 3114 2472 3127 —
2502 3085 2662 3139 Iesus
2682 3099 2828 3155 ergo,
2861 3090 2965 3136 etc.
2999 3079 3382 3135 Ditiicultatem
3413 3084 3606 3132 osten-

2007 3177 2085 3231 dit
2117 3174 2494 3231 viviﬁcationis
2533 3172 2654 3227 talis
2683 3170 3006 3242 peccatoris.
3063 3163 3200 3224 Erat
3256 3171 3449 3222 autem
3492 3182 3613 3238 spe-

2010 3266 2201 3320 lunca.
2237 3263 2515 3318 Moraliter
2547 3279 2560 3315 :
2593 3259 2976 3330 Unusquisque
3006 3263 3265 3327 peccator
3319 3255 3460 3310 mole
3491 3269 3616 3324 pec-

2012 3359 2256 3407 catorum
2286 3366 2514 3420 pressus
2545 3357 2598 3404 et
2625 3364 2719 3402 sua
2735 3348 2860 3419 lege
2886 3352 3169 3416 gravatus,
3219 3351 3274 3399 et
3329 3349 3615 3398 consuetu-

2011 3440 2138 3495 dine
2160 3455 2256 3493 sua
2277 3439 2422 3493 mala
2447 3439 2561 3506 jam
2591 3436 2783 3501 fetens,
2843 3435 2979 3489 alios
3035 3433 3284 3502 exemplo
3343 3447 3440 3485 suo
3467 3430 3615 3484 malo

2012 3536 2200 3599 aperte
2255 3526 2596 3597 corrumpit:
2657 3539 2876 3580 sorores
2901 3567 2913 3588 ,
2980 3521 3342 3594 cOgitationes
3397 3518 3611 3590 aliquas,

2014 3617 2137 3689 quia
2167 3617 2497 3688 quandoque
2524 3613 2769 3685 cogitans
2793 3628 2853 3667 se
2883 3611 3026 3666 male
3059 3609 3273 3678 fecisse,
3306 3607 3468 3663 dolet.

2089 3724 2259 3778 Vnus.
2294 3726 2380 3776 39.
2417 3751 2487 3762 -—
2515 3722 2766 3785 Domine,
2789 3721 2916 3790 jam
2945 3720 3105 3788 fetet.
3133 3715 3380 3770 Timebat
3411 3722 3618 3769 remoto

2017 3809 2194 3881 lapide
2211 3810 2392 3881 potius
2440 3808 2668 3864 fetorem
2711 3806 2954 3873 excitari,
2987 3821 3150 3876 quam
3180 3803 3401 3859 fratrem
3433 3819 3617 3858 resus-

2019 3898 2194 3954 citari.

2093 3988 2262 4040 Vrsas.
2298 3987 2384 4040 42.
2407 4015 2477 4026 —-
2510 3985 2615 4041 Sed
2641 3988 2866 4056 propter
2887 3983 3178 4055 populum,
3211 3988 3317 4036 etc.
3363 3979 3460 4034 His
3486 3996 3618 4035 ver-

2019 4073 2106 4128 bis
2136 4091 2195 4128 se
2227 4073 2456 4144 gloriam
2487 4072 2662 4126 Patris
2681 4088 2942 4143 quaarere,
2977 4071 3116 4126 sicut
3144 4070 3200 4123 in
3219 4069 3339 4123 aliis
3360 4068 3619 4138 operibus

2021 4162 2277 4218 ostendit.
2307 4162 2447 4216 Nam
2477 4160 2604 4232 quia
2635 4161 2933 4215 secundum
2965 4158 3242 4213 hominem
3298 4157 3475 4212 minor
3503 4163 3621 4211 erat

2025 4251 2201 4314 Patre,
2239 4251 2307 4304 ab
2337 4266 2402 4304 co
2431 4249 2565 4319 petit
2612 4248 3019 4303 suscitationem
3073 4247 3280 4311 Lazari,
3315 4254 3368 4301 et
3408 4245 3532 4300 ideo
3562 4260 3621 4299 se

2026 4337 2340 4394 exauditum
2369 4337 2517 4406 dicit,
2551 4345 2606 4391 et
2636 4338 2739 4391 hoc
2767 4343 2992 4407 propter
3009 4335 3444 4400 circumstantes,
3463 4332 3622 4388 utsic

1951 4437 2004 4496 D
2027 4426 2314 4483 crederent
2344 4425 2445 4481 Dei
2465 4426 2683 4479 Filium.

2097 4534 2265 4587 Vnus.
2303 4533 2388 4586 43.
2421 4562 2490 4574 —-
2527 4533 2653 4588 Voce
2681 4547 2936 4602 -magna.
2993 4528 3248 4598 Fremuit,
3282 4526 3619 4599 lacrymavit,

2026 4621 2294 4685 clamavit,
2319 4621 2447 4692 quia
2477 4619 2691 4674 difﬁcile
2723 4619 2895 4689 surgit
2915 4635 3076 4690 quem
3105 4619 3278 4673 moles
3309 4617 3465 4673 malae
3485 4632 3622 4672 con-

2027 4704 2329 4764 suetudinis
2359 4708 2574 4778 premit,
2610 4708 2707 4762 sed
2757 4715 2938 4762 tamen
2987 4715 3111 4776 post
3142 4721 3399 4779 magnam
3431 4720 3624 4760 vocem

2028 4797 2221 4868 surgit,
2253 4797 2308 4851 id
2339 4804 2441 4860 est,
2470 4813 2570 4867 per
2597 4811 2856 4866 magnam
2913 4795 3013 4850 Dei
3062 4795 3288 4867 gratiam
3321 4792 3626 4850 vivificatur

2027 4885 2156 4940 dum
2188 4885 2430 4955 pmnitet.

2096 4973 2262 5028 Vnus.
2297 4975 2384 5027 44.
2419 5004 2484 5016 -
2523 4977 2593 5028 Et
2639 4975 2842 5029 statim
2893 4972 3126 5044 prodiit.
3187 4973 3326 5026 Dum
3371 4977 3628 5042 peccator

2029 5061 2342 5127 contemnit,
2376 5060 2616 5130 sepultus
2636 5061 2815 5129 jacet;
2865 5061 3084 5131 quando
3112 5059 3355 5131 pcenitet,
3398 5059 3576 5132 surgit
3610 5076 3624 5122 ;

2030 5150 2246 5222 quando
2289 5148 2596 5219 conﬁtetur,
2615 5149 2815 5220 prodit,
2835 5148 2993 5220 quasi
3023 5149 3092 5203 de
3123 5148 3352 5204 occultis
3373 5147 3627 5203 exeundo

2030 5237 2368 5293 manifestus.
2402 5239 2606 5294 Solvite
2661 5254 2809 5293 eum.
2858 5237 3100 5292 Christus
3146 5254 3243 5307 per
3289 5254 3349 5291 se
3391 5235 3628 5292 vivificat

2031 5327 2196 5394 intus,
2227 5325 2494 5380 ministris
2523 5325 2703 5380 tribuit
2731 5333 3058 5397 potestatem
3088 5325 3354 5380 solvendi.

2104 5441 2280 5495 Vens.
2320 5443 2481 5495 48.-
2513 5441 2752 5496 Credent
2771 5441 2836 5496 in
2866 5457 3014 5496 eum.
3034 5442 3101 5496 Et
3120 5442 3347 5496 venient
3366 5440 3625 5497 Romani.

2034 5529 2104 5584 Et
2133 5529 2261 5600 quia
2290 5528 2596 5583 sentiebant
2625 5529 2926 5584 doctrinam
2965 5529 3079 5598 ejus
3109 5545 3234 5584 esse
3263 5536 3452 5584 contra
3491 5536 3629 5583 tem-

2034 5617 2182 5687 plum
2214 5625 2269 5674 et
2285 5624 2542 5688 paternas
2573 5617 2746 5690 leges,
2778 5617 3041 5674 timebant
3061 5634 3128 5673 ne
3153 5617 3404 5674 siomnes
3434 5617 3628 5674 crede-
