  <div class='ocr_page' id='page_1' title='image "/cluster/home/n/w/nwhite01/storage/ocr_20150623/114/hvd.32044052819893/206.png"; bbox 0 0 3932 6178; ppageno 0'>
   <div class='ocr_carea' id='block_1_1' title="bbox 357 201 445 255">
    <p class='ocr_par' dir='ltr' id='par_1_1' title="bbox 357 201 445 255">
     <span class='ocr_line' id='line_1_1' title="bbox 357 201 445 255; baseline 0 -1"><span class='ocrx_word' id='word_1_1' title='bbox 357 201 445 255; x_wconf 66' lang='grc'>401</span> 
     </span>
    </p>
   </div>
   <div class='ocr_carea' id='block_1_2' title="bbox 1129 201 2492 268">
    <p class='ocr_par' dir='ltr' id='par_1_2' title="bbox 1129 201 2492 268">
     <span class='ocr_line' id='line_1_2' title="bbox 1129 201 2492 268; baseline 0.009 -12"><span class='ocrx_word' id='word_1_2' title='bbox 1129 201 1398 258; x_wconf 87' lang='lat' dir='ltr'>GLOSSA</span> <span class='ocrx_word' id='word_1_3' title='bbox 1439 204 1844 263; x_wconf 82' lang='lat' dir='ltr'>ORDINARIA.</span> <span class='ocrx_word' id='word_1_4' title='bbox 1887 237 1954 248; x_wconf 92' lang='lat'><strong>-</strong></span> <span class='ocrx_word' id='word_1_5' title='bbox 1990 208 2254 266; x_wconf 81' lang='lat' dir='ltr'>EVANG.</span> <span class='ocrx_word' id='word_1_6' title='bbox 2295 210 2492 268; x_wconf 76' lang='lat' dir='ltr'>JOAN.</span> 
     </span>
    </p>
   </div>
   <div class='ocr_carea' id='block_1_3' title="bbox 3532 223 3635 279">
    <p class='ocr_par' dir='ltr' id='par_1_3' title="bbox 3532 223 3635 279">
     <span class='ocr_line' id='line_1_3' title="bbox 3532 223 3635 279; baseline 0.019 -3"><span class='ocrx_word' id='word_1_7' title='bbox 3532 223 3635 279; x_wconf 70' lang='grc'>402</span> 
     </span>
    </p>
   </div>
   <div class='ocr_carea' id='block_1_4' title="bbox 353 334 3633 418">
    <p class='ocr_par' dir='ltr' id='par_1_4' title="bbox 353 334 3633 418">
     <span class='ocr_line' id='line_1_4' title="bbox 353 334 3633 418; baseline 0.005 -33"><span class='ocrx_word' id='word_1_8' title='bbox 353 350 469 396; x_wconf 67' lang='lat' dir='ltr'>rem.</span> <span class='ocrx_word' id='word_1_9' title='bbox 499 341 554 395; x_wconf 77' lang='lat' dir='ltr'>in</span> <span class='ocrx_word' id='word_1_10' title='bbox 594 341 882 410; x_wconf 57' lang='lat' dir='ltr'>Christum,</span> <span class='ocrx_word' id='word_1_11' title='bbox 931 359 1092 397; x_wconf 77' lang='lat' dir='ltr'>nemo</span> <span class='ocrx_word' id='word_1_12' title='bbox 1138 355 1441 401; x_wconf 60' lang='lat' dir='ltr'>remaneret</span> <span class='ocrx_word' id='word_1_13' title='bbox 1485 348 1577 418; x_wconf 73' lang='lat' dir='ltr'>qui</span> <span class='ocrx_word' id='word_1_14' title='bbox 1607 357 1798 403; x_wconf 61' lang='lat' dir='ltr'>contra</span> <span class='ocrx_word' id='word_1_15' title='bbox 1827 349 1938 404; x_wconf 71' lang='lat' dir='ltr'>Ro-</span> <span class='ocrx_word' id='word_1_16' title='bbox 1964 346 2020 407; x_wconf 86' lang='grc' dir='ltr'><strong>Α</strong></span> <span class='ocrx_word' id='word_1_17' title='bbox 2041 334 2246 390; x_wconf 92' lang='lat' dir='ltr'>cultare</span> <span class='ocrx_word' id='word_1_18' title='bbox 2275 337 2361 392; x_wconf 86' lang='lat' dir='ltr'>vel</span> <span class='ocrx_word' id='word_1_19' title='bbox 2387 355 2586 409; x_wconf 85' lang='lat' dir='ltr'>negare</span> <span class='ocrx_word' id='word_1_20' title='bbox 2603 339 2940 408; x_wconf 87' lang='lat' dir='ltr'>miraculum,</span> <span class='ocrx_word' id='word_1_21' title='bbox 2961 342 3118 396; x_wconf 90' lang='lat' dir='ltr'>stulte</span> <span class='ocrx_word' id='word_1_22' title='bbox 3148 343 3332 398; x_wconf 91' lang='lat' dir='ltr'>volunt</span> <span class='ocrx_word' id='word_1_23' title='bbox 3361 344 3633 412; x_wconf 89' lang='lat' dir='ltr'>occidere,</span> 
     </span>
    </p>
   </div>
   <div class='ocr_carea' id='block_1_5' title="bbox 351 430 1941 502">
    <p class='ocr_par' dir='ltr' id='par_1_5' title="bbox 351 430 1941 502">
     <span class='ocr_line' id='line_1_5' title="bbox 351 430 1941 502; baseline 0.006 -19"><span class='ocrx_word' id='word_1_24' title='bbox 351 446 543 484; x_wconf 87' lang='lat' dir='ltr'>manos</span> <span class='ocrx_word' id='word_1_25' title='bbox 573 430 840 484; x_wconf 87' lang='lat' dir='ltr'>civitatem</span> <span class='ocrx_word' id='word_1_26' title='bbox 871 431 970 485; x_wconf 88' lang='lat' dir='ltr'>Dei</span> <span class='ocrx_word' id='word_1_27' title='bbox 1002 440 1054 486; x_wconf 91' lang='lat' dir='ltr'>et</span> <span class='ocrx_word' id='word_1_28' title='bbox 1083 433 1341 502; x_wconf 86' lang='lat' dir='ltr'>templum</span> <span class='ocrx_word' id='word_1_29' title='bbox 1389 434 1724 492; x_wconf 78' lang='lat' dir='ltr'>defenderet.</span> <span class='ocrx_word' id='word_1_30' title='bbox 1758 439 1828 492; x_wconf 85' lang='lat' dir='ltr'>Et</span> <span class='ocrx_word' id='word_1_31' title='bbox 1859 453 1941 492; x_wconf 82' lang='lat' dir='ltr'>ve-</span> 
     </span>
    </p>
   </div>
   <div class='ocr_carea' id='block_1_6' title="bbox 354 519 1942 590">
    <p class='ocr_par' dir='ltr' id='par_1_6' title="bbox 354 519 1942 590">
     <span class='ocr_line' id='line_1_6' title="bbox 354 519 1942 590; baseline 0.004 -18"><span class='ocrx_word' id='word_1_32' title='bbox 354 519 516 572; x_wconf 83' lang='lat' dir='ltr'>nient</span> <span class='ocrx_word' id='word_1_33' title='bbox 541 521 795 573; x_wconf 80' lang='lat' dir='ltr'>Romani.</span> <span class='ocrx_word' id='word_1_34' title='bbox 819 519 898 573; x_wconf 91' lang='lat' dir='ltr'>De</span> <span class='ocrx_word' id='word_1_35' title='bbox 918 521 1309 590; x_wconf 81' lang='lat' dir='ltr'>temporalibus</span> <span class='ocrx_word' id='word_1_36' title='bbox 1342 522 1547 589; x_wconf 86' lang='lat' dir='ltr'>timent,</span> <span class='ocrx_word' id='word_1_37' title='bbox 1571 541 1677 579; x_wconf 92' lang='lat' dir='ltr'>non</span> <span class='ocrx_word' id='word_1_38' title='bbox 1699 526 1767 579; x_wconf 91' lang='lat' dir='ltr'>de</span> <span class='ocrx_word' id='word_1_39' title='bbox 1782 534 1942 580; x_wconf 79' lang='lat' dir='ltr'>aeter-</span> 
     </span>
    </p>
   </div>
   <div class='ocr_carea' id='block_1_7' title="bbox 353 606 1940 678">
    <p class='ocr_par' dir='ltr' id='par_1_7' title="bbox 353 606 1940 678">
     <span class='ocr_line' id='line_1_7' title="bbox 353 606 1940 678; baseline 0.005 -18"><span class='ocrx_word' id='word_1_40' title='bbox 353 606 456 672; x_wconf 89' lang='lat' dir='ltr'>nis,</span> <span class='ocrx_word' id='word_1_41' title='bbox 486 615 538 660; x_wconf 91' lang='lat' dir='ltr'>et</span> <span class='ocrx_word' id='word_1_42' title='bbox 583 615 808 678; x_wconf 90' lang='lat' dir='ltr'>utraque</span> <span class='ocrx_word' id='word_1_43' title='bbox 851 608 1220 677; x_wconf 88' lang='lat' dir='ltr'>perdiderunt.</span> <span class='ocrx_word' id='word_1_44' title='bbox 1271 611 1447 666; x_wconf 90' lang='lat' dir='ltr'>Locus</span> <span class='ocrx_word' id='word_1_45' title='bbox 1486 620 1570 666; x_wconf 90' lang='lat' dir='ltr'>est</span> <span class='ocrx_word' id='word_1_46' title='bbox 1598 613 1940 668; x_wconf 87' lang='lat' dir='ltr'>Hierusalem</span> 
     </span>
    </p>
   </div>
   <div class='ocr_carea' id='block_1_8' title="bbox 351 695 1941 774">
    <p class='ocr_par' dir='ltr' id='par_1_8' title="bbox 351 695 1941 774">
     <span class='ocr_line' id='line_1_8' title="bbox 351 695 1941 774; baseline 0.006 -26"><span class='ocrx_word' id='word_1_47' title='bbox 351 711 511 767; x_wconf 86' lang='lat' dir='ltr'>quem</span> <span class='ocrx_word' id='word_1_48' title='bbox 543 695 915 765; x_wconf 90' lang='lat' dir='ltr'>perdiderunt,</span> <span class='ocrx_word' id='word_1_49' title='bbox 948 704 1167 766; x_wconf 83' lang='lat' dir='ltr'>gentem</span> <span class='ocrx_word' id='word_1_50' title='bbox 1198 713 1352 752; x_wconf 89' lang='lat' dir='ltr'>suam</span> <span class='ocrx_word' id='word_1_51' title='bbox 1373 700 1941 774; x_wconf 87' lang='lat' dir='ltr'>perdideruntubique</span> 
     </span>
    </p>
   </div>
   <div class='ocr_carea' id='block_1_9' title="bbox 349 783 602 853">
    <p class='ocr_par' dir='ltr' id='par_1_9' title="bbox 349 783 602 853">
     <span class='ocr_line' id='line_1_9' title="bbox 349 783 602 853; baseline 0 -15"><span class='ocrx_word' id='word_1_52' title='bbox 349 783 602 853; x_wconf 87' lang='lat' dir='ltr'>dispersi.</span> 
     </span>
    </p>
   </div>
   <div class='ocr_carea' id='block_1_10' title="bbox 421 872 1939 946">
    <p class='ocr_par' dir='ltr' id='par_1_10' title="bbox 421 872 1939 946">
     <span class='ocr_line' id='line_1_10' title="bbox 421 872 1939 946; baseline 0.003 -20"><span class='ocrx_word' id='word_1_53' title='bbox 421 872 594 926; x_wconf 90' lang='lat' dir='ltr'>Vens.</span> <span class='ocrx_word' id='word_1_54' title='bbox 630 874 716 925; x_wconf 82' lang='grc'>51.</span> <span class='ocrx_word' id='word_1_55' title='bbox 751 903 820 912; x_wconf 91' lang='grc'><strong><em>-</em></strong></span> <span class='ocrx_word' id='word_1_56' title='bbox 852 875 956 928; x_wconf 84' lang='lat' dir='ltr'>Hoc</span> <span class='ocrx_word' id='word_1_57' title='bbox 985 891 1018 928; x_wconf 90' lang='lat' dir='ltr'>a</span> <span class='ocrx_word' id='word_1_58' title='bbox 1047 876 1346 946; x_wconf 86' lang='lat' dir='ltr'>semetipso</span> <span class='ocrx_word' id='word_1_59' title='bbox 1373 875 1564 945; x_wconf 77' lang='lat' dir='ltr'>(AUG.)</span> <span class='ocrx_word' id='word_1_60' title='bbox 1601 878 1742 934; x_wconf 90' lang='lat' dir='ltr'>Nota</span> <span class='ocrx_word' id='word_1_61' title='bbox 1776 877 1939 932; x_wconf 89' lang='lat' dir='ltr'>etiam</span> 
     </span>
    </p>
   </div>
   <div class='ocr_carea' id='block_1_11' title="bbox 345 960 1936 1034">
    <p class='ocr_par' dir='ltr' id='par_1_11' title="bbox 345 960 1936 1034">
     <span class='ocr_line' id='line_1_11' title="bbox 345 960 1936 1034; baseline 0.006 -22"><span class='ocrx_word' id='word_1_62' title='bbox 345 960 516 1014; x_wconf 87' lang='lat' dir='ltr'>malos</span> <span class='ocrx_word' id='word_1_63' title='bbox 546 977 644 1030; x_wconf 90' lang='lat' dir='ltr'>per</span> <span class='ocrx_word' id='word_1_64' title='bbox 664 961 912 1030; x_wconf 86' lang='lat' dir='ltr'>spiritum</span> <span class='ocrx_word' id='word_1_65' title='bbox 932 963 1232 1032; x_wconf 68' lang='lat' dir='ltr'>prophetia)</span> <span class='ocrx_word' id='word_1_66' title='bbox 1257 964 1555 1034; x_wconf 68' lang='lat' dir='ltr'>praedicere</span> <span class='ocrx_word' id='word_1_67' title='bbox 1585 963 1784 1032; x_wconf 88' lang='lat' dir='ltr'>futura,</span> <span class='ocrx_word' id='word_1_68' title='bbox 1809 975 1936 1032; x_wconf 92' lang='lat' dir='ltr'>etc.,</span> 
     </span>
    </p>
   </div>
   <div class='ocr_carea' id='block_1_12' title="bbox 323 1049 1940 1122">
    <p class='ocr_par' dir='ltr' id='par_1_12' title="bbox 323 1049 1940 1122">
     <span class='ocr_line' id='line_1_12' title="bbox 323 1049 1940 1122; baseline 0.003 -18"><span class='ocrx_word' id='word_1_69' title='bbox 323 1064 517 1119; x_wconf 78' lang='lat' dir='ltr'>usque</span> <span class='ocrx_word' id='word_1_70' title='bbox 539 1049 612 1103; x_wconf 87' lang='lat' dir='ltr'>ad</span> <span class='ocrx_word' id='word_1_71' title='bbox 637 1050 783 1120; x_wconf 90' lang='lat' dir='ltr'>quod</span> <span class='ocrx_word' id='word_1_72' title='bbox 817 1065 924 1102; x_wconf 92' lang='lat' dir='ltr'>non</span> <span class='ocrx_word' id='word_1_73' title='bbox 953 1049 1077 1105; x_wconf 91' lang='lat' dir='ltr'>licet</span> <span class='ocrx_word' id='word_1_74' title='bbox 1107 1050 1211 1104; x_wconf 91' lang='lat' dir='ltr'>nisi</span> <span class='ocrx_word' id='word_1_75' title='bbox 1232 1067 1442 1106; x_wconf 90' lang='lat' dir='ltr'>summo</span> <span class='ocrx_word' id='word_1_76' title='bbox 1475 1053 1762 1122; x_wconf 85' lang='lat' dir='ltr'>sacerdoti,</span> <span class='ocrx_word' id='word_1_77' title='bbox 1795 1061 1852 1107; x_wconf 90' lang='lat' dir='ltr'>ut</span> <span class='ocrx_word' id='word_1_78' title='bbox 1873 1055 1940 1109; x_wconf 90' lang='lat' dir='ltr'>de</span> 
     </span>
    </p>
   </div>
   <div class='ocr_carea' id='block_1_13' title="bbox 348 1136 854 1208">
    <p class='ocr_par' dir='ltr' id='par_1_13' title="bbox 348 1136 854 1208">
     <span class='ocr_line' id='line_1_13' title="bbox 348 1136 854 1208; baseline 0.002 -19"><span class='ocrx_word' id='word_1_79' title='bbox 348 1136 605 1190; x_wconf 83' lang='lat' dir='ltr'>Zacharia</span> <span class='ocrx_word' id='word_1_80' title='bbox 635 1136 854 1208; x_wconf 84' lang='lat' dir='ltr'>legitur.</span> 
     </span>
    </p>
   </div>
   <div class='ocr_carea' id='block_1_14' title="bbox 415 1225 1940 1302">
    <p class='ocr_par' dir='ltr' id='par_1_14' title="bbox 415 1225 1940 1302">
     <span class='ocr_line' id='line_1_14' title="bbox 415 1225 1940 1302; baseline 0.005 -24"><span class='ocrx_word' id='word_1_81' title='bbox 415 1225 588 1278; x_wconf 84' lang='lat' dir='ltr'>Vens.</span> <span class='ocrx_word' id='word_1_82' title='bbox 632 1228 720 1281; x_wconf 81' lang='grc'><strong>52.</strong></span> <span class='ocrx_word' id='word_1_83' title='bbox 752 1255 823 1264; x_wconf 89' lang='grc'><strong><em>-</em></strong></span> <span class='ocrx_word' id='word_1_84' title='bbox 848 1227 956 1282; x_wconf 89' lang='lat' dir='ltr'>Pro</span> <span class='ocrx_word' id='word_1_85' title='bbox 975 1230 1160 1296; x_wconf 82' lang='lat' dir='ltr'>gente.</span> <span class='ocrx_word' id='word_1_86' title='bbox 1181 1228 1511 1293; x_wconf 70' lang='lat' dir='ltr'>Judaeorum,</span> <span class='ocrx_word' id='word_1_87' title='bbox 1533 1229 1738 1285; x_wconf 88' lang='lat' dir='ltr'>scilicet</span> <span class='ocrx_word' id='word_1_88' title='bbox 1754 1229 1807 1283; x_wconf 89' lang='lat' dir='ltr'>in</span> <span class='ocrx_word' id='word_1_89' title='bbox 1831 1247 1940 1302; x_wconf 90' lang='lat' dir='ltr'>qua</span> 
     </span>
    </p>
   </div>
   <div class='ocr_carea' id='block_1_15' title="bbox 345 1315 1938 1388">
    <p class='ocr_par' dir='ltr' id='par_1_15' title="bbox 345 1315 1938 1388">
     <span class='ocr_line' id='line_1_15' title="bbox 345 1315 1938 1388; baseline 0.005 -22"><span class='ocrx_word' id='word_1_90' title='bbox 345 1320 494 1366; x_wconf 88' lang='lat' dir='ltr'>erant</span> <span class='ocrx_word' id='word_1_91' title='bbox 523 1328 680 1377; x_wconf 91' lang='lat' dir='ltr'>oves,</span> <span class='ocrx_word' id='word_1_92' title='bbox 710 1315 813 1367; x_wconf 88' lang='lat' dir='ltr'>hoc</span> <span class='ocrx_word' id='word_1_93' title='bbox 844 1321 1046 1368; x_wconf 88' lang='lat' dir='ltr'>tantum</span> <span class='ocrx_word' id='word_1_94' title='bbox 1087 1315 1339 1385; x_wconf 88' lang='lat' dir='ltr'>Caiphas.</span> <span class='ocrx_word' id='word_1_95' title='bbox 1395 1317 1503 1371; x_wconf 93' lang='lat' dir='ltr'>Sed</span> <span class='ocrx_word' id='word_1_96' title='bbox 1550 1318 1676 1388; x_wconf 84' lang='lat' dir='ltr'>quia</span> <span class='ocrx_word' id='word_1_97' title='bbox 1713 1327 1938 1374; x_wconf 85' lang='lat' dir='ltr'>noverat</span> 
     </span>
    </p>
   </div>
   <div class='ocr_carea' id='block_1_16' title="bbox 344 1401 1935 1476">
    <p class='ocr_par' dir='ltr' id='par_1_16' title="bbox 344 1401 1935 1476">
     <span class='ocr_line' id='line_1_16' title="bbox 344 1401 1935 1476; baseline 0.006 -22"><span class='ocrx_word' id='word_1_98' title='bbox 344 1401 683 1471; x_wconf 89' lang='lat' dir='ltr'>evangelista</span> <span class='ocrx_word' id='word_1_99' title='bbox 721 1418 843 1456; x_wconf 87' lang='lat' dir='ltr'>esse</span> <span class='ocrx_word' id='word_1_100' title='bbox 881 1402 1012 1455; x_wconf 87' lang='lat' dir='ltr'>alias</span> <span class='ocrx_word' id='word_1_101' title='bbox 1059 1418 1209 1468; x_wconf 90' lang='lat' dir='ltr'>oves,</span> <span class='ocrx_word' id='word_1_102' title='bbox 1260 1404 1469 1459; x_wconf 87' lang='lat' dir='ltr'>addidit</span> <span class='ocrx_word' id='word_1_103' title='bbox 1502 1423 1515 1458; x_wconf 91' lang='lat'><strong>:</strong></span> <span class='ocrx_word' id='word_1_104' title='bbox 1545 1406 1649 1461; x_wconf 90' lang='lat' dir='ltr'>Sed</span> <span class='ocrx_word' id='word_1_105' title='bbox 1685 1411 1751 1462; x_wconf 89' lang='lat' dir='ltr'>ut</span> <span class='ocrx_word' id='word_1_106' title='bbox 1787 1409 1935 1476; x_wconf 77' lang='lat' dir='ltr'>filios</span> 
     </span>
    </p>
   </div>
   <div class='ocr_carea' id='block_1_17' title="bbox 342 1491 1936 1564">
    <p class='ocr_par' dir='ltr' id='par_1_17' title="bbox 342 1491 1936 1564">
     <span class='ocr_line' id='line_1_17' title="bbox 342 1491 1936 1564; baseline 0.004 -21"><span class='ocrx_word' id='word_1_107' title='bbox 342 1491 437 1544; x_wconf 86' lang='lat' dir='ltr'>Dei</span> <span class='ocrx_word' id='word_1_108' title='bbox 465 1491 561 1560; x_wconf 89' lang='lat' dir='ltr'>qui</span> <span class='ocrx_word' id='word_1_109' title='bbox 589 1495 759 1544; x_wconf 87' lang='lat' dir='ltr'>erant</span> <span class='ocrx_word' id='word_1_110' title='bbox 785 1491 1022 1562; x_wconf 76' lang='lat' dir='ltr'>dispersi</span> <span class='ocrx_word' id='word_1_111' title='bbox 1050 1508 1406 1563; x_wconf 79' lang='lat' dir='ltr'>congregare.</span> <span class='ocrx_word' id='word_1_112' title='bbox 1440 1493 1559 1546; x_wconf 89' lang='lat' dir='ltr'>Filii</span> <span class='ocrx_word' id='word_1_113' title='bbox 1589 1495 1936 1564; x_wconf 59' lang='lat' dir='ltr'>praedestina-</span> 
     </span>
    </p>
   </div>
   <div class='ocr_carea' id='block_1_18' title="bbox 341 1576 1931 1649">
    <p class='ocr_par' dir='ltr' id='par_1_18' title="bbox 341 1576 1931 1649">
     <span class='ocr_line' id='line_1_18' title="bbox 341 1576 1931 1649; baseline 0.004 -19"><span class='ocrx_word' id='word_1_114' title='bbox 341 1576 498 1646; x_wconf 84' lang='lat' dir='ltr'>tione,</span> <span class='ocrx_word' id='word_1_115' title='bbox 535 1577 679 1632; x_wconf 85' lang='lat' dir='ltr'>sicut</span> <span class='ocrx_word' id='word_1_116' title='bbox 707 1586 759 1631; x_wconf 90' lang='lat' dir='ltr'>et</span> <span class='ocrx_word' id='word_1_117' title='bbox 788 1593 918 1632; x_wconf 87' lang='lat' dir='ltr'>oves</span> <span class='ocrx_word' id='word_1_118' title='bbox 965 1579 1020 1632; x_wconf 90' lang='lat' dir='ltr'>in</span> <span class='ocrx_word' id='word_1_119' title='bbox 1064 1580 1246 1647; x_wconf 86' lang='lat' dir='ltr'>Israel,</span> <span class='ocrx_word' id='word_1_120' title='bbox 1284 1581 1526 1636; x_wconf 89' lang='lat' dir='ltr'>nondum</span> <span class='ocrx_word' id='word_1_121' title='bbox 1571 1582 1715 1636; x_wconf 90' lang='lat' dir='ltr'>enim</span> <span class='ocrx_word' id='word_1_122' title='bbox 1760 1591 1931 1649; x_wconf 89' lang='lat' dir='ltr'>erant,</span> 
     </span>
    </p>
   </div>
   <div class='ocr_carea' id='block_1_19' title="bbox 339 1665 1122 1736">
    <p class='ocr_par' dir='ltr' id='par_1_19' title="bbox 339 1665 1122 1736">
     <span class='ocr_line' id='line_1_19' title="bbox 339 1665 1122 1736; baseline 0.004 -18"><span class='ocrx_word' id='word_1_123' title='bbox 339 1665 460 1736; x_wconf 84' lang='lat' dir='ltr'>quia</span> <span class='ocrx_word' id='word_1_124' title='bbox 487 1666 736 1719; x_wconf 88' lang='lat' dir='ltr'>nondum</span> <span class='ocrx_word' id='word_1_125' title='bbox 758 1666 1122 1722; x_wconf 86' lang='lat' dir='ltr'>crediderant.</span> 
     </span>
    </p>
   </div>
   <div class='ocr_carea' id='block_1_20' title="bbox 407 1753 1929 1813">
    <p class='ocr_par' dir='ltr' id='par_1_20' title="bbox 407 1753 1929 1813">
     <span class='ocr_line' id='line_1_20' title="bbox 407 1753 1929 1813; baseline 0.005 -8"><span class='ocrx_word' id='word_1_126' title='bbox 407 1753 578 1808; x_wconf 86' lang='lat' dir='ltr'>Vens.</span> <span class='ocrx_word' id='word_1_127' title='bbox 605 1755 786 1808; x_wconf 83' lang='lat'>55.—</span> <span class='ocrx_word' id='word_1_128' title='bbox 815 1756 1147 1810; x_wconf 73' lang='lat' dir='ltr'>Proximum</span> <span class='ocrx_word' id='word_1_129' title='bbox 1190 1762 1402 1812; x_wconf 88' lang='lat' dir='ltr'>autem.</span> <span class='ocrx_word' id='word_1_130' title='bbox 1445 1757 1760 1813; x_wconf 89' lang='lat' dir='ltr'>Imminente</span> <span class='ocrx_word' id='word_1_131' title='bbox 1796 1760 1929 1813; x_wconf 89' lang='lat' dir='ltr'>Pas-</span> 
     </span>
    </p>
   </div>
   <div class='ocr_carea' id='block_1_21' title="bbox 339 1839 1931 1917">
    <p class='ocr_par' dir='ltr' id='par_1_21' title="bbox 339 1839 1931 1917">
     <span class='ocr_line' id='line_1_21' title="bbox 339 1839 1931 1917; baseline 0.004 -22"><span class='ocrx_word' id='word_1_132' title='bbox 339 1841 437 1896; x_wconf 87' lang='lat' dir='ltr'>cha</span> <span class='ocrx_word' id='word_1_133' title='bbox 467 1839 689 1912; x_wconf 86' lang='lat' dir='ltr'>figurali</span> <span class='ocrx_word' id='word_1_134' title='bbox 718 1841 775 1895; x_wconf 91' lang='lat' dir='ltr'>in</span> <span class='ocrx_word' id='word_1_135' title='bbox 805 1857 910 1913; x_wconf 88' lang='lat' dir='ltr'>quo</span> <span class='ocrx_word' id='word_1_136' title='bbox 932 1844 1044 1911; x_wconf 85' lang='lat' dir='ltr'>jam</span> <span class='ocrx_word' id='word_1_137' title='bbox 1073 1860 1234 1898; x_wconf 86' lang='lat' dir='ltr'>verus</span> <span class='ocrx_word' id='word_1_138' title='bbox 1251 1861 1428 1917; x_wconf 88' lang='lat' dir='ltr'>agnus</span> <span class='ocrx_word' id='word_1_139' title='bbox 1449 1845 1809 1901; x_wconf 90' lang='lat' dir='ltr'>immolandus</span> <span class='ocrx_word' id='word_1_140' title='bbox 1829 1857 1931 1914; x_wconf 90' lang='lat' dir='ltr'>est,</span> 
     </span>
    </p>
   </div>
   <div class='ocr_carea' id='block_1_22' title="bbox 338 1929 1934 2003">
    <p class='ocr_par' dir='ltr' id='par_1_22' title="bbox 338 1929 1934 2003">
     <span class='ocr_line' id='line_1_22' title="bbox 338 1929 1934 2003; baseline 0.004 -19"><span class='ocrx_word' id='word_1_141' title='bbox 338 1929 623 1984; x_wconf 88' lang='lat' dir='ltr'>consilium</span> <span class='ocrx_word' id='word_1_142' title='bbox 665 1939 779 1984; x_wconf 87' lang='lat' dir='ltr'>erat</span> <span class='ocrx_word' id='word_1_143' title='bbox 832 1931 974 1984; x_wconf 89' lang='lat' dir='ltr'>inter</span> <span class='ocrx_word' id='word_1_144' title='bbox 1007 1932 1227 1987; x_wconf 76' lang='lat' dir='ltr'>Judzeos</span> <span class='ocrx_word' id='word_1_145' title='bbox 1281 1934 1349 1988; x_wconf 92' lang='lat' dir='ltr'>de</span> <span class='ocrx_word' id='word_1_146' title='bbox 1398 1949 1463 1989; x_wconf 91' lang='lat' dir='ltr'>eo</span> <span class='ocrx_word' id='word_1_147' title='bbox 1507 1934 1828 2003; x_wconf 90' lang='lat' dir='ltr'>occidendo,</span> <span class='ocrx_word' id='word_1_148' title='bbox 1880 1944 1934 1992; x_wconf 92' lang='lat' dir='ltr'>et</span> 
     </span>
    </p>
   </div>
   <div class='ocr_carea' id='block_1_23' title="bbox 336 2016 1358 2091">
    <p class='ocr_par' dir='ltr' id='par_1_23' title="bbox 336 2016 1358 2091">
     <span class='ocr_line' id='line_1_23' title="bbox 336 2016 1358 2091; baseline 0.006 -21"><span class='ocrx_word' id='word_1_149' title='bbox 336 2016 446 2089; x_wconf 88' lang='lat' dir='ltr'>ipse</span> <span class='ocrx_word' id='word_1_150' title='bbox 482 2018 883 2091; x_wconf 89' lang='lat' dir='ltr'>apprOpinquat</span> <span class='ocrx_word' id='word_1_151' title='bbox 913 2019 1181 2089; x_wconf 90' lang='lat' dir='ltr'>passionis</span> <span class='ocrx_word' id='word_1_152' title='bbox 1219 2021 1358 2076; x_wconf 90' lang='lat' dir='ltr'>loco.</span> 
     </span>
    </p>
   </div>
   <div class='ocr_carea' id='block_1_24' title="bbox 941 2195 1323 2251">
    <p class='ocr_par' dir='ltr' id='par_1_24' title="bbox 941 2195 1323 2251">
     <span class='ocr_line' id='line_1_24' title="bbox 941 2195 1323 2251; baseline 0 -1"><span class='ocrx_word' id='word_1_153' title='bbox 941 2195 1169 2251; x_wconf 85' lang='lat' dir='ltr'>CAPUT</span> <span class='ocrx_word' id='word_1_154' title='bbox 1201 2197 1323 2251; x_wconf 85' lang='lat' dir='ltr'>XII.</span> 
     </span>
    </p>
   </div>
   <div class='ocr_carea' id='block_1_25' title="bbox 400 2364 1927 2437">
    <p class='ocr_par' dir='ltr' id='par_1_25' title="bbox 400 2364 1927 2437">
     <span class='ocr_line' id='line_1_25' title="bbox 400 2364 1927 2437; baseline 0.002 -20"><span class='ocrx_word' id='word_1_155' title='bbox 400 2364 568 2418; x_wconf 85' lang='lat' dir='ltr'>Vens.</span> <span class='ocrx_word' id='word_1_156' title='bbox 606 2367 662 2418; x_wconf 79' lang='grc'>1.</span> <span class='ocrx_word' id='word_1_157' title='bbox 695 2395 764 2404; x_wconf 91' lang='grc'><strong>-</strong></span> <span class='ocrx_word' id='word_1_158' title='bbox 801 2367 960 2421; x_wconf 78' lang='lat' dir='ltr'>Venit</span> <span class='ocrx_word' id='word_1_159' title='bbox 997 2367 1061 2420; x_wconf 90' lang='lat' dir='ltr'>in</span> <span class='ocrx_word' id='word_1_160' title='bbox 1099 2365 1453 2422; x_wconf 85' lang='lat' dir='ltr'>Bethaniam.</span> <span class='ocrx_word' id='word_1_161' title='bbox 1488 2367 1616 2421; x_wconf 92' lang='lat' dir='ltr'>Ideo</span> <span class='ocrx_word' id='word_1_162' title='bbox 1646 2365 1794 2437; x_wconf 90' lang='lat' dir='ltr'>prius</span> <span class='ocrx_word' id='word_1_163' title='bbox 1822 2367 1927 2421; x_wconf 90' lang='lat' dir='ltr'>Be-</span> 
     </span>
    </p>
   </div>
   <div class='ocr_carea' id='block_1_26' title="bbox 333 2452 1930 2518">
    <p class='ocr_par' dir='ltr' id='par_1_26' title="bbox 333 2452 1930 2518">
     <span class='ocr_line' id='line_1_26' title="bbox 333 2452 1930 2518; baseline 0.002 -13"><span class='ocrx_word' id='word_1_164' title='bbox 333 2452 566 2507; x_wconf 88' lang='lat' dir='ltr'>thaniam</span> <span class='ocrx_word' id='word_1_165' title='bbox 599 2452 769 2518; x_wconf 83' lang='lat' dir='ltr'>venit,</span> <span class='ocrx_word' id='word_1_166' title='bbox 817 2460 873 2507; x_wconf 93' lang='lat' dir='ltr'>ut</span> <span class='ocrx_word' id='word_1_167' title='bbox 915 2453 1259 2510; x_wconf 89' lang='lat' dir='ltr'>resuscitatio</span> <span class='ocrx_word' id='word_1_168' title='bbox 1302 2455 1491 2510; x_wconf 87' lang='lat' dir='ltr'>Lazari</span> <span class='ocrx_word' id='word_1_169' title='bbox 1535 2455 1694 2509; x_wconf 86' lang='lat' dir='ltr'>altius</span> <span class='ocrx_word' id='word_1_170' title='bbox 1722 2469 1930 2509; x_wconf 90' lang='lat' dir='ltr'>memo-</span> 
     </span>
    </p>
   </div>
   <div class='ocr_carea' id='block_1_27' title="bbox 337 2540 1928 2612">
    <p class='ocr_par' dir='ltr' id='par_1_27' title="bbox 337 2540 1928 2612">
     <span class='ocr_line' id='line_1_27' title="bbox 337 2540 1928 2612; baseline 0.002 -19"><span class='ocrx_word' id='word_1_171' title='bbox 337 2540 422 2595; x_wconf 66' lang='lat' dir='ltr'>riae</span> <span class='ocrx_word' id='word_1_172' title='bbox 448 2541 694 2594; x_wconf 87' lang='lat' dir='ltr'>omnium</span> <span class='ocrx_word' id='word_1_173' title='bbox 722 2541 1044 2612; x_wconf 87' lang='lat' dir='ltr'>traderetur,</span> <span class='ocrx_word' id='word_1_174' title='bbox 1078 2551 1131 2597; x_wconf 90' lang='lat' dir='ltr'>et</span> <span class='ocrx_word' id='word_1_175' title='bbox 1168 2541 1564 2598; x_wconf 88' lang='lat' dir='ltr'>incxcusabiles</span> <span class='ocrx_word' id='word_1_176' title='bbox 1595 2543 1768 2598; x_wconf 64' lang='lat' dir='ltr'>Judaei</span> <span class='ocrx_word' id='word_1_177' title='bbox 1806 2557 1928 2598; x_wconf 89' lang='lat' dir='ltr'>con-</span> 
     </span>
    </p>
   </div>
   <div class='ocr_carea' id='block_1_28' title="bbox 337 2626 1921 2695">
    <p class='ocr_par' dir='ltr' id='par_1_28' title="bbox 337 2626 1921 2695">
     <span class='ocr_line' id='line_1_28' title="bbox 337 2626 1921 2695; baseline 0.001 -13"><span class='ocrx_word' id='word_1_178' title='bbox 337 2626 712 2695; x_wconf 88' lang='lat' dir='ltr'>funderentur,</span> <span class='ocrx_word' id='word_1_179' title='bbox 746 2637 1034 2684; x_wconf 83' lang='lat' dir='ltr'>tractantes</span> <span class='ocrx_word' id='word_1_180' title='bbox 1073 2631 1141 2684; x_wconf 88' lang='lat' dir='ltr'>de</span> <span class='ocrx_word' id='word_1_181' title='bbox 1179 2639 1354 2686; x_wconf 90' lang='lat' dir='ltr'>morte</span> <span class='ocrx_word' id='word_1_182' title='bbox 1401 2631 1528 2685; x_wconf 88' lang='lat' dir='ltr'>tanti</span> <span class='ocrx_word' id='word_1_183' title='bbox 1567 2630 1921 2685; x_wconf 90' lang='lat' dir='ltr'>suscitatoris.</span> 
     </span>
    </p>
   </div>
   <div class='ocr_carea' id='block_1_29' title="bbox 399 2726 1927 2800">
    <p class='ocr_par' dir='ltr' id='par_1_29' title="bbox 399 2726 1927 2800">
     <span class='ocr_line' id='line_1_29' title="bbox 399 2726 1927 2800; baseline 0 -20"><span class='ocrx_word' id='word_1_184' title='bbox 399 2726 566 2781; x_wconf 83' lang='lat' dir='ltr'>Vens.</span> <span class='ocrx_word' id='word_1_185' title='bbox 601 2730 659 2780; x_wconf 90' lang='lat'>3.</span> <span class='ocrx_word' id='word_1_186' title='bbox 693 2757 761 2765; x_wconf 98' lang='lat'><strong>—</strong></span> <span class='ocrx_word' id='word_1_187' title='bbox 805 2727 974 2782; x_wconf 84' lang='lat' dir='ltr'>Maria</span> <span class='ocrx_word' id='word_1_188' title='bbox 1005 2744 1148 2798; x_wconf 84' lang='lat' dir='ltr'>ergo.</span> <span class='ocrx_word' id='word_1_189' title='bbox 1185 2727 1480 2782; x_wconf 87' lang='lat' dir='ltr'>Pretiosum</span> <span class='ocrx_word' id='word_1_190' title='bbox 1507 2736 1840 2800; x_wconf 82' lang='lat' dir='ltr'>unguentum</span> <span class='ocrx_word' id='word_1_191' title='bbox 1869 2726 1927 2781; x_wconf 87' lang='lat' dir='ltr'>fit</span> 
     </span>
    </p>
   </div>
   <div class='ocr_carea' id='block_1_30' title="bbox 332 2814 1924 2886">
    <p class='ocr_par' dir='ltr' id='par_1_30' title="bbox 332 2814 1924 2886">
     <span class='ocr_line' id='line_1_30' title="bbox 332 2814 1924 2886; baseline 0 -17"><span class='ocrx_word' id='word_1_192' title='bbox 332 2815 395 2869; x_wconf 89' lang='lat' dir='ltr'>de</span> <span class='ocrx_word' id='word_1_193' title='bbox 423 2815 588 2869; x_wconf 88' lang='lat' dir='ltr'>nardo</span> <span class='ocrx_word' id='word_1_194' title='bbox 625 2815 861 2870; x_wconf 85' lang='lat' dir='ltr'>maxime</span> <span class='ocrx_word' id='word_1_195' title='bbox 893 2816 961 2869; x_wconf 92' lang='lat' dir='ltr'>de</span> <span class='ocrx_word' id='word_1_196' title='bbox 991 2814 1175 2885; x_wconf 91' lang='lat' dir='ltr'>spicis,</span> <span class='ocrx_word' id='word_1_197' title='bbox 1201 2815 1288 2870; x_wconf 85' lang='lat' dir='ltr'>hic</span> <span class='ocrx_word' id='word_1_198' title='bbox 1317 2823 1498 2870; x_wconf 90' lang='lat' dir='ltr'>autem</span> <span class='ocrx_word' id='word_1_199' title='bbox 1525 2816 1720 2870; x_wconf 90' lang='lat' dir='ltr'>dicitur</span> <span class='ocrx_word' id='word_1_200' title='bbox 1746 2815 1924 2886; x_wconf 89' lang='lat' dir='ltr'>pistici</span> 
     </span>
    </p>
   </div>
   <div class='ocr_carea' id='block_1_31' title="bbox 335 2901 1925 2974">
    <p class='ocr_par' dir='ltr' id='par_1_31' title="bbox 335 2901 1925 2974">
     <span class='ocr_line' id='line_1_31' title="bbox 335 2901 1925 2974; baseline 0.001 -18"><span class='ocrx_word' id='word_1_201' title='bbox 335 2917 363 2956; x_wconf 91' lang='lat' dir='ltr'>a</span> <span class='ocrx_word' id='word_1_202' title='bbox 391 2901 505 2957; x_wconf 90' lang='lat' dir='ltr'>loco</span> <span class='ocrx_word' id='word_1_203' title='bbox 535 2903 689 2957; x_wconf 90' lang='lat' dir='ltr'>unde</span> <span class='ocrx_word' id='word_1_204' title='bbox 711 2911 844 2957; x_wconf 89' lang='lat' dir='ltr'>erat.</span> <span class='ocrx_word' id='word_1_205' title='bbox 897 2904 964 2957; x_wconf 90' lang='lat' dir='ltr'>Et</span> <span class='ocrx_word' id='word_1_206' title='bbox 1008 2902 1388 2974; x_wconf 86' lang='lat' dir='ltr'>interpretatur</span> <span class='ocrx_word' id='word_1_207' title='bbox 1431 2902 1627 2970; x_wconf 85' lang='lat' dir='ltr'>fidelis,</span> <span class='ocrx_word' id='word_1_208' title='bbox 1677 2919 1786 2958; x_wconf 92' lang='lat' dir='ltr'>non</span> <span class='ocrx_word' id='word_1_209' title='bbox 1822 2903 1925 2958; x_wconf 89' lang='lat' dir='ltr'>alia</span> 
     </span>
    </p>
   </div>
   <div class='ocr_carea' id='block_1_32' title="bbox 335 2990 1924 3063">
    <p class='ocr_par' dir='ltr' id='par_1_32' title="bbox 335 2990 1924 3063">
     <span class='ocr_line' id='line_1_32' title="bbox 335 2990 1924 3063; baseline 0.001 -20"><span class='ocrx_word' id='word_1_210' title='bbox 335 2990 662 3045; x_wconf 81' lang='lat' dir='ltr'>admixtione</span> <span class='ocrx_word' id='word_1_211' title='bbox 685 2991 942 3061; x_wconf 88' lang='lat' dir='ltr'>corrupti.</span> <span class='ocrx_word' id='word_1_212' title='bbox 1004 2993 1169 3046; x_wconf 74' lang='lat' dir='ltr'>Dixit</span> <span class='ocrx_word' id='word_1_213' title='bbox 1207 3009 1332 3063; x_wconf 83' lang='lat' dir='ltr'>ergo</span> <span class='ocrx_word' id='word_1_214' title='bbox 1376 3009 1546 3047; x_wconf 87' lang='lat' dir='ltr'>unus.</span> <span class='ocrx_word' id='word_1_215' title='bbox 1587 2992 1753 3046; x_wconf 88' lang='lat' dir='ltr'>Judas</span> <span class='ocrx_word' id='word_1_216' title='bbox 1780 3000 1832 3046; x_wconf 91' lang='lat' dir='ltr'>et</span> <span class='ocrx_word' id='word_1_217' title='bbox 1879 2991 1924 3044; x_wconf 89' lang='lat' dir='ltr'>si</span> 
     </span>
    </p>
   </div>
   <div class='ocr_carea' id='block_1_33' title="bbox 2036 423 3618 503">
    <p class='ocr_par' dir='ltr' id='par_1_33' title="bbox 2036 423 3618 503">
     <span class='ocr_line' id='line_1_33' title="bbox 2036 423 3618 503; baseline 0.007 -27"><span class='ocrx_word' id='word_1_218' title='bbox 2036 423 2192 493; x_wconf 90' lang='lat' dir='ltr'>quasi</span> <span class='ocrx_word' id='word_1_219' title='bbox 2235 441 2343 479; x_wconf 91' lang='lat' dir='ltr'>non</span> <span class='ocrx_word' id='word_1_220' title='bbox 2386 427 2558 497; x_wconf 89' lang='lat' dir='ltr'>possit</span> <span class='ocrx_word' id='word_1_221' title='bbox 2605 429 2866 484; x_wconf 88' lang='lat' dir='ltr'>suscitare</span> <span class='ocrx_word' id='word_1_222' title='bbox 2914 429 3154 486; x_wconf 90' lang='lat' dir='ltr'>occisum</span> <span class='ocrx_word' id='word_1_223' title='bbox 3199 431 3288 503; x_wconf 88' lang='lat' dir='ltr'>qui</span> <span class='ocrx_word' id='word_1_224' title='bbox 3336 432 3618 487; x_wconf 85' lang='lat' dir='ltr'>suscitavit</span> 
     </span>
    </p>
   </div>
   <div class='ocr_carea' id='block_1_34' title="bbox 2038 510 2370 568">
    <p class='ocr_par' dir='ltr' id='par_1_34' title="bbox 2038 510 2370 568">
     <span class='ocr_line' id='line_1_34' title="bbox 2038 510 2370 568; baseline 0.003 -2"><span class='ocrx_word' id='word_1_225' title='bbox 2038 510 2370 568; x_wconf 89' lang='lat' dir='ltr'>defunctum.</span> 
     </span>
    </p>
   </div>
   <div class='ocr_carea' id='block_1_35' title="bbox 2116 601 3636 664">
    <p class='ocr_par' dir='ltr' id='par_1_35' title="bbox 2116 601 3636 664">
     <span class='ocr_line' id='line_1_35' title="bbox 2116 601 3636 664; baseline 0.005 -9"><span class='ocrx_word' id='word_1_226' title='bbox 2116 601 2282 656; x_wconf 84' lang='lat' dir='ltr'>Vens.</span> <span class='ocrx_word' id='word_1_227' title='bbox 2318 607 2401 660; x_wconf 87' lang='grc'>12.</span> <span class='ocrx_word' id='word_1_228' title='bbox 2443 634 2512 643; x_wconf 90' lang='grc'><strong><em>-</em></strong></span> <span class='ocrx_word' id='word_1_229' title='bbox 2542 605 2606 659; x_wconf 88' lang='lat' dir='ltr'>In</span> <span class='ocrx_word' id='word_1_230' title='bbox 2635 608 2973 662; x_wconf 85' lang='lat' dir='ltr'>crastinum.</span> <span class='ocrx_word' id='word_1_231' title='bbox 3014 609 3157 662; x_wconf 88' lang='lat' dir='ltr'>Ecce</span> <span class='ocrx_word' id='word_1_232' title='bbox 3187 623 3318 662; x_wconf 91' lang='lat' dir='ltr'>oves</span> <span class='ocrx_word' id='word_1_233' title='bbox 3349 624 3414 662; x_wconf 86' lang='lat' dir='ltr'>ex</span> <span class='ocrx_word' id='word_1_234' title='bbox 3469 608 3636 664; x_wconf 89' lang='lat' dir='ltr'>Israel</span> 
     </span>
    </p>
   </div>
   <div class='ocr_carea' id='block_1_36' title="bbox 2040 688 3634 766">
    <p class='ocr_par' dir='ltr' id='par_1_36' title="bbox 2040 688 3634 766">
     <span class='ocr_line' id='line_1_36' title="bbox 2040 688 3634 766; baseline 0.006 -24"><span class='ocrx_word' id='word_1_235' title='bbox 2040 688 2262 743; x_wconf 88' lang='lat' dir='ltr'>veniunt</span> <span class='ocrx_word' id='word_1_236' title='bbox 2291 691 2361 744; x_wconf 89' lang='lat' dir='ltr'>ad</span> <span class='ocrx_word' id='word_1_237' title='bbox 2387 699 2677 760; x_wconf 85' lang='lat' dir='ltr'>pastorem.</span> <span class='ocrx_word' id='word_1_238' title='bbox 2712 695 2866 748; x_wconf 83' lang='lat' dir='ltr'>Rami</span> <span class='ocrx_word' id='word_1_239' title='bbox 2893 703 3017 749; x_wconf 91' lang='lat' dir='ltr'>sunt</span> <span class='ocrx_word' id='word_1_240' title='bbox 3046 696 3232 750; x_wconf 89' lang='lat' dir='ltr'>laudes</span> <span class='ocrx_word' id='word_1_241' title='bbox 3262 694 3634 766; x_wconf 76' lang='lat' dir='ltr'>significantes</span> 
     </span>
    </p>
   </div>
   <div class='ocr_carea' id='block_1_37' title="bbox 2042 776 3323 850">
    <p class='ocr_par' dir='ltr' id='par_1_37' title="bbox 2042 776 3323 850">
     <span class='ocr_line' id='line_1_37' title="bbox 2042 776 3323 850; baseline 0.009 -19"><span class='ocrx_word' id='word_1_242' title='bbox 2042 776 2325 832; x_wconf 86' lang='lat' dir='ltr'>victoriam</span> <span class='ocrx_word' id='word_1_243' title='bbox 2365 782 2662 850; x_wconf 88' lang='lat' dir='ltr'>superaturi</span> <span class='ocrx_word' id='word_1_244' title='bbox 2691 783 2960 837; x_wconf 84' lang='lat' dir='ltr'>diabolum</span> <span class='ocrx_word' id='word_1_245' title='bbox 2992 793 3043 838; x_wconf 89' lang='lat' dir='ltr'>et</span> <span class='ocrx_word' id='word_1_246' title='bbox 3075 792 3323 842; x_wconf 88' lang='lat' dir='ltr'>mortem.</span> 
     </span>
    </p>
   </div>
   <div class='ocr_carea' id='block_1_38' title="bbox 2111 893 3641 970">
    <p class='ocr_par' dir='ltr' id='par_1_38' title="bbox 2111 893 3641 970">
     <span class='ocr_line' id='line_1_38' title="bbox 2111 893 3641 970; baseline 0.008 -25"><span class='ocrx_word' id='word_1_247' title='bbox 2111 893 2280 947; x_wconf 83' lang='lat' dir='ltr'>Vens.</span> <span class='ocrx_word' id='word_1_248' title='bbox 2319 897 2403 949; x_wconf 83' lang='lat' dir='ltr'>l3.</span> <span class='ocrx_word' id='word_1_249' title='bbox 2429 926 2496 934; x_wconf 98' lang='lat'><strong>—</strong></span> <span class='ocrx_word' id='word_1_250' title='bbox 2520 898 2868 953; x_wconf 84' lang='lat' dir='ltr'>Clamabant.</span> <span class='ocrx_word' id='word_1_251' title='bbox 2901 899 3093 970; x_wconf 77' lang='grc' dir='ltr'>(Λυσ.)</span> <span class='ocrx_word' id='word_1_252' title='bbox 3111 899 3332 955; x_wconf 85' lang='lat' dir='ltr'>Osanna</span> <span class='ocrx_word' id='word_1_253' title='bbox 3360 917 3463 956; x_wconf 89' lang='lat' dir='ltr'>vox</span> <span class='ocrx_word' id='word_1_254' title='bbox 3484 901 3641 957; x_wconf 90' lang='lat' dir='ltr'>obse-</span> 
     </span>
    </p>
   </div>
   <div class='ocr_carea' id='block_1_39' title="bbox 2041 981 3634 1063">
    <p class='ocr_par' dir='ltr' id='par_1_39' title="bbox 2041 981 3634 1063">
     <span class='ocr_line' id='line_1_39' title="bbox 2041 981 3634 1063; baseline 0.006 -28"><span class='ocrx_word' id='word_1_255' title='bbox 2041 981 2240 1035; x_wconf 89' lang='lat' dir='ltr'>crantis</span> <span class='ocrx_word' id='word_1_256' title='bbox 2267 983 2445 1053; x_wconf 86' lang='lat' dir='ltr'>magis</span> <span class='ocrx_word' id='word_1_257' title='bbox 2475 983 2717 1037; x_wconf 89' lang='lat' dir='ltr'>indicans</span> <span class='ocrx_word' id='word_1_258' title='bbox 2739 984 2991 1041; x_wconf 74' lang='lat' dir='ltr'>aﬂ‘ectum</span> <span class='ocrx_word' id='word_1_259' title='bbox 3039 1004 3202 1058; x_wconf 88' lang='lat' dir='ltr'>quam</span> <span class='ocrx_word' id='word_1_260' title='bbox 3241 1005 3354 1044; x_wconf 89' lang='lat' dir='ltr'>rem</span> <span class='ocrx_word' id='word_1_261' title='bbox 3397 990 3634 1063; x_wconf 88' lang='lat' dir='ltr'>aliquam</span> 
     </span>
    </p>
   </div>
   <div class='ocr_carea' id='block_1_40' title="bbox 2041 1067 2998 1142">
    <p class='ocr_par' dir='ltr' id='par_1_40' title="bbox 2041 1067 2998 1142">
     <span class='ocr_line' id='line_1_40' title="bbox 2041 1067 2998 1142; baseline 0.006 -20"><span class='ocrx_word' id='word_1_262' title='bbox 2041 1067 2380 1140; x_wconf 83' lang='lat' dir='ltr'>signiﬁcans,</span> <span class='ocrx_word' id='word_1_263' title='bbox 2414 1071 2552 1126; x_wconf 87' lang='lat' dir='ltr'>sicut</span> <span class='ocrx_word' id='word_1_264' title='bbox 2581 1072 2998 1142; x_wconf 88' lang='lat' dir='ltr'>interjectiones.</span> 
     </span>
    </p>
   </div>
   <div class='ocr_carea' id='block_1_41' title="bbox 2111 1159 3632 1236">
    <p class='ocr_par' dir='ltr' id='par_1_41' title="bbox 2111 1159 3632 1236">
     <span class='ocr_line' id='line_1_41' title="bbox 2111 1159 3632 1236; baseline 0.005 -24"><span class='ocrx_word' id='word_1_265' title='bbox 2111 1160 2230 1212; x_wconf 75' lang='lat' dir='ltr'>Rea:</span> <span class='ocrx_word' id='word_1_266' title='bbox 2267 1159 2461 1214; x_wconf 81' lang='lat' dir='ltr'>Israel.</span> <span class='ocrx_word' id='word_1_267' title='bbox 2497 1159 2608 1214; x_wconf 86' lang='lat' dir='ltr'>Rex</span> <span class='ocrx_word' id='word_1_268' title='bbox 2641 1177 2748 1215; x_wconf 88' lang='lat' dir='ltr'>non</span> <span class='ocrx_word' id='word_1_269' title='bbox 2791 1169 3005 1217; x_wconf 90' lang='lat' dir='ltr'>terreno</span> <span class='ocrx_word' id='word_1_270' title='bbox 3037 1179 3205 1230; x_wconf 91' lang='lat' dir='ltr'>more,</span> <span class='ocrx_word' id='word_1_271' title='bbox 3255 1165 3401 1236; x_wconf 91' lang='lat' dir='ltr'>quod</span> <span class='ocrx_word' id='word_1_272' title='bbox 3437 1182 3632 1236; x_wconf 89' lang='lat' dir='ltr'>parum</span> 
     </span>
    </p>
   </div>
   <div class='ocr_carea' id='block_1_42' title="bbox 2039 1246 3632 1323">
    <p class='ocr_par' dir='ltr' id='par_1_42' title="bbox 2039 1246 3632 1323">
     <span class='ocr_line' id='line_1_42' title="bbox 2039 1246 3632 1323; baseline 0.008 -26"><span class='ocrx_word' id='word_1_273' title='bbox 2039 1252 2140 1310; x_wconf 90' lang='lat' dir='ltr'>est,</span> <span class='ocrx_word' id='word_1_274' title='bbox 2173 1246 2270 1299; x_wconf 90' lang='lat' dir='ltr'>sed</span> <span class='ocrx_word' id='word_1_275' title='bbox 2292 1247 2416 1316; x_wconf 86' lang='lat' dir='ltr'>quia</span> <span class='ocrx_word' id='word_1_276' title='bbox 2445 1247 2606 1318; x_wconf 84' lang='lat' dir='ltr'>regit,</span> <span class='ocrx_word' id='word_1_277' title='bbox 2639 1257 2692 1302; x_wconf 93' lang='lat' dir='ltr'>et</span> <span class='ocrx_word' id='word_1_278' title='bbox 2720 1250 2785 1302; x_wconf 92' lang='lat' dir='ltr'>ad</span> <span class='ocrx_word' id='word_1_279' title='bbox 2827 1259 3056 1317; x_wconf 90' lang='lat' dir='ltr'>mentes,</span> <span class='ocrx_word' id='word_1_280' title='bbox 3091 1260 3143 1306; x_wconf 90' lang='lat' dir='ltr'>et</span> <span class='ocrx_word' id='word_1_281' title='bbox 3191 1254 3258 1306; x_wconf 91' lang='lat' dir='ltr'>ad</span> <span class='ocrx_word' id='word_1_282' title='bbox 3304 1270 3470 1323; x_wconf 86' lang='lat' dir='ltr'>regna</span> <span class='ocrx_word' id='word_1_283' title='bbox 3513 1270 3632 1309; x_wconf 69' lang='lat' dir='ltr'>cae-</span> 
     </span>
    </p>
   </div>
   <div class='ocr_carea' id='block_1_43' title="bbox 2036 1327 3557 1407">
    <p class='ocr_par' dir='ltr' id='par_1_43' title="bbox 2036 1327 3557 1407">
     <span class='ocr_line' id='line_1_43' title="bbox 2036 1327 3557 1407; baseline 0.007 -27"><span class='ocrx_word' id='word_1_284' title='bbox 2036 1327 2208 1382; x_wconf 88' lang='lat' dir='ltr'>lorum</span> <span class='ocrx_word' id='word_1_285' title='bbox 2241 1329 2405 1396; x_wconf 91' lang='lat' dir='ltr'>ducit,</span> <span class='ocrx_word' id='word_1_286' title='bbox 2440 1339 2490 1384; x_wconf 93' lang='lat' dir='ltr'>et</span> <span class='ocrx_word' id='word_1_287' title='bbox 2511 1339 2594 1384; x_wconf 88' lang='lat' dir='ltr'>est</span> <span class='ocrx_word' id='word_1_288' title='bbox 2623 1332 2988 1387; x_wconf 88' lang='lat' dir='ltr'>miserationis</span> <span class='ocrx_word' id='word_1_289' title='bbox 3010 1350 3119 1388; x_wconf 93' lang='lat' dir='ltr'>non</span> <span class='ocrx_word' id='word_1_290' title='bbox 3148 1335 3557 1407; x_wconf 85' lang='lat' dir='ltr'>indignationis.</span> 
     </span>
    </p>
   </div>
   <div class='ocr_carea' id='block_1_44' title="bbox 2109 1417 3633 1495">
    <p class='ocr_par' dir='ltr' id='par_1_44' title="bbox 2109 1417 3633 1495">
     <span class='ocr_line' id='line_1_44' title="bbox 2109 1417 3633 1495; baseline 0.007 -26"><span class='ocrx_word' id='word_1_291' title='bbox 2109 1417 2276 1471; x_wconf 85' lang='lat' dir='ltr'>Vens.</span> <span class='ocrx_word' id='word_1_292' title='bbox 2312 1420 2396 1473; x_wconf 84' lang='grc'><strong>15.</strong></span> <span class='ocrx_word' id='word_1_293' title='bbox 2416 1449 2484 1457; x_wconf 89' lang='grc'><strong>-</strong></span> <span class='ocrx_word' id='word_1_294' title='bbox 2506 1419 2629 1474; x_wconf 88' lang='lat' dir='ltr'>Noli</span> <span class='ocrx_word' id='word_1_295' title='bbox 2659 1422 2875 1487; x_wconf 89' lang='lat' dir='ltr'>timere,</span> <span class='ocrx_word' id='word_1_296' title='bbox 2907 1422 3048 1490; x_wconf 80' lang='lat' dir='ltr'>ﬁlia.</span> <span class='ocrx_word' id='word_1_297' title='bbox 3081 1424 3142 1476; x_wconf 91' lang='lat' dir='ltr'>In</span> <span class='ocrx_word' id='word_1_298' title='bbox 3170 1425 3402 1493; x_wconf 87' lang='lat' dir='ltr'>reprobo</span> <span class='ocrx_word' id='word_1_299' title='bbox 3432 1424 3633 1495; x_wconf 92' lang='lat' dir='ltr'>populo</span> 
     </span>
    </p>
   </div>
   <div class='ocr_carea' id='block_1_45' title="bbox 2035 1503 3630 1584">
    <p class='ocr_par' dir='ltr' id='par_1_45' title="bbox 2035 1503 3630 1584">
     <span class='ocr_line' id='line_1_45' title="bbox 2035 1503 3630 1584; baseline 0.006 -26"><span class='ocrx_word' id='word_1_300' title='bbox 2035 1513 2149 1559; x_wconf 89' lang='lat' dir='ltr'>erat</span> <span class='ocrx_word' id='word_1_301' title='bbox 2170 1503 2278 1558; x_wconf 87' lang='lat' dir='ltr'>filia</span> <span class='ocrx_word' id='word_1_302' title='bbox 2307 1506 2454 1575; x_wconf 88' lang='lat' dir='ltr'>Sion,</span> <span class='ocrx_word' id='word_1_303' title='bbox 2485 1506 2536 1560; x_wconf 91' lang='lat' dir='ltr'>id</span> <span class='ocrx_word' id='word_1_304' title='bbox 2569 1515 2666 1575; x_wconf 87' lang='lat' dir='ltr'>cst,</span> <span class='ocrx_word' id='word_1_305' title='bbox 2713 1508 3035 1575; x_wconf 87' lang='lat' dir='ltr'>Jerusalem,</span> <span class='ocrx_word' id='word_1_306' title='bbox 3087 1511 3290 1566; x_wconf 89' lang='lat' dir='ltr'>scilicet</span> <span class='ocrx_word' id='word_1_307' title='bbox 3319 1528 3451 1566; x_wconf 90' lang='lat' dir='ltr'>oves</span> <span class='ocrx_word' id='word_1_308' title='bbox 3508 1530 3630 1584; x_wconf 67' lang='lat' dir='ltr'>qua:</span> 
     </span>
    </p>
   </div>
   <div class='ocr_carea' id='block_1_46' title="bbox 2033 1593 3625 1668">
    <p class='ocr_par' dir='ltr' id='par_1_46' title="bbox 2033 1593 3625 1668">
     <span class='ocr_line' id='line_1_46' title="bbox 2033 1593 3625 1668; baseline 0.005 -22"><span class='ocrx_word' id='word_1_309' title='bbox 2033 1593 2226 1648; x_wconf 88' lang='lat' dir='ltr'>devote</span> <span class='ocrx_word' id='word_1_310' title='bbox 2257 1603 2546 1648; x_wconf 89' lang='lat' dir='ltr'>occurrunt</span> <span class='ocrx_word' id='word_1_311' title='bbox 2583 1595 2839 1666; x_wconf 88' lang='lat' dir='ltr'>venienti,</span> <span class='ocrx_word' id='word_1_312' title='bbox 2881 1598 3076 1668; x_wconf 89' lang='lat' dir='ltr'>quibus</span> <span class='ocrx_word' id='word_1_313' title='bbox 3108 1599 3363 1654; x_wconf 89' lang='lat' dir='ltr'>divinitus</span> <span class='ocrx_word' id='word_1_314' title='bbox 3394 1599 3625 1654; x_wconf 88' lang='lat' dir='ltr'>dicitur:</span> 
     </span>
    </p>
   </div>
   <div class='ocr_carea' id='block_1_47' title="bbox 1962 1681 3633 1759">
    <p class='ocr_par' dir='ltr' id='par_1_47' title="bbox 1962 1681 3633 1759">
     <span class='ocr_line' id='line_1_47' title="bbox 1962 1681 3633 1759; baseline 0.004 -24"><span class='ocrx_word' id='word_1_315' title='bbox 1962 1695 2016 1754; x_wconf 84' lang='grc' dir='ltr'>Β</span> <span class='ocrx_word' id='word_1_316' title='bbox 2040 1681 2333 1753; x_wconf 85' lang='lat' dir='ltr'>Agnoscite</span> <span class='ocrx_word' id='word_1_317' title='bbox 2359 1698 2519 1753; x_wconf 89' lang='lat' dir='ltr'>quem</span> <span class='ocrx_word' id='word_1_318' title='bbox 2550 1683 2797 1749; x_wconf 87' lang='lat' dir='ltr'>laudatis,</span> <span class='ocrx_word' id='word_1_319' title='bbox 2831 1694 2882 1739; x_wconf 89' lang='lat' dir='ltr'>et</span> <span class='ocrx_word' id='word_1_320' title='bbox 2909 1702 2976 1742; x_wconf 88' lang='lat' dir='ltr'>ne</span> <span class='ocrx_word' id='word_1_321' title='bbox 3009 1687 3241 1742; x_wconf 88' lang='lat' dir='ltr'>timeatis</span> <span class='ocrx_word' id='word_1_322' title='bbox 3269 1704 3392 1743; x_wconf 91' lang='lat' dir='ltr'>cum</span> <span class='ocrx_word' id='word_1_323' title='bbox 3433 1688 3633 1759; x_wconf 91' lang='lat' dir='ltr'>patitur</span> 
     </span>
    </p>
   </div>
   <div class='ocr_carea' id='block_1_48' title="bbox 2037 1769 3630 1846">
    <p class='ocr_par' dir='ltr' id='par_1_48' title="bbox 2037 1769 3630 1846">
     <span class='ocr_line' id='line_1_48' title="bbox 2037 1769 3630 1846; baseline 0.004 -23"><span class='ocrx_word' id='word_1_324' title='bbox 2037 1769 2128 1839; x_wconf 90' lang='lat' dir='ltr'>qui</span> <span class='ocrx_word' id='word_1_325' title='bbox 2187 1779 2269 1824; x_wconf 92' lang='lat' dir='ltr'>est</span> <span class='ocrx_word' id='word_1_326' title='bbox 2323 1779 2508 1826; x_wconf 86' lang='lat' dir='ltr'>vestra</span> <span class='ocrx_word' id='word_1_327' title='bbox 2568 1773 2889 1842; x_wconf 88' lang='lat' dir='ltr'>redemptio.</span> <span class='ocrx_word' id='word_1_328' title='bbox 2953 1775 3135 1829; x_wconf 90' lang='lat' dir='ltr'>Pullus</span> <span class='ocrx_word' id='word_1_329' title='bbox 3192 1776 3244 1830; x_wconf 91' lang='lat' dir='ltr'>in</span> <span class='ocrx_word' id='word_1_330' title='bbox 3304 1792 3412 1846; x_wconf 92' lang='lat' dir='ltr'>quo</span> <span class='ocrx_word' id='word_1_331' title='bbox 3469 1791 3630 1830; x_wconf 93' lang='lat' dir='ltr'>nemo</span> 
     </span>
    </p>
   </div>
   <div class='ocr_carea' id='block_1_49' title="bbox 2035 1858 3629 1936">
    <p class='ocr_par' dir='ltr' id='par_1_49' title="bbox 2035 1858 3629 1936">
     <span class='ocr_line' id='line_1_49' title="bbox 2035 1858 3629 1936; baseline 0.005 -25"><span class='ocrx_word' id='word_1_332' title='bbox 2035 1858 2267 1926; x_wconf 89' lang='lat' dir='ltr'>sederat,</span> <span class='ocrx_word' id='word_1_333' title='bbox 2291 1859 2526 1930; x_wconf 89' lang='lat' dir='ltr'>populus</span> <span class='ocrx_word' id='word_1_334' title='bbox 2557 1868 2639 1914; x_wconf 89' lang='lat' dir='ltr'>est</span> <span class='ocrx_word' id='word_1_335' title='bbox 2668 1861 2909 1932; x_wconf 89' lang='lat' dir='ltr'>gentium</span> <span class='ocrx_word' id='word_1_336' title='bbox 2941 1863 3033 1933; x_wconf 87' lang='lat' dir='ltr'>qui</span> <span class='ocrx_word' id='word_1_337' title='bbox 3055 1864 3237 1936; x_wconf 86' lang='lat' dir='ltr'>legem</span> <span class='ocrx_word' id='word_1_338' title='bbox 3268 1865 3368 1919; x_wconf 89' lang='lat' dir='ltr'>Dei</span> <span class='ocrx_word' id='word_1_339' title='bbox 3396 1879 3504 1919; x_wconf 90' lang='lat' dir='ltr'>non</span> <span class='ocrx_word' id='word_1_340' title='bbox 3534 1880 3629 1920; x_wconf 90' lang='lat' dir='ltr'>ac-</span> 
     </span>
    </p>
   </div>
   <div class='ocr_carea' id='block_1_50' title="bbox 2035 1954 2277 2016">
    <p class='ocr_par' dir='ltr' id='par_1_50' title="bbox 2035 1954 2277 2016">
     <span class='ocr_line' id='line_1_50' title="bbox 2035 1954 2277 2016; baseline 0 -15"><span class='ocrx_word' id='word_1_341' title='bbox 2035 1954 2277 2016; x_wconf 89' lang='lat' dir='ltr'>ceperat.</span> 
     </span>
    </p>
   </div>
   <div class='ocr_carea' id='block_1_51' title="bbox 2109 2043 3630 2116">
    <p class='ocr_par' dir='ltr' id='par_1_51' title="bbox 2109 2043 3630 2116">
     <span class='ocr_line' id='line_1_51' title="bbox 2109 2043 3630 2116; baseline 0.004 -20"><span class='ocrx_word' id='word_1_342' title='bbox 2109 2043 2275 2096; x_wconf 85' lang='lat' dir='ltr'>Vens.</span> <span class='ocrx_word' id='word_1_343' title='bbox 2312 2046 2482 2098; x_wconf 80' lang='lat' dir='ltr'>t9.-</span> <span class='ocrx_word' id='word_1_344' title='bbox 2511 2046 2649 2100; x_wconf 87' lang='lat' dir='ltr'>Ecce</span> <span class='ocrx_word' id='word_1_345' title='bbox 2681 2048 2849 2100; x_wconf 87' lang='lat' dir='ltr'>totus.</span> <span class='ocrx_word' id='word_1_346' title='bbox 2884 2046 2988 2100; x_wconf 89' lang='lat' dir='ltr'>Per</span> <span class='ocrx_word' id='word_1_347' title='bbox 3018 2047 3328 2116; x_wconf 88' lang='lat' dir='ltr'>passionem</span> <span class='ocrx_word' id='word_1_348' title='bbox 3368 2055 3420 2102; x_wconf 89' lang='lat' dir='ltr'>et</span> <span class='ocrx_word' id='word_1_349' title='bbox 3449 2064 3630 2103; x_wconf 85' lang='lat' dir='ltr'>resur-</span> 
     </span>
    </p>
   </div>
   <div class='ocr_carea' id='block_1_52' title="bbox 2034 2130 3630 2210">
    <p class='ocr_par' dir='ltr' id='par_1_52' title="bbox 2034 2130 3630 2210">
     <span class='ocr_line' id='line_1_52' title="bbox 2034 2130 3630 2210; baseline 0.004 -27"><span class='ocrx_word' id='word_1_350' title='bbox 2034 2130 2328 2185; x_wconf 87' lang='lat' dir='ltr'>rectionem</span> <span class='ocrx_word' id='word_1_351' title='bbox 2370 2139 2537 2185; x_wconf 90' lang='lat' dir='ltr'>totum</span> <span class='ocrx_word' id='word_1_352' title='bbox 2568 2133 2827 2186; x_wconf 90' lang='lat' dir='ltr'>mundum</span> <span class='ocrx_word' id='word_1_353' title='bbox 2878 2134 3124 2200; x_wconf 88' lang='lat' dir='ltr'>redemit,</span> <span class='ocrx_word' id='word_1_354' title='bbox 3185 2142 3238 2189; x_wconf 93' lang='lat' dir='ltr'>et</span> <span class='ocrx_word' id='word_1_355' title='bbox 3295 2144 3511 2210; x_wconf 72' lang='lat' dir='ltr'>secptus</span> <span class='ocrx_word' id='word_1_356' title='bbox 3547 2145 3630 2191; x_wconf 88' lang='lat' dir='ltr'>est</span> 
     </span>
    </p>
   </div>
   <div class='ocr_carea' id='block_1_53' title="bbox 2034 2219 3631 2296">
    <p class='ocr_par' dir='ltr' id='par_1_53' title="bbox 2034 2219 3631 2296">
     <span class='ocr_line' id='line_1_53' title="bbox 2034 2219 3631 2296; baseline 0.004 -24"><span class='ocrx_word' id='word_1_357' title='bbox 2034 2233 2178 2272; x_wconf 91' lang='lat' dir='ltr'>eum.</span> <span class='ocrx_word' id='word_1_358' title='bbox 2211 2220 2278 2272; x_wconf 90' lang='lat' dir='ltr'>Et</span> <span class='ocrx_word' id='word_1_359' title='bbox 2307 2219 2434 2289; x_wconf 91' lang='lat' dir='ltr'>quid</span> <span class='ocrx_word' id='word_1_360' title='bbox 2465 2219 2659 2274; x_wconf 88' lang='lat' dir='ltr'>mirum</span> <span class='ocrx_word' id='word_1_361' title='bbox 2691 2220 2736 2274; x_wconf 91' lang='lat' dir='ltr'>si</span> <span class='ocrx_word' id='word_1_362' title='bbox 2768 2222 3000 2278; x_wconf 90' lang='lat' dir='ltr'>mundus</span> <span class='ocrx_word' id='word_1_363' title='bbox 3029 2230 3154 2295; x_wconf 87' lang='lat' dir='ltr'>post</span> <span class='ocrx_word' id='word_1_364' title='bbox 3183 2239 3307 2277; x_wconf 88' lang='lat' dir='ltr'>eum</span> <span class='ocrx_word' id='word_1_365' title='bbox 3352 2223 3497 2279; x_wconf 89' lang='lat' dir='ltr'>vadit</span> <span class='ocrx_word' id='word_1_366' title='bbox 3532 2240 3631 2296; x_wconf 89' lang='lat' dir='ltr'>per</span> 
     </span>
    </p>
   </div>
   <div class='ocr_carea' id='block_1_54' title="bbox 2035 2304 2833 2376">
    <p class='ocr_par' dir='ltr' id='par_1_54' title="bbox 2035 2304 2833 2376">
     <span class='ocr_line' id='line_1_54' title="bbox 2035 2304 2833 2376; baseline 0.005 -18"><span class='ocrx_word' id='word_1_367' title='bbox 2035 2321 2194 2376; x_wconf 88' lang='lat' dir='ltr'>quem</span> <span class='ocrx_word' id='word_1_368' title='bbox 2225 2304 2399 2360; x_wconf 89' lang='lat' dir='ltr'>factus</span> <span class='ocrx_word' id='word_1_369' title='bbox 2429 2315 2510 2362; x_wconf 90' lang='lat' dir='ltr'>est</span> <span class='ocrx_word' id='word_1_370' title='bbox 2541 2308 2776 2362; x_wconf 90' lang='lat' dir='ltr'>mundus</span> <span class='ocrx_word' id='word_1_371' title='bbox 2805 2309 2833 2362; x_wconf 80' lang='lat'><strong>?</strong></span> 
     </span>
    </p>
   </div>
   <div class='ocr_carea' id='block_1_55' title="bbox 2107 2421 3622 2498">
    <p class='ocr_par' dir='ltr' id='par_1_55' title="bbox 2107 2421 3622 2498">
     <span class='ocr_line' id='line_1_55' title="bbox 2107 2421 3622 2498; baseline 0.005 -24"><span class='ocrx_word' id='word_1_372' title='bbox 2107 2421 2273 2475; x_wconf 87' lang='lat' dir='ltr'>Vens.</span> <span class='ocrx_word' id='word_1_373' title='bbox 2297 2424 2386 2477; x_wconf 78' lang='lat' dir='ltr'>2t.</span> <span class='ocrx_word' id='word_1_374' title='bbox 2417 2452 2487 2461; x_wconf 97' lang='lat'>—</span> <span class='ocrx_word' id='word_1_375' title='bbox 2515 2423 2583 2477; x_wconf 86' lang='lat' dir='ltr'>Hi</span> <span class='ocrx_word' id='word_1_376' title='bbox 2613 2437 2741 2494; x_wconf 89' lang='lat' dir='ltr'>ergo</span> <span class='ocrx_word' id='word_1_377' title='bbox 2770 2429 3150 2480; x_wconf 86' lang='lat' dir='ltr'>accesserunt.</span> <span class='ocrx_word' id='word_1_378' title='bbox 3198 2425 3448 2480; x_wconf 86' lang='lat' dir='ltr'>Ostendit</span> <span class='ocrx_word' id='word_1_379' title='bbox 3480 2441 3622 2498; x_wconf 88' lang='lat' dir='ltr'>gen-</span> 
     </span>
    </p>
   </div>
   <div class='ocr_carea' id='block_1_56' title="bbox 2032 2509 3468 2581">
    <p class='ocr_par' dir='ltr' id='par_1_56' title="bbox 2032 2509 3468 2581">
     <span class='ocr_line' id='line_1_56' title="bbox 2032 2509 3468 2581; baseline 0.005 -20"><span class='ocrx_word' id='word_1_380' title='bbox 2032 2515 2115 2563; x_wconf 89' lang='lat' dir='ltr'>tes</span> <span class='ocrx_word' id='word_1_381' title='bbox 2146 2524 2243 2578; x_wconf 89' lang='lat' dir='ltr'>per</span> <span class='ocrx_word' id='word_1_382' title='bbox 2271 2509 2714 2579; x_wconf 69' lang='lat' dir='ltr'>praedicationem</span> <span class='ocrx_word' id='word_1_383' title='bbox 2751 2511 3121 2581; x_wconf 90' lang='lat' dir='ltr'>apostolorum</span> <span class='ocrx_word' id='word_1_384' title='bbox 3151 2528 3468 2569; x_wconf 87' lang='lat' dir='ltr'>conversas.</span> 
     </span>
    </p>
   </div>
   <div class='ocr_carea' id='block_1_57' title="bbox 2103 2623 3624 2697">
    <p class='ocr_par' dir='ltr' id='par_1_57' title="bbox 2103 2623 3624 2697">
     <span class='ocr_line' id='line_1_57' title="bbox 2103 2623 3624 2697; baseline 0.002 -20"><span class='ocrx_word' id='word_1_385' title='bbox 2103 2623 2273 2677; x_wconf 85' lang='lat' dir='ltr'>Vens.</span> <span class='ocrx_word' id='word_1_386' title='bbox 2306 2626 2393 2679; x_wconf 89' lang='grc'><strong>23.</strong></span> <span class='ocrx_word' id='word_1_387' title='bbox 2426 2653 2495 2662; x_wconf 92' lang='grc'><strong><em>-</em></strong></span> <span class='ocrx_word' id='word_1_388' title='bbox 2524 2625 2682 2679; x_wconf 79' lang='lat' dir='ltr'>Iesus</span> <span class='ocrx_word' id='word_1_389' title='bbox 2724 2629 2935 2680; x_wconf 87' lang='lat' dir='ltr'>autem.</span> <span class='ocrx_word' id='word_1_390' title='bbox 2979 2627 3058 2680; x_wconf 91' lang='lat' dir='ltr'>De</span> <span class='ocrx_word' id='word_1_391' title='bbox 3086 2626 3288 2682; x_wconf 63' lang='lat' dir='ltr'>Iudaeis</span> <span class='ocrx_word' id='word_1_392' title='bbox 3326 2635 3498 2694; x_wconf 89' lang='lat' dir='ltr'>erant,</span> <span class='ocrx_word' id='word_1_393' title='bbox 3532 2626 3624 2697; x_wconf 89' lang='lat' dir='ltr'>qui</span> 
     </span>
    </p>
   </div>
   <div class='ocr_carea' id='block_1_58' title="bbox 2033 2710 3622 2785">
    <p class='ocr_par' dir='ltr' id='par_1_58' title="bbox 2033 2710 3622 2785">
     <span class='ocr_line' id='line_1_58' title="bbox 2033 2710 3622 2785; baseline 0.003 -19"><span class='ocrx_word' id='word_1_394' title='bbox 2033 2710 2336 2766; x_wconf 89' lang='lat' dir='ltr'>clamabant</span> <span class='ocrx_word' id='word_1_395' title='bbox 2359 2728 2371 2764; x_wconf 93' lang='lat'><strong>:</strong></span> <span class='ocrx_word' id='word_1_396' title='bbox 2397 2713 2727 2767; x_wconf 82' lang='lat' dir='ltr'>Benedictus</span> <span class='ocrx_word' id='word_1_397' title='bbox 2747 2715 2842 2785; x_wconf 87' lang='lat' dir='ltr'>qui</span> <span class='ocrx_word' id='word_1_398' title='bbox 2860 2715 3014 2774; x_wconf 78' lang='lat' dir='ltr'>venit</span> <span class='ocrx_word' id='word_1_399' title='bbox 3030 2713 3094 2770; x_wconf 84' lang='lat' dir='ltr'>in</span> <span class='ocrx_word' id='word_1_400' title='bbox 3113 2716 3342 2771; x_wconf 81' lang='lat' dir='ltr'>nomine</span> <span class='ocrx_word' id='word_1_401' title='bbox 3363 2715 3622 2779; x_wconf 84' lang='lat' dir='ltr'>Domini;</span> 
     </span>
    </p>
   </div>
   <div class='ocr_carea' id='block_1_59' title="bbox 2032 2798 3626 2872">
    <p class='ocr_par' dir='ltr' id='par_1_59' title="bbox 2032 2798 3626 2872">
     <span class='ocr_line' id='line_1_59' title="bbox 2032 2798 3626 2872; baseline 0.003 -20"><span class='ocrx_word' id='word_1_402' title='bbox 2032 2798 2195 2853; x_wconf 91' lang='lat' dir='ltr'>modo</span> <span class='ocrx_word' id='word_1_403' title='bbox 2227 2799 2459 2871; x_wconf 90' lang='lat' dir='ltr'>gentiles</span> <span class='ocrx_word' id='word_1_404' title='bbox 2498 2809 2745 2870; x_wconf 68' lang='lat' dir='ltr'>quaerunt</span> <span class='ocrx_word' id='word_1_405' title='bbox 2789 2801 2995 2869; x_wconf 91' lang='lat' dir='ltr'>videre,</span> <span class='ocrx_word' id='word_1_406' title='bbox 3057 2817 3184 2858; x_wconf 90' lang='lat' dir='ltr'>ecce</span> <span class='ocrx_word' id='word_1_407' title='bbox 3243 2803 3350 2857; x_wconf 90' lang='lat' dir='ltr'>duo</span> <span class='ocrx_word' id='word_1_408' title='bbox 3389 2802 3626 2872; x_wconf 86' lang='lat' dir='ltr'>parietes</span> 
     </span>
    </p>
   </div>
   <div class='ocr_carea' id='block_1_60' title="bbox 2031 2887 3629 2961">
    <p class='ocr_par' dir='ltr' id='par_1_60' title="bbox 2031 2887 3629 2961">
     <span class='ocr_line' id='line_1_60' title="bbox 2031 2887 3629 2961; baseline 0.002 -19"><span class='ocrx_word' id='word_1_409' title='bbox 2031 2895 2432 2942; x_wconf 88' lang='lat' dir='ltr'>concurrentes.</span> <span class='ocrx_word' id='word_1_410' title='bbox 2469 2887 2609 2943; x_wconf 88' lang='lat' dir='ltr'>Dicit</span> <span class='ocrx_word' id='word_1_411' title='bbox 2629 2887 2809 2960; x_wconf 88' lang='lat' dir='ltr'>itaque</span> <span class='ocrx_word' id='word_1_412' title='bbox 2832 2889 3103 2961; x_wconf 86' lang='lat' dir='ltr'>angularis</span> <span class='ocrx_word' id='word_1_413' title='bbox 3123 2890 3279 2960; x_wconf 90' lang='lat' dir='ltr'>lapis.</span> <span class='ocrx_word' id='word_1_414' title='bbox 3315 2891 3471 2947; x_wconf 87' lang='lat' dir='ltr'>Venit</span> <span class='ocrx_word' id='word_1_415' title='bbox 3491 2892 3629 2946; x_wconf 88' lang='lat' dir='ltr'>hora</span> 
     </span>
    </p>
   </div>
   <div class='ocr_carea' id='block_1_61' title="bbox 2033 2975 3625 3044">
    <p class='ocr_par' dir='ltr' id='par_1_61' title="bbox 2033 2975 3625 3044">
     <span class='ocr_line' id='line_1_61' title="bbox 2033 2975 3625 3044; baseline 0.002 -15"><span class='ocrx_word' id='word_1_416' title='bbox 2033 2979 2100 3030; x_wconf 85' lang='lat' dir='ltr'>ut</span> <span class='ocrx_word' id='word_1_417' title='bbox 2128 2975 2494 3044; x_wconf 85' lang='lat' dir='ltr'>clariﬁcetur.</span> <span class='ocrx_word' id='word_1_418' title='bbox 2527 2976 2654 3031; x_wconf 65' lang='lat' dir='ltr'>Haec</span> <span class='ocrx_word' id='word_1_419' title='bbox 2679 2992 2788 3031; x_wconf 91' lang='lat' dir='ltr'>non</span> <span class='ocrx_word' id='word_1_420' title='bbox 2817 2985 2898 3031; x_wconf 89' lang='lat' dir='ltr'>est</span> <span class='ocrx_word' id='word_1_421' title='bbox 2935 2976 3248 3032; x_wconf 85' lang='lat' dir='ltr'>clarificatio</span> <span class='ocrx_word' id='word_1_422' title='bbox 3279 2978 3346 3032; x_wconf 90' lang='lat' dir='ltr'>de</span> <span class='ocrx_word' id='word_1_423' title='bbox 3374 2978 3494 3032; x_wconf 89' lang='lat' dir='ltr'>istis</span> <span class='ocrx_word' id='word_1_424' title='bbox 3524 2993 3625 3033; x_wconf 90' lang='lat' dir='ltr'>vo-</span> 
     </span>
    </p>
   </div>
   <div class='ocr_carea' id='block_1_62' title="bbox 332 3044 3629 3149">
    <p class='ocr_par' dir='ltr' id='par_1_62' title="bbox 332 3044 3629 3149">
     <span class='ocr_line' id='line_1_62' title="bbox 332 3044 3629 3149; baseline 0.003 -44"><span class='ocrx_word' id='word_1_425' title='bbox 332 3078 497 3133; x_wconf 64' lang='lat' dir='ltr'>malus</span> <span class='ocrx_word' id='word_1_426' title='bbox 525 3044 889 3134; x_wconf 23' lang='grc' dir='ltr'>ιέωίεέιίίηίέι.</span> <span class='ocrx_word' id='word_1_427' title='bbox 926 3044 1223 3149; x_wconf 44' lang='grc' dir='ltr'>δρὸέιοίὸέ</span> <span class='ocrx_word' id='word_1_428' title='bbox 1729 3044 1928 3134; x_wconf 48' lang='grc' dir='ltr'>ἁδέαι,</span> <span class='ocrx_word' id='word_1_429' title='bbox 1955 3044 2004 3107; x_wconf 86' lang='lat' dir='ltr'>C</span> <span class='ocrx_word' id='word_1_430' title='bbox 2026 3058 2262 3113; x_wconf 89' lang='lat' dir='ltr'>lentibus</span> <span class='ocrx_word' id='word_1_431' title='bbox 2292 3059 2496 3127; x_wconf 90' lang='lat' dir='ltr'>videre,</span> <span class='ocrx_word' id='word_1_432' title='bbox 2527 3061 2624 3114; x_wconf 92' lang='lat' dir='ltr'>sed</span> <span class='ocrx_word' id='word_1_433' title='bbox 2656 3060 2942 3116; x_wconf 90' lang='lat' dir='ltr'>occasione</span> <span class='ocrx_word' id='word_1_434' title='bbox 2960 3062 3151 3116; x_wconf 90' lang='lat' dir='ltr'>horum</span> <span class='ocrx_word' id='word_1_435' title='bbox 3183 3062 3468 3117; x_wconf 90' lang='lat' dir='ltr'>annuntiat</span> <span class='ocrx_word' id='word_1_436' title='bbox 3493 3077 3629 3117; x_wconf 90' lang='lat' dir='ltr'>ven-</span> 
     </span>
    </p>
   </div>
   <div class='ocr_carea' id='block_1_63' title="bbox 332 3167 1923 3238">
    <p class='ocr_par' dir='ltr' id='par_1_63' title="bbox 332 3167 1923 3238">
     <span class='ocr_line' id='line_1_63' title="bbox 332 3167 1923 3238; baseline 0.001 -18"><span class='ocrx_word' id='word_1_437' title='bbox 332 3182 461 3232; x_wconf 90' lang='lat' dir='ltr'>mur,</span> <span class='ocrx_word' id='word_1_438' title='bbox 491 3168 674 3222; x_wconf 88' lang='lat' dir='ltr'>malos</span> <span class='ocrx_word' id='word_1_439' title='bbox 705 3167 955 3232; x_wconf 87' lang='lat' dir='ltr'>tolerare,</span> <span class='ocrx_word' id='word_1_440' title='bbox 989 3184 1056 3222; x_wconf 91' lang='lat' dir='ltr'>ne</span> <span class='ocrx_word' id='word_1_441' title='bbox 1100 3184 1298 3238; x_wconf 88' lang='lat' dir='ltr'>corpus</span> <span class='ocrx_word' id='word_1_442' title='bbox 1342 3167 1540 3223; x_wconf 88' lang='lat' dir='ltr'>Christi</span> <span class='ocrx_word' id='word_1_443' title='bbox 1595 3167 1923 3234; x_wconf 86' lang='lat' dir='ltr'>dividamus,</span> 
     </span>
    </p>
   </div>
   <div class='ocr_carea' id='block_1_64' title="bbox 335 3255 1144 3326">
    <p class='ocr_par' dir='ltr' id='par_1_64' title="bbox 335 3255 1144 3326">
     <span class='ocr_line' id='line_1_64' title="bbox 335 3255 1144 3326; baseline 0.001 -17"><span class='ocrx_word' id='word_1_444' title='bbox 335 3263 384 3309; x_wconf 90' lang='lat' dir='ltr'>et</span> <span class='ocrx_word' id='word_1_445' title='bbox 411 3255 580 3312; x_wconf 88' lang='lat' dir='ltr'>malos</span> <span class='ocrx_word' id='word_1_446' title='bbox 613 3255 773 3309; x_wconf 90' lang='lat' dir='ltr'>bonis</span> <span class='ocrx_word' id='word_1_447' title='bbox 803 3255 1144 3326; x_wconf 50' lang='lat' dir='ltr'>nonIobesse.</span> 
     </span>
    </p>
   </div>
   <div class='ocr_carea' id='block_1_65' title="bbox 401 3342 1925 3416">
    <p class='ocr_par' dir='ltr' id='par_1_65' title="bbox 401 3342 1925 3416">
     <span class='ocr_line' id='line_1_65' title="bbox 401 3342 1925 3416; baseline 0.001 -20"><span class='ocrx_word' id='word_1_448' title='bbox 401 3343 564 3398; x_wconf 84' lang='lat' dir='ltr'>Vens.</span> <span class='ocrx_word' id='word_1_449' title='bbox 599 3347 653 3398; x_wconf 89' lang='lat'>6.</span> <span class='ocrx_word' id='word_1_450' title='bbox 689 3373 759 3383; x_wconf 94' lang='lat'><strong>—</strong></span> <span class='ocrx_word' id='word_1_451' title='bbox 788 3345 907 3400; x_wconf 86' lang='lat' dir='ltr'>Non</span> <span class='ocrx_word' id='word_1_452' title='bbox 937 3347 1087 3416; x_wconf 87' lang='lat' dir='ltr'>quia,</span> <span class='ocrx_word' id='word_1_453' title='bbox 1119 3352 1222 3398; x_wconf 89' lang='lat' dir='ltr'>etc.</span> <span class='ocrx_word' id='word_1_454' title='bbox 1266 3342 1542 3411; x_wconf 89' lang='lat' dir='ltr'>Quantum</span> <span class='ocrx_word' id='word_1_455' title='bbox 1571 3344 1642 3399; x_wconf 91' lang='lat' dir='ltr'>ad</span> <span class='ocrx_word' id='word_1_456' title='bbox 1674 3360 1824 3399; x_wconf 90' lang='lat' dir='ltr'>suam</span> <span class='ocrx_word' id='word_1_457' title='bbox 1845 3343 1925 3398; x_wconf 92' lang='lat' dir='ltr'>in-</span> 
     </span>
    </p>
   </div>
   <div class='ocr_carea' id='block_1_66' title="bbox 335 3431 1927 3505">
    <p class='ocr_par' dir='ltr' id='par_1_66' title="bbox 335 3431 1927 3505">
     <span class='ocr_line' id='line_1_66' title="bbox 335 3431 1927 3505; baseline 0.002 -21"><span class='ocrx_word' id='word_1_458' title='bbox 335 3431 620 3486; x_wconf 89' lang='lat' dir='ltr'>tentionem</span> <span class='ocrx_word' id='word_1_459' title='bbox 651 3431 722 3485; x_wconf 89' lang='lat' dir='ltr'>ad</span> <span class='ocrx_word' id='word_1_460' title='bbox 749 3447 872 3485; x_wconf 89' lang='lat' dir='ltr'>eum</span> <span class='ocrx_word' id='word_1_461' title='bbox 921 3447 1028 3487; x_wconf 90' lang='lat' dir='ltr'>non</span> <span class='ocrx_word' id='word_1_462' title='bbox 1075 3432 1380 3502; x_wconf 88' lang='lat' dir='ltr'>pertinebat</span> <span class='ocrx_word' id='word_1_463' title='bbox 1427 3433 1496 3487; x_wconf 92' lang='lat' dir='ltr'>de</span> <span class='ocrx_word' id='word_1_464' title='bbox 1541 3431 1750 3505; x_wconf 84' lang='lat' dir='ltr'>egenis,</span> <span class='ocrx_word' id='word_1_465' title='bbox 1799 3431 1927 3504; x_wconf 89' lang='lat' dir='ltr'>quia</span> 
     </span>
    </p>
   </div>
   <div class='ocr_carea' id='block_1_67' title="bbox 337 3519 1926 3592">
    <p class='ocr_par' dir='ltr' id='par_1_67' title="bbox 337 3519 1926 3592">
     <span class='ocr_line' id='line_1_67' title="bbox 337 3519 1926 3592; baseline 0.001 -20"><span class='ocrx_word' id='word_1_466' title='bbox 337 3534 434 3574; x_wconf 88' lang='lat' dir='ltr'>non</span> <span class='ocrx_word' id='word_1_467' title='bbox 471 3521 702 3575; x_wconf 90' lang='lat' dir='ltr'>curabat</span> <span class='ocrx_word' id='word_1_468' title='bbox 731 3520 800 3574; x_wconf 90' lang='lat' dir='ltr'>de</span> <span class='ocrx_word' id='word_1_469' title='bbox 831 3519 983 3590; x_wconf 90' lang='lat' dir='ltr'>ipsis,</span> <span class='ocrx_word' id='word_1_470' title='bbox 1018 3535 1127 3574; x_wconf 89' lang='lat' dir='ltr'>non</span> <span class='ocrx_word' id='word_1_471' title='bbox 1154 3520 1281 3592; x_wconf 86' lang='lat' dir='ltr'>quia</span> <span class='ocrx_word' id='word_1_472' title='bbox 1310 3519 1661 3575; x_wconf 90' lang='lat' dir='ltr'>commissum</span> <span class='ocrx_word' id='word_1_473' title='bbox 1705 3527 1847 3575; x_wconf 90' lang='lat' dir='ltr'>esset</span> <span class='ocrx_word' id='word_1_474' title='bbox 1877 3521 1926 3574; x_wconf 90' lang='lat' dir='ltr'>ei</span> 
     </span>
    </p>
   </div>
   <div class='ocr_carea' id='block_1_68' title="bbox 338 3606 1029 3678">
    <p class='ocr_par' dir='ltr' id='par_1_68' title="bbox 338 3606 1029 3678">
     <span class='ocr_line' id='line_1_68' title="bbox 338 3606 1029 3678; baseline 0.004 -18"><span class='ocrx_word' id='word_1_475' title='bbox 338 3606 642 3678; x_wconf 86' lang='lat' dir='ltr'>dispensare</span> <span class='ocrx_word' id='word_1_476' title='bbox 681 3609 1029 3678; x_wconf 88' lang='lat' dir='ltr'>pauperibus.</span> 
     </span>
    </p>
   </div>
   <div class='ocr_carea' id='block_1_69' title="bbox 399 3695 1923 3769">
    <p class='ocr_par' dir='ltr' id='par_1_69' title="bbox 399 3695 1923 3769">
     <span class='ocr_line' id='line_1_69' title="bbox 399 3695 1923 3769; baseline -0.003 -16"><span class='ocrx_word' id='word_1_477' title='bbox 399 3699 623 3754; x_wconf 88' lang='lat' dir='ltr'>Locutos</span> <span class='ocrx_word' id='word_1_478' title='bbox 658 3698 886 3760; x_wconf 84' lang='lat' dir='ltr'>habens,</span> <span class='ocrx_word' id='word_1_479' title='bbox 921 3706 1021 3751; x_wconf 91' lang='lat' dir='ltr'>etc.</span> <span class='ocrx_word' id='word_1_480' title='bbox 1044 3697 1137 3751; x_wconf 90' lang='lat' dir='ltr'>Cui</span> <span class='ocrx_word' id='word_1_481' title='bbox 1156 3697 1461 3750; x_wconf 90' lang='lat' dir='ltr'>ministrant</span> <span class='ocrx_word' id='word_1_482' title='bbox 1491 3696 1693 3769; x_wconf 87' lang='lat' dir='ltr'>angeli,</span> <span class='ocrx_word' id='word_1_483' title='bbox 1717 3695 1923 3750; x_wconf 89' lang='lat' dir='ltr'>loculos</span> 
     </span>
    </p>
   </div>
   <div class='ocr_carea' id='block_1_70' title="bbox 338 3783 1918 3855">
    <p class='ocr_par' dir='ltr' id='par_1_70' title="bbox 338 3783 1918 3855">
     <span class='ocr_line' id='line_1_70' title="bbox 338 3783 1918 3855; baseline -0.001 -17"><span class='ocrx_word' id='word_1_484' title='bbox 338 3786 488 3841; x_wconf 89' lang='lat' dir='ltr'>habet</span> <span class='ocrx_word' id='word_1_485' title='bbox 517 3786 573 3839; x_wconf 90' lang='lat' dir='ltr'>in</span> <span class='ocrx_word' id='word_1_486' title='bbox 602 3794 852 3854; x_wconf 90' lang='lat' dir='ltr'>sumptus</span> <span class='ocrx_word' id='word_1_487' title='bbox 873 3801 1189 3855; x_wconf 90' lang='lat' dir='ltr'>pauperum,</span> <span class='ocrx_word' id='word_1_488' title='bbox 1212 3785 1655 3840; x_wconf 87' lang='lat' dir='ltr'>condescendens</span> <span class='ocrx_word' id='word_1_489' title='bbox 1671 3783 1918 3837; x_wconf 87' lang='lat' dir='ltr'>infirmis.</span> 
     </span>
    </p>
   </div>
   <div class='ocr_carea' id='block_1_71' title="bbox 403 3871 1923 3937">
    <p class='ocr_par' dir='ltr' id='par_1_71' title="bbox 403 3871 1923 3937">
     <span class='ocr_line' id='line_1_71' title="bbox 403 3871 1923 3937; baseline -0.001 -11"><span class='ocrx_word' id='word_1_490' title='bbox 403 3873 568 3926; x_wconf 84' lang='lat' dir='ltr'>Vens.</span> <span class='ocrx_word' id='word_1_491' title='bbox 604 3876 659 3926; x_wconf 87' lang='lat'>7.</span> <span class='ocrx_word' id='word_1_492' title='bbox 696 3903 763 3911; x_wconf 91' lang='lat'><strong><em>—</em></strong></span> <span class='ocrx_word' id='word_1_493' title='bbox 799 3873 980 3927; x_wconf 82' lang='lat' dir='ltr'>Sinite</span> <span class='ocrx_word' id='word_1_494' title='bbox 1020 3874 1203 3926; x_wconf 87' lang='lat' dir='ltr'>illam.</span> <span class='ocrx_word' id='word_1_495' title='bbox 1237 3873 1398 3927; x_wconf 90' lang='lat' dir='ltr'>Novit</span> <span class='ocrx_word' id='word_1_496' title='bbox 1425 3871 1618 3937; x_wconf 90' lang='lat' dir='ltr'>furem,</span> <span class='ocrx_word' id='word_1_497' title='bbox 1679 3872 1776 3926; x_wconf 91' lang='lat' dir='ltr'>sed</span> <span class='ocrx_word' id='word_1_498' title='bbox 1815 3887 1923 3926; x_wconf 89' lang='lat' dir='ltr'>non</span> 
     </span>
    </p>
   </div>
   <div class='ocr_carea' id='block_1_72' title="bbox 335 3960 1923 4031">
    <p class='ocr_par' dir='ltr' id='par_1_72' title="bbox 335 3960 1923 4031">
     <span class='ocr_line' id='line_1_72' title="bbox 335 3960 1923 4031; baseline 0 -17"><span class='ocrx_word' id='word_1_499' title='bbox 335 3962 522 4031; x_wconf 89' lang='lat' dir='ltr'>prodit,</span> <span class='ocrx_word' id='word_1_500' title='bbox 567 3962 778 4016; x_wconf 84' lang='lat' dir='ltr'>docens</span> <span class='ocrx_word' id='word_1_501' title='bbox 824 3961 1057 4016; x_wconf 87' lang='lat' dir='ltr'>tolerare</span> <span class='ocrx_word' id='word_1_502' title='bbox 1085 3961 1278 4015; x_wconf 90' lang='lat' dir='ltr'>malos.</span> <span class='ocrx_word' id='word_1_503' title='bbox 1327 3961 1555 4015; x_wconf 90' lang='lat' dir='ltr'>Tantum</span> <span class='ocrx_word' id='word_1_504' title='bbox 1600 3960 1923 4031; x_wconf 89' lang='lat' dir='ltr'>obsequium</span> 
     </span>
    </p>
   </div>
   <div class='ocr_carea' id='block_1_73' title="bbox 341 4048 1920 4120">
    <p class='ocr_par' dir='ltr' id='par_1_73' title="bbox 341 4048 1920 4120">
     <span class='ocr_line' id='line_1_73' title="bbox 341 4048 1920 4120; baseline 0.001 -19"><span class='ocrx_word' id='word_1_505' title='bbox 341 4048 516 4103; x_wconf 77' lang='lat' dir='ltr'>Mariae</span> <span class='ocrx_word' id='word_1_506' title='bbox 547 4049 913 4115; x_wconf 86' lang='lat' dir='ltr'>commendat,</span> <span class='ocrx_word' id='word_1_507' title='bbox 956 4049 1250 4103; x_wconf 89' lang='lat' dir='ltr'>ostendens</span> <span class='ocrx_word' id='word_1_508' title='bbox 1279 4049 1422 4120; x_wconf 90' lang='lat' dir='ltr'>quod</span> <span class='ocrx_word' id='word_1_509' title='bbox 1445 4064 1566 4103; x_wconf 87' lang='lat' dir='ltr'>esse</span> <span class='ocrx_word' id='word_1_510' title='bbox 1603 4048 1920 4114; x_wconf 91' lang='lat' dir='ltr'>moriturus,</span> 
     </span>
    </p>
   </div>
   <div class='ocr_carea' id='block_1_74' title="bbox 339 4136 1924 4208">
    <p class='ocr_par' dir='ltr' id='par_1_74' title="bbox 339 4136 1924 4208">
     <span class='ocr_line' id='line_1_74' title="bbox 339 4136 1924 4208; baseline -0.001 -17"><span class='ocrx_word' id='word_1_511' title='bbox 339 4145 387 4191; x_wconf 86' lang='lat' dir='ltr'>et</span> <span class='ocrx_word' id='word_1_512' title='bbox 405 4137 472 4191; x_wconf 89' lang='lat' dir='ltr'>ad</span> <span class='ocrx_word' id='word_1_513' title='bbox 499 4136 877 4207; x_wconf 91' lang='lat' dir='ltr'>sepeliendum</span> <span class='ocrx_word' id='word_1_514' title='bbox 898 4137 1231 4192; x_wconf 88' lang='lat' dir='ltr'>aromatibus</span> <span class='ocrx_word' id='word_1_515' title='bbox 1257 4137 1562 4208; x_wconf 90' lang='lat' dir='ltr'>ungendus.</span> <span class='ocrx_word' id='word_1_516' title='bbox 1589 4137 1714 4191; x_wconf 90' lang='lat' dir='ltr'>Ideo</span> <span class='ocrx_word' id='word_1_517' title='bbox 1739 4136 1924 4190; x_wconf 86' lang='lat' dir='ltr'>Mariae</span> 
     </span>
    </p>
   </div>
   <div class='ocr_carea' id='block_1_75' title="bbox 339 4224 1923 4295">
    <p class='ocr_par' dir='ltr' id='par_1_75' title="bbox 339 4224 1923 4295">
     <span class='ocr_line' id='line_1_75' title="bbox 339 4224 1923 4295; baseline -0.001 -16"><span class='ocrx_word' id='word_1_518' title='bbox 339 4225 417 4279; x_wconf 88' lang='lat' dir='ltr'>cui</span> <span class='ocrx_word' id='word_1_519' title='bbox 446 4241 552 4280; x_wconf 92' lang='lat' dir='ltr'>non</span> <span class='ocrx_word' id='word_1_520' title='bbox 579 4225 734 4280; x_wconf 88' lang='lat' dir='ltr'>licuit</span> <span class='ocrx_word' id='word_1_521' title='bbox 763 4232 1032 4279; x_wconf 91' lang='lat' dir='ltr'>mortuum</span> <span class='ocrx_word' id='word_1_522' title='bbox 1063 4241 1288 4295; x_wconf 88' lang='lat' dir='ltr'>ungere,</span> <span class='ocrx_word' id='word_1_523' title='bbox 1322 4226 1505 4279; x_wconf 91' lang='lat' dir='ltr'>datum</span> <span class='ocrx_word' id='word_1_524' title='bbox 1533 4233 1616 4280; x_wconf 89' lang='lat' dir='ltr'>est</span> <span class='ocrx_word' id='word_1_525' title='bbox 1652 4224 1923 4279; x_wconf 88' lang='lat' dir='ltr'>viventem</span> 
     </span>
    </p>
   </div>
   <div class='ocr_carea' id='block_1_76' title="bbox 339 4311 1924 4380">
    <p class='ocr_par' dir='ltr' id='par_1_76' title="bbox 339 4311 1924 4380">
     <span class='ocr_line' id='line_1_76' title="bbox 339 4311 1924 4380; baseline 0 -14"><span class='ocrx_word' id='word_1_526' title='bbox 339 4311 499 4367; x_wconf 80' lang='lat' dir='ltr'>officio</span> <span class='ocrx_word' id='word_1_527' title='bbox 530 4313 760 4368; x_wconf 90' lang='lat' dir='ltr'>fumeris</span> <span class='ocrx_word' id='word_1_528' title='bbox 787 4313 1012 4380; x_wconf 88' lang='lat' dir='ltr'>donare,</span> <span class='ocrx_word' id='word_1_529' title='bbox 1043 4313 1186 4367; x_wconf 92' lang='lat' dir='ltr'>unde</span> <span class='ocrx_word' id='word_1_530' title='bbox 1207 4314 1505 4368; x_wconf 90' lang='lat' dir='ltr'>secundum</span> <span class='ocrx_word' id='word_1_531' title='bbox 1525 4314 1768 4368; x_wconf 87' lang='lat' dir='ltr'>Marcum</span> <span class='ocrx_word' id='word_1_532' title='bbox 1789 4312 1924 4367; x_wconf 91' lang='lat' dir='ltr'>dici-</span> 
     </span>
    </p>
   </div>
   <div class='ocr_carea' id='block_1_77' title="bbox 2029 3147 3623 3220">
    <p class='ocr_par' dir='ltr' id='par_1_77' title="bbox 2029 3147 3623 3220">
     <span class='ocr_line' id='line_1_77' title="bbox 2029 3147 3623 3220; baseline 0.003 -19"><span class='ocrx_word' id='word_1_533' title='bbox 2029 3156 2202 3202; x_wconf 89' lang='lat' dir='ltr'>turam</span> <span class='ocrx_word' id='word_1_534' title='bbox 2231 3148 2621 3218; x_wconf 89' lang='lat' dir='ltr'>plenitudinem</span> <span class='ocrx_word' id='word_1_535' title='bbox 2652 3149 2896 3220; x_wconf 88' lang='lat' dir='ltr'>gentium</span> <span class='ocrx_word' id='word_1_536' title='bbox 2917 3165 2983 3204; x_wconf 91' lang='lat' dir='ltr'>eo</span> <span class='ocrx_word' id='word_1_537' title='bbox 3023 3149 3078 3202; x_wconf 88' lang='lat' dir='ltr'>in</span> <span class='ocrx_word' id='word_1_538' title='bbox 3098 3149 3252 3205; x_wconf 71' lang='lat' dir='ltr'>caelis</span> <span class='ocrx_word' id='word_1_539' title='bbox 3296 3147 3623 3220; x_wconf 87' lang='lat' dir='ltr'>glorificato.</span> 
     </span>
    </p>
   </div>
   <div class='ocr_carea' id='block_1_78' title="bbox 2029 3235 3599 3308">
    <p class='ocr_par' dir='ltr' id='par_1_78' title="bbox 2029 3235 3599 3308">
     <span class='ocr_line' id='line_1_78' title="bbox 2029 3235 3599 3308; baseline 0.001 -18"><span class='ocrx_word' id='word_1_540' title='bbox 2029 3236 2138 3291; x_wconf 90' lang='lat' dir='ltr'>Sed</span> <span class='ocrx_word' id='word_1_541' title='bbox 2168 3236 2308 3290; x_wconf 87' lang='lat' dir='ltr'>hanc</span> <span class='ocrx_word' id='word_1_542' title='bbox 2336 3235 2670 3291; x_wconf 88' lang='lat' dir='ltr'>altitudinem</span> <span class='ocrx_word' id='word_1_543' title='bbox 2700 3237 3115 3307; x_wconf 84' lang='lat' dir='ltr'>gloriﬁcationis</span> <span class='ocrx_word' id='word_1_544' title='bbox 3152 3238 3412 3308; x_wconf 75' lang='lat' dir='ltr'>praecedit</span> <span class='ocrx_word' id='word_1_545' title='bbox 3448 3237 3599 3293; x_wconf 88' lang='lat' dir='ltr'>humi</span> 
     </span>
    </p>
   </div>
   <div class='ocr_carea' id='block_1_79' title="bbox 2029 3323 3615 3394">
    <p class='ocr_par' dir='ltr' id='par_1_79' title="bbox 2029 3323 3615 3394">
     <span class='ocr_line' id='line_1_79' title="bbox 2029 3323 3615 3394; baseline 0.002 -17"><span class='ocrx_word' id='word_1_546' title='bbox 2029 3324 2150 3379; x_wconf 88' lang='lat' dir='ltr'>litas</span> <span class='ocrx_word' id='word_1_547' title='bbox 2177 3323 2466 3394; x_wconf 90' lang='lat' dir='ltr'>passionis,</span> <span class='ocrx_word' id='word_1_548' title='bbox 2507 3324 2650 3378; x_wconf 90' lang='lat' dir='ltr'>unde</span> <span class='ocrx_word' id='word_1_549' title='bbox 2683 3340 2695 3378; x_wconf 91' lang='lat'>:</span> <span class='ocrx_word' id='word_1_550' title='bbox 2722 3325 2919 3394; x_wconf 88' lang='lat' dir='ltr'>Amen,</span> <span class='ocrx_word' id='word_1_551' title='bbox 2953 3342 3120 3381; x_wconf 87' lang='lat' dir='ltr'>amen</span> <span class='ocrx_word' id='word_1_552' title='bbox 3158 3326 3279 3382; x_wconf 87' lang='lat' dir='ltr'>dico</span> <span class='ocrx_word' id='word_1_553' title='bbox 3309 3325 3476 3392; x_wconf 85' lang='lat' dir='ltr'>vobis,</span> <span class='ocrx_word' id='word_1_554' title='bbox 3511 3333 3615 3382; x_wconf 90' lang='lat' dir='ltr'>etc.</span> 
     </span>
    </p>
   </div>
   <div class='ocr_carea' id='block_1_80' title="bbox 2028 3412 3618 3484">
    <p class='ocr_par' dir='ltr' id='par_1_80' title="bbox 2028 3412 3618 3484">
     <span class='ocr_line' id='line_1_80' title="bbox 2028 3412 3618 3484; baseline 0.001 -18"><span class='ocrx_word' id='word_1_555' title='bbox 2028 3413 2133 3467; x_wconf 89' lang='lat' dir='ltr'>Ubi</span> <span class='ocrx_word' id='word_1_556' title='bbox 2163 3428 2222 3467; x_wconf 90' lang='lat' dir='ltr'>se</span> <span class='ocrx_word' id='word_1_557' title='bbox 2251 3412 2380 3467; x_wconf 91' lang='lat' dir='ltr'>dicit</span> <span class='ocrx_word' id='word_1_558' title='bbox 2435 3428 2664 3484; x_wconf 88' lang='lat' dir='ltr'>granum</span> <span class='ocrx_word' id='word_1_559' title='bbox 2701 3412 3139 3469; x_wconf 90' lang='lat' dir='ltr'>mortificandum</span> <span class='ocrx_word' id='word_1_560' title='bbox 3169 3422 3223 3470; x_wconf 92' lang='lat' dir='ltr'>et</span> <span class='ocrx_word' id='word_1_561' title='bbox 3251 3414 3618 3484; x_wconf 86' lang='lat' dir='ltr'>multiplican-</span> 
     </span>
    </p>
   </div>
   <div class='ocr_carea' id='block_1_81' title="bbox 2026 3499 3617 3572">
    <p class='ocr_par' dir='ltr' id='par_1_81' title="bbox 2026 3499 3617 3572">
     <span class='ocr_line' id='line_1_81' title="bbox 2026 3499 3617 3572; baseline 0.001 -18"><span class='ocrx_word' id='word_1_562' title='bbox 2026 3499 2173 3568; x_wconf 90' lang='lat' dir='ltr'>dum,</span> <span class='ocrx_word' id='word_1_563' title='bbox 2207 3499 2276 3554; x_wconf 90' lang='lat' dir='ltr'>ad</span> <span class='ocrx_word' id='word_1_564' title='bbox 2316 3516 2476 3572; x_wconf 89' lang='lat' dir='ltr'>quam</span> <span class='ocrx_word' id='word_1_565' title='bbox 2514 3500 2824 3570; x_wconf 89' lang='lat' dir='ltr'>passionem</span> <span class='ocrx_word' id='word_1_566' title='bbox 2859 3501 2970 3568; x_wconf 90' lang='lat' dir='ltr'>jam</span> <span class='ocrx_word' id='word_1_567' title='bbox 3029 3503 3342 3557; x_wconf 82' lang='lat' dir='ltr'>exhortatus</span> <span class='ocrx_word' id='word_1_568' title='bbox 3399 3501 3617 3557; x_wconf 89' lang='lat' dir='ltr'>subdit:</span> 
     </span>
    </p>
   </div>
   <div class='ocr_carea' id='block_1_82' title="bbox 2029 3589 2951 3655">
    <p class='ocr_par' dir='ltr' id='par_1_82' title="bbox 2029 3589 2951 3655">
     <span class='ocr_line' id='line_1_82' title="bbox 2029 3589 2951 3655; baseline -0.001 -11"><span class='ocrx_word' id='word_1_569' title='bbox 2029 3589 2134 3655; x_wconf 87' lang='lat' dir='ltr'>Qui</span> <span class='ocrx_word' id='word_1_570' title='bbox 2152 3593 2311 3643; x_wconf 85' lang='lat' dir='ltr'>amat</span> <span class='ocrx_word' id='word_1_571' title='bbox 2346 3590 2600 3646; x_wconf 87' lang='lat' dir='ltr'>animam</span> <span class='ocrx_word' id='word_1_572' title='bbox 2629 3605 2810 3654; x_wconf 86' lang='lat' dir='ltr'>suam,</span> <span class='ocrx_word' id='word_1_573' title='bbox 2847 3597 2951 3644; x_wconf 91' lang='lat' dir='ltr'>etc.</span> 
     </span>
    </p>
   </div>
   <div class='ocr_carea' id='block_1_83' title="bbox 2096 3677 3620 3748">
    <p class='ocr_par' dir='ltr' id='par_1_83' title="bbox 2096 3677 3620 3748">
     <span class='ocr_line' id='line_1_83' title="bbox 2096 3677 3620 3748; baseline 0.001 -17"><span class='ocrx_word' id='word_1_574' title='bbox 2096 3677 2218 3732; x_wconf 85' lang='lat' dir='ltr'>Nisi</span> <span class='ocrx_word' id='word_1_575' title='bbox 2231 3693 2476 3748; x_wconf 87' lang='lat' dir='ltr'>granum</span> <span class='ocrx_word' id='word_1_576' title='bbox 2494 3678 2794 3747; x_wconf 85' lang='lat' dir='ltr'>frumenti.</span> <span class='ocrx_word' id='word_1_577' title='bbox 2821 3677 3011 3748; x_wconf 75' lang='grc' dir='ltr'>(Αυα.)</span> <span class='ocrx_word' id='word_1_578' title='bbox 3035 3678 3156 3748; x_wconf 90' lang='lat' dir='ltr'>Ipse</span> <span class='ocrx_word' id='word_1_579' title='bbox 3185 3685 3267 3732; x_wconf 89' lang='lat' dir='ltr'>est</span> <span class='ocrx_word' id='word_1_580' title='bbox 3296 3677 3620 3732; x_wconf 87' lang='lat' dir='ltr'>frumentum</span> 
     </span>
    </p>
   </div>
   <div class='ocr_carea' id='block_1_84' title="bbox 2025 3761 3617 3836">
    <p class='ocr_par' dir='ltr' id='par_1_84' title="bbox 2025 3761 3617 3836">
     <span class='ocr_line' id='line_1_84' title="bbox 2025 3761 3617 3836; baseline 0.001 -18"><span class='ocrx_word' id='word_1_581' title='bbox 2025 3780 2132 3835; x_wconf 90' lang='lat' dir='ltr'>quo</span> <span class='ocrx_word' id='word_1_582' title='bbox 2187 3763 2371 3819; x_wconf 87' lang='lat' dir='ltr'>vivere</span> <span class='ocrx_word' id='word_1_583' title='bbox 2418 3763 2578 3818; x_wconf 90' lang='lat' dir='ltr'>debet</span> <span class='ocrx_word' id='word_1_584' title='bbox 2622 3761 2797 3819; x_wconf 88' lang='lat' dir='ltr'>fidelis</span> <span class='ocrx_word' id='word_1_585' title='bbox 2843 3763 3045 3820; x_wconf 89' lang='lat' dir='ltr'>anima.</span> <span class='ocrx_word' id='word_1_586' title='bbox 3088 3765 3354 3831; x_wconf 85' lang='lat' dir='ltr'>Granum,</span> <span class='ocrx_word' id='word_1_587' title='bbox 3401 3765 3470 3820; x_wconf 90' lang='lat' dir='ltr'>de</span> <span class='ocrx_word' id='word_1_588' title='bbox 3510 3781 3617 3836; x_wconf 90' lang='lat' dir='ltr'>quo</span> 
     </span>
    </p>
   </div>
   <div class='ocr_carea' id='block_1_85' title="bbox 2026 3851 3620 3925">
    <p class='ocr_par' dir='ltr' id='par_1_85' title="bbox 2026 3851 3620 3925">
     <span class='ocr_line' id='line_1_85' title="bbox 2026 3851 3620 3925; baseline 0.002 -19"><span class='ocrx_word' id='word_1_589' title='bbox 2026 3852 2316 3923; x_wconf 91' lang='lat' dir='ltr'>spiritualis</span> <span class='ocrx_word' id='word_1_590' title='bbox 2373 3867 2534 3924; x_wconf 84' lang='lat' dir='ltr'>seges</span> <span class='ocrx_word' id='word_1_591' title='bbox 2589 3851 2752 3906; x_wconf 90' lang='lat' dir='ltr'>debet</span> <span class='ocrx_word' id='word_1_592' title='bbox 2807 3868 3052 3925; x_wconf 86' lang='lat' dir='ltr'>surgere.</span> <span class='ocrx_word' id='word_1_593' title='bbox 3105 3853 3239 3908; x_wconf 90' lang='lat' dir='ltr'>Cum</span> <span class='ocrx_word' id='word_1_594' title='bbox 3295 3853 3402 3907; x_wconf 89' lang='lat' dir='ltr'>sint</span> <span class='ocrx_word' id='word_1_595' title='bbox 3447 3853 3620 3909; x_wconf 88' lang='lat' dir='ltr'>multa</span> 
     </span>
    </p>
   </div>
   <div class='ocr_carea' id='block_1_86' title="bbox 2024 3939 3613 4013">
    <p class='ocr_par' dir='ltr' id='par_1_86' title="bbox 2024 3939 3613 4013">
     <span class='ocr_line' id='line_1_86' title="bbox 2024 3939 3613 4013; baseline 0.001 -19"><span class='ocrx_word' id='word_1_596' title='bbox 2024 3955 2201 4013; x_wconf 90' lang='lat' dir='ltr'>grana</span> <span class='ocrx_word' id='word_1_597' title='bbox 2249 3939 2536 4004; x_wconf 90' lang='lat' dir='ltr'>seminum,</span> <span class='ocrx_word' id='word_1_598' title='bbox 2587 3939 2719 3993; x_wconf 85' lang='lat' dir='ltr'>nulli</span> <span class='ocrx_word' id='word_1_599' title='bbox 2755 3957 2813 3996; x_wconf 90' lang='lat' dir='ltr'>se</span> <span class='ocrx_word' id='word_1_600' title='bbox 2850 3949 3125 4011; x_wconf 84' lang='lat' dir='ltr'>comparat</span> <span class='ocrx_word' id='word_1_601' title='bbox 3164 3940 3270 3995; x_wconf 90' lang='lat' dir='ltr'>nisi</span> <span class='ocrx_word' id='word_1_602' title='bbox 3326 3939 3613 4008; x_wconf 88' lang='lat' dir='ltr'>frumento,</span> 
     </span>
    </p>
   </div>
   <div class='ocr_carea' id='block_1_87' title="bbox 2025 4027 3618 4102">
    <p class='ocr_par' dir='ltr' id='par_1_87' title="bbox 2025 4027 3618 4102">
     <span class='ocr_line' id='line_1_87' title="bbox 2025 4027 3618 4102; baseline 0 -19"><span class='ocrx_word' id='word_1_603' title='bbox 2025 4029 2168 4083; x_wconf 89' lang='lat' dir='ltr'>unde</span> <span class='ocrx_word' id='word_1_604' title='bbox 2198 4044 2317 4083; x_wconf 89' lang='lat' dir='ltr'>mos</span> <span class='ocrx_word' id='word_1_605' title='bbox 2349 4028 2511 4098; x_wconf 82' lang='lat' dir='ltr'>coepit</span> <span class='ocrx_word' id='word_1_606' title='bbox 2549 4028 2815 4085; x_wconf 73' lang='lat' dir='ltr'>Ecclesiae</span> <span class='ocrx_word' id='word_1_607' title='bbox 2836 4030 2904 4086; x_wconf 90' lang='lat' dir='ltr'>de</span> <span class='ocrx_word' id='word_1_608' title='bbox 2933 4031 3038 4086; x_wconf 91' lang='lat' dir='ltr'>hoc</span> <span class='ocrx_word' id='word_1_609' title='bbox 3067 4029 3184 4086; x_wconf 91' lang='lat' dir='ltr'>solo</span> <span class='ocrx_word' id='word_1_610' title='bbox 3217 4045 3394 4102; x_wconf 89' lang='lat' dir='ltr'>grano</span> <span class='ocrx_word' id='word_1_611' title='bbox 3424 4027 3618 4086; x_wconf 84' lang='lat' dir='ltr'>confici</span> 
     </span>
    </p>
   </div>
   <div class='ocr_carea' id='block_1_88' title="bbox 2025 4116 2486 4188">
    <p class='ocr_par' dir='ltr' id='par_1_88' title="bbox 2025 4116 2486 4188">
     <span class='ocr_line' id='line_1_88' title="bbox 2025 4116 2486 4188; baseline -0.009 -15"><span class='ocrx_word' id='word_1_612' title='bbox 2025 4133 2220 4188; x_wconf 90' lang='lat' dir='ltr'>corpus</span> <span class='ocrx_word' id='word_1_613' title='bbox 2251 4116 2486 4171; x_wconf 90' lang='lat' dir='ltr'>Domini.</span> 
     </span>
    </p>
   </div>
   <div class='ocr_carea' id='block_1_89' title="bbox 2095 4213 3619 4286">
    <p class='ocr_par' dir='ltr' id='par_1_89' title="bbox 2095 4213 3619 4286">
     <span class='ocr_line' id='line_1_89' title="bbox 2095 4213 3619 4286; baseline 0.002 -17"><span class='ocrx_word' id='word_1_614' title='bbox 2095 4215 2266 4269; x_wconf 84' lang='lat' dir='ltr'>Vens.</span> <span class='ocrx_word' id='word_1_615' title='bbox 2300 4215 2388 4269; x_wconf 83' lang='grc'><strong>25.</strong></span> <span class='ocrx_word' id='word_1_616' title='bbox 2423 4243 2492 4251; x_wconf 92' lang='grc'><strong>-</strong></span> <span class='ocrx_word' id='word_1_617' title='bbox 2525 4213 2630 4280; x_wconf 86' lang='lat' dir='ltr'>Qui</span> <span class='ocrx_word' id='word_1_618' title='bbox 2658 4218 2833 4268; x_wconf 90' lang='lat' dir='ltr'>amat.</span> <span class='ocrx_word' id='word_1_619' title='bbox 2886 4215 3076 4286; x_wconf 78' lang='lat' dir='ltr'>(AUG.)</span> <span class='ocrx_word' id='word_1_620' title='bbox 3107 4213 3212 4282; x_wconf 88' lang='lat' dir='ltr'>Qui</span> <span class='ocrx_word' id='word_1_621' title='bbox 3241 4223 3385 4270; x_wconf 89' lang='lat' dir='ltr'>amat</span> <span class='ocrx_word' id='word_1_622' title='bbox 3430 4215 3484 4269; x_wconf 91' lang='lat' dir='ltr'>in</span> <span class='ocrx_word' id='word_1_623' title='bbox 3515 4216 3619 4272; x_wconf 91' lang='lat' dir='ltr'>hac</span> 
     </span>
    </p>
   </div>
   <div class='ocr_carea' id='block_1_90' title="bbox 2023 4300 3614 4374">
    <p class='ocr_par' dir='ltr' id='par_1_90' title="bbox 2023 4300 3614 4374">
     <span class='ocr_line' id='line_1_90' title="bbox 2023 4300 3614 4374; baseline 0.002 -18"><span class='ocrx_word' id='word_1_624' title='bbox 2023 4302 2147 4370; x_wconf 89' lang='lat' dir='ltr'>vita,</span> <span class='ocrx_word' id='word_1_625' title='bbox 2182 4301 2362 4372; x_wconf 89' lang='lat' dir='ltr'>perdit</span> <span class='ocrx_word' id='word_1_626' title='bbox 2406 4300 2461 4354; x_wconf 91' lang='lat' dir='ltr'>in</span> <span class='ocrx_word' id='word_1_627' title='bbox 2506 4300 2888 4374; x_wconf 27' lang='lat' dir='ltr'>futuro&#39;quod</span> <span class='ocrx_word' id='word_1_628' title='bbox 2935 4303 3108 4372; x_wconf 90' lang='lat' dir='ltr'>magis</span> <span class='ocrx_word' id='word_1_629' title='bbox 3157 4302 3426 4374; x_wconf 86' lang='lat' dir='ltr'>congruit,</span> <span class='ocrx_word' id='word_1_630' title='bbox 3471 4303 3614 4359; x_wconf 90' lang='lat' dir='ltr'>unde</span> 
     </span>
    </p>
   </div>
   <div class='ocr_carea' id='block_1_91' title="bbox 339 4389 3618 4473">
    <p class='ocr_par' dir='ltr' id='par_1_91' title="bbox 339 4389 3618 4473">
     <span class='ocr_line' id='line_1_91' title="bbox 339 4389 3618 4473; baseline 0.002 -21"><span class='ocrx_word' id='word_1_631' title='bbox 339 4408 434 4467; x_wconf 90' lang='lat' dir='ltr'>tur,</span> <span class='ocrx_word' id='word_1_632' title='bbox 458 4402 600 4472; x_wconf 90' lang='lat' dir='ltr'>quod</span> <span class='ocrx_word' id='word_1_633' title='bbox 633 4400 837 4466; x_wconf 90' lang='lat' dir='ltr'>habuit,</span> <span class='ocrx_word' id='word_1_634' title='bbox 870 4400 925 4454; x_wconf 92' lang='lat' dir='ltr'>id</span> <span class='ocrx_word' id='word_1_635' title='bbox 955 4409 1037 4454; x_wconf 91' lang='lat' dir='ltr'>est</span> <span class='ocrx_word' id='word_1_636' title='bbox 1090 4401 1281 4471; x_wconf 90' lang='lat' dir='ltr'>potuit,</span> <span class='ocrx_word' id='word_1_637' title='bbox 1333 4402 1435 4456; x_wconf 92' lang='lat' dir='ltr'>hoc</span> <span class='ocrx_word' id='word_1_638' title='bbox 1473 4400 1616 4470; x_wconf 89' lang='lat' dir='ltr'>fecit,</span> <span class='ocrx_word' id='word_1_639' title='bbox 1647 4403 1922 4473; x_wconf 80' lang='lat' dir='ltr'>prcevenit</span> <span class='ocrx_word' id='word_1_640' title='bbox 1943 4392 1996 4452; x_wconf 91' lang='lat' dir='ltr'>D</span> <span class='ocrx_word' id='word_1_641' title='bbox 2029 4389 2244 4446; x_wconf 57' lang='lat' dir='ltr'>subdit:</span> <span class='ocrx_word' id='word_1_642' title='bbox 2281 4390 2385 4457; x_wconf 70' lang='lat' dir='ltr'>Qui</span> <span class='ocrx_word' id='word_1_643' title='bbox 2413 4389 2532 4445; x_wconf 74' lang='grc' dir='ltr'>οάίί</span> <span class='ocrx_word' id='word_1_644' title='bbox 2562 4391 2836 4454; x_wconf 65' lang='lat' dir='ltr'>animum.</span> <span class='ocrx_word' id='word_1_645' title='bbox 2875 4398 2976 4444; x_wconf 76' lang='grc' dir='ltr'>θῐο·</span> <span class='ocrx_word' id='word_1_646' title='bbox 3011 4391 3133 4444; x_wconf 76' lang='lat' dir='ltr'>Non</span> <span class='ocrx_word' id='word_1_647' title='bbox 3174 4398 3334 4457; x_wconf 62' lang='lat' dir='ltr'>amat.</span> <span class='ocrx_word' id='word_1_648' title='bbox 3378 4391 3475 4445; x_wconf 74' lang='lat' dir='ltr'>sed</span> <span class='ocrx_word' id='word_1_649' title='bbox 3505 4391 3618 4446; x_wconf 76' lang='grc' dir='ltr'>οάίι</span> 
     </span>
    </p>
   </div>
   <div class='ocr_carea' id='block_1_92' title="bbox 340 4485 1477 4556">
    <p class='ocr_par' dir='ltr' id='par_1_92' title="bbox 340 4485 1477 4556">
     <span class='ocr_line' id='line_1_92' title="bbox 340 4485 1477 4556; baseline 0.002 -20"><span class='ocrx_word' id='word_1_650' title='bbox 340 4498 534 4554; x_wconf 84' lang='lat' dir='ltr'>ungere</span> <span class='ocrx_word' id='word_1_651' title='bbox 563 4501 768 4556; x_wconf 87' lang='lat' dir='ltr'>corpus</span> <span class='ocrx_word' id='word_1_652' title='bbox 790 4501 978 4538; x_wconf 87' lang='lat' dir='ltr'>meum</span> <span class='ocrx_word' id='word_1_653' title='bbox 1007 4485 1066 4539; x_wconf 86' lang='lat' dir='ltr'>in</span> <span class='ocrx_word' id='word_1_654' title='bbox 1100 4486 1477 4556; x_wconf 81' lang='lat' dir='ltr'>sepulturam.</span> 
     </span>
    </p>
   </div>
   <div class='ocr_carea' id='block_1_93' title="bbox 405 4581 1923 4654">
    <p class='ocr_par' dir='ltr' id='par_1_93' title="bbox 405 4581 1923 4654">
     <span class='ocr_line' id='line_1_93' title="bbox 405 4581 1923 4654; baseline 0.002 -19"><span class='ocrx_word' id='word_1_655' title='bbox 405 4581 570 4636; x_wconf 86' lang='lat' dir='ltr'>Vens.</span> <span class='ocrx_word' id='word_1_656' title='bbox 597 4587 650 4636; x_wconf 91' lang='lat'>8.</span> <span class='ocrx_word' id='word_1_657' title='bbox 674 4613 742 4623; x_wconf 90' lang='grc'>--</span> <span class='ocrx_word' id='word_1_658' title='bbox 768 4583 847 4636; x_wconf 82' lang='lat' dir='ltr'>Me</span> <span class='ocrx_word' id='word_1_659' title='bbox 867 4587 1058 4637; x_wconf 86' lang='lat' dir='ltr'>autem</span> <span class='ocrx_word' id='word_1_660' title='bbox 1078 4599 1191 4638; x_wconf 88' lang='lat' dir='ltr'>non</span> <span class='ocrx_word' id='word_1_661' title='bbox 1211 4599 1432 4654; x_wconf 82' lang='lat' dir='ltr'>semper</span> <span class='ocrx_word' id='word_1_662' title='bbox 1459 4583 1694 4638; x_wconf 85' lang='lat' dir='ltr'>habetis.</span> <span class='ocrx_word' id='word_1_663' title='bbox 1718 4584 1923 4653; x_wconf 87' lang='lat' dir='ltr'>Corpo-</span> 
     </span>
    </p>
   </div>
   <div class='ocr_carea' id='block_1_94' title="bbox 342 4669 1924 4741">
    <p class='ocr_par' dir='ltr' id='par_1_94' title="bbox 342 4669 1924 4741">
     <span class='ocr_line' id='line_1_94' title="bbox 342 4669 1924 4741; baseline 0.003 -20"><span class='ocrx_word' id='word_1_664' title='bbox 342 4669 430 4722; x_wconf 90' lang='lat' dir='ltr'>rali</span> <span class='ocrx_word' id='word_1_665' title='bbox 449 4671 758 4740; x_wconf 67' lang='lat' dir='ltr'>praesentia.</span> <span class='ocrx_word' id='word_1_666' title='bbox 793 4669 889 4724; x_wconf 90' lang='lat' dir='ltr'>Vel</span> <span class='ocrx_word' id='word_1_667' title='bbox 913 4687 1021 4726; x_wconf 92' lang='lat' dir='ltr'>non</span> <span class='ocrx_word' id='word_1_668' title='bbox 1041 4670 1328 4736; x_wconf 87' lang='lat' dir='ltr'>habebitis,</span> <span class='ocrx_word' id='word_1_669' title='bbox 1366 4679 1419 4724; x_wconf 91' lang='lat' dir='ltr'>tu</span> <span class='ocrx_word' id='word_1_670' title='bbox 1449 4671 1583 4724; x_wconf 82' lang='lat' dir='ltr'>Juda</span> <span class='ocrx_word' id='word_1_671' title='bbox 1606 4678 1658 4725; x_wconf 91' lang='lat' dir='ltr'>et</span> <span class='ocrx_word' id='word_1_672' title='bbox 1687 4671 1778 4741; x_wconf 88' lang='lat' dir='ltr'>qui</span> <span class='ocrx_word' id='word_1_673' title='bbox 1800 4680 1924 4725; x_wconf 91' lang='lat' dir='ltr'>sunt</span> 
     </span>
    </p>
   </div>
   <div class='ocr_carea' id='block_1_95' title="bbox 342 4751 1925 4829">
    <p class='ocr_par' dir='ltr' id='par_1_95' title="bbox 342 4751 1925 4829">
     <span class='ocr_line' id='line_1_95' title="bbox 342 4751 1925 4829; baseline 0.004 -22"><span class='ocrx_word' id='word_1_674' title='bbox 342 4756 660 4825; x_wconf 88' lang='lat' dir='ltr'>hujusmodi,</span> <span class='ocrx_word' id='word_1_675' title='bbox 693 4751 821 4829; x_wconf 88' lang='lat' dir='ltr'>quia</span> <span class='ocrx_word' id='word_1_676' title='bbox 870 4759 915 4811; x_wconf 92' lang='lat' dir='ltr'>si</span> <span class='ocrx_word' id='word_1_677' title='bbox 962 4758 1093 4812; x_wconf 89' lang='lat' dir='ltr'>mali</span> <span class='ocrx_word' id='word_1_678' title='bbox 1135 4759 1248 4826; x_wconf 88' lang='lat' dir='ltr'>jam</span> <span class='ocrx_word' id='word_1_679' title='bbox 1297 4759 1696 4814; x_wconf 88' lang='lat' dir='ltr'>communicant</span> <span class='ocrx_word' id='word_1_680' title='bbox 1739 4774 1925 4814; x_wconf 88' lang='lat' dir='ltr'>sacra-</span> 
     </span>
    </p>
   </div>
   <div class='ocr_carea' id='block_1_96' title="bbox 347 4847 1920 4917">
    <p class='ocr_par' dir='ltr' id='par_1_96' title="bbox 347 4847 1920 4917">
     <span class='ocr_line' id='line_1_96' title="bbox 347 4847 1920 4917; baseline 0.001 -19"><span class='ocrx_word' id='word_1_681' title='bbox 347 4847 546 4910; x_wconf 89' lang='lat' dir='ltr'>mentis,</span> <span class='ocrx_word' id='word_1_682' title='bbox 581 4855 771 4917; x_wconf 90' lang='lat' dir='ltr'>postea</span> <span class='ocrx_word' id='word_1_683' title='bbox 801 4854 977 4901; x_wconf 89' lang='lat' dir='ltr'>tamen</span> <span class='ocrx_word' id='word_1_684' title='bbox 1015 4862 1120 4901; x_wconf 90' lang='lat' dir='ltr'>non</span> <span class='ocrx_word' id='word_1_685' title='bbox 1149 4847 1345 4901; x_wconf 89' lang='lat' dir='ltr'>habent</span> <span class='ocrx_word' id='word_1_686' title='bbox 1373 4847 1660 4902; x_wconf 90' lang='lat' dir='ltr'>Dominum</span> <span class='ocrx_word' id='word_1_687' title='bbox 1691 4854 1748 4900; x_wconf 93' lang='lat' dir='ltr'>ut</span> <span class='ocrx_word' id='word_1_688' title='bbox 1775 4847 1920 4902; x_wconf 90' lang='lat' dir='ltr'>boni.</span> 
     </span>
    </p>
   </div>
   <div class='ocr_carea' id='block_1_97' title="bbox 407 4943 1923 5009">
    <p class='ocr_par' dir='ltr' id='par_1_97' title="bbox 407 4943 1923 5009">
     <span class='ocr_line' id='line_1_97' title="bbox 407 4943 1923 5009; baseline 0.001 -14"><span class='ocrx_word' id='word_1_689' title='bbox 407 4943 570 4998; x_wconf 76' lang='lat' dir='ltr'>Vens.</span> <span class='ocrx_word' id='word_1_690' title='bbox 606 4948 659 4998; x_wconf 86' lang='lat'>9.</span> <span class='ocrx_word' id='word_1_691' title='bbox 690 4974 762 4983; x_wconf 97' lang='lat'>—</span> <span class='ocrx_word' id='word_1_692' title='bbox 795 4945 859 5000; x_wconf 88' lang='lat' dir='ltr'>Ut</span> <span class='ocrx_word' id='word_1_693' title='bbox 876 4948 1172 4999; x_wconf 81' lang='lat' dir='ltr'>venerunt.</span> <span class='ocrx_word' id='word_1_694' title='bbox 1194 4944 1488 4999; x_wconf 89' lang='lat' dir='ltr'>Curiositas</span> <span class='ocrx_word' id='word_1_695' title='bbox 1517 4945 1635 5009; x_wconf 88' lang='lat' dir='ltr'>hos,</span> <span class='ocrx_word' id='word_1_696' title='bbox 1661 4958 1768 4998; x_wconf 90' lang='lat' dir='ltr'>non</span> <span class='ocrx_word' id='word_1_697' title='bbox 1789 4944 1923 4998; x_wconf 88' lang='lat' dir='ltr'>cha-</span> 
     </span>
    </p>
   </div>
   <div class='ocr_carea' id='block_1_98' title="bbox 347 5028 1922 5101">
    <p class='ocr_par' dir='ltr' id='par_1_98' title="bbox 347 5028 1922 5101">
     <span class='ocr_line' id='line_1_98' title="bbox 347 5028 1922 5101; baseline 0.001 -19"><span class='ocrx_word' id='word_1_698' title='bbox 347 5028 468 5084; x_wconf 87' lang='lat' dir='ltr'>ritas</span> <span class='ocrx_word' id='word_1_699' title='bbox 501 5031 743 5086; x_wconf 89' lang='lat' dir='ltr'>adduxit.</span> <span class='ocrx_word' id='word_1_700' title='bbox 792 5032 906 5086; x_wconf 89' lang='lat' dir='ltr'>Nos</span> <span class='ocrx_word' id='word_1_701' title='bbox 944 5040 1190 5098; x_wconf 88' lang='lat' dir='ltr'>econtra,</span> <span class='ocrx_word' id='word_1_702' title='bbox 1243 5031 1289 5085; x_wconf 91' lang='lat' dir='ltr'>si</span> <span class='ocrx_word' id='word_1_703' title='bbox 1333 5031 1714 5101; x_wconf 90' lang='lat' dir='ltr'>cognoscimus</span> <span class='ocrx_word' id='word_1_704' title='bbox 1740 5033 1922 5086; x_wconf 85' lang='lat' dir='ltr'>Jesum</span> 
     </span>
    </p>
   </div>
   <div class='ocr_carea' id='block_1_99' title="bbox 347 5117 1922 5190">
    <p class='ocr_par' dir='ltr' id='par_1_99' title="bbox 347 5117 1922 5190">
     <span class='ocr_line' id='line_1_99' title="bbox 347 5117 1922 5190; baseline 0.002 -19"><span class='ocrx_word' id='word_1_705' title='bbox 347 5117 636 5173; x_wconf 87' lang='lat' dir='ltr'>obedientis</span> <span class='ocrx_word' id='word_1_706' title='bbox 665 5119 862 5174; x_wconf 73' lang='lat' dir='ltr'>animm</span> <span class='ocrx_word' id='word_1_707' title='bbox 887 5120 1106 5173; x_wconf 90' lang='lat' dir='ltr'>domum</span> <span class='ocrx_word' id='word_1_708' title='bbox 1149 5120 1202 5172; x_wconf 91' lang='lat' dir='ltr'>in</span> <span class='ocrx_word' id='word_1_709' title='bbox 1237 5135 1342 5190; x_wconf 88' lang='lat' dir='ltr'>qua</span> <span class='ocrx_word' id='word_1_710' title='bbox 1371 5120 1574 5175; x_wconf 86' lang='lat' dir='ltr'>habitet</span> <span class='ocrx_word' id='word_1_711' title='bbox 1621 5118 1922 5183; x_wconf 89' lang='lat' dir='ltr'>invenisse,</span> 
     </span>
    </p>
   </div>
   <div class='ocr_carea' id='block_1_100' title="bbox 349 5206 1926 5277">
    <p class='ocr_par' dir='ltr' id='par_1_100' title="bbox 349 5206 1926 5277">
     <span class='ocr_line' id='line_1_100' title="bbox 349 5206 1926 5277; baseline 0.003 -21"><span class='ocrx_word' id='word_1_712' title='bbox 349 5206 622 5261; x_wconf 88' lang='lat' dir='ltr'>veniamus</span> <span class='ocrx_word' id='word_1_713' title='bbox 649 5207 779 5262; x_wconf 90' lang='lat' dir='ltr'>illuc</span> <span class='ocrx_word' id='word_1_714' title='bbox 809 5207 1279 5276; x_wconf 87' lang='lat' dir='ltr'>contemplatione,</span> <span class='ocrx_word' id='word_1_715' title='bbox 1332 5223 1438 5260; x_wconf 91' lang='lat' dir='ltr'>non</span> <span class='ocrx_word' id='word_1_716' title='bbox 1482 5216 1704 5277; x_wconf 88' lang='lat' dir='ltr'>propter</span> <span class='ocrx_word' id='word_1_717' title='bbox 1745 5207 1926 5260; x_wconf 90' lang='lat' dir='ltr'>homi-</span> 
     </span>
    </p>
   </div>
   <div class='ocr_carea' id='block_1_101' title="bbox 345 5295 1928 5366">
    <p class='ocr_par' dir='ltr' id='par_1_101' title="bbox 345 5295 1928 5366">
     <span class='ocr_line' id='line_1_101' title="bbox 345 5295 1928 5366; baseline 0.003 -22"><span class='ocrx_word' id='word_1_718' title='bbox 345 5307 459 5346; x_wconf 90' lang='lat' dir='ltr'>nem</span> <span class='ocrx_word' id='word_1_719' title='bbox 485 5303 686 5349; x_wconf 88' lang='lat' dir='ltr'>tantum</span> <span class='ocrx_word' id='word_1_720' title='bbox 718 5311 878 5366; x_wconf 86' lang='lat' dir='ltr'>quem</span> <span class='ocrx_word' id='word_1_721' title='bbox 901 5295 953 5348; x_wconf 90' lang='lat' dir='ltr'>in</span> <span class='ocrx_word' id='word_1_722' title='bbox 986 5295 1169 5349; x_wconf 88' lang='lat' dir='ltr'>anima</span> <span class='ocrx_word' id='word_1_723' title='bbox 1199 5295 1514 5350; x_wconf 88' lang='lat' dir='ltr'>suscitatum</span> <span class='ocrx_word' id='word_1_724' title='bbox 1543 5296 1806 5360; x_wconf 86' lang='lat' dir='ltr'>videmus,</span> <span class='ocrx_word' id='word_1_725' title='bbox 1831 5295 1928 5349; x_wconf 89' lang='lat' dir='ltr'>sed</span> 
     </span>
    </p>
   </div>
   <div class='ocr_carea' id='block_1_102' title="bbox 350 5381 1926 5454">
    <p class='ocr_par' dir='ltr' id='par_1_102' title="bbox 350 5381 1926 5454">
     <span class='ocr_line' id='line_1_102' title="bbox 350 5381 1926 5454; baseline 0.002 -21"><span class='ocrx_word' id='word_1_726' title='bbox 350 5389 401 5433; x_wconf 88' lang='lat' dir='ltr'>ut</span> <span class='ocrx_word' id='word_1_727' title='bbox 430 5381 623 5436; x_wconf 90' lang='lat' dir='ltr'>bonam</span> <span class='ocrx_word' id='word_1_728' title='bbox 649 5383 815 5437; x_wconf 88' lang='lat' dir='ltr'>vitam</span> <span class='ocrx_word' id='word_1_729' title='bbox 845 5383 1135 5449; x_wconf 85' lang='lat' dir='ltr'>imitemur,</span> <span class='ocrx_word' id='word_1_730' title='bbox 1169 5392 1221 5437; x_wconf 91' lang='lat' dir='ltr'>ct</span> <span class='ocrx_word' id='word_1_731' title='bbox 1248 5399 1347 5454; x_wconf 90' lang='lat' dir='ltr'>per</span> <span class='ocrx_word' id='word_1_732' title='bbox 1395 5385 1499 5438; x_wconf 89' lang='lat' dir='ltr'>hoc</span> <span class='ocrx_word' id='word_1_733' title='bbox 1547 5384 1616 5437; x_wconf 90' lang='lat' dir='ltr'>ad</span> <span class='ocrx_word' id='word_1_734' title='bbox 1663 5384 1926 5438; x_wconf 91' lang='lat' dir='ltr'>visionem</span> 
     </span>
    </p>
   </div>
   <div class='ocr_carea' id='block_1_103' title="bbox 353 5468 900 5541">
    <p class='ocr_par' dir='ltr' id='par_1_103' title="bbox 353 5468 900 5541">
     <span class='ocr_line' id='line_1_103' title="bbox 353 5468 900 5541; baseline 0.007 -21"><span class='ocrx_word' id='word_1_735' title='bbox 353 5468 472 5523; x_wconf 69' lang='lat' dir='ltr'>tesu</span> <span class='ocrx_word' id='word_1_736' title='bbox 498 5471 900 5541; x_wconf 89' lang='lat' dir='ltr'>perveniamus.</span> 
     </span>
    </p>
   </div>
   <div class='ocr_carea' id='block_1_104' title="bbox 419 5557 1930 5632">
    <p class='ocr_par' dir='ltr' id='par_1_104' title="bbox 419 5557 1930 5632">
     <span class='ocr_line' id='line_1_104' title="bbox 419 5557 1930 5632; baseline 0.004 -21"><span class='ocrx_word' id='word_1_737' title='bbox 419 5557 584 5614; x_wconf 85' lang='lat' dir='ltr'>Vens.</span> <span class='ocrx_word' id='word_1_738' title='bbox 622 5563 704 5614; x_wconf 81' lang='lat'>10.</span> <span class='ocrx_word' id='word_1_739' title='bbox 739 5590 807 5600; x_wconf 90' lang='lat'><strong>—</strong></span> <span class='ocrx_word' id='word_1_740' title='bbox 838 5561 1251 5630; x_wconf 82' lang='lat' dir='ltr'>COgitaverunt.</span> <span class='ocrx_word' id='word_1_741' title='bbox 1278 5558 1416 5628; x_wconf 87' lang='lat' dir='ltr'>Quia</span> <span class='ocrx_word' id='word_1_742' title='bbox 1445 5576 1553 5616; x_wconf 90' lang='lat' dir='ltr'>non</span> <span class='ocrx_word' id='word_1_743' title='bbox 1570 5567 1816 5632; x_wconf 90' lang='lat' dir='ltr'>poterant</span> <span class='ocrx_word' id='word_1_744' title='bbox 1839 5575 1930 5617; x_wconf 89' lang='lat' dir='ltr'>oc-</span> 
     </span>
    </p>
   </div>
   <div class='ocr_carea' id='block_1_105' title="bbox 2021 4477 3614 4549">
    <p class='ocr_par' dir='ltr' id='par_1_105' title="bbox 2021 4477 3614 4549">
     <span class='ocr_line' id='line_1_105' title="bbox 2021 4477 3614 4549; baseline 0.001 -16"><span class='ocrx_word' id='word_1_745' title='bbox 2021 4479 2256 4533; x_wconf 89' lang='lat' dir='ltr'>animam</span> <span class='ocrx_word' id='word_1_746' title='bbox 2283 4477 2339 4531; x_wconf 90' lang='lat' dir='ltr'>in</span> <span class='ocrx_word' id='word_1_747' title='bbox 2369 4478 2470 4532; x_wconf 92' lang='lat' dir='ltr'>hoc</span> <span class='ocrx_word' id='word_1_748' title='bbox 2499 4477 2722 4542; x_wconf 89' lang='lat' dir='ltr'>mundo,</span> <span class='ocrx_word' id='word_1_749' title='bbox 2768 4477 2858 4546; x_wconf 92' lang='lat' dir='ltr'>qui</span> <span class='ocrx_word' id='word_1_750' title='bbox 2895 4477 3174 4546; x_wconf 90' lang='lat' dir='ltr'>diligendo</span> <span class='ocrx_word' id='word_1_751' title='bbox 3215 4479 3389 4532; x_wconf 88' lang='lat' dir='ltr'>Deum</span> <span class='ocrx_word' id='word_1_752' title='bbox 3436 4479 3614 4549; x_wconf 87' lang='lat' dir='ltr'>potius</span> 
     </span>
    </p>
   </div>
   <div class='ocr_carea' id='block_1_106' title="bbox 2023 4563 3048 4638">
    <p class='ocr_par' dir='ltr' id='par_1_106' title="bbox 2023 4563 3048 4638">
     <span class='ocr_line' id='line_1_106' title="bbox 2023 4563 3048 4638; baseline -0.002 -18"><span class='ocrx_word' id='word_1_753' title='bbox 2023 4582 2185 4638; x_wconf 92' lang='lat' dir='ltr'>quam</span> <span class='ocrx_word' id='word_1_754' title='bbox 2217 4566 2269 4619; x_wconf 92' lang='lat' dir='ltr'>in</span> <span class='ocrx_word' id='word_1_755' title='bbox 2301 4581 2424 4619; x_wconf 90' lang='lat' dir='ltr'>eum</span> <span class='ocrx_word' id='word_1_756' title='bbox 2455 4571 2646 4634; x_wconf 88' lang='lat' dir='ltr'>peccet</span> <span class='ocrx_word' id='word_1_757' title='bbox 2674 4563 2824 4636; x_wconf 87' lang='lat' dir='ltr'>eligit</span> <span class='ocrx_word' id='word_1_758' title='bbox 2852 4564 3048 4619; x_wconf 92' lang='lat' dir='ltr'>occidi.</span> 
     </span>
    </p>
   </div>
   <div class='ocr_carea' id='block_1_107' title="bbox 2095 4666 3612 4736">
    <p class='ocr_par' dir='ltr' id='par_1_107' title="bbox 2095 4666 3612 4736">
     <span class='ocr_line' id='line_1_107' title="bbox 2095 4666 3612 4736; baseline 0 -14"><span class='ocrx_word' id='word_1_759' title='bbox 2095 4669 2263 4722; x_wconf 84' lang='lat' dir='ltr'>Vens.</span> <span class='ocrx_word' id='word_1_760' title='bbox 2325 4669 2413 4722; x_wconf 85' lang='grc'><strong>26.</strong></span> <span class='ocrx_word' id='word_1_761' title='bbox 2457 4695 2525 4704; x_wconf 93' lang='grc'><strong><em>-</em></strong></span> <span class='ocrx_word' id='word_1_762' title='bbox 2565 4667 2626 4719; x_wconf 87' lang='lat' dir='ltr'>Si</span> <span class='ocrx_word' id='word_1_763' title='bbox 2667 4667 2790 4736; x_wconf 83' lang='lat' dir='ltr'>quis</span> <span class='ocrx_word' id='word_1_764' title='bbox 2833 4666 2981 4720; x_wconf 85' lang='lat' dir='ltr'>mihi</span> <span class='ocrx_word' id='word_1_765' title='bbox 3008 4667 3323 4722; x_wconf 87' lang='lat' dir='ltr'>ministrat.</span> <span class='ocrx_word' id='word_1_766' title='bbox 3375 4667 3612 4722; x_wconf 86' lang='lat' dir='ltr'>Pretium</span> 
     </span>
    </p>
   </div>
   <div class='ocr_carea' id='block_1_108' title="bbox 2024 4751 3621 4827">
    <p class='ocr_par' dir='ltr' id='par_1_108' title="bbox 2024 4751 3621 4827">
     <span class='ocr_line' id='line_1_108' title="bbox 2024 4751 3621 4827; baseline -0.001 -15"><span class='ocrx_word' id='word_1_767' title='bbox 2024 4756 2204 4827; x_wconf 90' lang='lat' dir='ltr'>operis</span> <span class='ocrx_word' id='word_1_768' title='bbox 2245 4770 2352 4826; x_wconf 91' lang='lat' dir='ltr'>quo</span> <span class='ocrx_word' id='word_1_769' title='bbox 2381 4752 2459 4806; x_wconf 93' lang='lat' dir='ltr'>illi</span> <span class='ocrx_word' id='word_1_770' title='bbox 2507 4751 2841 4807; x_wconf 90' lang='lat' dir='ltr'>ministratur</span> <span class='ocrx_word' id='word_1_771' title='bbox 2887 4762 2970 4808; x_wconf 90' lang='lat' dir='ltr'>est</span> <span class='ocrx_word' id='word_1_772' title='bbox 3001 4771 3123 4810; x_wconf 90' lang='lat' dir='ltr'>esse</span> <span class='ocrx_word' id='word_1_773' title='bbox 3171 4770 3296 4810; x_wconf 92' lang='lat' dir='ltr'>cum</span> <span class='ocrx_word' id='word_1_774' title='bbox 3342 4756 3454 4824; x_wconf 89' lang='lat' dir='ltr'>illo,</span> <span class='ocrx_word' id='word_1_775' title='bbox 3503 4757 3621 4811; x_wconf 88' lang='lat' dir='ltr'>sine</span> 
     </span>
    </p>
   </div>
   <div class='ocr_carea' id='block_1_109' title="bbox 2027 4841 3618 4917">
    <p class='ocr_par' dir='ltr' id='par_1_109' title="bbox 2027 4841 3618 4917">
     <span class='ocr_line' id='line_1_109' title="bbox 2027 4841 3618 4917; baseline 0 -19"><span class='ocrx_word' id='word_1_776' title='bbox 2027 4861 2134 4915; x_wconf 88' lang='lat' dir='ltr'>quo</span> <span class='ocrx_word' id='word_1_777' title='bbox 2154 4858 2421 4914; x_wconf 90' lang='lat' dir='ltr'>nusquam</span> <span class='ocrx_word' id='word_1_778' title='bbox 2443 4841 2583 4894; x_wconf 89' lang='lat' dir='ltr'>bene</span> <span class='ocrx_word' id='word_1_779' title='bbox 2616 4847 2871 4908; x_wconf 90' lang='lat' dir='ltr'>estesse,</span> <span class='ocrx_word' id='word_1_780' title='bbox 2923 4852 2976 4896; x_wconf 88' lang='lat' dir='ltr'>et</span> <span class='ocrx_word' id='word_1_781' title='bbox 3024 4860 3146 4898; x_wconf 93' lang='lat' dir='ltr'>curn</span> <span class='ocrx_word' id='word_1_782' title='bbox 3191 4861 3298 4915; x_wconf 90' lang='lat' dir='ltr'>quo</span> <span class='ocrx_word' id='word_1_783' title='bbox 3347 4860 3618 4917; x_wconf 89' lang='lat' dir='ltr'>nusquam</span> 
     </span>
    </p>
   </div>
   <div class='ocr_carea' id='block_1_110' title="bbox 2027 4927 3622 5005">
    <p class='ocr_par' dir='ltr' id='par_1_110' title="bbox 2027 4927 3622 5005">
     <span class='ocr_line' id='line_1_110' title="bbox 2027 4927 3622 5005; baseline 0 -19"><span class='ocrx_word' id='word_1_784' title='bbox 2027 4933 2169 4987; x_wconf 90' lang='lat' dir='ltr'>male</span> <span class='ocrx_word' id='word_1_785' title='bbox 2198 4939 2280 4986; x_wconf 90' lang='lat' dir='ltr'>est</span> <span class='ocrx_word' id='word_1_786' title='bbox 2310 4947 2451 4997; x_wconf 88' lang='lat' dir='ltr'>esse,</span> <span class='ocrx_word' id='word_1_787' title='bbox 2485 4927 2628 4982; x_wconf 89' lang='lat' dir='ltr'>unde</span> <span class='ocrx_word' id='word_1_788' title='bbox 2658 4937 2711 4983; x_wconf 91' lang='lat' dir='ltr'>et</span> <span class='ocrx_word' id='word_1_789' title='bbox 2740 4931 2981 5000; x_wconf 89' lang='lat' dir='ltr'>apertius</span> <span class='ocrx_word' id='word_1_790' title='bbox 3013 4933 3213 4998; x_wconf 88' lang='lat' dir='ltr'>subdit,</span> <span class='ocrx_word' id='word_1_791' title='bbox 3248 4935 3299 4988; x_wconf 89' lang='lat' dir='ltr'>si</span> <span class='ocrx_word' id='word_1_792' title='bbox 3326 4934 3449 5005; x_wconf 84' lang='lat' dir='ltr'>quis</span> <span class='ocrx_word' id='word_1_793' title='bbox 3480 4933 3622 4988; x_wconf 85' lang='lat' dir='ltr'>mihi</span> 
     </span>
    </p>
   </div>
   <div class='ocr_carea' id='block_1_111' title="bbox 2027 5025 2346 5077">
    <p class='ocr_par' dir='ltr' id='par_1_111' title="bbox 2027 5025 2346 5077">
     <span class='ocr_line' id='line_1_111' title="bbox 2027 5025 2346 5077; baseline 0.009 -3"><span class='ocrx_word' id='word_1_794' title='bbox 2027 5025 2346 5077; x_wconf 81' lang='lat' dir='ltr'>ministrat.</span> 
     </span>
    </p>
   </div>
   <div class='ocr_carea' id='block_1_112' title="bbox 2104 5119 3626 5177">
    <p class='ocr_par' dir='ltr' id='par_1_112' title="bbox 2104 5119 3626 5177">
     <span class='ocr_line' id='line_1_112' title="bbox 2104 5119 3626 5177; baseline 0.001 -5"><span class='ocrx_word' id='word_1_795' title='bbox 2104 5120 2267 5172; x_wconf 85' lang='lat' dir='ltr'>Vens.</span> <span class='ocrx_word' id='word_1_796' title='bbox 2311 5122 2401 5177; x_wconf 84' lang='grc'><strong>27.</strong></span> <span class='ocrx_word' id='word_1_797' title='bbox 2444 5151 2512 5161; x_wconf 93' lang='lat'>—-</span> <span class='ocrx_word' id='word_1_798' title='bbox 2556 5121 2714 5176; x_wconf 89' lang='lat' dir='ltr'>Nunc</span> <span class='ocrx_word' id='word_1_799' title='bbox 2757 5120 2952 5175; x_wconf 86' lang='lat' dir='ltr'>anima</span> <span class='ocrx_word' id='word_1_800' title='bbox 2992 5135 3117 5173; x_wconf 87' lang='lat' dir='ltr'>mea</span> <span class='ocrx_word' id='word_1_801' title='bbox 3149 5119 3375 5174; x_wconf 86' lang='lat' dir='ltr'>turbata</span> <span class='ocrx_word' id='word_1_802' title='bbox 3403 5123 3505 5174; x_wconf 88' lang='lat' dir='ltr'>est.</span> <span class='ocrx_word' id='word_1_803' title='bbox 3555 5121 3626 5173; x_wconf 85' lang='lat' dir='ltr'>Et</span> 
     </span>
    </p>
   </div>
   <div class='ocr_carea' id='block_1_113' title="bbox 2027 5205 3627 5278">
    <p class='ocr_par' dir='ltr' id='par_1_113' title="bbox 2027 5205 3627 5278">
     <span class='ocr_line' id='line_1_113' title="bbox 2027 5205 3627 5278; baseline -0.001 -17"><span class='ocrx_word' id='word_1_804' title='bbox 2027 5208 2159 5277; x_wconf 89' lang='lat' dir='ltr'>quid</span> <span class='ocrx_word' id='word_1_805' title='bbox 2187 5207 2412 5263; x_wconf 80' lang='lat' dir='ltr'>dicam?</span> <span class='ocrx_word' id='word_1_806' title='bbox 2449 5209 2714 5263; x_wconf 84' lang='lat' dir='ltr'>Praedicta</span> <span class='ocrx_word' id='word_1_807' title='bbox 2741 5207 2994 5278; x_wconf 90' lang='lat' dir='ltr'>passione</span> <span class='ocrx_word' id='word_1_808' title='bbox 3024 5214 3076 5260; x_wconf 92' lang='lat' dir='ltr'>et</span> <span class='ocrx_word' id='word_1_809' title='bbox 3103 5207 3173 5260; x_wconf 88' lang='lat' dir='ltr'>ad</span> <span class='ocrx_word' id='word_1_810' title='bbox 3205 5222 3326 5261; x_wconf 89' lang='lat' dir='ltr'>eam</span> <span class='ocrx_word' id='word_1_811' title='bbox 3347 5205 3627 5276; x_wconf 86' lang='lat' dir='ltr'>supposita</span> 
     </span>
    </p>
   </div>
   <div class='ocr_carea' id='block_1_114' title="bbox 2029 5293 3626 5367">
    <p class='ocr_par' dir='ltr' id='par_1_114' title="bbox 2029 5293 3626 5367">
     <span class='ocr_line' id='line_1_114' title="bbox 2029 5293 3626 5367; baseline -0.003 -17"><span class='ocrx_word' id='word_1_812' title='bbox 2029 5296 2404 5351; x_wconf 86' lang='lat' dir='ltr'>exhortatione</span> <span class='ocrx_word' id='word_1_813' title='bbox 2435 5296 2586 5367; x_wconf 90' lang='lat' dir='ltr'>quasi</span> <span class='ocrx_word' id='word_1_814' title='bbox 2617 5297 2738 5350; x_wconf 85' lang='lat' dir='ltr'>data</span> <span class='ocrx_word' id='word_1_815' title='bbox 2768 5311 2902 5350; x_wconf 89' lang='lat' dir='ltr'>voce</span> <span class='ocrx_word' id='word_1_816' title='bbox 2932 5294 3261 5350; x_wconf 86' lang='lat' dir='ltr'>fortitudinis</span> <span class='ocrx_word' id='word_1_817' title='bbox 3291 5311 3404 5349; x_wconf 73' lang='lat' dir='ltr'>suae</span> <span class='ocrx_word' id='word_1_818' title='bbox 3446 5293 3626 5347; x_wconf 89' lang='lat' dir='ltr'>subdit</span> 
     </span>
    </p>
   </div>
   <div class='ocr_carea' id='block_1_115' title="bbox 2031 5380 3626 5455">
    <p class='ocr_par' dir='ltr' id='par_1_115' title="bbox 2031 5380 3626 5455">
     <span class='ocr_line' id='line_1_115' title="bbox 2031 5380 3626 5455; baseline -0.001 -18"><span class='ocrx_word' id='word_1_819' title='bbox 2031 5382 2285 5438; x_wconf 76' lang='lat' dir='ltr'>affectum</span> <span class='ocrx_word' id='word_1_820' title='bbox 2314 5383 2642 5439; x_wconf 88' lang='lat' dir='ltr'>infirmitatis</span> <span class='ocrx_word' id='word_1_821' title='bbox 2672 5391 2870 5439; x_wconf 83' lang='lat' dir='ltr'>nostrae</span> <span class='ocrx_word' id='word_1_822' title='bbox 2893 5399 3057 5455; x_wconf 92' lang='lat' dir='ltr'>quam</span> <span class='ocrx_word' id='word_1_823' title='bbox 3080 5399 3206 5438; x_wconf 87' lang='lat' dir='ltr'>vere</span> <span class='ocrx_word' id='word_1_824' title='bbox 3236 5380 3493 5452; x_wconf 85' lang='lat' dir='ltr'>suscepit,</span> <span class='ocrx_word' id='word_1_825' title='bbox 3527 5380 3626 5436; x_wconf 92' lang='lat' dir='ltr'>sed</span> 
     </span>
    </p>
   </div>
   <div class='ocr_carea' id='block_1_116' title="bbox 2031 5468 3628 5544">
    <p class='ocr_par' dir='ltr' id='par_1_116' title="bbox 2031 5468 3628 5544">
     <span class='ocr_line' id='line_1_116' title="bbox 2031 5468 3628 5544; baseline -0.001 -18"><span class='ocrx_word' id='word_1_826' title='bbox 2031 5488 2097 5526; x_wconf 85' lang='lat' dir='ltr'>ex</span> <span class='ocrx_word' id='word_1_827' title='bbox 2129 5473 2400 5528; x_wconf 89' lang='lat' dir='ltr'>voluntate</span> <span class='ocrx_word' id='word_1_828' title='bbox 2430 5488 2530 5544; x_wconf 90' lang='lat' dir='ltr'>pro</span> <span class='ocrx_word' id='word_1_829' title='bbox 2561 5473 2719 5528; x_wconf 90' lang='lat' dir='ltr'>nobis</span> <span class='ocrx_word' id='word_1_830' title='bbox 2746 5489 2814 5527; x_wconf 90' lang='lat' dir='ltr'>ne</span> <span class='ocrx_word' id='word_1_831' title='bbox 2845 5472 2911 5527; x_wconf 90' lang='lat' dir='ltr'>de</span> <span class='ocrx_word' id='word_1_832' title='bbox 2943 5473 3045 5526; x_wconf 88' lang='lat' dir='ltr'>hac</span> <span class='ocrx_word' id='word_1_833' title='bbox 3087 5469 3393 5525; x_wconf 85' lang='lat' dir='ltr'>infirmitate</span> <span class='ocrx_word' id='word_1_834' title='bbox 3431 5468 3628 5539; x_wconf 88' lang='lat' dir='ltr'>despe-</span> 
     </span>
    </p>
   </div>
   <div class='ocr_carea' id='block_1_117' title="bbox 2033 5557 3622 5635">
    <p class='ocr_par' dir='ltr' id='par_1_117' title="bbox 2033 5557 3622 5635">
     <span class='ocr_line' id='line_1_117' title="bbox 2033 5557 3622 5635; baseline -0.001 -21"><span class='ocrx_word' id='word_1_835' title='bbox 2033 5577 2249 5616; x_wconf 90' lang='lat' dir='ltr'>remus:</span> <span class='ocrx_word' id='word_1_836' title='bbox 2284 5561 2337 5614; x_wconf 91' lang='lat' dir='ltr'>in</span> <span class='ocrx_word' id='word_1_837' title='bbox 2378 5578 2483 5635; x_wconf 89' lang='lat' dir='ltr'>qua</span> <span class='ocrx_word' id='word_1_838' title='bbox 2514 5561 2676 5616; x_wconf 89' lang='lat' dir='ltr'>etiam</span> <span class='ocrx_word' id='word_1_839' title='bbox 2709 5561 2867 5616; x_wconf 90' lang='lat' dir='ltr'>docet</span> <span class='ocrx_word' id='word_1_840' title='bbox 2897 5560 3025 5634; x_wconf 90' lang='lat' dir='ltr'>quid</span> <span class='ocrx_word' id='word_1_841' title='bbox 3064 5560 3244 5614; x_wconf 88' lang='lat' dir='ltr'>dicere</span> <span class='ocrx_word' id='word_1_842' title='bbox 3305 5557 3622 5627; x_wconf 85' lang='lat' dir='ltr'>debeamus,</span> 
     </span>
    </p>
   </div>
  </div>
