3932 6178
269 287 372 342 403

765 283 1168 340 WALAFRIDI
1205 281 1448 336 STRABI
1486 280 1686 336 FULD.
1730 278 1900 334 MON.
1942 278 2094 334 OPP.
2137 277 2313 333 PARS
2353 278 2392 332 Ι.
2436 307 2502 317 -
2540 276 3016 333 THEOLOGICA.
3480 281 3578 333 40'.

277 416 330 462 et
362 423 470 479 quo
502 407 818 480 confugere.
868 406 1033 476 Quasi
1073 405 1218 460 dicat
1251 423 1265 458 :
1308 404 1669 459 Conturbatur
1696 403 1885 483 anima;
1892 407 1948 466 Α
1976 401 2323 472 complenda.
2361 402 2466 468 Qui
2496 402 2674 456 credit
2705 404 2767 457 in
2787 419 2896 456 me.
2923 401 3062 468 Quia
3077 402 3241 456 homo
3272 401 3581 472 apparebat,

277 511 419 561 mea,
453 495 584 566 quid
615 494 842 550 dicam?
871 511 979 566 quo
1010 491 1319 566 confugiam
1339 493 1367 548 ‘l
1397 508 1556 564 quem
1587 491 1877 546 invocem?

277 584 333 639 in
373 599 538 655 quem
568 599 782 654 sperem
801 583 829 637 ?
857 583 912 637 in
933 584 1143 638 Patrem
1169 581 1260 653 qui
1293 579 1481 646 salvat,
1514 580 1603 636 cui
1631 580 1878 635 volunta-

279 680 391 728 tem
422 687 599 727 meam
635 685 902 742 prepono,
950 671 1078 742 quia
1115 677 1400 740 prepterea
1449 677 1508 723 ut
1558 670 1675 724 haec
1703 668 1878 738 patiar

282 759 412 815 veni
441 759 498 813 in
526 761 666 815 hanc
693 760 900 824 horam,
944 759 1087 813 unde
1129 765 1181 812 et
1211 756 1522 813 clariticatio
1542 756 1674 810 mihi
1714 755 1793 812 sic
1821 754 1878 812 fit

283 854 336 903 et
363 847 420 902 in
448 847 705 903 membris
726 847 882 901 meis.

352 935 522 990 Vens.
540 940 629 992 28.
651 964 717 976 -
740 938 929 1000 Pater,
953 934 1229 1004 clari/ica.
1277 932 1640 988 Salvationem
1669 947 1874 1004 quaero,

279 1023 377 1079 sed
406 1023 720 1094 passionem
747 1038 855 1077 non
886 1038 1100 1087 recuso,
1121 1029 1348 1092 propter
1377 1038 1539 1092 quam
1566 1022 1878 1092 passionem

281 1105 514 1162 clarifica
533 1122 622 1162 me
653 1106 797 1177 quod
827 1114 909 1160 est
937 1105 1109 1178 gloria
1141 1105 1218 1160 tui
1263 1105 1517 1160 nominis.

350 1220 520 1274 Vuns.
554 1222 642 1275 30.
674 1250 746 1261 —
775 1221 894 1276 Non
921 1224 1152 1292 propter
1175 1235 1265 1274 me
1300 1236 1428 1275 vox.
1455 1218 1705 1274 Ostendit
1739 1218 1878 1273 hanc

280 1323 472 1365 vocem
502 1323 611 1362 non
643 1307 746 1362 sibi
775 1307 1044 1363 indicasse
1082 1307 1228 1380 quod
1271 1307 1497 1374 sciebat,
1524 1307 1620 1362 sed
1650 1307 1730 1362 eis
1761 1307 1879 1379 qui-

281 1395 384 1451 bus
407 1395 635 1452 indicari
654 1397 955 1466 oportebat.

354 1494 526 1550 Vens.
559 1498 646 1549 31.
671 1524 740 1534 --
770 1495 930 1550 Nunc
938 1493 1225 1566 judicium
1259 1497 1364 1550 est.
1387 1493 1744 1549 Discretionis
1767 1493 1878 1548 sci-

275 1583 423 1649 licet,
456 1581 603 1654 quod
631 1589 714 1636 est
744 1591 869 1637 ante
908 1582 1153 1636 ultimum
1183 1582 1565 1646 damnationis,
1592 1582 1714 1654 quia
1735 1597 1880 1637 nunc

282 1687 386 1742 per
434 1670 747 1742 passionem
778 1671 905 1740 jure
939 1671 1139 1725 diaboli
1167 1671 1440 1725 destructo
1484 1670 1637 1724 multi
1675 1670 1878 1724 libera-

282 1758 504 1824 buntur,
551 1759 696 1814 unde
726 1759 1048 1830 exponendo
1079 1759 1396 1831 subjungit:
1433 1759 1634 1825 Patior,
1667 1759 1876 1827 turbor,

287 1854 341 1903 et
371 1863 470 1917 per
498 1847 634 1912 haec,
670 1855 776 1902 etc.
816 1847 1111 1918 Ejicietur.
1153 1849 1199 1902 A
1229 1847 1525 1917 redemptis
1557 1847 1876 1918 expelletur,

282 1933 708 2006 praedicantibus
757 1934 1018 2005 apostolis
1047 1933 1208 2005 plene
1230 1935 1533 2005 expellatur
1562 1935 1652 2006 qui
1692 1935 1821 1989 olim
1851 1950 1884 1990 a

285 2022 476 2094 paucis
506 2022 606 2078 etsi
637 2029 783 2077 extra
812 2030 1060 2089 tentetur,
1093 2038 1202 2078 non
1243 2023 1390 2078 laedit
1409 2022 1570 2078 intus.

361 2137 532 2191 Vnus.
577 2137 668 2192 34.
709 2165 780 2176 -
808 2137 879 2191 Et
924 2136 1189 2209 quomodo
1221 2140 1303 2203 tu,
1339 2143 1441 2191 etc.
1487 2134 1776 2204 Quomodo
1831 2135 1886 2190 in

287 2239 451 2280 cruce
481 2223 790 2280 morietur?
829 2224 944 2278 Hoc
999 2223 1142 2279 enim
1198 2239 1322 2278 eum
1372 2223 1574 2279 dixisse
1627 2224 1888 2294 putabant

291 2311 438 2384 quod
494 2310 672 2367 facere
701 2310 1030 2384 cogitabant.
1066 2310 1259 2365 Filium
1306 2311 1560 2366 hominis.
1604 2312 1742 2379 Quia
1784 2313 1887 2366 hoc

289 2400 608 2456 memoriter
649 2399 925 2478 tenebant,
960 2399 1106 2470 quod
1151 2415 1295 2469 saepe
1325 2398 1538 2454 dixerat
1577 2415 1638 2454 se
1695 2399 1888 2454 Filium

290 2487 546 2553 hominis,
581 2503 692 2542 non
722 2488 869 2559 quod
901 2487 988 2543 hic
1017 2487 1262 2554 dixisset,
1293 2489 1344 2543 si
1387 2489 1682 2543 excitatus
1710 2490 1894 2559 fuerit

288 2576 468 2632 Filius
499 2577 766 2632 hominis.
831 2576 962 2645 Quis
1020 2580 1106 2631 est
1134 2576 1246 2631 iste’
1284 2575 1462 2631 Filius
1506 2577 1803 2631 hominis?
1833 2574 1891 2629 Si

291 2663 437 2718 enim
469 2662 718 2718 Christus
751 2670 852 2731 est,
886 2671 1068 2718 manet
1111 2662 1166 2718 in
1194 2671 1478 2719 aeternum.
1529 2663 1586 2716 Si
1628 2669 1808 2717 manet
1836 2662 1892 2716 in

295 2759 576 2819 aeternum,
603 2751 876 2822 quomodo
899 2751 1220 2807 exaltabitur
1239 2767 1270 2806 a
1300 2759 1459 2816 terra,
1492 2750 1548 2805 id
1579 2758 1661 2806 est
1683 2751 1892 2806 morie-

291 2846 379 2895 tur
407 2838 464 2892 in
479 2829 689 2895 cruce?

372 2935 544 2991 Vnus.
569 2938 656 2990 35.
676 2964 746 2976 -
774 2936 1091 2992 Ambulate.
1117 2934 1179 2991 Id
1198 2941 1301 3001 est,
1317 2941 1488 2990 totum
1513 2933 1820 3008 intelligite,
1843 2933 1897 2992 εὶ

291 3023 617 3080 moriturum
649 3023 924 3080 Christum
972 3032 1030 3078 ut
1060 3023 1292 3079 redimat
1326 3023 1597 3080 victurum
1646 3024 1702 3078 in
1731 3032 1896 3080 aeter-

293 3128 425 3168 num
454 3111 509 3166 in
539 3111 681 3168 coelo
722 3128 828 3184 quo
858 3112 1141 3183 perducat.
1172 3111 1270 3167 Vel
1317 3112 1448 3166 dum
1485 3111 1757 3168 Christum
1806 3129 1893 3168 νο·
1914 3108 1963 3172 C

293 3200 508 3256 hiscum
535 3200 748 3255 habetis
768 3216 835 3254 ne
865 3200 1106 3255 tenebrte
1135 3200 1450 3271 ignorantiae
1479 3209 1531 3256 et
1559 3201 1748 3256 mortis
1777 3218 1894 3272 per-

298 3296 477 3360 petuae
508 3304 607 3343 vos
636 3289 1116 3358 comprehendant.
1151 3289 1337 3344 Nescit
1383 3305 1486 3361 quo
1530 3291 1718 3344 vadat.
1793 3289 1896 3357 Qui

293 3391 406 3432 non
435 3375 611 3432 credit
658 3384 888 3432 mortem
944 3376 1173 3445 Christi,
1206 3377 1379 3432 nescit
1418 3393 1525 3448 quo
1571 3377 1734 3443 vadit,
1795 3379 1891 3433 sed

295 3463 520 3520 offendit
557 3464 614 3518 in
641 3471 850 3535 petram
875 3464 1136 3531 scandali,
1179 3465 1325 3535 quod
1376 3472 1458 3519 est
1493 3465 1760 3535 Christus,
1793 3466 1891 3520 Ju-

296 3551 430 3608 daeis
459 3552 928 3608 contemnentibus
961 3560 1011 3607 et
1041 3551 1394 3607 irridentibus
1431 3559 1722 3607 mortuum.

367 3649 537 3705 Vsus.
559 3653 645 3704 36.
673 3681 742 3690 —
762 3652 904 3706 Dum
938 3651 1121 3706 lucem
1141 3649 1376 3706 habetis.
1411 3649 1474 3704 Id
1504 3657 1604 3718 est,
1639 3649 1768 3705 dum
1794 3649 1892 3706 ali-

295 3736 425 3808 quid
455 3737 568 3793 veri
594 3737 896 3812 intelligitis
925 3736 994 3794 de
1022 3738 1320 3794 aeternitate
1351 3737 1566 3807 Christi,
1601 3738 1804 3794 credite
1839 3739 1893 3792 in

296 3825 575 3881 veritatem
603 3827 856 3882 addendo
885 3826 955 3882 de
984 3826 1303 3896 humilitate,
1345 3833 1403 3880 ut
1441 3826 1805 3882 renascamini
1838 3826 1894 3881 in

292 3913 535 3970 veritate.
568 3916 646 3971 Ab
673 3917 774 3972 eis.
802 3915 926 3970 Non
956 3914 1128 3969 abhis
1157 3914 1249 3984 qui
1277 3914 1498 3970 credere
1529 3915 1890 3986 incmperant,

289 4001 388 4056 sed
424 4002 494 4056 ab
525 4003 610 4056 his
641 4004 733 4074 qui
762 4001 1098 4058 invidebant.
1133 4000 1291 4069 Quod
1323 4002 1610 4058 abscondit
1641 4019 1699 4056 se
1760 4017 1891 4056 nos-

294 4106 392 4152 trae
412 4090 711 4147 inﬁrmitati
730 4088 1018 4155 consuluit,
1044 4104 1154 4144 non
1167 4104 1278 4143 suae
1297 4090 1556 4161 potestati
1586 4090 1889 4162 derogavit.

367 4199 539 4254 Vatis.
571 4200 660 4252 38.
693 4225 762 4234 —
795 4196 860 4251 Ut
898 4209 1080 4250 sermo
1127 4195 1288 4249 Isaice
1327 4196 1681 4267 impleretur.
1717 4194 1891 4263 Quem

295 4286 548 4345 omnibus
577 4283 757 4339 modis
787 4281 1015 4353 implere
1045 4296 1274 4338 necesse
1305 4291 1404 4350 est,
1441 4299 1550 4337 non
1581 4290 1759 4338 tamen
1788 4299 1891 4338 ne-

294 4376 550 4433 cessitate
580 4371 910 4437 faciendum,
971 4370 1068 4426 sed
1106 4371 1403 4439 voluntate,
1436 4370 1711 4442 praescivit
1749 4371 1894 4426 enim

1979 499 2028 546 et
2061 492 2208 544 Deus
2228 490 2280 544 in
2314 490 2534 544 homine
2574 489 2794 555 latebat,
2828 506 2896 544 ne
2927 498 3172 559 putarent
3193 505 3321 544 eum
3349 491 3456 545 hoc
3477 498 3586 544 tan-

1978 586 2092 632 tum
2113 593 2235 634 esse
2266 578 2410 649 quod
2442 577 2717 646 videbant,
2745 577 2859 633 vult
2892 593 2950 632 se
2984 577 3134 634 credi
3197 579 3365 632 talem
3385 586 3439 633 et
3469 585 3587 633 tan-

1977 675 2092 722 tum
2122 667 2295 738 qualis
2334 674 2388 721 et
2416 675 2650 738 quantus
2681 675 2837 736 pater
2872 674 2975 720 est.

2050 757 2222 810 Vnus.
2248 756 2332 810 45.
2357 785 2426 794 -
2447 757 2516 810 Et
2533 757 2629 826 qui
2644 771 2733 810 me
2747 754 2918 820 videt,
2937 754 3084 810 videt
3108 758 3166 809 et
3184 770 3316 810 eum
3335 756 3455 826 qui,
3475 759 3581 810 etc.

1979 843 2165 914 Usque
2196 843 2334 897 adeo
2365 843 2497 896 nihil
2526 842 2686 896 distat
2716 843 2855 896 inter
2893 859 2981 896 me
3011 850 3064 896 et
3103 858 3246 907 eum,
3281 851 3337 896 ut
3371 843 3465 913 qui
3497 842 3579 896 vi-

1979 931 2067 986 det
2086 947 2173 986 me
2202 931 2382 997 videat
2411 947 2555 984 eum.
2591 932 2718 986 ΙΙωο
2749 931 2886 984 visio
2921 947 3032 985 non
3069 930 3324 996 carnalis,
3372 931 3473 984 sed
3505 931 3584 984 in-

1978 1019 2298 1075 tellectualis
2327 1028 2409 1074 est
2430 1020 2630 1073 munde
2662 1019 2850 1073 corde.
2896 1019 3001 1086 Qui
3039 1020 3188 1074 videt
3223 1036 3332 1074 me.
3365 1021 3492 1074 Non
3520 1019 3594 1073 ait

1979 1124 2089 1163 non
2117 1109 2262 1163 videt
2286 1124 2394 1174 me,
2418 1108 2514 1162 sed
2546 1123 2672 1161 eum
2699 1107 2791 1178 qui
2821 1123 2906 1162 me
2924 1107 3089 1172 misit,
3122 1107 3261 1163 sicut
3291 1107 3462 1173 dixit,
3487 1110 3584 1180 qui

1980 1197 2158 1252 credit
2180 1199 2243 1251 in
2269 1213 2378 1262 me,
2401 1213 2515 1252 non
2532 1196 2712 1251 credit
2737 1198 2798 1250 in
2819 1212 2926 1262 me,
2951 1196 3048 1250 sed
3070 1197 3133 1250 in
3155 1212 3284 1251 eum
3305 1199 3401 1268 qui
3421 1199 3583 1251 misit

1979 1301 2088 1350 me,
2125 1285 2252 1354 quia
2281 1284 2414 1338 illud
2462 1284 2611 1352 dixit,
2648 1300 2716 1338 ne
2750 1283 2887 1338 sicut
2930 1284 3219 1338 videbatur
3258 1285 3579 1340 crederetur

1981 1381 2187 1428 tantum
2216 1373 2382 1426 Filius
2413 1373 2676 1438 hominis;
2709 1374 2811 1427 hoc
2842 1381 3023 1426 autem
3052 1373 3200 1439 dixit,
3235 1382 3292 1427 ut
3329 1373 3587 1428 credere-

1980 1469 2070 1516 tur
2099 1461 2327 1532 aequalis
2357 1461 2522 1516 Patri.
2545 1463 2809 1516 Neutrum
2838 1463 3031 1516 horum
3061 1462 3265 1516 diceret
3296 1461 3436 1516 alius
3457 1462 3590 1515 mis-

1983 1567 2096 1615 sus,
2129 1550 2180 1603 id
2213 1559 2296 1604 est
2333 1550 2632 1620 apostolus,
2697 1550 2823 1620 quia
2883 1558 3088 1604 tantum
3134 1567 3346 1605 servus.
3401 1551 3590 1605 Potest

1983 1646 2166 1693 autem
2198 1638 2378 1693 dicere
2412 1639 2517 1692 alia
2549 1637 2681 1692 Filio
2719 1639 3046 1706 communia,
3090 1647 3148 1692 ut
3178 1639 3268 1710 qui
3298 1639 3445 1692 audit
3503 1638 3594 1694 vel

1910 1761 1964 1820 B
1985 1726 2177 1796 recipit
2207 1743 2293 1781 me
2325 1726 2472 1779 audit
2493 1743 2617 1780 eum
2661 1734 2712 1781 et
2760 1726 2951 1796 recipit
2980 1727 3072 1798 qui
3123 1743 3210 1781 me
3242 1726 3409 1793 misit,
3469 1727 3598 1798 quia

1986 1814 2251 1869 Dominus
2270 1814 2564 1869 honoratur
2593 1814 2647 1867 in
2687 1830 2846 1870 servo
2878 1823 2931 1868 et
2962 1816 3121 1870 Pater
3149 1815 3204 1868 in
3236 1814 3391 1869 Filio.

2055 1904 2224 1956 Vens.
2261 1903 2346 1956 46.
2379 1933 2447 1942 —
2477 1904 2584 1974 Ego
2616 1903 2741 1957 lux.
2798 1903 2877 1956 De
2907 1903 3012 1957 alio
3041 1919 3152 1957 non
3193 1903 3388 1956 dicitur
3422 1919 3435 1957 :
3479 1903 3597 1957 Lux

1985 1991 2132 2046 venit
2169 1991 2222 2044 in
2252 1991 2531 2057 mundum,
2565 1990 2670 2045 nisi
2693 1991 2760 2045 de
2789 2007 2856 2045 eo
2887 1991 2979 2062 qui
3015 1991 3278 2045 illuminat
3311 1991 3498 2046 caeteri
3541 1998 3599 2042 ut

1985 2078 2272 2133 illuminati
2298 2087 2424 2134 sunt
2452 2079 2564 2146 lux,
2612 2078 2737 2150 quia
2787 2078 2894 2134 vita
2937 2095 3130 2134 eorum
3167 2079 3313 2135 lucet
3351 2078 3595 2134 homini-

1987 2167 2109 2220 bus.

2058 2256 2247 2310 Ser-mo
2277 2271 2439 2327 quem
2472 2255 2691 2312 locutus
2721 2273 2873 2312 sum.
2912 2255 3196 2311 Manifeste
3245 2256 3376 2311 dicit
3405 2272 3467 2311 se
3491 2257 3587 2325 ju-

1990 2343 2294 2399 dicaturum
2311 2343 2364 2396 in
2383 2344 2681 2399 novissimo
2699 2345 2785 2399 die
2807 2345 2933 2416 quia
2950 2345 3066 2415 ipse
3089 2353 3172 2400 est
3201 2360 3382 2400 sermo
3414 2345 3592 2400 Patris

1991 2431 2082 2502 qui
2104 2432 2345 2502 seipsum
2366 2431 2580 2487 locutus
2610 2441 2710 2500 est,
2747 2433 2987 2504 seipsum
3017 2433 3368 2487 annuntiavit.

2064 2537 2239 2592 Vens.
2281 2539 2369 2592 49.
2403 2569 2472 2577 -
2505 2539 2849 2594 Mandatum.
2891 2540 3013 2594 Non
3061 2539 3210 2594 dedit
3259 2540 3415 2594 Pater
3455 2539 3593 2594 Filio
3663 2569 3668 2572 -

1991 2625 2305 2680 mandatum
2336 2642 2436 2696 per
2472 2627 2726 2699 angelum
2771 2627 2856 2682 vel
2894 2627 3056 2681 aliam
3098 2636 3426 2683 creaturam.
3477 2628 3594 2683 Nec

1993 2714 2307 2768 mandatum
2339 2715 2485 2784 quod
2523 2715 2814 2786 aliquando
2843 2715 3110 2770 nescisset
3136 2733 3148 2768 :
3183 2716 3280 2770 sed
3310 2717 3441 2770 dum
3469 2733 3592 2770 ver-

1995 2796 2121 2850 bum
2153 2805 2206 2851 et
2236 2798 2559 2868 sapientiam
2588 2798 2644 2852 in
2675 2814 2784 2869 qua
2807 2807 2931 2853 sunt
2959 2798 3144 2854 omnia
3177 2799 3454 2865 mandata,
3487 2815 3592 2870 ge-

1995 2885 2129 2954 nuit,
2161 2886 2311 2941 dedit
2344 2903 2356 2938 :
2392 2887 2530 2941 sicut
2561 2886 2698 2941 Filio
2727 2887 2819 2957 qui
2849 2895 2930 2942 est
2959 2887 3100 2957 vita,
3150 2903 3216 2942 eo
3247 2887 3394 2942 dedit
3425 2887 3593 2942 vitam

1997 2987 2104 3044 quo
2133 2973 2318 3045 genuit
2348 2974 2530 3039 vitam,
2565 2974 2692 3046 quia
2741 2974 3019 3048 gignendo
3050 2975 3232 3044 vitam,
3281 2974 3433 3030 dedit
3471 2990 3594 3031 esse

1997 3061 2179 3126 vitam,
2213 3078 2334 3133 quae
2363 3062 2479 3117 sine
2509 3061 2638 3118 vitio
2670 3061 2785 3117 fuit.

2066 3159 2233 3213 Vnus.
2267 3161 2354 3213 50.
2387 3189 2455 3199 -
2484 3161 2554 3214 Et
2581 3161 2710 3215 scio.
2761 3159 2897 3214 Cum
2927 3159 3065 3215 dicat
3103 3161 3414 3215 mandatum
3470 3178 3593 3217 esse

1993 3245 2159 3300 vitam
2188 3253 2462 3314 aeternam,
2493 3255 2546 3302 et
2575 3247 2692 3318 ipse
2722 3247 2788 3301 sit
2819 3247 2928 3303 vita
2956 3255 3175 3316 aeterna,
3212 3258 3398 3318 aperte
3468 3250 3598 3305 dicit

1995 3350 2052 3388 se
2075 3334 2387 3388 mandatum
2420 3336 2539 3389 Dei.
2576 3336 2706 3403 Quae
2735 3352 2860 3407 ergo
2891 3352 2982 3407 ego
3018 3337 3208 3409 loquor
3246 3339 3399 3392 sicut
3441 3337 3595 3393 dixit

1993 3423 2137 3477 mihi
2166 3425 2352 3484 Pater,
2386 3424 2468 3478 sic
2505 3424 2712 3496 loquor.
2746 3424 3180 3497 Intelligentibus
3209 3425 3500 3494 mentibus,
3534 3435 3590 3480 ut

1993 3517 2077 3564 est
2105 3516 2233 3563 nata
2261 3509 2462 3565 veritas
2512 3527 2577 3564 ex
2626 3512 2797 3576 Patre,
2850 3511 2948 3566 sed
2997 3511 3074 3567 sic
3122 3513 3364 3584 loquitur
3394 3514 3593 3568 veritas

1993 3597 2136 3652 intus
2167 3598 2283 3653 sine
2316 3613 2469 3666 sono,
2505 3598 2641 3653 sicut
2697 3599 2830 3653 dixit
2875 3599 2924 3654 ei
2983 3601 3141 3655 Pater
3191 3608 3247 3655 ut
3305 3602 3593 3657 crederent

1993 3686 2242 3741 homines
2270 3687 2414 3757 quod
2457 3687 2699 3741 nondum
2754 3696 2984 3758 possunt
3013 3688 3338 3762 intelligere,
3381 3707 3449 3744 ex
3498 3707 3593 3745 ore

1993 3773 2173 3829 carnis
2202 3775 2381 3830 verba
2418 3783 2733 3841 sonuerunt,
2771 3792 2891 3846 quae
2946 3776 3160 3846 prolata
3197 3785 3250 3832 et
3281 3777 3477 3832 litteris
3508 3779 3586 3832 si-

1993 3871 2178 3934 gnata,
2204 3878 2304 3917 nos
2333 3862 2401 3916 ad
2439 3862 2613 3934 ipsam
2646 3863 2926 3919 veritatem
2974 3864 3322 3938 aliquatenus
3355 3866 3590 3939 erigunt.

2577 4031 2803 4086 CAPUT
2839 4031 2986 4086 XIII.

2066 4196 2233 4252 Vsus.
2262 4200 2310 4250 l.
2346 4226 2414 4236 —
2445 4199 2511 4254 Ut
2533 4201 2812 4253 transeat.
2848 4199 3241 4269 Interpretatur
3259 4200 3421 4254 nobis
3440 4215 3597 4256 evan-

1994 4283 2191 4356 gelista
2252 4300 2449 4340 nomen
2479 4287 2713 4355 paschae,
2747 4286 2802 4339 id
2832 4295 2915 4340 est
2941 4287 3196 4342 transitus
3225 4296 3278 4342 et
3309 4288 3591 4361 signiﬁca-

1994 4371 2216 4436 tionem,
2259 4372 2386 4443 quia
2417 4373 2555 4428 sicut
2586 4373 2660 4426 illi
2701 4373 2769 4428 de
2798 4375 3052 4446 Egypto,
3096 4375 3174 4430 sic
3228 4377 3478 4431 Christus
3524 4378 3590 4432 de

286 4465 435 4521 Deus
464 4471 516 4519 et
543 4460 815 4535 praedixit,
847 4475 959 4515 non
987 4459 1291 4515 credituros
1325 4467 1376 4514 et
1404 4466 1752 4529 peccaturos,
1779 4475 1889 4515 non
1911 4460 1963 4520 D
1991 4460 2214 4514 mundo.
2249 4460 2339 4515 Sic
2369 4469 2421 4514 et
2454 4476 2572 4528 nos,
2608 4462 2873 4533 sanguine
2893 4461 3035 4533 Agni
3065 4462 3326 4534 insigniti,
3355 4465 3422 4519 de
3451 4465 3592 4519 vitiis

289 4560 469 4608 tamen
497 4549 679 4624 coegit
705 4549 776 4605 ad
804 4549 930 4615 hoc,
964 4547 1060 4604 sed
1082 4555 1140 4602 ut
1168 4546 1227 4602 fit
1257 4546 1335 4603 sic
1359 4545 1634 4618 praescivit
1661 4555 1714 4602 et
1739 4563 1885 4619 prae-

291 4640 444 4696 dixit.

362 4727 532 4781 Vsns.
567 4729 654 4780 39.
687 4755 756 4765 —
783 4726 903 4781 Non
926 4728 1214 4797 poterant.
1247 4724 1437 4796 (Auc.)
1468 4723 1588 4780 Non
1612 4723 1758 4794 quod
1777 4739 1887 4780 non

291 4822 516 4886 possunt
545 4812 792 4868 homines
820 4812 1020 4867 mutari
1050 4813 1106 4867 in
1135 4813 1348 4882 melius,
1392 4811 1491 4868 sed
1521 4811 1760 4884 quandiu
1801 4819 1884 4866 ta-

290 4911 374 4967 les
404 4925 514 4965 non
541 4917 771 4981 possunt
799 4909 1042 4964 credere.

361 5006 534 5062 Vnus.
585 5006 670 5060 43.
703 5035 773 5045 -
822 5005 1067 5060 Gloriam
1105 5005 1224 5060 Dei.
1266 5004 1395 5060 Ideo
1441 5019 1570 5060 crux
1609 5005 1664 5059 in
1712 5003 1885 5061 fronte

285 5092 640 5159 credentium,
682 5092 775 5147 ubi
815 5100 898 5148 est
937 5093 1097 5148 sedes
1127 5093 1492 5159 verecundiae,
1566 5091 1772 5166 ﬁgitur,
1829 5102 1886 5149 ut

289 5182 357 5237 de
387 5181 606 5236 nomine
655 5180 849 5235 Christi
896 5180 1078 5234 nullus
1125 5181 1431 5250 erubescat,
1462 5189 1515 5236 et
1543 5182 1718 5255 magis
1760 5183 1885 5254 glo-

286 5270 426 5325 riam
456 5268 555 5323 Dei
587 5284 748 5340 quam
775 5269 1056 5324 hominum
1087 5276 1313 5339 quaerat.

355 5367 528 5423 Vens.
578 5368 667 5421 44.
717 5395 787 5404 -
816 5367 972 5422 Iesus
1021 5365 1156 5420 Aliis
1199 5380 1310 5420 non
1357 5365 1727 5434 credentibus,
1766 5367 1884 5421 aliis

286 5470 421 5513 vero
469 5453 846 5520 credentibus,
877 5453 961 5508 vel
989 5453 1168 5524 palam
1209 5467 1336 5508 cum
1376 5453 1574 5526 palmis
1607 5463 1659 5511 et
1712 5455 1886 5510 laudi-

291 5543 414 5613 bus,
443 5543 532 5600 vel
552 5543 608 5598 in
637 5542 849 5599 occulto
863 5541 978 5612 jam
997 5541 1464 5613 apprOpinquante
1486 5559 1583 5597 sua
1603 5544 1880 5615 passione,

285 5631 488 5689 clamat
515 5632 677 5689 Jesus
712 5631 806 5704 qui
855 5629 1059 5686 latebat
1113 5629 1353 5702 quandiu
1394 5631 1580 5701 passio
1626 5647 1736 5688 non
1767 5639 1884 5688 erat

1985 4549 2054 4604 ad
2087 4547 2334 4613 virtutes,
2377 4549 2445 4603 de
2475 4549 2678 4603 mundo
2710 4551 2778 4604 ad
2808 4550 3025 4605 coelum.
3067 4551 3133 4605 In
3161 4553 3336 4620 ﬁnem
3361 4553 3590 4608 dilexit.

1986 4637 2048 4691 In
2067 4635 2248 4702 tinem,
2273 4636 2328 4691 id
2347 4645 2431 4692 est
2459 4637 2515 4690 in
2570 4637 2845 4692 Christum
2879 4637 2970 4708 qui
3020 4646 3101 4692 est
3150 4638 3274 4694 linis
3327 4656 3587 4695 consum-

1985 4741 2161 4792 mans,
2193 4725 2248 4780 id
2268 4733 2370 4789 est,
2413 4734 2471 4779 ut
2516 4725 2633 4794 ejus
2670 4726 2962 4783 dilectione
3003 4734 3279 4781 transeant
3310 4744 3420 4799 quo
3477 4731 3590 4800 ipse

1987 4813 2199 4867 transit.
2236 4812 2332 4867 Vel
2361 4813 2416 4866 in
2445 4811 2627 4877 finem,
2663 4813 2718 4868 id
2749 4822 2832 4869 est
2879 4815 2934 4868 in
2983 4822 3229 4881 mortem,
3283 4831 3394 4870 non
3439 4819 3582 4888 quod

1985 4907 2161 4956 morte
2206 4900 2530 4956 terminetur
2548 4902 2664 4969 ejus
2711 4901 2948 4969 dilectio,
2983 4903 3080 4958 sed
3099 4903 3154 4957 in
3173 4910 3378 4958 tantum
3417 4905 3598 4960 dilexit

1987 4988 2132 5060 quod
2161 5005 2333 5060 usque
2362 4989 2433 5043 ad
2491 4997 2722 5045 mortem
2771 4989 2991 5046 dilectio
3020 5007 3143 5046 eum
3198 4991 3473 5061 perduxit,
3532 4993 3583 5047 in

1987 5092 2096 5148 quo
2124 5076 2433 5148 exemplum
2459 5077 2606 5132 dedit
2652 5085 2709 5132 ut
2739 5093 2930 5133 omnes
2959 5079 3014 5132 in
3055 5079 3155 5134 Dei
3199 5081 3430 5136 veritate
3459 5098 3588 5153 per-

1985 5173 2236 5220 maneant
2266 5182 2440 5237 usque
2475 5166 2532 5220 in
2559 5165 2742 5220 linem.

2058 5281 2228 5336 Vrsas.
2260 5284 2312 5336 2.
2346 5310 2415 5320 -
2444 5282 2513 5335 Et
2544 5297 2700 5336 caena
2729 5282 2906 5351 facta.
2939 5281 3106 5336 Coena
3137 5281 3411 5353 significat
3444 5299 3577 5354 pas-

1986 5367 2216 5423 sionem.
2277 5369 2425 5424 Sicut
2463 5368 2608 5423 enim
2654 5376 2778 5438 post
2809 5384 3018 5424 Cinnam
3047 5385 3156 5423 non
3186 5369 3244 5424 fit
3273 5373 3566 5441 prandium

1986 5455 2066 5510 sic
2087 5463 2139 5510 et
2177 5455 2421 5510 Christus
2452 5463 2738 5527 postquam
2770 5457 2937 5510 semel
2969 5472 3164 5526 passus
3201 5467 3303 5525 est,
3351 5475 3463 5514 non
3493 5460 3588 5515 ite-

1986 5559 2107 5598 rum
2157 5544 2376 5614 patitur.
2410 5543 2596 5616 Surgit
2625 5559 2658 5598 a
2705 5560 2882 5609 omna,
2922 5553 3043 5614 post
3075 5545 3389 5615 passionem
3436 5548 3585 5618 ponit

1983 5633 2323 5700 vestimenta,
2375 5633 2670 5687 secundum
2721 5632 2957 5704 priorem
2996 5631 3369 5690 infirmitatem
3415 5635 3578 5692 linteo
