3932 6178
314 171 414 224 ιοδ

1263 164 1536 223 GLOSSA
1572 163 1987 221 ORDINARIA.
2021 193 2091 203 —
2128 164 2392 222 EVANG.
2423 163 2625 220 JOAN.

3484 160 3589 221 406

301 290 578 363 praecinxit
604 303 696 355 ‘se,
742 289 933 345 eadem
993 304 1157 346 carne
1190 289 1306 359 jam
1355 288 1683 357 immortali,
1728 291 1889 348 mittit
1919 285 2241 357 Aexemplo
2279 303 2379 343 suo
2425 303 2522 343 eos
2563 287 2749 344 docuit
2794 286 3224 342 humiliationem
3260 295 3313 343 et
3341 286 3583 344 calcanei

305 395 499 451 aquam
528 378 583 433 in
611 378 833 450 pelvim,
856 378 911 432 id
933 386 1015 434 est
1030 378 1255 449 gratiam
1278 377 1550 448 baptismi,
1569 378 1707 434 lavat
1725 382 1897 452 pedes

307 476 362 524 et
391 468 549 539 tergit
577 484 609 521 a
635 468 871 538 peccatis
900 467 953 521 in
984 466 1270 537 baptismo,
1291 468 1509 539 accepit
1536 470 1894 526 vestimenta.

307 556 361 611 il
390 565 471 612 est
501 556 718 611 Iudaeos
748 555 802 610 in
834 554 942 611 fine
973 555 1176 621 seaculi,
1225 570 1361 627 quos
1400 555 1551 627 prius
1596 567 1896 615 excaecatos

308 643 573 716 deposuit.

374 734 541 788 Vens.
567 734 908 804 L—Surgit
936 750 971 788 a
1017 748 1201 788 caena.
1256 731 1339 787 Ab
1383 731 1472 788 illa
1518 732 1725 789 caelesti
1755 734 1898 791 refe-

305 821 497 889 ctione,
519 836 628 892 qua
653 836 776 876 cum
807 820 1017 893 angelis
1064 818 1421 890 reficiebatur,
1468 821 1693 891 deponit
1730 822 1895 877 vesti-

306 918 497 975 menta,
533 910 757 980 gloriam
789 918 1006 965 aeterna:
1043 908 1406 964 beatitudinis.
1440 911 1508 964 Et
1530 911 1689 981 ponit
1718 914 1892 967 vesti-

306 1002 515 1053 menta.
565 997 913 1053 Praetermisit
961 996 1319 1063 altitudinem,
1372 997 1746 1067 suppositurus
1777 999 1893 1068 ejus

308 1086 654 1142 humilitatem
680 1128 694 1151 ,
752 1093 811 1140 ut
860 1084 1100 1156 perfecte
1156 1085 1563 1140 commendetur
1615 1086 1891 1142 humilitas

304 1174 502 1230 homini
533 1190 659 1230 cum
690 1182 795 1228 tam
824 1175 966 1229 altus
997 1174 1075 1229 sic
1121 1189 1181 1230 se
1230 1172 1606 1241 humiliaverit,
1631 1183 1688 1229 ut
1716 1183 1769 1230 et
1796 1192 1892 1247 pe-

304 1263 396 1320 des
429 1263 700 1317 traditoris
728 1263 952 1318 lavaret.
1790 1326 1799 1337 κ

370 1352 537 1405 Vens.
562 1353 618 1406 5.
641 1382 711 1391 —
730 1352 942 1407 Deinde
987 1352 1192 1407 mittit.
1246 1349 1577 1421 Sanguinem
1608 1351 1661 1405 in
1696 1359 1890 1407 terram

304 1438 448 1502 fudit,
484 1447 541 1494 ut
576 1439 807 1512 vestigia
851 1439 1182 1495 credentium
1231 1438 1530 1505 mundaret,
1578 1456 1699 1512 quae
1726 1448 1891 1497 terre-

304 1528 382 1583 nis
406 1527 645 1599 peccatis
676 1536 825 1582 erant
852 1527 1090 1583 sordida.

1998 375 2331 445 passionem,
2389 376 2646 447 supponit
2697 391 2806 448 quo
2860 375 3170 451 consoletur
3221 390 3318 431 eos
3355 375 3582 446 honore,

1998 464 2145 534 quod
2166 463 2282 535 ipse
2312 472 2366 519 et
2396 464 2555 520 Pater
2581 464 2638 519 in
2667 464 2748 519 eis
2778 464 3051 534 recipitur.

2071 551 2238 607 Vens.
2269 555 2448 610 2t.—
2482 553 2619 609 Cum
2649 553 2766 609 haec
2796 553 3038 609 dixisset
3065 553 3245 609 Iesus.
3277 551 3476 608 Nostra
3504 552 3587 608 in-

1997 636 2220 695 firmitas
2265 639 2324 694 in
2368 655 2435 696 eo
2478 655 2607 696 vere
2645 641 2852 695 turbata
2898 647 3000 707 est,
3048 655 3160 695 non
3197 655 3299 695 sua
3324 647 3582 710 potestas,

1995 726 2139 791 sicut
2160 735 2215 784 et
2232 744 2362 784 vere
2391 742 2575 799 passa.
2599 727 2912 785 Voluntaria
2958 736 3136 783 autem
3165 728 3378 798 accepit
3404 727 3586 782 turba-

1994 814 2215 882 tionem,
2239 831 2308 870 ne
2328 816 2582 887 desperet
2598 832 2790 873 servus
2806 816 3050 870 turbatus
3068 816 3413 871 necessitate.
3426 815 3586 885 Quod

1994 910 2169 957 autem
2210 903 2451 958 turbatur
2508 903 2776 977 significat
2819 904 3116 958 turbandos
3162 903 3470 974 spirituales
3516 920 3584 959 ex

1993 990 2280 1058 charitate,
2310 1007 2435 1047 cum
2463 1009 2670 1065 urgens
2695 1008 2857 1047 causa
2888 1001 2938 1047 et
2964 992 3166 1046 zizania
3194 1007 3224 1045 a
3254 991 3433 1047 tritico
3458 1000 3583 1047 ante

1991 1094 2227 1135 messem
2249 1080 2461 1153 cogitur
2488 1095 2763 1151 separare.

2064 1175 2234 1230 Vens.
2266 1180 2361 1233 26.
2399 1207 2469 1216 —
2498 1179 2570 1233 Et
2605 1194 2736 1233 cum
2782 1177 3121 1233 intinxisset
3162 1192 3388 1248 panem.
3421 1176 3583 1232 Panis

1991 1262 2236 1319 intinctio
2266 1262 2539 1335 significat
2569 1262 2841 1320 ﬁctionem
2868 1265 3041 1331 Judze,
3078 1265 3170 1336 qui
3202 1262 3356 1319 ﬁctus
3375 1265 3581 1321 amicus

1990 1352 2135 1406 venit
2162 1352 2233 1407 ad
2280 1368 2510 1408 coenam.
2562 1351 2697 1420 Quae
2744 1353 2888 1408 enim
2930 1353 3226 1424 tinguntur,
3269 1368 3380 1407 non
3425 1369 3582 1406 mun-

1989 1438 2200 1506 dantur,
2234 1441 2333 1495 sed
2359 1439 2685 1496 inficiuntur.
2715 1440 2773 1496 Si
2800 1449 2977 1496 autem
3026 1441 3230 1497 bonum
3258 1440 3466 1512 aliquid
3497 1440 3578 1496 si-

1987 1526 2208 1598 gnificat
2236 1528 2501 1595 intinctio,
2536 1528 2714 1584 eidem
2744 1529 2888 1585 bono
2923 1530 3212 1601 ingratum,
3247 1544 3358 1585 non
3387 1528 3580 1585 immeo

367 1643 532 1697 Vsus.
559 1646 612 1697 8.
636 1673 697 1683 _
734 1644 886 1699 Dicit
936 1645 989 1699 ei
1034 1645 1251 1709 Petrus,
1301 1650 1404 1698 etc.
1468 1644 1578 1698 Pro
1613 1633 1962 1699 altimdineB
1991 1615 2091 1671 rito
2121 1625 2305 1672 secuta
2334 1625 2416 1672 est
2445 1617 2741 1673 damnatio.
2782 1620 2946 1673 Dedit
2990 1620 3150 1675 Iuda:
3181 1618 3423 1674 Simonis
3450 1618 3581 1673 Sca-
3678 1658 3683 1665 ν

302 1731 546 1801 promissi
590 1731 835 1802 mysterii
885 1731 1122 1786 nondum
1171 1731 1428 1801 permittit
1470 1730 1605 1798 fieri,
1655 1732 1894 1788 nondum

302 1826 469 1890 potest
497 1820 771 1875 sustinere
818 1821 991 1875 Deum
1034 1819 1103 1874 ad
1148 1820 1317 1890 pedes
1364 1820 1658 1886 humiliari,
1694 1836 1893 1891 pavore

303 1908 634 1978 perterritus.
676 1909 996 1980 Respondit.
1031 1907 1136 1976 Qui
1186 1924 1294 1963 non
1325 1908 1530 1964 lavatur
1558 1926 1656 1979 per
1684 1909 1891 1979 baptis-

305 2012 440 2050 mum
470 2004 523 2051 et
550 1996 959 2053 confessionem
987 1996 1337 2068 paenitentiae,
1358 2012 1467 2051 non
1497 1997 1659 2052 habet
1685 2005 1890 2069 partem

305 2099 417 2139 cum
445 2086 597 2139 Jesu.

368 2173 533 2228 Vens.
569 2175 622 2227 9.
661 2174 902 2229 —Dicit
930 2175 985 2228 ei
1014 2172 1228 2229 Simon.
1248 2173 1416 2228 Error
1446 2173 1588 2228 Petri
1617 2173 1705 2229 hic
1731 2173 1889 2230 nobis

304 2259 507 2331 profuit.
548 2261 770 2315 Erravit
817 2260 961 2316 enim
1007 2276 1077 2316 ne
1138 2276 1239 2316 nos
1289 2277 1610 2316 erraremus.
1656 2262 1885 2328 Erravit,

282 2363 420 2403 cum
464 2365 524 2404 se
562 2357 737 2405 totum
776 2349 1065 2404 lavandum
1110 2350 1228 2404 Deo
1280 2349 1487 2415 obtulit,
1532 2366 1691 2421 quem
1742 2351 1887 2405 Deus

307 2437 559 2503 correxit,
619 2437 917 2493 ostendens
978 2437 1147 2493 semel
1220 2437 1539 2509 baptizatum
1598 2453 1706 2494 non
1765 2453 1887 2494 esse

306 2524 697 2596 baptizandum.

370 2615 531 2669 Vens.
568 2617 656 2668 10.
683 2645 753 2654 ——
779 2616 884 2683 Qui
912 2615 1077 2670 lotus.
1110 2614 1191 2668 Ex
1212 2614 1298 2668 his
1322 2613 1505 2668 verbis
1534 2598 1886 2687 intelligimus

305 2700 583 2772 baptizatos
640 2703 934 2772 apostolos,
985 2703 1088 2757 etsi
1143 2718 1253 2757 non
1308 2702 1541 2775 legimus
1585 2702 1678 2756 ubi
1729 2720 1742 2755 :
1801 2702 1885 2757 vel

306 2790 523 2861 quando.
560 2791 669 2858 Qui
693 2792 858 2845 lotus.
890 2789 1164 2860 Baptismo
1203 2789 1345 2844 lotus
1377 2797 1460 2844 est
1488 2791 1740 2845 mundus.
1776 2790 1885 2845 Sed

304 2877 413 2946 quia
442 2878 634 2932 iterum
666 2877 886 2948 pulvere
917 2886 1145 2933 terrente
1184 2877 1525 2933 habitationis
1555 2877 1880 2948 inquinatur,

1991 1704 2211 1769 riothis,
2246 1713 2352 1779 etc.
2383 1707 2527 1773 Non,
2559 1714 2616 1760 ut
2641 1706 2859 1777 quidam
2885 1715 3090 1777 putant,
3114 1722 3259 1762 nunc
3285 1706 3451 1760 Judas
3471 1720 3584 1760 cor-

1989 1807 2094 1861 pus
2122 1792 2318 1847 Christi
2356 1794 2582 1865 accepit.
2635 1795 2926 1851 Sciendum
2974 1804 3057 1850 est
3099 1794 3263 1860 enim,
3301 1795 3448 1865 quod
3470 1794 3580 1861 jam

1989 1879 2242 1934 omnibus
2270 1881 2532 1938 Dominus
2560 1883 2902 1938 distribuerat
2949 1890 3345 1938 sacramentum
3374 1895 3576 1951 corpo-

1990 1966 2063 2020 ris
2093 1975 2144 2023 et
2173 1969 2470 2039 sanguinis,
2502 1970 2643 2027 inter
2670 1986 2807 2042 quos
2835 1979 2889 2025 et
2917 1971 3084 2025 Judas
3115 1968 3229 2036 fuit,
3255 1970 3454 2025 deinde
3480 1984 3581 2039 per

1990 2054 2290 2111 buccellam
2310 2057 2607 2125 intinctam,
2639 2059 2955 2129 exprimitur
2983 2058 3100 2129 ipse
3129 2057 3370 2123 traditor,
3401 2064 3504 2112 etc.

2060 2152 2229 2208 Vnus.
2261 2156 2351 2210 27.
2381 2185 2450 2195 --
2480 2155 2635 2222 Quod
2658 2158 2824 2227 facis.
2856 2156 2979 2211 Non
3007 2154 3282 2226 praecepit,
3316 2154 3416 2209 sed
3444 2168 3581 2223 prae-

1986 2239 2117 2295 dicit
2143 2241 2298 2297 Juda:
2326 2242 2546 2308 malum,
2579 2243 2738 2299 nobis
2766 2244 2987 2307 bonum,
3035 2243 3159 2315 quia
3205 2243 3310 2299 hoc
3341 2241 3454 2297 vult
3475 2240 3580 2297 cito

1986 2325 2126 2396 ﬁeri,
2158 2344 2268 2384 non
2298 2337 2408 2383 tam
2438 2330 2746 2386 festinando
2792 2331 2847 2386 in
2895 2331 3040 2386 illius
3084 2346 3302 2402 poanam
3331 2346 3491 2402 quam
3521 2328 3577 2383 in

1987 2416 2213 2471 salutem
2245 2415 2503 2473 ﬁdelium.

2058 2517 2229 2571 Vsus.
2278 2522 2367 2575 29.
2419 2550 2489 2559 -—-
2533 2520 2676 2587 Quia
2714 2521 2922 2576 loculos
2958 2519 3215 2575 habebat.
3274 2522 3332 2574 In
3382 2521 3576 2592 quibus

1987 2604 2163 2659 oblata
2221 2607 2593 2662 scrutabantur
2650 2624 2864 2663 suorum
2913 2607 3332 2664 necessitatibus
3352 2618 3405 2663 et
3448 2609 3568 2663 aliis

1987 2693 2373 2765 indigentibus.
2404 2697 2464 2749 ln
2494 2712 2601 2768 quo
2629 2697 2785 2751 datur
2816 2696 2981 2751 forma
3028 2696 3289 2751 Ecclesia:
3319 2697 3576 2752 servandi

1984 2783 2311 2851 necessaria,
2361 2768 2482 2856 quae
2514 2784 2729 2852 jubetur
2776 2799 2882 2839 non
2926 2784 3161 2855 cogitare
3208 2784 3277 2839 de
3322 2784 3576 2851 crastino,

1985 2885 2055 2924 ne
2084 2886 2181 2939 pro
2210 2872 2436 2925 terrenis
2469 2871 2690 2938 serviat,
2736 2873 2823 2927 vel
2871 2872 3059 2927 timore
3089 2871 3285 2943 inopiae
3315 2872 3575 2943 justitiam

304 2964 477 3020 iterum
508 2981 648 3037 opus
672 2972 754 3021 est
800 2966 972 3036 pedes
1018 2965 1215 3029 lavare.
1262 2981 1398 3036 quos
1438 2966 1581 3021 lavat
1620 2967 1885 3021 Dominus
1914 2958 2219 3049 Cdeserat.

307 3052 638 3124 interpellans
666 3069 764 3124 pro
795 3053 970 3117 nobis,
1009 3062 1061 3108 et
1089 3069 1190 3109 nos
1212 3053 1314 3124 ipsi
1344 3053 1566 3109 orando.
1598 3053 1693 3109 Ille
1722 3053 1882 3109 etiam

306 3140 384 3212 qui
405 3141 456 3196 in
482 3142 589 3197 otio
620 3142 801 3197 studet
818 3141 1044 3207 veritati,
1071 3142 1197 3196 dum
1225 3143 1278 3196 in
1296 3142 1416 3197 aliis
1432 3142 1667 3212 pulsanti
1681 3157 1884 3213 sponso

308 3229 498 3299 aperire
520 3230 718 3301 pergit,
756 3230 926 3301 pedes
956 3230 1214 3301 inquinat,
1240 3231 1365 3302 quia
1386 3230 1586 3285 veritas
1614 3230 1886 3286 humiliter

305 3317 512 3382 auditur,
547 3319 647 3374 sed
679 3318 797 3373 sine
825 3319 1066 3389 periculo
1110 3333 1218 3374 non
1248 3326 1424 3389 potest
1450 3318 1750 3389 praedicari,
1787 3320 1882 3374 sed

310 3405 400 3460 hos
426 3406 592 3476 pedes
621 3406 889 3461 Dominus
915 3406 1197 3477 discipulis
1224 3407 1383 3462 lavat.

370 3519 532 3574 Vens.
549 3523 639 3576 12.
656 3521 807 3575 -—Et
824 3536 953 3575 cum
975 3521 1143 3575 recub
1156 3521 1354 3585 uisset,
1378 3521 1589 3576 iterum
1605 3520 1747 3576 dicit
1763 3523 1843 3577 eis
1865 3541 1882 3576 :

311 3607 465 3662 Scitis
490 3608 624 3680 quid
653 3609 889 3678 fecerim
917 3608 1102 3664 vobis?
1138 3610 1229 3663 Vos
1252 3610 1460 3663 vocatis
1479 3624 1587 3674 me,
1613 3616 1716 3663 etc.
1741 3609 1887 3664 Sicut

308 3694 440 3763 prius
484 3695 754 3765 exemplo,
807 3695 889 3750 sic
937 3696 1098 3750 etiam
1145 3711 1289 3751 nunc
1332 3696 1499 3751 verbo
1547 3696 1758 3750 instruit
1788 3712 1884 3752 eos

308 3782 549 3855 magister
575 3783 839 3838 veritatis.
896 3784 964 3838 Et
1007 3784 1152 3855 quod
1201 3784 1329 3839 dicit
1360 3799 1562 3855 magna
1592 3784 1661 3839 de
1686 3800 1746 3839 se
1776 3799 1884 3840 non

309 3878 381 3924 est
408 3872 728 3943 arrogantia,
762 3871 860 3927 sed
885 3872 1081 3927 veritas
1113 3888 1233 3943 qua
1278 3873 1502 3943 prodest
1527 3872 1883 3940 auditoribus,

310 3957 433 4014 sicut
458 3959 583 4015 facit
614 3968 669 4015 et
701 3960 915 4015 Paulus.

369 4046 590 4119 (Gaza)
622 4048 827 4103 lncauti
853 4055 976 4103 sunt
1006 4048 1239 4104 humiles
1271 4048 1363 4120 qui
1384 4065 1444 4104 se
1473 4048 1757 4105 mendacio
1776 4048 1888 4103 illa-

312 4144 491 4203 queant
516 4135 646 4190 dum
677 4136 1043 4208 arrogantiam
1089 4137 1271 4205 vitant,
1316 4136 1443 4208 quia
1474 4144 1660 4192 contra
1690 4136 1889 4192 verita-

312 4228 405 4275 tem
434 4239 489 4277 se
516 4225 733 4296 erigunt
761 4240 920 4294 quam
952 4224 1278 4295 relinquunt.
1328 4224 1433 4292 Qui
1474 4223 1621 4280 enim
1647 4224 1887 4280 necessi-

2059 3072 2228 3127 Vsns.
2257 3075 2345 3127 30.
2386 3104 2456 3113 —
2503 3075 2640 3129 Erat
2683 3078 2894 3129 autem.
2941 3075 3058 3129 Nox
3107 3074 3354 3145 congruit
3397 3090 3576 3129 sacra-

1982 3167 2185 3215 mento.
2217 3161 2344 3215 Erat
2376 3161 2518 3216 enim
2537 3162 2627 3234 qui
2654 3162 2816 3217 exivit
2846 3160 2985 3216 filius
3011 3162 3351 3218 tenebrarum
3374 3160 3578 3219 faciens

1984 3263 2147 3318 opera
2179 3249 2538 3304 tenebrarum.
3060 3253 3062 3257 ’

2053 3337 2214 3392 Nunc
2225 3338 2573 3407 clariﬁcatus
2586 3343 2671 3393 est
2683 3340 2858 3396 Filius
2872 3339 3579 3410 hominis.(Auc.)Exeunte

1984 3423 2118 3477 Juda
2131 3439 2231 3494 pro
2252 3441 2356 3496 quo
2378 3425 2684 3481 dicebatur:
2702 3428 2821 3482 Non
2842 3428 2977 3482 estis
2996 3428 3201 3482 mundi
3221 3444 3434 3493 omnes,
3450 3435 3576 3493 etc.,

1984 3527 2159 3582 usque
2187 3513 2259 3567 ad
2288 3513 2440 3583 quasi
2470 3514 2539 3567 sit
2565 3512 2762 3568 factum
2785 3514 2928 3586 qubd
2960 3530 3088 3568 mox
3120 3521 3201 3570 est
3233 3514 3484 3569 futurum.

2057 3625 2227 3680 Vnus.
2263 3630 2349 3680 33.
2370 3658 2439 3666 —
2470 3628 2677 3683 Filioli.
2711 3628 2841 3700 (10.)
2875 3627 3008 3696 Quia
3039 3629 3247 3684 dixerat
3270 3629 3414 3700 quod
3435 3631 3580 3686 Deus

1986 3721 2067 3768 est
2097 3713 2203 3770 cito
2234 3712 2619 3769 clarificaturus
2650 3732 2792 3782 eum,
2816 3724 2943 3782 etc.,
2974 3734 3146 3789 usque
3174 3717 3247 3771 ad
3279 3732 3384 3771 non
3406 3725 3584 3788 potest

1986 3800 2088 3857 hoc
2118 3801 2319 3872 accipi;
2353 3802 2476 3874 quia
2502 3817 2612 3857 non
2641 3803 2954 3859 conveniret
2981 3803 3126 3876 quod
3157 3803 3416 3875 sequitur.

2065 3890 2176 3957 Quo
2206 3906 2299 3962 ego
2324 3890 2458 3945 vado
2478 3907 2578 3946 nos
2610 3907 2725 3945 non
2753 3893 2986 3963 potestis
3028 3893 3240 3947 venire.
3280 3893 3438 3948 Nunc
3469 3906 3580 3946 non

1986 3984 2239 4047 poterant
2281 3978 2511 4048 apostoli
2560 3979 2807 4033 nondum
2856 3978 3046 4049 spiritu
3091 3977 3391 4035 confirmati
3420 3979 3577 4050 sequi

1986 4065 2299 4140 Dominum,
2331 4065 2386 4119 id
2416 4074 2499 4121 est
2541 4066 2683 4121 mori
2729 4083 2829 4138 pro
2872 4068 3105 4123 Domino
3138 4076 3190 4123 et
3230 4067 3454 4138 justitia,
3486 4066 3577 4124 vel

1988 4152 2174 4207 venire
2205 4153 2274 4207 ad
2302 4153 2463 4210 vitam
2493 4154 2851 4210 immortalem
2880 4156 2949 4210 ad
2978 4172 3136 4227 quam
3175 4156 3291 4227 ipse
3320 4156 3451 4225 ibat,
3485 4170 3577 4211 se-

1989 4240 2164 4295 cuturi
2186 4249 2363 4295 autem
2413 4250 2567 4297 erant
2604 4251 2809 4314 postea.
2862 4241 3148 4311 Quomodo
3189 4251 3368 4299 autem
3399 4242 3581 4299 idonei

312 4316 404 4403 ξθίθ
429 4319 656 4403 ςφςεξοςε
684 4326 813 4403 vel“
841 4311 909 4367 de
931 4327 989 4367 se
1017 4320 1067 4366 εί
1097 4312 1237 4403 δοῐιέ
1262 4311 1516 4403 “Militi”,
1544 4320 1688 4368 ἴδοιο
1707 4312 1883 4384 magis
1906 4331 1959 4391 D
1985 4327 2197 4397 possint
2229 4345 2351 4383 esse
2382 4337 2435 4384 et
2462 4311 2697 4401 pergere
2725 4347 2833 4403 quo
2861 4330 2952 4385 ille
2982 4331 3273 4396 antecedit,
3308 4331 3486 4386 docet.

312 4394 569 4452 humilitati
592 4398 862 4472 jungitur,
886 4406 1082 4471 quanto
1112 4400 1318 4455 veritati
1350 4400 1600 4456 sociatur.

375 4503 531 4558 Vens.
558 4508 646 4559 18.
669 4535 740 4545 -
758 4507 877 4562 Non
898 4506 965 4562 de
994 4507 1271 4562 omnibus.
1304 4507 1426 4561 Non
1459 4522 1650 4562 omnes
1679 4506 1885 4562 facietis

317 4590 403 4646 hoc
426 4592 565 4647 unde
597 4593 740 4647 beati
771 4592 907 4662 sitis,
931 4594 1026 4649 sed
1049 4594 1139 4665 qui
1156 4593 1440 4649 manducat
1459 4610 1639 4649 meum
1664 4609 1879 4665 panem,

313 4668 403 4731 non
431 4687 484 4733 ut
510 4678 770 4750 proficiat,
825 4681 921 4735 sed
959 4690 1014 4736 ut
1060 4681 1242 4747 lateat,
1297 4682 1501 4737 levabit
1543 4686 1745 4737 contra
1793 4699 1884 4738 me

315 4767 624 4824 calcaneum
653 4785 842 4835 suum,
878 4768 933 4822 id
975 4777 1059 4824 est
1107 4786 1192 4823 me
1221 4768 1469 4835 calcabit,
1502 4776 1562 4823 ut
1597 4769 1886 4840 impleatur

314 4851 564 4924 Scriptura
612 4872 734 4928 qua:
771 4856 875 4913 hoc
911 4856 1175 4927 praedixit,
1225 4872 1333 4911 non
1377 4856 1521 4928 quod
1569 4866 1751 4929 cogat,
1786 4860 1883 4915 sed

314 4940 424 5010 quia
447 4944 586 5015 quod
608 4943 841 4998 futurum
870 4953 980 4999 erat
1010 4960 1118 4999 non
1151 4944 1342 4999 tacuit.

374 5055 532 5111 Vens.
570 5058 653 5112 l9.
687 5089 757 5098 —
788 5058 992 5114 Amodo
1024 5059 1147 5115 dico
1167 5060 1334 5116 vobis.
1355 5059 1522 5127 Quasi
1545 5060 1720 5116 dicat:
1746 5062 1888 5117 Huc-

314 5156 467 5214 usque
509 5145 731 5202 toleravi
768 5154 823 5201 et
871 5131 1041 5213 tacui,
1077 5147 1174 5200 sed
1216 5148 1328 5216 jam
1371 5155 1499 5204 noto
1555 5148 1882 5219 proditorem

312 5237 573 5303 antequam
605 5234 695 5291 fiat
722 5233 865 5305 quod
898 5249 1020 5289 mox
1057 5233 1363 5290 faciendum
1401 5244 1503 5300 est,
1538 5237 1614 5291 uti
1648 5252 1772 5292 cum
1804 5237 1883 5292 fa-

315 5323 443 5372 ctum
471 5319 625 5376 fuerit
655 5322 886 5377 credatis
915 5322 1040 5395 quia
1068 5338 1173 5394 ego
1214 5339 1336 5378 sum
1368 5322 1458 5379 ille
1487 5324 1555 5380 de
1589 5325 1698 5380 duo
1730 5325 1881 5381 Scri-

318 5411 453 5473 ptura
478 5407 567 5463 illa
589 5410 852 5480 praedixit.

380 5493 536 5551 Vsus.
568 5500 654 5553 20.
689 5529 756 5540 —
785 5499 983 5567 Amen,
1017 5515 1184 5556 amen
1220 5501 1343 5559 dico
1381 5502 1549 5559 vobis.
1591 5502 1881 5574 Postquam

2058 4416 2387 4472 Mandatum
2416 4434 2620 4473 novum
2655 4420 2741 4475 do.
2782 4419 2972 4489 (AUG.)
3010 4419 3133 4473 Non
3162 4418 3308 4489 quod
3336 4419 3439 4474 hoc
3469 4434 3579 4473 non

1987 4502 2055 4557 sit
2083 4503 2138 4557 in
2164 4504 2384 4576 antiqua
2412 4504 2555 4577 lege,
2607 4508 2814 4577 Diliges
2842 4508 3174 4578 proximum
3226 4510 3387 4561 tuum
3427 4508 3578 4561 sicut

1987 4592 2254 4663 teipsum,
2290 4601 2416 4661 etc.,
2450 4609 2622 4664 usque
2651 4593 2724 4647 ad
2754 4610 2874 4663 quae
2902 4593 3117 4648 dilectio
3146 4593 3273 4648 facit
3302 4593 3437 4648 mori
3468 4609 3574 4647 sae-

1986 4678 2129 4734 culo.

2057 4775 2226 4830 Vens.
2253 4775 2340 4831 34.
2373 4806 2442 4816 -
2466 4778 2535 4834 Ut
2554 4776 2804 4848 diligatis
2829 4777 3072 4833 invicem
3092 4780 3241 4835 sicut
3260 4780 3442 4837 dilexi
3465 4798 3572 4836 vos.

1983 4864 2103 4917 Non
2132 4870 2340 4934 puteler
2383 4864 2501 4919 haec
2549 4864 2918 4935 praetermissa
2963 4865 3181 4921 dilectio
3212 4868 3314 4922 Dei
3345 4884 3464 4940 quae
3494 4878 3578 4924 est

1982 4950 2037 5005 in
2067 4950 2352 5007 dilectione
2378 4952 2629 5022 proximi,
2655 4953 2709 5005 in
2723 4953 2969 5023 proximo
2990 4953 3131 5007 enim
3163 4972 3270 5009 non
3298 4957 3403 5010 nisi
3432 4957 3579 5012 Deus

1984 5037 2246 5109 diligitur,
2280 5038 2414 5094 sicut
2443 5047 2495 5093 et
2524 5039 2771 5094 Christus
2811 5040 2866 5094 in
2914 5041 3068 5096 nobis
3097 5042 3272 5115 diligit
3303 5045 3492 5113 Deum,
3527 5053 3578 5099 et

1982 5141 2090 5180 non
2129 5127 2273 5198 quod
2312 5127 2415 5183 hoc
2453 5128 2778 5196 habeamus,
2830 5129 2924 5183 sed
2972 5137 3027 5183 ut
3073 5130 3396 5187 haberemus
3439 5133 3577 5188 sicut

1982 5213 2224 5269 medicus
2253 5215 2307 5269 in
2338 5232 2510 5288 nigro,
2562 5231 2671 5270 non
2719 5216 2987 5286 morbum,
3039 5219 3135 5272 sed
3166 5219 3389 5276 salutem
3420 5236 3577 5292 quam

1981 5301 2129 5356 venit
2158 5303 2305 5359 dare.

2053 5415 2222 5471 Vens.
2258 5419 2345 5472 36.
2372 5420 2714 5488 —Domine,
2749 5436 2875 5492 quo,
2924 5429 3051 5487 etc.,
3085 5421 3300 5489 Audito,
3336 5437 3444 5492 quo
3471 5437 3577 5493 ego

1982 5503 2142 5572 vado,
2175 5511 2228 5559 et
2254 5503 2521 5562 intellecta
2570 5506 2656 5562 via
2705 5523 2811 5580 qua
2859 5508 3012 5582 sequi
3059 5516 3257 5580 potest,
3300 5507 3352 5563 id
3386 5517 3469 5567 est
3495 5510 3577 5566 di-
