3964 6180
263 174 368 230 407

795 170 1199 228 WALAFRIDI
1236 169 1478 225 STRABI
1507 169 1712 224 FULD.
1762 166 1931 222 MON.
1965 165 2116 222 OPP.
2160 167 2334 222 PARS
2362 168 2401 222 I.
2444 198 2512 208 —
2537 167 3008 224 TIIEOLOGICA.

3451 174 3553 226 408

263 296 516 366 lectione,
551 296 680 352 dicit
709 297 898 350 Petrus
919 304 974 350 ut
1007 295 1158 366 sequi
1204 303 1442 365 paratus.
1475 294 1540 347 Et
1573 292 1693 364 quia
1725 293 1866 346 hunc
1893 291 2071 353 Alum
2102 292 2287 347 venire
2316 293 2382 346 ad
2412 294 2642 360 Patrem,
2694 293 2798 346 nisi
2843 309 2941 363 per
2989 309 3069 360 se,
3114 293 3205 364 qui
3235 302 3320 348 est
3348 295 3562 366 insepa-

272 386 387 454 ejus
415 385 654 439 animum
686 385 836 440 novit
885 384 1166 448 Dominus,
1217 382 1347 435 dixit
1399 397 1508 435 non
1548 381 1710 435 modo
1742 397 1863 434 eum

268 490 451 545 posse,
485 474 542 526 in
571 488 677 546 quo
707 488 815 527 non
847 472 1063 525 abstulit
1111 487 1262 541 spem
1310 469 1493 533 futuri,
1531 469 1626 523 sed
1658 468 1864 524 contir-

269 561 450 616 mavit.
484 563 738 632 Sequeris
761 565 953 616 autem
968 564 1182 631 postea.

349 651 516 704 Vens.
541 652 630 703 37.
665 679 734 689 ——
759 649 1023 702 Animam
1070 663 1272 701 meam.
1323 646 1543 700 Multum
1589 645 1868 716 praesumit

270 737 359 810 qui
381 737 610 791 animam
641 752 738 807 pro
767 752 832 790 eo
851 751 1053 806 ponere
1082 734 1358 805 promittit,
1393 735 1485 804 qui
1506 735 1743 788 nondum
1770 749 1868 803 pro

269 827 425 880 Petro
454 826 685 879 animam
713 825 878 887 dedit,
913 823 1066 895 quasi
1096 824 1287 893 praeire
1325 823 1516 892 possit.

343 913 534 983 (AUG.)
568 913 902 967 Voluntatem
943 929 1112 977 suam,
1155 912 1251 965 sed
1301 927 1406 966 non
1453 911 1594 965 vires
1625 927 1750 964 suas
1781 925 1871 965 co-

274 1016 570 1074 gnoscens,
603 1007 662 1054 ut
690 998 935 1054 infirmus
978 999 1309 1056 voluntatem
1359 1015 1508 1052 suam
1550 999 1732 1066 jactat,
1769 1000 1866 1053 sed

274 1088 594 1158 inspiciebat
634 1087 1036 1142 invalitudinem
1079 1087 1343 1142 medicus.
1379 1087 1472 1141 Ille
1504 1087 1866 1157 promittebat,

271 1175 362 1231 ille
415 1176 813 1247 prtenoscebat,
869 1184 922 1230 et
967 1175 1059 1247 qui
1111 1174 1390 1232 nesciebat
1436 1175 1722 1240 audiebat,
1782 1174 1871 1246 qui

275 1264 600 1336 praesciebat
632 1265 884 1319 docebat.
1631 1279 1638 1286 ·

349 1352 633 1406 Vens..38.
658 1382 728 1391 —
748 1353 866 1408 Non
888 1352 1143 1408 cantabit
1171 1352 1376 1423 gallus,
1407 1358 1511 1406 etc.
1543 1352 1732 1405 Petrus
1752 1357 1875 1405 ante

277 1439 513 1510 primum
545 1439 673 1512 galli
703 1448 917 1496 cantum
955 1439 1150 1494 trinam
1181 1440 1526 1510 negotionem
1557 1440 1763 1510 incipit,
1797 1447 1880 1494 to-

282 1535 389 1584 tam
419 1536 599 1583 autam
631 1526 836 1600 perﬁcit
857 1536 980 1583 ante
1008 1528 1307 1583 secundum
1339 1529 1469 1602 galli
1497 1536 1732 1583 cantum.

869 1678 1095 1734 CAPUT
1129 1679 1276 1734 XIV.

365 1802 524 1860 iens.
560 1803 824 1857 1.-Νοη
855 1803 1112 1857 turbetur
1139 1818 1234 1858 cor
1252 1805 1518 1867 vestrum,
1554 1809 1658 1856 etc.
1683 1801 1874 1872 (Λυσι.)

289 1891 372 1946 Ne
413 1899 589 1944 autem
637 1898 864 1944 mortem
900 1898 1151 1961 tanquam
1202 1890 1436 1945 hominis
1485 1890 1775 1956 timerent,
1822 1899 1876 1945 et

281 1979 406 2034 ideo
437 1979 796 2046 turbarentur,
833 1987 961 2048 etc.,
1008 1995 1183 2052 usque
1227 1979 1298 2034 ad
1336 1978 1438 2034 alia
1469 1978 1681 2034 claritas
1711 1978 1870 2044 lunae,

280 2067 389 2122 alia
417 2067 629 2122 claritas
650 2067 946 2121 stellarum.

354 2156 525 2210 Vens.
556 2158 611 2211 2.
640 2185 708 2194 -
751 2157 816 2210 In
852 2156 1028 2221 domo,
1074 2163 1175 2210 etc.
1210 2157 1414 2210 Domus
1458 2156 1578 2221 Dei,
1617 2156 1873 2226 templum

285 2243 406 2309 Dei,
438 2259 667 2316 regnum
697 2244 816 2298 Dei.
849 2244 1097 2314 Regnum
1139 2245 1424 2309 caelorum,
1477 2252 1598 2298 sunt
1627 2244 1876 2299 homines

279 2331 428 2400 justi,
462 2331 516 2386 in
540 2331 736 2403 quibus
779 2340 903 2386 sunt
948 2332 1129 2387 multae
1170 2331 1488 2388 differentia:
1530 2332 1668 2387 inter
1696 2348 1775 2388 se.
1809 2333 1878 2388 Et

285 2419 368 2475 hae
397 2427 519 2474 sunt
547 2420 856 2476 mansiones
886 2420 1056 2491 ipsius
1085 2420 1297 2476 domus.

358 2508 548 2579 (AUG.)
580 2507 738 2563 Modo
761 2507 890 2576 justi
917 2516 1039 2562 sunt
1059 2524 1285 2582 regnum
1311 2509 1411 2564 Dei
1434 2517 1487 2564 et
1507 2525 1737 2582 regnum
1768 2524 1880 2565 ca:-

288 2597 484 2662 lorum,
514 2604 642 2663 etc.,
673 2613 848 2670 usque
877 2597 950 2653 ad
982 2597 1123 2668 quod
1157 2598 1316 2652 eratis
1346 2597 1399 2652 in
1430 2614 1546 2668 spe,
1568 2599 1683 2652 sitis
1713 2598 1767 2651 in
1797 2614 1874 2652 re.

356 2686 416 2742 Si
444 2702 548 2758 quo
585 2687 798 2751 minus,
823 2691 925 2740 etc.
961 2685 1018 2738 Id
1048 2692 1149 2750 est,
1185 2685 1228 2739 si
1260 2700 1367 2740 non
1401 2685 1878 2756 prmdestinassem

284 2774 642 2839 mansionem,
663 2773 808 2844 quod
827 2781 910 2828 est
934 2773 1323 2828 inconveniens
1341 2783 1595 2844 quantum
1617 2775 1685 2828 ad
1705 2775 1877 2828 Deum

289 2862 381 2934 qui
410 2861 589 2918 omnia
619 2861 762 2917 bona
791 2869 914 2916 ante
943 2861 1126 2916 omnia
1171 2869 1417 2932 tempora
1453 2862 1875 2932 prazdestinavit,

288 2958 415 3006 tunc
462 2950 623 3006 modo
677 2934 1076 3021 praepararem,
1136 2949 1188 3003 id
1245 2959 1364 3016 est,
1417 2950 1856 3021 praedestinarem

293 3039 437 3112 quod
485 3040 676 3094 iterum
725 3047 807 3094 est
853 3038 1260 3104 inconveniens,
1301 3047 1556 3110 quantum
1605 3039 1672 3094 ad
1713 3040 1882 3094 Deum

290 3126 704 3198 praesentialiter
732 3126 932 3198 aliquid
958 3126 1358 3200 praadestinare.

366 3215 499 3286 (10.)
530 3213 818 3269 Confirmat
847 3232 990 3281 esse,
1023 3215 1144 3288 quia
1193 3215 1238 3268 si
1285 3231 1392 3270 non
1423 3224 1606 3270 essent
1637 3215 1880 3284 dixisset,

293 3304 384 3359 ibo
414 3311 466 3358 et
492 3303 710 3374 parabo,
745 3311 870 3371 etc.,
902 3321 1074 3378 usque
1105 3305 1176 3359 ad
1205 3312 1257 3360 et
1285 3305 1400 3360 haec
1431 3304 1710 3359 multitudo
1742 3321 1886 3358 man-

295 3392 507 3448 sionum
537 3399 637 3447 est.

368 3479 690 3536 Vens.3.-—
719 3483 789 3536 Et
813 3483 862 3536 si
891 3482 1101 3538 abiero.
1141 3482 1274 3550 (10.)
1304 3480 1445 3536 Abiit
1473 3479 1714 3547 latendo,
1741 3481 1886 3535 venit

295 3567 623 3640 apparando,
658 3568 754 3624 sed
785 3577 966 3624 manet
991 3569 1250 3641 regendo,
1295 3577 1352 3624 ut
1379 3567 1726 3640 proficiamus
1749 3569 1888 3624 bene

297 3655 554 3723 vivendo,
583 3665 634 3712 et
666 3656 746 3713 sic
774 3665 988 3728 paratur
1013 3658 1184 3714 locus.

367 3744 498 3815 (10.)
530 3745 689 3800 Fides
719 3762 838 3818 qua;
867 3762 974 3802 non
1015 3744 1162 3801 videt
1207 3746 1394 3812 credit,
1428 3761 1551 3800 nam
1582 3746 1628 3800 si
1659 3745 1885 3811 videret,

293 3841 420 3902 etc.,
454 3851 628 3908 usque
657 3835 730 3890 ad
760 3835 1087 3890 desiderium
1120 3834 1439 3903 dilectionis,
1459 3835 1778 3906 praeparatio
1809 3842 1890 3888 est

298 3921 612 3978 mansionis.
889 3931 892 3934 λ

371 4011 540 4066 Vens.
571 4011 620 4065 ι.
653 4041 721 4050 -
752 4013 821 4066 Et
853 4027 955 4083 quo
995 4027 1087 4080 ego
1119 4011 1274 4067 vado.
1318 4011 1432 4064 Hoc
1461 4009 1662 4064 dictum
1689 4019 1771 4064 est
1805 4026 1892 4065 se-

296 4098 531 4154 cundum
563 4098 822 4169 quosdam
855 4098 945 4169 qui
979 4099 1220 4153 sciebant
1269 4106 1319 4152 et
1347 4097 1536 4152 Filium
1571 4107 1622 4153 et
1653 4099 1886 4152 Patrem.

295 4187 529 4240 Thomas
580 4202 711 4240 vero
760 4187 859 4240 etsi
916 4194 1125 4257 putaret
1173 4202 1231 4240 se
1279 4185 1513 4250 nescire,
1554 4187 1891 4242 convincitur

295 4290 396 4345 per
427 4275 530 4330 hoc
559 4274 704 4345 quod
744 4274 920 4344 ipsum
955 4274 1124 4342 novit,
1175 4282 1227 4328 et
1277 4275 1419 4328 viam
1449 4273 1590 4329 scire
1622 4282 1673 4329 et
1703 4275 1885 4342 vitam,

295 4363 350 4416 id
382 4370 484 4431 est,
519 4363 712 4417 Filium
743 4370 795 4418 et
824 4364 1056 4418 Patrem.
1091 4363 1169 4417 De
1200 4361 1316 4416 istis
1363 4362 1657 4417 scientibus
1697 4363 1886 4418 subdi-
1907 4356 1959 4414 D

296 4460 380 4505 tur
413 4469 426 4505 :
458 4452 669 4507 Amodo
700 4451 1044 4525 cognoscetis
1092 4467 1214 4505 eum
1257 4467 1358 4522 per
1386 4467 1473 4506 me
1506 4452 1804 4523 cognitum,
1839 4461 1892 4506 et

297 4539 505 4594 vidistis
536 4556 660 4595 eum
690 4540 745 4594 in
777 4541 964 4608 corde,
1008 4540 1136 4595 dum
1167 4555 1254 4595 me
1300 4555 1401 4610 per
1447 4539 1630 4594 omnia
1661 4540 1889 4595 similem

299 4627 347 4682 ei
377 4627 608 4682 vidistis.

371 4733 541 4787 Vens.
577 4733 628 4785 5.
663 4762 730 4771 -
777 4735 925 4789 Dicit
974 4737 1028 4790 ei
1081 4735 1330 4800 Thomas,
1377 4743 1481 4789 etc.
1528 4733 1647 4802 Quo
1693 4743 1743 4788 et
1788 4750 1890 4804 qua

296 4819 416 4885 itur,
443 4819 576 4874 dixit
609 4835 703 4874 eos
735 4821 876 4875 scire
922 4822 1012 4891 qui
1062 4838 1168 4877 non
1218 4822 1493 4889 mentitur,
1527 4823 1622 4877 sed
1655 4823 1890 4876 Thomas

295 4907 427 4963 dicit
457 4924 552 4962 eos
587 4916 872 4980 utrumque
920 4910 1151 4978 nescire,
1195 4911 1446 4966 nesciens
1478 4926 1573 4965 eos
1603 4910 1760 4974 scire,
1795 4911 1890 4964 sed

298 4994 540 5049 Christus
568 4996 839 5052 convincit
868 5011 962 5052 eos
1001 4997 1159 5063 scire,
1203 4999 1330 5069 quia
1379 4999 1424 5052 si
1471 5014 1591 5052 eum
1625 4998 1887 5063 sciebant,

297 5090 346 5137 et
375 5083 492 5153 ipse
523 5090 605 5137 est
633 5083 736 5149 via,
773 5085 916 5138 viam
947 5086 1210 5150 sciebant,
1253 5094 1303 5140 et
1337 5087 1381 5140 si
1414 5087 1590 5156 ipsum
1625 5087 1887 5152 sciebant,

294 5179 348 5225 et
378 5170 495 5240 ipse
525 5179 609 5224 est
637 5172 834 5226 veritas
863 5180 916 5226 et
945 5173 1071 5238 vita,
1107 5181 1230 5228 tunc
1260 5173 1503 5228 sciebant
1531 5175 1809 5229 veritatem
1839 5183 1892 5229 et

296 5257 460 5313 vitam
493 5259 563 5312 ad
596 5274 758 5329 quam
789 5260 937 5314 vadit
971 5278 984 5314 :
1017 5262 1134 5330 ipse
1163 5276 1294 5331 ergo
1323 5277 1420 5331 per
1449 5278 1507 5315 se
1537 5262 1700 5327 viam,
1734 5263 1803 5316 ad
1832 5279 1891 5316 se

295 5347 573 5400 veritatem
604 5354 656 5401 et
685 5347 849 5400 vitam
905 5356 957 5402 et
1004 5349 1070 5402 ad
1116 5349 1345 5418 Patrem,
1395 5349 1521 5420 quia
1569 5365 1691 5405 cum
1737 5351 1891 5404 Patre

296 5447 465 5488 unum
493 5443 595 5500 est,
630 5435 796 5490 vadit.

365 5530 536 5587 Vens.
572 5535 623 5588 7.
647 5561 717 5572 —
737 5533 797 5588 Si
816 5535 1206 5608 cognovissetis
1227 5549 1332 5590 me.
1361 5533 1501 5603 Quia
1529 5534 1753 5603 dixerat,
1778 5534 1891 5589 nul-

1863 2993 1953 3062 TC

1966 381 2202 434 rabiliter
2248 381 2389 435 idem
2442 398 2560 436 cum
2614 384 2782 445 Patre,
2840 398 2908 436 ne
2962 392 3260 452 quaererent
3307 383 3429 454 quis
3479 393 3560 438 est

1967 468 2137 532 Pater,
2170 469 2406 523 ostendit
2434 486 2499 523 ex
2531 486 2589 523 se
2618 479 2744 524 noto
2778 470 2929 524 nosci
2977 471 3213 535 Patrem,
3249 471 3398 541 quod
3425 487 3562 526 non-

1966 557 2091 610 dum
2123 557 2339 628 quidam
2387 566 2770 628 cognoverant,
2825 573 2961 629 quos
3009 558 3188 628 arguit
3234 558 3472 615 dicens:
3508 561 3568 614 Si

1967 647 2375 715 cognovissetis,
2429 655 2538 700 etc.
2598 649 2666 700 Et
2702 647 2921 701 vidistis
2968 663 3116 702 eum.
3153 648 3219 702 Ut
3251 647 3320 700 de
3351 647 3561 702 duobus

1968 733 2188 787 omnino
2243 733 2506 787 similibus
2564 734 2756 787 dicitur
2787 753 2799 788 :
2833 735 2887 788 Si
2938 734 3098 788 istum
3150 735 3354 798 vidisti,
3406 735 3556 788 illum

1969 821 2181 886 vidisti;
2215 821 2459 876 viderant
2485 837 2616 892 ergo
2651 839 2806 893 quam
2853 822 3184 876 simillimum
3214 823 3426 887 Filium,
3465 824 3562 878 sed

1969 910 2227 963 monendi
2259 918 2427 973 erant,
2464 918 2519 964 ut
2551 911 2713 964 talem
2746 910 2904 965 etiam
2939 912 3147 966 Patrem
3178 911 3561 983 intelligerent,

1972 1006 2024 1051 et
2054 1013 2159 1051 non
2194 998 2514 1052 dissimilem
2528 1039 2540 1052 .

2046 1113 2214 1167 Vens.
2248 1115 2388 1167 9.-—
2421 1113 2695 1180 Quo-modo
2743 1118 2804 1169 tu
2851 1114 3011 1169 dicis.
3059 1115 3124 1168 Et
3175 1131 3294 1168 cum
3343 1115 3568 1170 omnino

1975 1201 2185 1255 similis.
2227 1202 2500 1270 Quomodo
2535 1207 2595 1259 tu
2628 1202 2790 1269 dicis,
2817 1211 2920 1256 etc.
2946 1201 3109 1270 Quasi
3132 1203 3332 1258 diceret
3355 1221 3368 1256 :
3395 1204 3568 1258 Video

1976 1305 2082 1360 quo
2111 1289 2290 1344 animo
2321 1289 2488 1355 dicas,
2538 1306 2645 1344 non
2686 1291 2882 1363 qumris
2929 1291 3152 1346 alterum
3181 1291 3432 1357 similem,
3467 1292 3569 1346 sed

1976 1388 2130 1449 putas
2164 1378 2464 1433 meliorem.
2498 1380 2538 1433 A
2561 1379 2788 1451 meipso.
2843 1377 2977 1446 Quia
3005 1395 3113 1434 non
3148 1396 3264 1433 sum
3296 1398 3326 1433 a
3354 1380 3569 1451 meipso

1979 1467 2068 1538 qui
2098 1467 2286 1537 loquor
2321 1485 2333 1520 :
2366 1467 2416 1522 ei
2447 1466 2627 1521 tribuit
2670 1467 2816 1538 quod
2856 1466 2998 1532 facit,
3053 1468 3121 1522 de
3166 1485 3271 1538 quo
3320 1477 3403 1523 est
3448 1469 3569 1540 ipse

1980 1555 2070 1626 qui
2091 1554 2237 1610 facit.

1897 1647 1950 1707 Β
2051 1671 2222 1725 Vens.
2257 1673 2342 1726 12.
2393 1700 2461 1709 —
2495 1670 2598 1738 Qui
2627 1671 2809 1726 credit
2832 1671 2896 1725 in
2931 1687 3042 1727 me.
3074 1672 3195 1742 Ego
3225 1679 3276 1726 et
3305 1672 3460 1727 Pater
3487 1673 3574 1727 in-

1975 1756 2284 1813 differenter
2309 1773 2610 1828 operemur.
2644 1759 2710 1812 Et
2745 1759 3050 1830 quicunque
3080 1759 3249 1814 credit
3274 1759 3327 1813 in
3359 1776 3445 1815 me
3476 1762 3574 1831 (ne

1977 1847 2045 1901 de
2077 1846 2206 1901 solis
2233 1847 2498 1916 apostolis
2545 1847 2648 1901 hoc
2694 1847 3051 1917 acciperetur)
3093 1864 3255 1918 opera
3301 1865 3422 1920 quae
3463 1865 3570 1919 ego

1977 1934 2113 1990 facio
2142 1950 2240 2004 per
2269 1951 2375 2000 me,
2409 1935 2525 2005 ipse
2559 1934 2733 2001 faciet,
2767 1935 2821 1988 id
2869 1943 2968 2000 est,
3005 1951 3109 2006 ego
3139 1935 3278 1991 facio
3309 1936 3360 1989 in
3391 1952 3457 1991 eo
3484 1937 3573 1991 vel

1974 2038 2072 2093 per
2101 2039 2250 2090 eum,
2281 2031 2334 2078 et
2354 2023 2512 2078 etiam
2533 2023 2753 2092 majora.
2787 2023 2964 2095 Opera
2985 2041 3106 2096 quae
3135 2040 3227 2095 ego
3247 2027 3416 2094 facio.
3448 2026 3574 2080 Non

1976 2119 2155 2166 tamen
2186 2128 2250 2166 ex
2275 2128 2353 2177 se,
2389 2111 2488 2166 sed
2519 2127 2584 2167 ex
2617 2127 2722 2166 me.
2761 2113 2880 2169 Non
2917 2117 3004 2167 est
3047 2129 3237 2168 servus
3266 2115 3447 2184 major
3479 2114 3576 2170 do—

1977 2201 2152 2255 mino.
2206 2201 2328 2270 Ipse
2372 2201 2518 2254 enim
2549 2200 2666 2255 sine
2711 2201 2791 2255 eis
2840 2200 3022 2265 multa,
3068 2200 3143 2254 illi
3173 2200 3288 2255 sine
3319 2216 3384 2255 eo
3413 2201 3570 2265 nihil,

1977 2287 2082 2342 nisi
2111 2295 2410 2359 peccatum.

2048 2403 2257 2474 Majora
2287 2403 2506 2458 horum.
2539 2403 2730 2474 (AUG.)
2751 2402 2888 2471 Quia
2918 2403 2963 2456 si
2996 2403 3112 2474 ipse
3143 2401 3368 2468 ﬁmbria,
3386 2404 3579 2458 Petrus

1977 2491 2165 2545 umbra
2194 2491 2418 2545 sanavit.
2452 2491 2549 2546 Vel
2577 2507 2713 2562 opus
2759 2492 2892 2560 ejus,
2945 2499 3071 2555 etc.,
3127 2507 3301 2564 usque
3346 2492 3417 2546 ad
3449 2492 3576 2563 quia

1979 2579 2024 2632 si
2047 2588 2326 2651 utrumque
2355 2579 2578 2650 aequalis
2607 2579 2882 2650 potentiae,
2919 2580 3022 2635 hoc
3053 2587 3134 2634 est
3164 2580 3382 2648 majoris
3410 2580 3578 2634 mise-

1981 2667 2246 2724 ricordiae.

2053 2765 2222 2820 Vens.
2252 2767 2337 2819 15.
2361 2795 2429 2805 ——
2450 2766 2510 2820 Si
2530 2766 2772 2837 diligitis
2801 2781 2911 2820 me.
2941 2763 3226 2833 Quomodo
3255 2775 3436 2821 monet
3462 2767 3579 2821 dili-

1981 2869 2110 2924 gere
2139 2862 2192 2908 et
2219 2869 2434 2908 servare
2459 2854 2726 2918 mandata,
2743 2862 2798 2908 ut
2829 2854 3098 2924 accipiant
3126 2854 3390 2925 spiritum,
3415 2872 3580 2927 quem

1981 2943 2087 2996 nisi
2117 2941 2348 2996 habeant
2396 2957 2504 2998 non
2553 2950 2783 3014 possunt
2819 2943 3046 3014 diligere
3093 2951 3145 2998 et
3177 2944 3436 2999 servare?
3468 2943 3578 2999 Sed

1983 3031 2124 3102 quod
2155 3031 2422 3085 habebant
2464 3030 2642 3084 minus
2689 3031 2914 3096 occulte,
2964 3032 3238 3102 accepturi
3277 3041 3425 3086 erant
3457 3049 3581 3085 am-

1982 3117 2123 3188 plius
2156 3117 2458 3184 manifeste,
2491 3127 2549 3172 ut
2595 3118 2676 3172 eis
2725 3109 3087 3174 innotescere't
3115 3120 3256 3190 quod
3290 3119 3578 3173 habebant.

2059 3225 2224 3278 Vens.
2265 3227 2350 3277 16.
2382 3255 2449 3264 —
2479 3226 2551 3278 Et
2587 3240 2680 3295 ego
2729 3225 2924 3295 rogabo
2973 3227 3221 3280 Patrem.
3273 3225 3580 3295 (Tneopn.)

1985 3313 2227 3382 Rogabo,
2263 3313 2364 3367 hoc
2393 3320 2493 3377 est,
2527 3313 2825 3368 obsecrabo
2855 3314 3059 3368 Patrem
3085 3313 3308 3367 etalium
3343 3314 3585 3368 Paracle-

1985 3409 2095 3455 tum
2126 3401 2301 3455 mittet
2329 3401 2502 3465 vobis,
2537 3409 2664 3464 etc.,
2689 3418 2862 3473 usque
2883 3402 2954 3456 ad
2975 3401 3119 3472 quod
3147 3401 3368 3456 omnino
3397 3419 3584 3472 super-

1987 3489 2164 3543 veniat
2191 3489 2272 3543 eis
2301 3489 2529 3559 Spiritus
2555 3489 2854 3559 paracletus
2900 3490 3122 3561 ejusque
3171 3490 3339 3560 gratia
3369 3491 3584 3545 conde-

1987 3577 2275 3642 scendens,
2312 3577 2416 3631 illis
2451 3577 2580 3633 dicit
2613 3594 2626 3630 :
2659 3577 2870 3648 Rogabo
2897 3581 3146 3633 Patrem.

2060 3691 2228 3745 Vens.
2266 3692 2352 3745 1’7.
2383 3721 2451 3732 ——
2485 3692 2590 3758 Qui
2611 3708 2724 3747 non
2754 3692 2922 3756 videt,
2955 3699 3056 3746 etc.
3092 3692 3214 3746 Non
3243 3692 3442 3747 habent
3471 3694 3587 3764 spi-

1989 3779 2204 3834 rituales
2259 3779 2445 3834 oculos
2493 3779 2679 3834 mundi
2751 3787 3018 3835 amatores
3069 3780 3263 3851 quibus
3327 3781 3582 3851 Spiritum

1989 3875 2232 3923 sanctum
2260 3869 2494 3922 videant.
2525 3869 2640 3923 Nec
2671 3884 2800 3923 vero
2829 3868 3134 3923 carnalibus
3161 3868 3329 3923 oculis
3357 3879 3589 3940 possunt

1990 3955 2192 4020 videre,
2225 3955 2346 4026 quia
2378 3956 2605 4026 Spiritus
2658 3963 2878 4010 sanctus
2928 3971 3034 4012 non
3084 3957 3325 4026 apparuit
3364 3957 3588 4012 indutus

1990 4043 2335 4098 humanitate.
2366 4045 2437 4098 Et
2463 4045 2524 4098 in
2547 4045 2711 4100 vobis.
2745 4045 2859 4098 Erit
2907 4044 2960 4098 in
2993 4045 3166 4109 vobis,
3204 4060 3312 4100 non
3342 4046 3588 4100 manebit

1990 4141 2047 4186 ut
2069 4133 2154 4196 sit,
2187 4132 2308 4202 quia
2338 4131 2484 4202 prius
2515 4141 2597 4186 est
2627 4136 2750 4187 esse
2799 4131 2991 4187 alicubi
3037 4149 3194 4203 quam
3225 4149 3468 4188 manere.
3502 4135 3589 4189 Ne

1992 4221 2111 4292 quis
2141 4236 2272 4290 ergo
2302 4228 2451 4290 putet
2500 4220 2578 4275 sic
2621 4237 2857 4285 manere,
2908 4228 2961 4275 ut
3001 4221 3202 4291 hospes
3247 4222 3388 4291 apud
3420 4221 3586 4276 alium

1992 4308 2292 4374 visibiliter,
2325 4309 2422 4363 sed
2453 4308 2505 4362 in
2536 4309 2614 4363 eis
2664 4309 2922 4379 cognosci
2962 4316 3158 4379 potest,
3207 4325 3315 4363 non
3344 4311 3410 4363 ab
3438 4311 3582 4365 aliis.

2060 4425 2230 4479 Vens.
2269 4427 2355 4477 18.
2411 4455 2478 4464 —-
2526 4426 2642 4480 Non
2694 4425 3036 4496 relinquam.
3087 4425 3208 4478 Non
3261 4425 3330 4477 ita
3371 4425 3590 4479 dabitur

1990 4512 2216 4582 Spiritus
2247 4528 2344 4583 pro
2376 4529 2480 4576 me,
2515 4520 2570 4566 ut
2615 4528 2719 4582 ego
2769 4512 2927 4566 etiam
2977 4527 3084 4567 non
3138 4512 3240 4566 sim
3267 4513 3578 4568 vobiscum.

1989 4599 2228 4671 Orphani
2253 4601 2458 4666 Graece,
2491 4601 2676 4671 pupilli
2706 4600 2889 4655 Latine
2918 4607 3018 4654 est.

2062 4715 2228 4767 Vens.
2271 4717 2353 4768 19.
2401 4745 2468 4753 —
2513 4713 2705 4769 Adhuc
2753 4714 3039 4770 modicum
3088 4719 3145 4769 et
3180 4716 3448 4771 mundus.
3478 4716 3589 4770 Sed

1989 4802 2224 4856 mundus
2257 4801 2348 4872 qui
2379 4802 2541 4857 modo
2573 4801 2718 4856 videt
2738 4801 2908 4857 oculis
2930 4803 3129 4866 carnis,
3163 4811 3286 4872 post
3313 4803 3591 4858 modicum

1989 4905 2096 4944 non
2127 4889 2352 4953 videbit,
2390 4890 2513 4960 quia
2543 4890 2922 4944 ressuscitatus
2971 4906 3029 4944 se
3074 4891 3154 4946 eis
3186 4907 3293 4946 non
3325 4893 3585 4957 ostendit,

1991 4979 2086 5033 sed
2116 4986 2280 5033 totum
2311 4985 2520 5047 tempus
2550 4979 2819 5032 modicum
2857 4985 2959 5044 est,
2993 4995 3100 5050 quo
3130 4977 3278 5034 finito
3310 4980 3583 5034 auferetur

1989 5066 2187 5136 impius
2216 5082 2283 5120 ne
2314 5065 2494 5119 videat
2521 5065 2748 5136 gloriam
2787 5067 2903 5132 Dei,
2958 5083 3118 5138 quam
3145 5067 3276 5135 justi
3307 5068 3586 5123 videbunt.

1994 5156 2135 5222 Quia
2173 5171 2268 5224 ego
2317 5156 2454 5218 vivo,
2498 5158 2555 5208 et
2589 5171 2681 5210 vos
2723 5157 2940 5210 vivetis.
2983 5155 3237 5210 Praesenti
3271 5156 3436 5210 utitur
3465 5157 3594 5227 quia

1990 5259 2116 5298 mox
2148 5242 2319 5296 futura
2347 5249 2427 5296 est
2459 5242 2575 5308 ejus
2604 5242 2948 5298 resurrectio.
2976 5243 3057 5296 Ad
3079 5244 3201 5298 illos
3227 5244 3390 5297 utitur
3418 5243 3600 5299 futuro

1991 5347 2219 5402 quorum
2252 5331 2306 5385 in
2336 5329 2443 5386 ﬁne
2474 5329 2649 5385 futura
2678 5331 3016 5386 resurrectio.

2064 5446 2234 5499 Vens.
2266 5448 2361 5501 21.
2399 5475 2468 5485 —
2499 5446 2568 5500 Et
2596 5461 2686 5500 vos
2718 5446 2779 5499 in
2813 5460 2903 5500 me
2933 5449 2989 5500 et
3026 5461 3120 5515 ego
3168 5447 3230 5500 in
3269 5445 3436 5501 vobis.
3472 5445 3592 5502 Hoc

1991 5534 2154 5589 modo
2183 5542 2282 5600 est,
2333 5541 2386 5588 et
2427 5532 2776 5604 cognoscitur
2819 5533 3225 5606 quodammodo
3253 5549 3352 5606 per
3379 5532 3546 5590 ﬁdem
3574 5555 3588 5602 ;
