3948 6178
173 279 272 332 409

1054 265 1324 322 GLOSSA
1363 264 1772 320 ORDINARIA.
1812 293 1882 303 —
1919 261 2185 317 EVANG.
2225 260 2425 317 JOAN.

3365 260 3468 313 410

181 402 280 457 sed
310 409 437 454 tunc
467 403 832 471 cognoscetur
862 411 961 466 per
982 393 1241 465 speciem,
1268 392 1484 464 quando
1505 392 1620 447 haec
1649 388 1849 448 con-A
1880 387 2168 454 credimus,
2191 387 2319 471 Aqui
2375 395 2476 451 est,
2537 394 2589 441 et
2645 401 2766 440 eum
2822 383 3122 439 videbimus
3169 383 3321 439 sicuti
3368 391 3470 438 est.

167 489 370 563 junctio
399 486 715 559 perﬁcietur
751 502 873 556 qua:
903 484 1068 538 modo
1099 483 1404 537 inchoatur.

240 580 414 634 Vens.
448 580 537 634 2i.
571 575 750 642 -—Qui
778 575 960 638 habet,
986 580 1087 627 etc.
1123 573 1245 626 Non
1276 571 1452 624 solum
1481 585 1579 624 vos
1609 584 1777 639 apos-

171 667 264 733 toli
295 664 493 720 vivetis
544 672 598 718 et
651 662 1016 735 cognoscetis,
1070 661 1165 714 sed
1199 669 1252 715 et
1281 660 1586 731 quicunque
1615 658 1780 712 habet

177 759 226 812 in
271 753 544 809 memoria
591 761 641 806 et
672 759 853 806 servat
883 767 936 805 in
967 750 1091 804 vita.
1126 748 1244 814 Vel,
1297 749 1458 802 habet
1507 747 1774 814 faciendo,

176 851 358 900 servat
405 841 835 912 perseverando.
890 839 987 893 Vel
1033 838 1124 908 qui
1156 838 1316 892 habet
1345 837 1398 890 in
1431 836 1778 890 sermonibus

171 939 340 988 servat
375 931 428 983 in
454 929 720 984 moribus.
778 927 896 996 Vel,
949 928 1114 981 habet
1144 926 1431 993 audiendo,
1485 933 1660 979 servat
1690 922 1776 978 fa-

173 1021 386 1077 ciendo.
417 1021 488 1073 Et
518 1035 611 1088 ego
639 1018 874 1088 diligam
893 1033 1042 1072 eum.
1069 1016 1149 1069 Ad
1182 1017 1285 1069 hoc
1315 1015 1560 1086 diligam,
1587 1021 1643 1067 ut
1663 1029 1777 1066 ma-

173 1108 445 1173 nifestem,
499 1106 621 1178 quia
652 1114 704 1160 et
734 1121 878 1160 nunc
909 1103 1104 1176 diligit,
1157 1104 1252 1157 sed
1288 1119 1396 1156 non
1425 1103 1492 1156 ad
1520 1103 1643 1170 hoc,
1678 1103 1774 1155 sed

170 1195 350 1268 potius
382 1203 436 1249 ut
466 1194 756 1248 credamus
786 1201 840 1247 et
869 1192 1125 1246 mandata
1156 1207 1458 1255 servemus,
1484 1197 1541 1243 ut
1571 1204 1777 1244 merea-

171 1301 290 1338 mur
321 1283 471 1354 quod
493 1289 618 1353 post
639 1281 935 1352 capiamus.
963 1283 1031 1335 Et
1052 1280 1427 1350 manifestabo
1448 1280 1518 1333 ei.
1548 1277 1651 1345 Qui
1673 1278 1773 1331 ha-

171 1373 256 1427 bet
301 1387 489 1426 meum
526 1371 858 1442 mandatum,
893 1369 981 1423 ille
1000 1385 1088 1423 me
1127 1366 1428 1438 cognoscit,
1478 1375 1532 1420 et
1558 1367 1661 1421 hoc
1691 1373 1775 1420 est

170 1462 240 1516 ibi
273 1478 287 1514 :
324 1459 694 1530 Manifestabo
725 1461 776 1513 ei
806 1460 1104 1529 meipsum.
1130 1457 1236 1511 Sed
1257 1456 1535 1527 praemittit
1555 1471 1771 1510 causam

171 1548 435 1612 mandati,
494 1547 622 1618 quia
667 1547 845 1619 diligit
890 1563 998 1614 me,
1050 1554 1102 1600 et
1134 1545 1223 1616 qui
1257 1562 1345 1600 me
1374 1545 1568 1614 diligit,
1615 1545 1774 1599 Pater

170 1653 321 1693 meus
353 1636 547 1707 diliget
574 1651 718 1704 eum,
768 1643 819 1688 et
868 1635 995 1706 quia
1030 1635 1204 1699 Pater,
1257 1643 1381 1688 tunc
1413 1649 1518 1705 ego
1547 1631 1770 1703 diligam

170 1743 307 1794 eum,
347 1733 401 1780 et
430 1725 559 1779 inde
588 1732 670 1779 est
699 1723 1079 1779 manifestatio.

237 1841 416 1895 Vens.
447 1844 536 1897 22.
572 1870 640 1880 —
689 1840 844 1894 Dicit
893 1842 946 1896 ei
992 1839 1183 1908 Iudas,

176 1929 411 1985 mundus
442 1929 606 1984 modo
649 1927 850 1983 videbit
904 1943 1047 1997 eum,
1093 1926 1187 1981 sed
1217 1926 1318 1997 ipsi
1348 1925 1629 1995 videbunt,
1677 1941 1776 1996 pro

176 2017 433 2074 omnibus
465 2017 789 2088 quaesiturus
819 2016 1008 2086 qua-erit
1037 2015 1205 2069 Judas
1235 2030 1452 2070 causam
1482 2015 1642 2084 hujus
1671 2014 1777 2068 dis-

171 2106 452 2162 cretionis.
508 2105 636 2160 Haec
683 2112 861 2159 autem
891 2119 1052 2158 causa
1081 2112 1165 2158 est
1193 2103 1492 2158 secundum
1540 2118 1773 2173 respon-

173 2195 383 2249 sionem
415 2193 654 2263 Domini,
688 2192 925 2261 dilectio,
949 2208 1046 2262 per
1067 2207 1228 2264 quam
1251 2191 1427 2246 solam
1456 2200 1506 2247 et
1537 2207 1646 2246 non
1673 2206 1775 2263 per

168 2283 322 2338 aliam
354 2282 688 2338 discernitur
715 2297 854 2354 gens
895 2289 1080 2336 sancta
1111 2297 1144 2334 a
1173 2296 1282 2335 non
1312 2287 1520 2336 sancta.

235 2400 410 2454 Vens.
445 2402 536 2456 23.
560 2429 629 2439 —
648 2398 730 2453 Ad
749 2414 880 2454 eum
899 2399 1208 2453 veniemus.
1240 2395 1398 2450 Venit
1419 2397 1566 2450 Deus
1583 2395 1652 2450 ad
1673 2395 1770 2450 ho-

167 2489 393 2554 minem,
432 2488 562 2542 dum
591 2488 754 2542 homo
784 2487 930 2542 venit
959 2487 1031 2541 ad
1061 2487 1252 2540 Deum.
1278 2483 1437 2539 Venit
1456 2485 1620 2539 homo
1651 2499 1770 2540 cre-

170 2578 372 2643 dendo,
407 2575 737 2645 obediendo,
781 2575 1066 2643 intuendo,
1096 2573 1397 2644 capiendo;
1447 2574 1596 2627 Deus
1623 2573 1773 2628 venit

169 2665 565 2732 subveniendo,
616 2663 990 2730 illuminando,
1041 2661 1336 2733 implendo.
1389 2663 1462 2716 Et
1512 2664 1767 2717 mansio-

167 2772 314 2819 nem,
369 2762 476 2808 etc.
529 2752 779 2807 Charitas
826 2751 950 2807 facit
997 2751 1242 2804 habitare
1291 2750 1346 2802 in
1384 2750 1546 2804 domo
1574 2749 1628 2803 in
1660 2766 1769 2820 qua

167 2843 322 2897 Pater
351 2849 405 2896 et
439 2840 604 2895 Filius
634 2840 762 2896 facit
783 2839 1141 2908 mansionem,
1165 2839 1310 2893 unde
1339 2846 1392 2893 et
1421 2838 1571 2892 dabit
1600 2837 1770 2893 mani-

166 2929 512 2984 festationem
544 2929 611 2983 de
643 2945 746 3000 qua
773 2928 863 2982 ille
893 2927 1197 2998 quarsierat.

234 3037 411 3090 Vens.
438 3038 527 3092 25.
557 3065 625 3074 —
649 3037 773 3090 Ηαιο
797 3036 1016 3091 loeutus
1038 3051 1163 3089 sum
1183 3035 1350 3090 vobis.
1375 3032 1504 3089 Haec
1524 3032 1591 3088 de
1613 3048 1763 3086 man-

175 3125 324 3179 sione
356 3124 414 3177 in
445 3123 796 3179 dilectoribus
827 3122 938 3177 suis
959 3123 1012 3176 in
1035 3138 1142 3194 quo
1163 3122 1497 3195 significatur
1527 3121 1774 3177 Ecclesia

172 3213 348 3266 futura
377 3210 700 3282 spiritualis,
735 3211 790 3264 in
819 3226 923 3282 qua
954 3211 1124 3279 beati,
1176 3226 1206 3263 a
1253 3210 1448 3281 quibus
1479 3226 1587 3264 non
1618 3225 1775 3266 rece-

167 3300 258 3354 dit.
295 3300 459 3372 Apud
488 3317 580 3355 vos
608 3315 866 3354 manens.
899 3298 1001 3353 Hic
1022 3298 1274 3354 Ecclesia
1303 3314 1549 3368 prtesens
1577 3314 1774 3368 corpo-

171 3387 297 3443 ralis
330 3388 388 3442 in
420 3403 528 3459 qua
559 3387 736 3442 visitet
765 3387 1062 3450 liberando,
1097 3394 1150 3441 et
1179 3385 1338 3441 redit.

245 3504 420 3559 Vens.
456 3504 545 3558 26.
580 3532 648 3540 —
686 3502 1038 3558 Paracletus.
1072 3500 1355 3555 Consolari
1388 3516 1509 3556 cum
1543 3500 1609 3555 sit
1638 3517 1777 3572 Opus

173 3591 469 3657 Trinitatis,
505 3590 575 3645 ad
605 3606 896 3662 personam
929 3598 1108 3644 tamen
1136 3589 1370 3646 maxime
1403 3589 1634 3660 Spiritus
1664 3607 1778 3644 san-

171 3680 241 3735 cti
299 3679 557 3750 pertinet,
617 3678 744 3752 quia
797 3679 850 3732 in
911 3677 1186 3750 Scriptura
1245 3678 1463 3734 nomine
1525 3679 1775 3734 bonitatis

169 3768 410 3838 Spiritus
458 3775 679 3823 sanctus
727 3767 1048 3837 designatur
1093 3785 1105 3820 :
1148 3782 1246 3837 per
1295 3767 1589 3822 bonitatem
1638 3784 1773 3840 ergo

171 3856 319 3911 Deus
371 3872 476 3911 nos
521 3855 846 3925 consolatur,
896 3871 998 3926 per
1025 3871 1142 3910 eam
1175 3854 1354 3910 omnia
1384 3856 1524 3910 bona
1555 3871 1649 3910 sua
1677 3871 1773 3912 no-

173 3944 255 3999 bis
289 3944 497 4000 tribuit.

251 4035 355 4089 Ille
385 4050 498 4089 vos.
532 4032 668 4101 Quia
697 4032 798 4087 etsi
828 4031 994 4086 Filius
1015 4033 1207 4088 doceat
1229 4048 1329 4087 nos
1360 4040 1412 4086 et
1440 4032 1644 4087 revelet
1673 4033 1773 4086 Pa-

171 4130 338 4191 trem,
396 4123 502 4176 hoc
531 4129 696 4175 totum
725 4119 853 4175 facit
882 4136 982 4190 per
1012 4137 1162 4174 suam
1195 4120 1509 4175 bonitatem.
1555 4122 1654 4175 Ille
1683 4137 1773 4176 vos

175 4210 390 4266 docebit
419 4211 628 4266 omnia.
664 4208 892 4264 Docebit
921 4225 1041 4279 quae
1070 4209 1281 4277 dixero,
1317 4224 1425 4264 non
1457 4209 1603 4280 quod
1632 4209 1774 4263 dicat

171 4297 342 4351 Filius
390 4305 443 4351 et
485 4297 711 4366 Spiritus
739 4297 954 4367 doceat,
1006 4297 1132 4367 quia
1177 4298 1323 4368 quod
1351 4297 1479 4353 dicit
1510 4306 1562 4352 et
1591 4297 1768 4365 docet,

179 4393 232 4439 et
263 4385 383 4455 ipsa
414 4385 651 4438 Trinitas
677 4384 806 4438 dicit
836 4393 886 4438 et
914 4385 1090 4440 docet.
1125 4385 1232 4440 Sed
1262 4385 1386 4456 quia
1415 4385 1647 4439 Trinitas
1669 4393 1769 4453 est,

175 4480 388 4543 Oportet
423 4472 668 4544 singulas
696 4488 964 4543 personas
993 4473 1275 4542 insinuari,
1310 4490 1446 4544 quos
1468 4489 1567 4528 nos
1589 4473 1772 4527 distin-
1794 4462 1852 4524 D

169 4571 254 4616 cte
287 4561 496 4628 audire,
533 4560 960 4630 inseparabiliter
990 4561 1294 4632 intelligere
1320 4563 1602 4616 debemus.
1637 4562 1771 4616 Cum

169 4665 308 4720 ergo
330 4649 578 4711 dicimus,
615 4649 774 4703 Pater
795 4658 846 4703 et
868 4649 1032 4704 Filius
1063 4658 1114 4704 et
1146 4650 1380 4720 Spiritus
1401 4658 1636 4719 sanctus,
1662 4667 1769 4705 non

167 4753 266 4792 eos
298 4737 455 4790 simul
488 4736 739 4805 dicimus,
772 4753 892 4792 cum
925 4754 1032 4792 non
1063 4738 1273 4808 possint
1302 4755 1423 4793 esse
1447 4754 1554 4793 non
1586 4738 1765 4794 simul.

242 4851 411 4905 Vens.
446 4854 535 4906 2.7.
559 4881 628 4890 —
651 4854 852 4907 Pacem
883 4853 1137 4924 relinquo
1170 4853 1336 4908 vobis.
1370 4853 1544 4907 [turus
1574 4853 1640 4906 ad
1671 4854 1770 4906 Pa-

167 4946 328 4993 trem.
379 4942 603 5007 Pacem,
654 4949 758 4995 etc.
811 4941 878 4994 Et
929 4949 1177 5011 repetens
1204 4942 1272 4995 de
1302 4941 1513 4996 eodem.
1566 4945 1769 4996 Pacem

170 5044 356 5082 meam
386 5028 472 5083 do.
526 5028 596 5081 Et
641 5029 744 5083 hoc
774 5037 857 5082 est
888 5030 1032 5100 quod
1063 5030 1328 5099 Propheta
1360 5029 1486 5084 dicit
1520 5048 1532 5082 :
1562 5033 1768 5086 Pacem

169 5131 339 5186 super
362 5133 561 5187 pacem
590 5117 720 5188 (Isa.
758 5117 963 5187 xxvii).
991 5119 1095 5171 Pax
1129 5125 1210 5172 est
1239 5118 1293 5171 in
1324 5120 1426 5173 hoc
1457 5119 1676 5188 saeculo,
1711 5120 1766 5173 in

171 5219 278 5273 qua
308 5211 591 5259 manentes
621 5205 830 5259 hostem
863 5204 1149 5274 vincimus,
1201 5207 1435 5262 invicem
1464 5207 1762 5278 diligimus,

171 5299 224 5345 et
254 5291 324 5344 de
351 5293 577 5346 occultis
599 5293 830 5348 invicem
856 5309 962 5347 non
987 5294 1311 5361 judicamus.
1338 5297 1442 5348 Pax
1467 5295 1570 5349 erit
1599 5296 1652 5348 in
1683 5295 1764 5350 fu-

171 5385 296 5431 turo
323 5394 440 5433 cum
474 5380 592 5434 sine
624 5381 779 5435 hoste
811 5381 1176 5453 regnabimus,
1212 5383 1302 5437 ubi
1334 5383 1471 5437 alter
1501 5384 1568 5436 ab
1593 5384 1764 5439 altero

173 5480 284 5519 non
309 5469 501 5536 poterit
529 5469 838 5537 dissentire,
863 5469 955 5522 ubi
982 5473 1175 5526 omnia
1196 5476 1393 5543 aperta
1415 5476 1471 5526 et
1491 5473 1615 5527 laus
1639 5475 1758 5528 uni-

171 5555 368 5625 cuique
395 5558 446 5627 (Ι
472 5557 594 5613 Cor.
635 5558 734 5625 IV).
764 5558 821 5612 In
841 5557 937 5612 illo
959 5566 1135 5614 autem
1158 5569 1210 5613 et
1231 5560 1297 5613 ab
1321 5560 1410 5614 illo
1432 5567 1516 5615 est
1536 5567 1760 5631 utraque

172 5656 300 5714 pax.
343 5645 456 5718 Ipse
484 5647 641 5701 enim
673 5651 759 5702 est
778 5663 902 5721 pax
929 5653 1124 5703 nostra
1171 5642 1392 5720 (Ephes.
1429 5649 1511 5717 ιι),
1555 5657 1609 5705 et
1637 5665 1760 5705 eum

1881 477 2036 532 Unde
2065 459 2217 547 quod
2237 475 2369 530 dicit
2397 491 2594 540 meam,
2625 490 2658 529 a
2687 473 2995 544 posteriori,
3038 472 3195 527 etiam
3226 473 3293 526 ad
3323 473 3474 543 prius

1879 565 2305 619 subaudiendum
2336 573 2437 618 est.
2475 564 2570 618 Vel
2599 580 2701 634 pax
2724 563 2776 615 in
2810 564 2911 616 hoc
2930 561 3131 617 saeculo
3161 569 3243 615 est
3270 569 3469 627 nostra,

1879 668 1998 722 qua:
2028 661 2111 706 est
2139 653 2314 724 aliqua
2345 661 2398 707 et
2427 668 2534 706 non
2565 652 2744 722 plena,
2780 660 2832 704 et
2861 652 2931 704 ab
2962 650 3054 705 illo
3081 649 3134 704 in
3165 649 3344 705 futuro
3375 664 3474 704 sua

1878 749 1960 796 est
1987 757 2093 812 pax
2123 741 2214 795 ubi
2244 741 2376 795 nihil
2406 750 2677 813 repugnat
2707 739 2936 810 qualiter
2965 740 3080 809 ipse
3110 739 3290 794 habet.

1948 831 2068 885 Non
2101 832 2375 886 turbetur.
2397 829 2533 898 Quia
2561 830 2614 884 in
2644 845 2779 900 pace
2807 845 2904 884 vos
2935 828 3198 898 relinquo,
3223 843 3331 881 non
3361 835 3474 881 tur-

1879 917 2034 972 betur
2061 934 2157 973 cor
2186 928 2418 974 vestrum
2451 919 2518 973 de
2551 934 2615 972 eo
2644 918 2786 989 quod
2815 917 2944 980 dixi,
2989 917 3159 982 Vado,
3193 915 3344 986 quasi
3374 931 3472 986 pa-

1878 1007 2035 1061 storis
2065 1007 2308 1062 absentia
2340 1007 2496 1076 lupus
2527 1007 2747 1072 invadit,
2781 1007 2904 1077 quia
2933 1005 3089 1060 sicuti
3118 1005 3281 1058 homo
3309 1003 3470 1070 vado,

1877 1103 1934 1150 ut
1962 1097 2110 1149 Deus
2139 1112 2385 1166 prmsens
2425 1112 2561 1149 sum.

1949 1185 2117 1238 Vens.
2149 1187 2239 1239 28.
2269 1185 2426 1239 —.Si
2457 1184 2789 1254 diligeretis.
2817 1181 3006 1253 (Auo.)
3038 1183 3150 1237 Hoc
3171 1189 3285 1237 erat
3302 1181 3383 1235 ire
3403 1179 3472 1234 ad

1876 1288 2020 1337 eum,
2067 1281 2119 1326 et
2148 1273 2408 1327 recedere
2438 1288 2466 1324 a
2498 1272 2677 1341 nobis,
2722 1280 2850 1337 etc.,
2900 1287 3072 1342 usque
3102 1271 3174 1326 ad
3203 1277 3260 1325 ut
3289 1270 3473 1324 incor-

1874 1360 2142 1431 ruptibilis
2169 1360 2350 1430 pulvis
2382 1361 2599 1415 sederet
2627 1360 2696 1414 ad
2727 1360 3005 1414 dexteram
3034 1359 3229 1414 Patris.

1951 1450 2299 1513 Gauderetis,
2353 1458 2457 1503 etc.
2493 1448 2629 1516 Quia
2659 1449 2908 1502 humanae
2935 1455 3143 1502 natura:
3172 1455 3470 1520 congratu-

1873 1538 2090 1592 landum
2122 1546 2224 1603 est,
2257 1554 2378 1608 quae
2408 1537 2618 1592 levatur
2647 1537 2713 1590 ad
2743 1537 3021 1591 dexteram
3051 1536 3245 1603 Patris,
3279 1536 3334 1591 in
3364 1551 3472 1608 quo

1871 1626 2018 1680 idem
2049 1625 2152 1679 sibi
2183 1634 2403 1696 sperant
2433 1625 2634 1680 caeteri.

1797 1749 1850 1808 Β
1946 1715 2117 1769 Vens.
2146 1718 2235 1770 28.
2270 1745 2339 1754 —
2374 1715 2644 1770 Credatis.
2668 1714 2791 1768 Non
2821 1713 2965 1785 quod
2997 1711 3195 1769 factum
3227 1713 3474 1768 videritis

1231 1845 1335 1893 etc,
1386 1837 1582 1891 Αιιάίιο
1630 1837 1776 1909 quod
1797 1800 1846 1808 H
1877 1803 2003 1909 (ξυίεὶ
2031 1819 2141 1868 non
2171 1810 2252 1909 Cist
2272 1803 2388 1909 laus
2405 1803 2490 1857 vel
2512 1802 2763 1909 meritum
2787 1801 2938 1909 fidei,1
2968 1802 3076 1856 imo
3107 1818 3208 1909 nec
3235 1800 3477 1909 fidesnest

1875 1891 1943 1946 de
1971 1907 2037 1946 eo
2067 1891 2210 1962 quod
2239 1891 2469 1956 videtur,
2503 1892 2600 1946 sed
2622 1891 2690 1946 de
2711 1906 2777 1944 eo
2799 1890 2942 1962 quod
2972 1906 3081 1945 non
3110 1891 3338 1946 videtur.
3363 1891 3472 1945 Sed

1875 1979 2109 2034 credatis
2152 1995 2239 2034 me
2288 1979 2478 2034 Filium
2509 1979 2628 2045 Dei,
2673 1995 2782 2034 non
2811 1994 2952 2033 nova
2982 1978 3106 2044 fide,
3158 1979 3281 2050 quia
3310 1978 3472 2034 etiam

1873 2069 2024 2138 prius
2051 2068 2415 2134 crediderant,
2448 2068 2544 2122 sed
2572 2076 2726 2122 aucta
2760 2066 2867 2122 fide
2899 2075 2952 2122 et
2979 2067 3202 2134 refecta,
3263 2068 3391 2139 quia
3419 2077 3474 2123 et

1873 2156 2036 2211 modo
2065 2172 2187 2211 cum
2219 2157 2337 2211 haec
2362 2143 2569 2212 diceret
2598 2171 2764 2226 parva
2789 2164 2924 2222 erat,
2973 2164 3027 2210 et
3063 2172 3188 2210 cum
3219 2171 3471 2212 morere-

1872 2253 1975 2310 tur,
2010 2243 2176 2298 nulla.

1942 2334 2110 2388 Vens.
2146 2335 2234 2402 30,
2267 2336 2354 2387 31.
2385 2364 2453 2372 -
2482 2335 2554 2388 Et
2580 2335 2641 2388 in
2671 2350 2780 2399 me,
2833 2340 2937 2388 etc.
2987 2333 3174 2388 Noluit
3203 2333 3470 2389 Dominus

1871 2421 2077 2476 habere
2131 2422 2276 2492 quod
2332 2423 2626 2492 perderet;
2683 2437 2888 2493 pauper
2941 2421 3089 2476 venit
3135 2438 3203 2477 ne
3247 2422 3474 2478 haberet

1871 2510 2116 2566 diabolus
2146 2511 2293 2583 quod
2320 2510 2578 2567 auferret.

2478 2680 2702 2736 CAPUT
2739 2681 2860 2736 XV.

1938 2822 2109 2876 Vens.
2147 2825 2198 2877 1.
2221 2853 2290 2862 -
2311 2824 2423 2894 Ego
2450 2839 2577 2878 sum
2604 2823 2737 2878 vitis
2766 2839 2914 2878 vera.
2936 2823 3004 2878 Et
3032 2838 3120 2879 me
3149 2823 3465 2894 praeceden-

1865 2916 1973 2964 tem
2026 2911 2092 2964 ad
2149 2911 2461 2981 passionem
2520 2912 2730 2966 debetis
2788 2912 2962 2983 sequi,
3019 2912 3148 2983 quia
3193 2928 3298 2984 ego
3345 2929 3466 2967 sum

1864 2999 2006 3064 vitis,
2039 2999 2095 3053 id
2122 3008 2205 3054 est
2235 3008 2397 3070 caput
2443 3008 2684 3055 vestrum
2734 3001 2977 3068 ejusdem
3022 3009 3228 3056 naturae
3271 3001 3460 3056 vobis-

1793 3105 1842 3166 ρ
1877 3102 2020 3153 cum,
2073 3096 2129 3141 ut
2175 3087 2231 3142 in
2276 3105 2362 3143 me
2396 3089 2568 3158 possit
2605 3087 2932 3145 fructificare
2970 3089 3211 3144 humana
3257 3097 3471 3147 natura.

1879 3177 1946 3230 Et
1976 3178 2165 3240 Pater,
2199 3184 2300 3230 etc.
2355 3178 2475 3247 Ego
2505 3177 2662 3231 etiam
2693 3176 2939 3248 agricola
2963 3193 3087 3233 cum
3116 3179 3290 3244 Patre,
3346 3179 3473 3250 quia

1877 3281 1995 3318 sum
2025 3265 2316 3319 mundator
2346 3266 2649 3336 palmitum,
2682 3266 2826 3337 quod
2855 3273 2937 3320 est
2967 3266 3224 3338 agricolae
3253 3283 3361 3322 non
3395 3267 3475 3322 vi-

1875 3353 1945 3406 tis
1975 3352 2228 3419 oﬂicium,
2261 3353 2350 3425 qui
2379 3354 2543 3408 etiam
2573 3353 2824 3423 palmites
2853 3355 3136 3424 operarios
3165 3356 3313 3421 facit,
3346 3355 3474 3412 licet

1875 3457 1984 3496 non
2014 3442 2082 3496 de
2114 3457 2232 3508 suo,
2265 3457 2367 3498 nec
2395 3457 2494 3512 per
2523 3441 2692 3512 ipsos,
2725 3443 2819 3498 sed
2845 3459 2944 3513 per
2970 3443 3259 3514 meipsum.

1948 3530 2118 3583 Vens.
2144 3533 2194 3583 3.
2221 3560 2288 3568 —
2312 3533 2550 3602 Propter
2567 3547 2902 3598 sermonem,
2928 3538 3030 3586 etc.
3055 3533 3178 3585 Non
3207 3532 3280 3586 ait
3306 3550 3319 3586 :
3343 3547 3474 3602 pro-

1879 3626 2001 3689 pter
2031 3634 2225 3688 aquam
2253 3618 2525 3688 baptismi,
2579 3619 2706 3688 quia
2754 3628 2806 3674 et
2853 3619 2974 3689 ipsa
3014 3620 3131 3673 sine
3181 3621 3349 3675 verbo
3394 3629 3477 3676 est

1875 3707 2048 3761 solum
2077 3721 2236 3777 aqua,
2269 3722 2368 3776 per
2398 3707 2624 3760 verbum
2653 3706 2709 3760 lit
2741 3715 3156 3762 sacramentum.

1946 3796 2115 3849 Vens.
2145 3797 2197 3849 5.
2247 3825 2313 3834 -
2351 3797 2458 3866 Ego
2489 3812 2636 3860 sum,
2672 3804 2775 3850 etc.
2809 3796 2914 3862 Qui
2945 3811 3006 3849 se
3034 3812 3064 3849 a
3093 3812 3153 3850 se
3183 3795 3324 3852 ferre
3355 3797 3472 3851 fru-

1873 3890 2022 3938 ctum
2052 3883 2338 3949 existimat,
2375 3900 2483 3937 non
2515 3893 2595 3938 est
2624 3883 2677 3936 in
2726 3884 2853 3938 vite.
2902 3884 3058 3939 Unde
3103 3900 3225 3939 cum
3269 3886 3473 3956 repeti-

1873 3971 2020 4026 tione
2054 3978 2105 4026 et
2126 3971 2470 4048 superiorum
2486 3971 2863 4040 explanatione
2884 3972 3140 4042 supponit
3171 3990 3183 4025 :
3217 3975 3324 4045 Ego
3344 3991 3474 4031 sum

1873 4061 2023 4125 vitis,
2056 4076 2148 4115 vos
2173 4060 2462 4132 palmites.
2495 4060 2622 4114 Mihi
2651 4060 2806 4130 quasi
2835 4060 2930 4115 viti
2971 4061 3329 4118 adhaerentes.
3370 4065 3474 4132 Qui

1871 4152 2069 4203 manet
2100 4149 2162 4202 in
2185 4164 2294 4202 me.
2319 4148 2387 4201 Et
2403 4148 2528 4202 ideo
2545 4148 2849 4220 quicunque
2870 4149 3003 4218 (non
3024 4150 3199 4205 solum
3222 4150 3343 4222 vos)
3359 4167 3473 4206 ma-

1873 4244 1964 4291 net
1995 4236 2048 4289 in
2094 4253 2180 4291 me
2229 4237 2522 4306 credendo,
2569 4237 2894 4306 obediendo,
2931 4240 3359 4309 perseverando.
3404 4242 3476 4296 Et

1873 4341 1970 4396 ego
1999 4327 2060 4379 in
2089 4341 2168 4380 eo.
2194 4325 2573 4390 Illuminando,
2600 4325 2990 4390 subveniendo,
3015 4328 3473 4397 perseverantiam

1875 4413 2076 4468 dando.
2112 4415 2212 4468 Hic
2238 4417 2373 4483 fert.
2424 4415 2492 4466 Et
2523 4413 2568 4467 si
2599 4415 2893 4469 secundum
2919 4415 3195 4470 hominem
3223 4415 3472 4471 Christus

1877 4509 1960 4556 est
1986 4501 2128 4568 vitis,
2183 4510 2360 4555 tamen
2392 4503 2534 4557 hanc
2566 4502 2792 4574 gratiam
2822 4503 3131 4572 palmitibus
3159 4519 3268 4558 non
3297 4504 3467 4573 daret,

1873 4589 1977 4643 nisi
2008 4589 2164 4645 etiam
2195 4590 2342 4644 Deus
2372 4599 2534 4644 esset.

1945 4678 2114 4733 Vens.
2147 4682 2199 4733 6.
2232 4709 2298 4718 —
2327 4679 2385 4732 Si
2413 4680 2553 4749 quis.
2592 4678 2869 4734 Sarmenta
2901 4679 3127 4749 praecisa
3156 4680 3366 4736 caeteris
3396 4680 3468 4736 li-

1872 4767 1996 4838 gnis
2027 4776 2149 4821 sunt
2179 4767 2384 4831 viliora,
2432 4767 2554 4837 quia
2584 4767 2744 4820 nullis
2774 4767 2960 4822 usibus
2991 4769 3332 4841 deputantur,
3370 4770 3467 4827 sed

1872 4854 2004 4925 igni,
2038 4855 2123 4910 vel
2156 4855 2208 4908 in
2240 4856 2348 4910 vite
2381 4862 2504 4909 sunt
2533 4855 2616 4909 vel
2645 4855 2697 4908 in
2727 4855 2878 4926 igne.

1943 4943 2112 4996 Vens.
2160 4945 2211 4996 7.
2263 4946 2330 4982 —'
2378 4946 2446 4998 Et
2477 4944 2657 4998 verba.
2713 4944 2888 4997 Verba
2921 4945 3020 5000 Dei
3058 4953 3184 5002 tunc
3213 4946 3468 5002 dicuntur

1869 5046 2087 5086 manere
2120 5031 2174 5084 in
2203 5031 2382 5096 nobis,
2429 5031 2644 5102 quando
2688 5031 2913 5086 facimus
2958 5050 3078 5104 quae
3117 5034 3363 5105 praecipit
3412 5043 3467 5090 et

1869 5119 2145 5191 diligimus
2192 5137 2311 5190 quat
2358 5120 2636 5190 promittit.
2689 5119 2792 5188 Qui
2828 5128 3004 5175 autem
3033 5123 3137 5177 hoc
3163 5137 3270 5178 non
3317 5121 3462 5194 facit,

1869 5207 2059 5276 tangit,
2092 5223 2197 5261 non
2231 5209 2482 5274 cohaeret,
2517 5217 2568 5263 et
2597 5209 2720 5264 ideo
2751 5225 2860 5263 non
2904 5218 3028 5263 sunt
3069 5211 3118 5265 ei
3167 5211 3219 5264 in
3249 5211 3463 5267 beneﬁ-

1867 5295 2028 5360 cium,
2063 5296 2162 5350 sed
2182 5296 2237 5348 in
2283 5296 2642 5352 testimonium
2689 5298 3073 5352 damnationis.
3127 5301 3358 5355 Petetis.
3406 5301 3464 5356 Si

1865 5383 1992 5454 quid
2021 5385 2148 5453 petit
2178 5383 2353 5437 ﬁdelis
2387 5393 2440 5439 et
2466 5401 2575 5439 non
2605 5385 2680 5450 tit,
2716 5402 2822 5440 non
2853 5387 2986 5456 petit
3021 5388 3127 5444 hoc
3173 5389 3317 5459 quod
3359 5390 3461 5442 ha-

1865 5472 1955 5526 bet
1983 5472 2191 5526 mansio
2240 5472 2292 5525 in
2337 5489 2420 5537 eo,
2468 5489 2568 5528 nec
2599 5475 2741 5545 quod
2789 5475 2950 5530 habet
2978 5477 3140 5531 verba
3184 5477 3299 5546 ejus
3339 5494 3460 5548 quae

1865 5561 2063 5614 suntin
2111 5575 2196 5626 eo,
2247 5561 2342 5616 sed
2391 5562 2536 5632 quod
2584 5562 2742 5618 habet
2789 5564 3054 5634 cupidites
3089 5573 3140 5619 et
3168 5563 3449 5618 inﬁrmitas

1862 5649 2064 5704 carnis.
2679 5711 2692 5737 ο
