3948 6178
486 224 584 279 Mt

1019 221 1425 277 WALAFRIDI
1461 218 1705 276 STRABI
1742 219 1944 276 FULD.
1985 216 2159 276 MON.
2200 217 2353 276 OPP.
2394 220 2572 277 PARS
2609 220 2653 276 Ι.
2685 249 2755 262 -—
2792 217 3267 277 THEOLOGICA.

3691 225 3792 279 “2

564 347 737 403 Vsus.
773 350 825 402 8.
847 373 917 388 --
941 347 1005 403 In
1034 344 1133 403 hoc
1161 346 1529 417 clari/iectus,
1562 352 1664 401 etc.
1835 352 2016 444 manet
2036 342 2092 399 in
2125 343 2299 444 Ahoc
2344 346 2488 444 quod
2539 345 2595 401 in
2642 344 2911 444 Christum
2943 361 3078 444 .non
3136 343 3481 402 crediderint.
3537 345 3607 401 Hi
3666 361 3796 403 vero

492 451 582 492 me
613 435 840 490 fructum
869 435 1092 489 multum
1124 434 1244 503 fert,
1292 435 1438 506 quod
1465 442 1547 489 est
1576 450 1641 489 ex
1670 432 1840 507 gratia
1869 432 1989 499 Dei,
2040 441 2092 488 et

492 524 566 579 ita
595 532 677 579 est
705 522 878 597 gloria
905 524 1020 593 ejus
1049 539 1157 578 non
1189 522 1441 589 hominis,
1494 530 1544 578 et
1572 524 1677 578 hoc
1708 531 1790 578 est
1821 540 1835 578 :
1868 524 1934 578 In
1968 521 2088 588 hoc,

497 620 602 670 etc.
664 615 730 670 Ut
754 615 1010 684 fructum
1035 611 1374 683 plurimum.
1425 610 1572 667 Sicut
1599 627 1709 666 non
1737 611 2091 683 aequalitatem

497 701 730 758 ostendit
760 708 961 756 nostrae
986 707 1193 755 naturae
1224 708 1279 755 et
1305 716 1436 766 suae,
1467 700 1564 755 sed
1585 699 1813 773 gratiam
1841 716 1946 772 qua
1972 701 2091 755 Me-

495 789 669 846 diator
699 797 799 860 est,
835 805 957 843 nam
989 789 1143 843 Pater
1172 788 1350 859 diligit
1379 804 1498 858 nos,
1535 789 1632 843 sed
1659 788 1713 843 in
1742 788 1908 854 Filio,
1957 789 2092 859 Elii-

495 879 749 935 ciamini.
784 877 1111 946 Quomodo?
1141 877 1197 932 Si
1229 893 1316 932 me
1348 878 1664 932 dilexeritis.
1695 879 1777 932 Ex
1816 893 1919 949 qua
1949 877 2092 932 dile-

493 967 668 1022 ctione
688 967 716 1021 ?
746 982 811 1021 ex
841 974 1236 1037 praeceptorum
1266 965 1666 1021 observatione.
1690 965 1746 1020 Si
1776 982 1864 1020 me
1895 966 2094 1020 dilexe-

493 1054 609 1108 ritis
640 1054 778 1110 sicut
807 1054 994 1110 dilexit
1020 1071 1109 1109 me
1137 1056 1313 1123 Pater,
1348 1070 1457 1109 non
1486 1063 1761 1126 quantum.
1792 1056 1916 1111 Non
1948 1054 2093 1108 enim

492 1151 707 1198 notatur
734 1143 1030 1215 aequalitas,
1064 1144 1164 1199 sed
1191 1142 1483 1199 similitudo
1527 1143 1661 1197 dans
1709 1142 1789 1199 eis
1836 1151 2091 1200 aeternam

492 1232 869 1287 aeternitatem.

564 1322 735 1376 Vnus.
772 1324 858 1376 11.
889 1352 959 1361 -
990 1323 1059 1379 Ut
1081 1322 1371 1394 gaudium.
1411 1320 1677 1376 Gaudium
1705 1320 1805 1376 Dei
1835 1321 1904 1376 de
1935 1320 2092 1376 nobis

497 1409 588 1481 qui
615 1409 887 1481 praescivit
916 1418 969 1465 et
995 1410 1396 1480 praedestinavit
1426 1426 1645 1480 semper
1670 1418 1753 1464 est
1778 1410 2015 1480 plenum,
2040 1409 2095 1463 in

490 1497 649 1553 nobis
679 1498 867 1569 incipit
896 1514 963 1554 ex
991 1497 1118 1565 fide,
1152 1498 1345 1555 crescit
1371 1499 1479 1555 imo
1510 1506 1563 1555 et
1591 1496 1899 1570 perﬁcietur
1928 1498 1984 1552 in
2016 1513 2093 1554 re-

489 1586 843 1642 surrectione.

560 1675 732 1731 VERS.
760 1679 846 1733 12.
870 1706 939 1716 -
959 1677 1067 1733 Hoc
1100 1680 1186 1732 est
1206 1681 1572 1749 praeceptum,
1605 1684 1710 1733 etc.
1736 1677 1807 1731 Et
1833 1692 1996 1748 supra
2017 1676 2086 1731 de
2106 1700 2160 1759 B

489 1763 776 1820 dilectione
806 1765 1054 1835 proximi,
1087 1765 1186 1820 sed
1207 1765 1454 1836 repetitio
1485 1774 1568 1821 est
1597 1763 1932 1820 continuatio
1966 1783 1979 1819 :
2011 1765 2088 1820 ibi

489 1859 674 1909 tamen
696 1853 828 1908 dicit
852 1871 866 1908 :
891 1854 1198 1908 Mandatum
1218 1855 1307 1924 do,
1332 1854 1486 1926 quasi
1505 1870 1615 1909 non
1634 1862 1757 1909 ante
1789 1853 1979 1919 fuerit;
2002 1854 2091 1910 hic

490 1949 693 2006 autem,
739 1942 844 1998 hoc
893 1950 977 1997 est
1025 1942 1179 2014 quasi
1206 1958 1316 1997 non
1342 1943 1486 1997 aliud
1517 1943 1604 1997 sit.
1638 1943 1716 1997 Ibi
1743 1943 1974 2012 Novum,
2020 1958 2090 1998 ne

490 2029 546 2085 in
594 2037 860 2087 vetustate
902 2047 1292 2100 remaneamus,
1339 2031 1446 2101 hic,
1492 2032 1689 2098 Meum,
1739 2047 1808 2087 ne
1848 2039 2092 2087 contem-

488 2125 667 2174 natur.

561 2234 730 2289 Vsus.
765 2237 851 2288 13.
897 2264 968 2274 -
1023 2235 1285 2307 Majorem
1314 2236 1438 2291 hac.
1471 2233 1670 2289 Diﬂinit
1702 2233 2093 2306 plenitudinem
2121 2270 2135 2283 .

486 2329 685 2378 mutuae
712 2321 1020 2378 dilectionis
1052 2339 1211 2395 quam
1243 2323 1441 2378 habere
1470 2323 1733 2394 praecipit.

557 2411 727 2466 νεεδ.
766 2413 851 2465 15.
883 2442 952 2450 -
991 2413 1118 2467 Jam
1148 2428 1263 2467 non
1294 2412 1500 2467 dicam.
1535 2410 1926 2467 Commendata
1955 2411 2091 2468 dile-

481 2498 662 2555 ctione
691 2498 841 2553 addit
885 2500 1029 2570 quod
1059 2500 1388 2571 dignationis
1429 2507 1529 2568 est,
1583 2508 1640 2555 ut
1683 2500 1857 2557 bonos
1900 2516 2090 2556 servos

482 2583 599 2659 (qui
627 2586 802 2643 sciunt
849 2586 1097 2644 faciendo
1127 2605 1248 2661 qum
1275 2588 1541 2660 praecipit)
1589 2589 1733 2643 dicat
1763 2589 1986 2659 amicos,
2039 2597 2092 2644 et

420 2729 424 2732 .
484 2674 565 2732 eis
595 2675 736 2731 tollit
766 2690 966 2732 nomen
995 2676 1157 2742 servi,
1208 2676 1299 2748 qui
1341 2684 1423 2732 est
1452 2693 1518 2732 ex
1561 2676 1753 2733 timore
1781 2676 1931 2733 foras
1962 2676 2089 2732 mit-

482 2764 669 2829 tendo,
703 2764 793 2836 qui
826 2764 1000 2820 nescit
1029 2764 1158 2836 quid
1186 2764 1345 2820 faciat
1373 2764 1660 2821 Dominus.
1695 2765 1833 2834 Quia
1851 2782 1971 2822 cum
1993 2765 2090 2820 ali-

486 2852 617 2924 quid
647 2850 790 2922 facit,
826 2852 907 2909 sic
936 2852 1207 2909 extollitur
1235 2853 1390 2925 quasi
1422 2852 1540 2924 ipse
1567 2853 1750 2921 faciat,
1783 2870 1891 2910 non
1922 2855 2091 2911 domi-

483 2938 586 2979 nus
593 2965 606 2979 .

555 3012 726 3067 Vnus.
762 3014 847 3067 17.
891 3042 960 3052 -
1003 3012 1127 3068 Haec
1156 3012 1381 3082 mando,
1434 3020 1538 3069 etc.
1575 3012 1672 3068 Hic
1700 3014 1936 3069 ostendit
1962 3014 2083 3086 quis

480 3099 553 3156 sit
580 3099 783 3156 fructus
811 3116 971 3172 quem
992 3101 1224 3167 dixerat,
1255 3117 1357 3172 pro
1387 3116 1495 3172 quo
1516 3109 1568 3156 et
1587 3101 1733 3156 dabit
1763 3103 1917 3157 Pater
1935 3103 2080 3175 quod

481 3189 737 3260 petimus,
772 3189 863 3260 qui
892 3197 945 3244 et
973 3189 1076 3244 hoc
1106 3189 1272 3255 dedit,
1306 3198 1363 3245 ut
1391 3189 1703 3261 diligamus.

561 3280 624 3336 Ut
651 3278 925 3349 diligatis.
959 3278 1149 3348 (Auc.)
1173 3278 1363 3333 Merito
1391 3295 1534 3350 saepe
1556 3278 1903 3334 dilectionem
1925 3294 2081 3335 com-

484 3366 721 3431 mendat,
752 3365 911 3436 quasi
941 3366 1057 3422 sola
1077 3366 1446 3438 praecipienda
1462 3366 1531 3421 sit
1550 3367 1667 3422 sine
1696 3384 1798 3440 qua
1825 3383 1933 3423 non
1954 3384 2081 3440 pos-

486 3462 612 3509 sunt
642 3462 860 3522 caetera,
893 3471 1014 3526 quae
1044 3455 1162 3510 sine
1191 3456 1400 3511 cateris
1419 3471 1529 3512 non
1547 3463 1723 3526 potest
1739 3456 1943 3513 haberi.
1980 3458 2082 3513 Pro

481 3542 583 3598 hac
611 3551 790 3599 autem
836 3543 1102 3614 patienter
1147 3543 1408 3598 debemus
1453 3544 1718 3601 sustinere
1766 3545 1925 3600 etiam
1967 3561 2082 3602 om-

479 3631 572 3686 nia
601 3631 826 3688 adversa
856 3632 1062 3687 mundi.
1098 3632 1254 3688 Unde
1283 3632 1466 3688 subdit
1498 3652 1512 3688 :

552 3747 722 3801 Vnus.
760 3748 846 3800 18.
873 3776 943 3787 -—
963 3746 1021 3803 Si
1040 3747 1309 3803 mundus.
1333 3745 1565 3802 Nomine
1581 3746 1769 3801 mundi
1791 3746 2083 3819 aliquando

478 3833 628 3904 boni,
680 3834 973 3906 aliquando
1017 3835 1147 3889 mali
1186 3835 1560 3907 designantur,
1611 3835 1739 3907 quia
1766 3851 1874 3889 una
1903 3851 2084 3890 massa

480 3931 566 3977 est
596 3938 716 3993 quae
742 3929 857 3977 tota
886 3922 943 3976 in
972 3922 1141 3976 Adam
1172 3922 1353 3992 periit,
1374 3923 1443 3978 de
1465 3939 1568 3994 qua
1598 3931 1725 3977 sunt
1752 3922 1857 3977 alia
1882 3939 2010 3980 vasa
2029 3923 2083 3977 in

479 4009 765 4075 honorem,
801 4009 908 4064 alia
936 4009 993 4063 in
1024 4010 1426 4065 contumeliam.

551 4112 722 4168 Vsus.
756 4114 842 4166 19.
894 4142 963 4151 -
1008 4112 1248 4167 Mundus
1276 4112 1418 4185 quod
1445 4128 1634 4169 suum.
1688 4111 1745 4168 Si
1774 4112 1951 4169 malus
1979 4129 2086 4184 pu-

489 4201 568 4256 nit
598 4199 779 4256 scelus
807 4199 954 4269 mali,
1006 4216 1071 4255 ex
1098 4208 1252 4270 parte
1297 4200 1410 4255 odit
1456 4202 1688 4256 mundus
1740 4202 1886 4274 quod
1930 4219 2086 4257 suum

486 4297 602 4356 est;
657 4288 783 4343 dum
832 4288 987 4361 punit
1036 4304 1101 4343 ex
1141 4296 1293 4359 parte
1335 4297 1496 4358 amat,
1548 4290 1671 4362 quia
1728 4290 1904 4346 malus
1945 4290 2088 4351 favet

476 4377 655 4435 malis.

544 4494 717 4549 Vnus.
750 4496 839 4551 20.
873 4524 943 4533 —
965 4494 1250 4551 Sermonis
1274 4494 1407 4550 mei.
1432 4495 1547 4552 Hoc
1568 4495 1773 4574 scilicet
1794 4514 1806 4550 :
1826 4498 1945 4552 Non
1968 4500 2072 4552 est.

476 4584 547 4639 Et
576 4583 717 4637 illius
746 4582 1043 4654 superioris
1077 4601 1091 4637 :
1125 4583 1353 4649 Scitote,
1387 4587 1518 4657 quia
1548 4602 1636 4640 me
1652 4586 1904 4657 priorem
1933 4587 2080 4643 vobis

485 4671 609 4728 odio
639 4671 854 4727 habuit.
888 4671 957 4725 Et
987 4671 1165 4725 subdit
1197 4686 1421 4727 causam
1458 4690 1473 4727 :
1501 4674 1619 4729 Non
1649 4676 1735 4728 est
1754 4689 1947 4728 servus
1966 4691 2082 4730 ma-

467 4761 582 4833 jor,
618 4766 723 4814 etc.
758 4757 899 4826 Quia
945 4760 1195 4831 exemplo
1243 4761 1327 4815 sui
1370 4762 1501 4833 (quo
1543 4761 1691 4816 aliud
1735 4761 1929 4817 melius
1972 4777 2081 4817 non

472 4846 581 4918 est)
612 4847 821 4901 monuit
865 4846 936 4901 ad
984 4847 1206 4904 ferenda
1254 4848 1380 4904 odia
1428 4849 1634 4919 mundi,
1688 4850 1870 4905 subdit
1915 4867 2081 4922 quare

476 4935 712 4992 debeant
741 4951 865 4992 eum
895 4935 949 4990 in
980 4935 1081 4991 hoc
1109 4936 1327 5005 imitari,
1386 4938 1509 5010 quia
1539 4938 1657 5009 ipse
1684 4938 1966 5007 Dominus,
2002 4939 2079 4994 illi

478 5040 643 5080 88W].

553 5137 719 5193 Vsus.
752 5140 841 5195 22.
872 5168 943 5179 —
970 5139 1030 5195 Si
1057 5155 1173 5196 non
1206 5142 1498 5199 venissem.
1530 5142 1630 5200 Hic
1646 5143 1957 5215 expressius
1986 5144 2080 5198 Ju-

474 5225 625 5282 dmos
655 5226 910 5293 ostendit,
944 5228 1011 5282 ad
1043 5244 1180 5299 quos
1207 5230 1370 5294 venit,
1404 5231 1472 5285 de
1501 5233 1699 5302 quibus
1729 5233 1828 5286 sub
1859 5232 2078 5287 nomine

472 5313 663 5370 mundi
689 5314 968 5384 superiora
997 5316 1224 5371 dixerat.
1275 5318 1342 5371 Et
1393 5318 1520 5388 quia
1549 5320 1620 5374 ad
1650 5333 1745 5374 eos
1774 5319 1938 5389 venit,
1989 5319 2079 5376 hic

471 5402 875 5459 inexcusabiles
925 5404 995 5458 de
1035 5404 1288 5461 omnibus
1334 5406 1494 5461 malis
1535 5408 1792 5464 ostendit.
1824 5410 2080 5465 Excusa-

475 5493 709 5562 tionem,
743 5499 846 5548 etc.
900 5491 983 5547 Illi
1016 5492 1210 5566 quibus
1243 5509 1351 5550 non
1380 5495 1528 5551 venit
1575 5512 1679 5553 nec
1725 5498 1940 5555 locutus
1971 5506 2074 5567 est,

472 5581 672 5639 habent
703 5580 1105 5639 excusationem
1138 5596 1245 5638 non
1281 5582 1350 5638 de
1381 5584 1527 5640 omni
1573 5593 1819 5657 peccato,
1866 5586 1965 5643 sed
2008 5587 2078 5644 de

2191 433 2385 506 quibus
2432 433 2488 489 in
2533 433 2790 505 apostolis
2835 433 2981 489 venit
3009 442 3062 490 et
3090 434 3297 489 locutus
3338 441 3440 501 est,
3491 449 3602 491 non
3632 449 3793 491 excu-

2192 530 2396 577 santur.
2426 522 2637 578 Priores
2660 537 2791 578 vero
2819 524 2915 596 qui
2940 524 3066 579 sine
3098 523 3215 595 lege
3239 527 3640 595 peccaverunt,
3671 524 3794 581 sine

2195 613 2310 683 tege
2335 612 2601 684 peribunt
2622 614 2800 682 (Rom.
2819 611 2982 683 u).De
2998 609 3417 684 peccato.Quod
3437 626 3551 667 non
3568 611 3794 668 credunt

2191 716 2280 755 me
2329 700 2427 755 sed
2472 701 2720 767 oderunt,
2773 708 2826 755 et
2873 708 3263 772 persequentur
3297 700 3352 753 in
3396 700 3608 771 meipso
3648 707 3703 756 et
3742 701 3798 757 in

2192 789 2348 859 meis,
2379 789 2475 844 sed
2504 791 2606 845 hoc
2636 797 2914 860 peccatum
2958 789 3014 843 in
3063 805 3170 856 me,
3215 787 3376 844 etiam
3425 789 3695 844 redundat
3738 789 3794 845 in

2192 878 2422 943 Patrem,
2454 877 2576 949 quia
2606 877 2698 949 qui
2726 894 2813 933 me
2843 877 2953 932 odit
3000 885 3052 932 et
3093 878 3303 933 Patrem
3331 893 3512 933 meum
3542 877 3677 932 odit.
3727 878 3797 933 Et

2192 966 2335 1038 quod
2381 974 2465 1020 est
2511 965 2907 1037 gravissimum,
2952 981 3060 1020 non
3099 965 3273 1021 solum
3316 966 3442 1021 veni
3487 973 3539 1021 et
3584 966 3794 1022 locutus

2193 1071 2331 1121 sum,
2364 1054 2461 1110 sed
2489 1070 2652 1126 opera
2682 1054 2802 1121 feci,
2858 1071 2979 1127 quze
3006 1054 3251 1111 videntes
3284 1054 3512 1111 oderunt
3541 1062 3596 1112 et
3623 1071 3713 1112 me
3741 1064 3796 1111 et

2192 1143 2422 1199 Patrem.

2264 1232 2434 1286 Vens.
2463 1232 2553 1289 24.
2587 1262 2657 1271 -
2689 1231 2820 1298 Quae
2848 1247 3033 1301 nemo,
3084 1238 3188 1287 etc.
3219 1232 3411 1302 (Λυσι.)
3459 1230 3623 1299 Quod
3650 1233 3795 1303 pavit

2191 1325 2267 1375 tot
2312 1318 2480 1375 millia
2508 1320 2577 1375 de
2606 1320 2812 1391 paucis,
2863 1320 3011 1392 quod
3067 1336 3241 1390 super
3282 1336 3449 1391 aquas
3496 1319 3614 1385 ivit,
3665 1329 3790 1389 etc.,

2192 1425 2366 1481 usque
2422 1409 2494 1464 ad
2552 1416 2605 1465 et
2657 1408 2779 1482 quia
2834 1409 2953 1480 ipse
2993 1424 3094 1479 per
3138 1408 3379 1493 seipsum
3422 1409 3573 1477 fecit,
3631 1425 3791 1466 nemo

2192 1514 2310 1552 εωθ
2340 1513 2425 1552 80.

2268 1586 2535 1651 Oderunt,
2585 1594 2688 1641 etc.
2736 1586 2907 1642 Judaei
2936 1587 3118 1644 dicunt
3167 1604 3228 1643 se
3270 1588 3498 1659 diligere
3536 1589 3716 1643 Deum
3741 1597 3794 1643 et

2192 1682 2369 1730 tamen
2398 1673 2704 1730 nescientes
2732 1675 2978 1741 oderunt,
3027 1676 3151 1747 quia
3177 1676 3268 1749 qui
3297 1676 3483 1733 volunt
3509 1693 3640 1731 esse
3669 1677 3793 1731 mali

2188 1764 2376 1819 nolunt
2414 1779 2537 1818 esse
2585 1763 2861 1835 veritatem
2892 1780 2995 1835 qua
3026 1765 3326 1820 damnatur.
3375 1766 3443 1819 Et
3487 1764 3629 1819 sicut
3670 1764 3791 1821 ode-

2188 1859 2307 1907 runt
2353 1867 2503 1906 suam
2549 1867 2785 1922 prauam,
2834 1852 3062 1908 oderunt
3107 1852 3390 1910 veritatem
3437 1870 3560 1925 quae
3592 1852 3793 1926 irrogat

2188 1956 2425 2011 poenam,
2478 1940 2781 1996 nescientes
2827 1957 2948 1996 eum
2988 1958 3110 1997 esse
3137 1941 3434 1997 veritatem.
3485 1941 3554 1996 Et
3586 1941 3634 1996 si
3664 1942 3793 1997 ode-

2189 2036 2311 2084 runt
2340 2027 2637 2093 veritatem,
2671 2029 2903 2084 oderunt
2931 2046 3050 2085 eum
3098 2030 3168 2085 de
3218 2045 3325 2102 quo
3362 2038 3485 2084 nata
3517 2037 3603 2085 est
3641 2030 3791 2085 veri-

2190 2124 2290 2187 tas,
2319 2125 2373 2172 et
2403 2117 2475 2171 ita
2504 2117 2711 2174 Patrem
2742 2116 3049 2174 nescientes
3078 2117 3147 2174 de
3181 2133 3246 2174 eo
3287 2126 3464 2173 natam
3504 2117 3790 2174 veritatem

2191 2205 2439 2261 oderunt.

2262 2321 2435 2376 Vnus.
2466 2323 2556 2379 25.
2609 2352 2677 2361 —
2729 2321 2870 2389 Quia
2898 2321 3039 2379 odio.
3069 2321 3251 2377 Gratis
3278 2321 3410 2389 odit,
3459 2322 3552 2394 qui
3585 2322 3789 2378 nullum

2191 2425 2258 2465 ex
2287 2409 2467 2465 odium
2501 2409 2784 2465 commodo
2829 2409 3021 2482 quaerit
3049 2410 3137 2466 vel
3181 2410 3590 2467 incommodum
3633 2410 3786 2483 fugit.

2193 2498 2282 2554 Sic
2310 2497 2459 2569 impii
2485 2498 2712 2553 oderunt
2740 2497 3034 2553 Christum.
3064 2498 3152 2555 Sic
3175 2498 3309 2567 justi
3337 2498 3571 2570 diligunt
3601 2499 3788 2572 gratis,

2192 2602 2300 2643 non
2329 2593 2548 2658 propter
2574 2585 2716 2640 aliud
2748 2586 2845 2643 sed
2874 2595 3094 2657 propter
3118 2586 3318 2658 ipsum.
3522 2581 3526 2584 ’

2263 2703 2435 2757 Vnus.
2452 2704 2541 2759 26.
2561 2732 2630 2741 -
2654 2703 2793 2758 Cum
2813 2706 3025 2758 autem.
3043 2703 3201 2758 Nunc
3219 2701 3465 2758 videntes
3481 2718 3647 2774 opera
3666 2703 3794 2760 ode-

2192 2798 2313 2845 runt
2343 2789 2508 2861 gratis
2532 2798 2585 2845 et
2613 2806 2701 2845 me
2732 2797 2786 2845 et
2813 2790 3044 2845 Patrem.
3093 2790 3201 2846 Sed
3229 2807 3350 2847 cum
3379 2791 3591 2851 venerit
3620 2793 3791 2847 Para-

2192 2880 2382 2944 cletus,
2436 2877 2803 2934 manifestiore
2856 2878 3162 2934 testimonio
3214 2879 3498 2936 convincat
3550 2895 3649 2937 eos
3697 2867 3799 2953 qui

2192 2967 2439 3022 viderunt
2468 2974 2520 3021 et
2558 2967 2805 3036 oderunt,
2839 2967 2938 3023 sed
2989 2974 3043 3022 et
3088 2968 3351 3039 quosdam
3396 2984 3581 3023 eorum
3632 2984 3790 3025 com-

2103 3055 2152 3120 C
2183 3063 2412 3127 punctos
2428 3055 2498 3109 de
2518 3062 2664 3111 tanto
2681 3055 2887 3111 scelere
2907 3063 3202 3112 convertet.
3225 3057 3395 3126 Quem
3416 3072 3511 3129 ego
3531 3057 3786 3113 mittam.

2183 3143 2284 3199 Die
2332 3145 2679 3199 Pentecostes
2726 3143 2875 3199 venit
2928 3143 3159 3214 Spiritus
3202 3152 3419 3200 sanctus
3470 3144 3525 3198 in
3571 3152 3787 3201 centum

2183 3231 2377 3304 viginti
2403 3232 2652 3287 homines
2680 3240 3062 3305 congregatos,
3101 3248 3223 3287 cum
3251 3232 3448 3304 quibus
3479 3240 3635 3289 erant
3662 3249 3787 3288 om-

2183 3337 2282 3377 nes
2310 3319 2540 3391 apostoli
2566 3319 2622 3373 in
2651 3321 2813 3376 domo
2843 3320 2935 3375 ubi
2963 3336 3122 3377 caena
3151 3319 3341 3376 fuerat.
3397 3322 3503 3389 Qui
3530 3339 3567 3377 α
3594 3324 3786 3378 Patre.

2186 3408 2428 3480 Spiritus
2472 3408 2719 3479 procedit
2746 3424 2776 3462 a
2803 3409 2958 3464 Patre
2987 3417 3040 3464 et
3070 3408 3224 3475 Filio,
3269 3409 3367 3464 sed
3387 3409 3551 3464 Filius
3601 3410 3795 3465 dicitur

2184 3514 2214 3552 a
2243 3498 2397 3553 Patre
2426 3496 2745 3567 procedere,
2798 3497 2923 3569 quia
2952 3498 3019 3551 ad
3046 3498 3261 3552 Patrem
3291 3497 3431 3553 solet
3458 3496 3683 3569 referre,
3735 3507 3788 3554 et

2186 3585 2331 3657 quod
2360 3583 2530 3655 ipsius
2561 3592 2641 3640 est
2666 3584 2733 3640 de
2762 3600 2870 3657 quo
2898 3584 3016 3655 ipse
3045 3593 3147 3641 est.
3178 3588 3223 3640 Α
3254 3601 3361 3658 quo
3383 3601 3520 3657 ergo
3541 3586 3705 3642 habet
3725 3595 3783 3642 ut

2187 3675 2273 3744 sit,
2309 3673 2376 3729 ab
2406 3672 2497 3728 illo
2526 3673 2688 3728 habet
2717 3680 2773 3728 ut
2801 3673 2870 3728 de
2899 3672 2990 3729 illo
3025 3674 3286 3745 procedat
3314 3673 3565 3746 Spiritus.

2781 3805 3007 3897 CAPUT
3042 3840 3190 3896 XVI.

2258 3980 2429 4035 Vens.
2455 3983 2506 4034 1.
2530 4011 2600 4020 -
2618 3981 2744 4037 Haec
2769 3981 2989 4038 locutus
3008 3998 3157 4049 sum,
3173 3989 3275 4038 etc.
3298 3982 3591 4056 Postquam
3612 4000 3785 4040 exem-

2185 4067 2276 4138 plo
2307 4084 2405 4124 suo
2435 4068 2616 4125 docuit
2641 4067 2781 4125 ferre
2810 4069 2934 4124 odia
2962 4070 3016 4124 in
3047 4086 3154 4142 quo
3183 4070 3360 4127 sciunt
3387 4071 3520 4143 quid
3549 4072 3781 4128 debeant

2186 4155 2382 4222 facere,
2430 4157 2529 4212 sed
2576 4172 2684 4213 non
2731 4165 2959 4229 possunt
3007 4166 3294 4231 postquam
3339 4159 3502 4215 etiam
3541 4161 3781 4232 promisit

2188 4244 2442 4321 Spiritum
2481 4260 2589 4316 quo
2634 4253 2884 4315 poterunt
2913 4246 3190 4313 resistere,
3241 4246 3401 4302 etiam
3429 4248 3586 4303 addit
3621 4267 3635 4303 :
3669 4251 3783 4304 Hac

2189 4333 2409 4389 locutus
2438 4349 2585 4403 sum,
2618 4340 2720 4388 etc.
2755 4332 2912 4402 Quod
2943 4342 3025 4391 est
3045 4334 3351 4405 exemplum
3370 4335 3439 4391 de
3461 4336 3666 4406 Spiritu
3691 4336 3778 4408 qui

2098 4412 2150 4473 D
2179 4419 2535 4486 confirmabit,
2587 4428 2663 4490 ut,
2711 4421 2788 4475 ita
2830 4422 3090 4478 charitate
3150 4421 3345 4479 diffusa
3402 4423 3457 4478 in
3529 4424 3783 4480 cordibus

2181 4509 2399 4578 vestris,
2434 4508 2503 4563 sit
2535 4509 2689 4564 vobis
2716 4510 2883 4565 multa
2908 4526 3011 4581 pax
3042 4518 3097 4566 et
3125 4527 3234 4567 non
3264 4511 3603 4568 scandalum.

2252 4597 2424 4653 Vsus.
2457 4601 2510 4655 2.
2537 4628 2607 4637 —
2634 4598 2739 4653 Sed
2768 4600 2920 4655 venit
2947 4601 3105 4656 hora.
3137 4598 3303 4668 Quasi
3332 4599 3473 4655 dicat
3505 4617 3519 4654 :
3553 4600 3613 4655 Si
3646 4599 3784 4671 pulsi

2179 4685 2248 4740 ab
2278 4686 2358 4741 eis
2389 4694 2463 4742 tot
2490 4685 2784 4757 acquiretis
2815 4685 2946 4740 mihi
2995 4687 3163 4757 (unde
3200 4687 3356 4744 vobis
3401 4687 3777 4759 gaudendum)

2180 4781 2239 4828 ut
2267 4790 2374 4828 non
2405 4774 2534 4828 satis
2577 4774 2645 4828 sit
2674 4773 2755 4829 eis
2803 4789 2901 4831 vos
2941 4775 3163 4846 pellere.
3219 4776 3327 4831 Sed
3355 4791 3466 4831 non
3497 4776 3684 4831 sinant
3708 4776 3786 4831 vi-

2181 4878 2329 4927 vere,
2362 4878 2431 4917 ne
2462 4877 2651 4917 omnes
2682 4861 2988 4933 acquiratis,
3035 4870 3093 4918 ut
3119 4879 3149 4917 a
3178 4863 3456 4919 Judaismo
3501 4864 3781 4932 avertatis,

2181 4949 2235 5004 in
2267 4966 2374 5022 quo
2402 4951 2577 5005 Deum
2609 4950 2777 5006 Israel
2807 4951 3032 5008 credunt
3061 4951 3241 5007 deseri
3269 4960 3323 5007 et
3348 4961 3535 5008 sancta
3553 4970 3679 5009 sua.

2250 5064 2421 5118 Vnus.
2456 5065 2506 5119 4.
2540 5093 2609 5104 -—
2637 5065 2761 5120 Haec
2789 5069 3002 5120 autem.
3053 5065 3351 5137 Postquam
3398 5064 3535 5120 dixit
3581 5065 3787 5122 futuras

2180 5168 2366 5207 eorum
2394 5152 2679 5222 passiones
2727 5160 2781 5207 et
2825 5152 3228 5208 consolatorum
3259 5152 3515 5224 Spiritum
3545 5153 3633 5209 eis
3663 5169 3785 5210 esse

2179 5239 2436 5305 dandum,
2467 5240 2649 5295 subdit
2672 5258 2684 5294 :
2706 5242 2830 5296 Haec
2857 5258 2973 5298 non
2994 5240 3139 5306 dixi,
3174 5250 3275 5297 etc.
3310 5240 3468 5310 Quod
3498 5241 3547 5296 si
3576 5242 3651 5298 de
3672 5259 3790 5314 pas-

2179 5327 2426 5384 sionibus
2482 5327 2797 5398 accipimus,
2857 5343 2965 5384 non
3013 5329 3353 5385 solummodo
3397 5338 3523 5400 post
3571 5346 3787 5386 ccenam

2179 5417 2277 5473 sed
2309 5425 2362 5472 et
2390 5424 2514 5472 ante
2540 5415 2842 5487 proximum
2876 5417 3107 5486 Pascha,
3141 5424 3196 5473 et
3224 5418 3293 5472 ab
3325 5417 3478 5473 initio
3507 5417 3787 5475 missionis

2178 5504 2468 5560 duodecim
2492 5504 2860 5576 apostolorum
2899 5504 3225 5576 praedixerat
3249 5523 3265 5573 ;
3297 5506 3397 5561 sed
3425 5506 3497 5562 de
3527 5508 3784 5563 consola-

2178 5593 2326 5649 tione
2357 5592 2589 5665 Spiritus
2618 5592 2700 5650 eis
2727 5601 2951 5651 ventura
2980 5608 3088 5651 non
3118 5593 3466 5667 praedixerat,
3510 5594 3639 5668 quia
3668 5596 3786 5667 ipse
