3948 6178
125 307 218 360 H3

1083 299 1354 356 GLOSSA
1392 299 1802 356 ORDINARIA.
1844 327 1913 342 --
1951 299 2215 357 EVANG.
2245 299 2444 357 JOAN.

3334 306 3440 358 414

135 444 248 484 cum
277 427 360 483 eis
381 427 662 498 corporali
680 425 975 498 praesentia
995 425 1292 481 advocatus
1312 424 1400 480 vel
1421 424 1734 480 consolator
1754 424 1811 484 A
1899 424 2070 481 Vsus.
2105 427 2192 481 15.
2225 455 2295 465 -
2327 425 2549 490 Omnia,
2586 434 2690 482 etc.
2730 426 2920 497 (Λυσι.)
2950 427 3029 482 De
3069 426 3271 497 Spiritu
3300 426 3430 482 dicit

138 525 245 572 erat
274 534 292 584 ;
326 516 425 572 sed
457 516 586 588 quia
609 517 725 586 jam
763 516 939 570 iturus
986 521 1088 581 est,
1141 529 1280 585 Opus
1328 521 1446 569 erat
1477 521 1536 567 ut
1581 513 1732 566 illum

137 605 333 661 diceret
382 613 673 660 venturum
716 603 807 676 qui
837 603 1188 659 confirmaret
1233 617 1330 658 eos
1377 609 1566 657 contra
1595 601 1732 670 abji-

137 694 334 750 cientes
364 701 419 750 et
448 691 856 750 interﬁcientes.

204 800 369 856 Vnus.
402 805 457 854 5.
488 830 559 841 —
595 800 732 856 Vada
762 798 835 854 ad
864 815 1014 854 eum.
1055 797 1131 852 Ita
1159 795 1342 868 palam
1371 803 1430 850 ut
1458 811 1621 852 nemo
1650 795 1734 850 in-

136 897 376 962 terroget
408 888 558 960 quod
587 888 707 943 visu
737 887 1014 958 corporali
1053 894 1262 951 cernat,
1306 886 1560 941 viderunt
1609 902 1734 941 eum

136 977 188 1032 in
217 978 363 1032 nube
392 977 784 1032 ascendentem
813 975 949 1032 certi
979 975 1046 1029 de
1078 975 1257 1047 gloria
1287 973 1380 1045 qui
1407 975 1558 1044 prius
1585 991 1733 1045 pra:-

137 1066 276 1121 dicta
304 1066 564 1136 passione
593 1064 925 1137 quaesierunt
961 1081 973 1118 :
1005 1065 1260 1129 Domine,
1294 1081 1398 1136 quo
1427 1063 1585 1119 vadis
1614 1068 1636 1118 ?

201 1181 372 1236 Vnus.
397 1183 456 1238 7.
483 1210 552 1220 —
572 1182 631 1236 Si
648 1181 824 1246 enim,
848 1186 954 1234 etc.
975 1179 1100 1233 Non
1121 1178 1264 1250 quod
1285 1178 1494 1248 positus
1517 1178 1570 1231 in
1590 1185 1737 1232 terra

134 1285 240 1324 non
268 1277 460 1341 posset
489 1269 644 1335 dare,
678 1268 774 1323 sed
805 1268 935 1340 quia
964 1267 1042 1321 illi
1072 1284 1182 1322 non
1211 1274 1337 1321 sunt
1365 1267 1547 1322 idonei
1586 1267 1735 1322 acci-

135 1382 284 1437 pere,
319 1366 424 1420 nisi
452 1382 577 1420 eum
598 1365 897 1420 secundum
927 1380 1150 1419 carnem
1184 1364 1448 1418 desistant
1476 1380 1660 1418 nosse.

201 1457 263 1512 Si
291 1460 504 1510 autem.
540 1454 810 1508 Mentibus
857 1454 1053 1508 vestris
1084 1453 1162 1507 sic
1193 1453 1364 1523 raptis
1392 1453 1460 1505 ad
1492 1452 1737 1508 caelestia

131 1543 303 1598 aderit
334 1543 566 1613 Spiritus
597 1542 759 1596 simul
784 1543 944 1596 Pater
963 1549 1015 1596 et
1038 1541 1224 1595 Filius.
1251 1540 1574 1610 Spirituales
1591 1541 1737 1595 enim

136 1649 198 1686 ex
229 1631 544 1687 carnalibus
575 1630 722 1695 facti,
757 1629 1013 1701 capacius
1045 1629 1252 1684 fuerant
1281 1629 1600 1684 Trinitatem
1634 1629 1736 1682 ha-

136 1720 318 1786 bituri,
354 1719 493 1776 sicut
521 1719 858 1790 promissum
888 1725 1027 1773 erat.

204 1817 376 1871 Vnus.
411 1819 464 1871 8.
496 1845 565 1856 —
596 1817 698 1871 Ille
729 1819 948 1887 arguet.
978 1815 1103 1869 Non
1132 1815 1278 1887 quod
1307 1814 1476 1869 Filius
1504 1829 1615 1870 non
1644 1831 1738 1868 ar-

137 1913 282 1978 guat,
318 1903 418 1981 sed
448 1903 577 1976 quia
607 1902 836 1974 Spiritus
868 1903 1017 1957 dabit
1049 1903 1129 1958 eis
1163 1903 1487 1958 charitatem
1509 1911 1562 1957 et
1578 1904 1747 1974 pellet

135 1993 406 2058 timorem,
439 2000 498 2047 ut
528 1993 598 2047 sit
627 1992 707 2048 eis
738 1992 962 2046 libertas
992 1992 1278 2065 arguendi.

208 2081 405 2153 (Ασα.)
458 2080 721 2153 Arguitur
749 2081 818 2135 de
846 2088 1073 2151 peccato
1121 2080 1214 2152 qui
1243 2079 1298 2134 in
1331 2079 1605 2135 Christum
1637 2095 1747 2136 non

138 2171 322 2227 credit.
357 2169 644 2245 Arguitur,
679 2176 806 2235 etc.,
839 2185 1011 2241 usque
1042 2169 1113 2224 ad
1132 2185 1200 2224 ne
1223 2185 1346 2223 cum
1366 2169 1554 2224 mundi
1590 2170 1746 2241 prin-

153 2260 266 2330 cipe
288 2257 614 2328 judicentur
643 2273 806 2328 quem
829 2257 1130 2326 judicatum
1159 2256 1457 2312 imitantur.

207 2349 278 2403 Et
310 2347 380 2402 de
401 2348 663 2418 justitia.
699 2346 823 2401 Non
869 2346 937 2401 de
987 2361 1107 2412 sua,
1164 2345 1261 2400 sed
1311 2346 1378 2400 de
1409 2346 1747 2402 credentium

141 2435 356 2506 justitia
377 2436 616 2489 mundus
637 2434 904 2506 arguitur,
929 2450 1158 2505 quorum
1179 2434 1584 2505 comparatione
1605 2436 1752 2490 dam-

157 2533 339 2579 natur.
374 2523 534 2579 Unde
566 2538 676 2578 non
707 2523 780 2577 ait
813 2541 826 2578 :
858 2524 980 2577 Non
1015 2522 1218 2578 videbit
1245 2539 1332 2577 me
1361 2523 1616 2590 mundus,
1650 2525 1749 2578 sed

153 2614 266 2670 Non
300 2612 573 2668 vedebitis
602 2629 713 2679 me,
746 2627 844 2666 vos
873 2611 1127 2682 apostoli.
1160 2611 1360 2666 Contra
1387 2610 1632 2667 infideles
1661 2617 1750 2684 qui

150 2702 354 2767 dicunt,
387 2699 679 2768 Quomodo
708 2700 1000 2756 credemus
1030 2699 1176 2770 quod
1206 2716 1316 2754 non
1345 2699 1753 2756 videmus?Est

141 2805 266 2845 vera
289 2789 508 2858 justitia
536 2789 761 2845 credere
805 2788 952 2860 quod
985 2803 1096 2842 non
1126 2787 1360 2857 videtur,
1394 2796 1452 2843 ut
1481 2789 1573 2860 qui
1595 2789 1751 2844 vide-

135 2887 249 2932 runt
278 2878 565 2932 hominem
597 2877 945 2933 crediderunt
980 2877 1174 2932 Deum.
1200 2876 1268 2930 Et
1288 2892 1410 2932 cum
1429 2893 1530 2947 per
1550 2892 1746 2933 ascen-

144 2967 350 3022 sionem
381 2965 561 3021 forma
583 2966 822 3021 hominis
854 2965 1132 3021 subtracta
1163 2973 1247 3020 est
1276 2964 1503 3034 visibus,
1539 2973 1666 3022 tunc
1685 2983 1751 3021 ex

145 3056 287 3111 omni
317 3063 479 3126 parte
510 3053 794 3125 impletum
825 3062 908 3110 est
941 3072 953 3107 :
989 3057 1184 3111 Justus
1221 3070 1295 3110 ea:
1323 3053 1431 3123 ﬁde
1457 3057 1613 3110 vivit.

204 3152 382 3206 Vnus.
419 3154 506 3205 10.
541 3181 611 3192 -
639 3151 711 3205 Et
719 3153 865 3223 jam,
899 3158 1003 3206 etc.
1037 3150 1096 3204 Id
1127 3157 1230 3216 est,
1267 3166 1549 3222 nunquam
1587 3150 1746 3206 vide—

140 3240 259 3294 bitis
291 3256 382 3295 me
431 3239 601 3294 talem
643 3247 702 3293 ut
730 3239 913 3304 modo,
947 3238 1001 3293 id
1032 3247 1114 3292 est
1159 3239 1446 3316 mortalem
1492 3239 1747 3309 judican-

137 3329 280 3393 dum,
328 3327 428 3383 sed
476 3327 836 3400 gloriﬁcatum
884 3326 1140 3396 judicem.
1181 3327 1250 3381 Et
1290 3327 1393 3383 hoc
1437 3335 1520 3383 est
1542 3329 1750 3398 justitia

143 3415 288 3483 ﬁdei,
338 3417 407 3471 de
459 3432 566 3488 qua
608 3415 904 3487 Apostolus
937 3433 950 3470 :
984 3418 1052 3471 Et
1081 3417 1133 3471 si
1158 3419 1417 3472 novimus
1452 3417 1738 3474 Christum

135 3505 444 3561 secundum
463 3521 716 3570 carnem,
751 3506 844 3560 sed
860 3507 985 3576 jam
1002 3521 1117 3562 non
1137 3507 1396 3562 novimus
1418 3505 1494 3575 (II
1514 3507 1633 3562 Cor.
1653 3508 1733 3576 v),

152 3609 311 3665 quam
344 3593 756 3665 quia'mundus
803 3593 872 3648 ab
901 3592 1019 3647 istis
1064 3607 1175 3648 non
1219 3593 1335 3648 vult
1372 3594 1624 3665 accipere
1654 3609 1749 3649 ar-

143 3682 344 3754 guitnr.

204 3798 374 3852 Vnus.
409 3801 494 3853 ll.
531 3827 600 3838 —
635 3799 713 3854 De
741 3797 979 3870 judicio.
1014 3795 1155 3865 Quia
1187 3796 1233 3852 si
1265 3797 1579 3851 damnatum
1600 3794 1750 3850 illum

139 3895 440 3958 sequuntur
484 3902 609 3943 cum
648 3902 714 3942 eo
760 3887 1106 3951 damnantur,
1157 3893 1210 3941 et
1257 3901 1326 3940 ne
1375 3885 1477 3939 sibi
1525 3886 1752 3940 credant

148 3976 299 4045 parci
330 3983 609 4030 terrentur
640 3975 906 4046 supplicio
935 3975 1081 4030 illius
1113 3974 1354 4046 superbi.

219 4073 394 4127 Vens.
445 4076 533 4127 13.
567 4103 635 4113 —
672 4073 902 4129 Omnem
944 4075 1264 4139 veritatem,
1316 4079 1420 4128 etc.
1480 4071 1750 4127 Promittit

144 4161 288 4233 quod
322 4169 494 4216 totum
523 4160 767 4217 facturus
797 4169 880 4216 est
911 4160 1163 4232 Spiritus,
1219 4175 1329 4216 non
1376 4159 1522 4231 quod
1553 4160 1607 4213 in
1650 4161 1750 4215 hac

143 4249 251 4304 vita
281 4256 458 4304 totum
489 4249 850 4320 compleatur.

212 4338 253 4392 Α
291 4340 616 4410 semetipso,
653 4344 756 4393 etc.
791 4336 982 4408 (AUG.)
1024 4335 1165 4404 Quia
1212 4352 1321 4392 non
1369 4343 1452 4392 est
1481 4351 1514 4391 a
1544 4337 1744 4407 seipso,

141 4426 265 4498 quia
313 4425 466 4481 solus
499 4427 676 4492 Pater,
708 4434 836 4495 etc.,
871 4442 1044 4498 usque
1074 4425 1146 4480 ad
1176 4441 1394 4497 semper
1442 4425 1616 4493 scivit,
1649 4426 1749 4481 scit

153 4524 202 4569 et
222 4515 380 4570 sciet.

220 4613 396 4666 Vsus.
431 4614 518 4666 14.
550 4641 619 4652 -
647 4613 750 4667 Ille
769 4627 859 4666 me
879 4611 1234 4680 clariﬁcabit.
1268 4610 1409 4679 Quia
1438 4611 1750 4681 Spirituales

144 4699 396 4756 faciendo
445 4715 546 4754 vos
591 4699 890 4754 declarabit
935 4699 1208 4771 quomodo
1257 4699 1402 4754 Patri
1450 4700 1619 4754 Filius
1667 4708 1752 4754 est

143 4789 368 4860 aequalis
401 4803 567 4859 quem
598 4788 900 4843 secundum
931 4803 1151 4842 carnem
1181 4795 1240 4842 ut
1268 4787 1543 4843 hominem
1573 4803 1747 4843 nove-

143 4885 281 4944 rant,
316 4877 405 4932 vel
438 4866 689 4931 timOrem
720 4876 961 4932 tollendo
994 4876 1156 4932 faciet
1187 4893 1284 4931 vos
1307 4876 1542 4949 gloriam
1571 4893 1748 4931 meam

139 4966 469 5020 annuntiare
500 4964 596 5020 toti
619 4965 843 5031 mundo,
871 4981 991 5037 quae
1011 4980 1121 5020 non
1145 4965 1298 5031 mihi,
1323 4965 1420 5020 sed
1440 4965 1751 5021 hominibus

143 5055 338 5126 prosit.

203 5145 316 5200 Deo
346 5157 491 5200 meo.
524 5141 650 5197 Non
697 5142 844 5214 quod
891 5141 1127 5212 Spiritus
1158 5141 1226 5196 sit
1244 5140 1424 5197 minor
1451 5141 1607 5198 Filio.
1641 5141 1752 5197 Cur

134 5239 319 5287 autem
348 5233 454 5287 hoc
475 5229 629 5298 dixit,
656 5218 910 5301 explanat
935 5248 947 5284 :
979 5231 1184 5286 Omnia
1211 5247 1556 5303 quascunque
1587 5231 1753 5287 habet

131 5321 309 5375 Pater
336 5336 466 5376 mea
487 5323 647 5375 sunt.
681 5320 980 5390 Propterea
1025 5318 1138 5373 dixi
1185 5319 1312 5388 quia
1342 5319 1410 5372 dc
1441 5335 1566 5374 meo
1597 5319 1748 5375 acci-

134 5407 264 5476 piet.
299 5410 452 5478 Ergo
491 5408 562 5462 de
611 5408 768 5462 Patre
809 5406 1006 5478 accipit
1053 5406 1306 5477 Spiritus,
1359 5407 1503 5461 unde
1553 5407 1751 5478 accipit

136 5495 326 5562 Filius,
351 5496 481 5568 quia
503 5495 556 5549 in
577 5496 681 5551 hac
699 5495 962 5550 Trinitate
980 5495 1048 5549 de
1081 5496 1239 5550 Patre
1268 5502 1426 5549 natus
1447 5503 1529 5549 est
1560 5495 1750 5562 Filius,

135 5583 205 5639 de
239 5585 402 5639 Patre
429 5584 679 5655 procedit
710 5583 963 5655 Spiritus.
990 5582 1097 5651 Qui
1117 5591 1300 5638 autem
1321 5583 1390 5638 de
1420 5584 1568 5642 nullo
1589 5592 1755 5639 natus

137 5679 225 5728 est
259 5673 330 5730 de
360 5672 513 5730 nullo
543 5673 815 5747 procedit,
849 5673 1006 5728 Pater
1035 5680 1119 5728 est
1150 5671 1322 5730 solus.

1758 1779 1811 1839 B

1833 513 2099 568 Christus.
2143 515 2390 586 Spiritus
2434 517 2639 580 Patris,
2676 523 2802 580 etc.,
2837 533 3010 587 usque
3041 515 3113 572 ad
3142 515 3217 570 ita
3245 523 3429 587 aperte

1833 602 2138 657 ostenditur
2166 604 2338 658 Patris
2369 611 2422 658 et
2453 603 2569 658 Filii
2597 619 2720 659 esse
2753 604 3002 674 Spiritus.

1904 721 2197 777 Vens.16.
2231 752 2300 762 -
2342 722 2633 779 Modicum.
2682 723 2742 777 Id
2789 731 2890 793 est,
2939 737 3172 794 parvum
3221 730 3434 795 tempus

1834 816 2001 864 restat
2042 827 2218 881 usque
2248 811 2316 865 ad
2345 813 2450 867 hoc
2490 811 2636 883 quod
2677 812 2851 882 patiar
2897 820 2951 866 et
2994 811 3218 867 claudar
3249 812 3430 883 sepul-

1835 915 1951 967 cro,
1984 907 2037 953 et
2067 899 2260 953 iterum
2291 916 2518 969 parvum
2551 909 2763 970 tempus
2782 915 3065 972 usquequo
3087 917 3174 955 me
3205 900 3436 956 videatis

1835 987 2238 1043 resuscitatum.
2286 989 2382 1043 Vel
2435 1005 2661 1059 parvum
2703 997 2914 1060 tempus
2961 997 3083 1058 est,
3125 989 3179 1042 id
3227 997 3308 1044 est
3338 989 3437 1044 tri-

1837 1075 2004 1129 duum
2026 1093 2133 1148 quo
2164 1077 2385 1131 clausus
2435 1093 2546 1131 non
2594 1076 2812 1131 videbo.
2860 1077 2928 1130 Et
2957 1077 3152 1131 iterum
3183 1092 3432 1147 parvum,

1836 1161 1889 1216 id
1921 1171 2003 1217 est
2039 1165 2399 1235 quadraginta
2448 1165 2585 1234 dies,
2639 1181 2745 1236 quo
2793 1165 3150 1220 resuscitatus
3193 1165 3437 1220 videbor.

1840 1251 1982 1318 Quia
2025 1254 2179 1308 vado.
2234 1255 2350 1309 IIoc
2397 1262 2482 1308 est
2530 1253 2657 1326 quia
2705 1261 2917 1324 tempus
2967 1262 3050 1309 est
3078 1261 3155 1322 ut,
3191 1254 3441 1326 deposita

1838 1342 2181 1410 mortalitate,
2216 1343 2508 1397 humanam
2540 1351 2782 1396 naturam
2813 1342 2965 1397 caelis
2995 1342 3238 1398 inferam.

1912 1459 2081 1513 Vnus.
2113 1460 2204 1513 20.
2238 1486 2308 1496 —
2340 1457 2482 1523 Quia
2508 1457 2827 1528 plorabitis.
2882 1456 2966 1510 Me
2995 1456 3198 1525 occiso,
3231 1457 3300 1512 de
3329 1473 3437 1530 quo

1839 1545 2042 1601 inimici
2068 1545 2400 1617 gaudebunt.
2444 1545 2703 1600 Similiter
2746 1545 2961 1616 plorant
3005 1561 3196 1600 omnes
3227 1545 3355 1600 boni
3384 1546 3437 1600 in

1838 1634 2098 1689 aerumnis
2127 1634 2285 1702 hujus
2306 1634 2522 1701 saeculi;
2554 1634 2649 1689 sed
2673 1634 2859 1688 mundi
2880 1642 3149 1689 amatores
3172 1635 3440 1706 gaudent.

1839 1723 1972 1778 Boni
2028 1731 2205 1777 autem
2261 1732 2644 1792 comparantur
2705 1723 2936 1793 parienti
2983 1740 3104 1795 qua:
3150 1724 3338 1795 genuit
3387 1723 3440 1777 in

1839 1820 2023 1883 partu;
2059 1811 2156 1866 sed
2186 1811 2398 1864 laetatur
2433 1811 2501 1865 de
2531 1810 2726 1880 fructu,
2779 1819 2828 1866 et
2857 1811 2984 1882 plus
3016 1813 3216 1882 gaudet
3245 1811 3313 1866 de
3341 1811 3442 1866 ad-

1842 1908 2005 1955 ventu
2060 1899 2254 1954 futurae
2306 1899 2472 1970 prolis
2527 1916 2686 1970 quam
2747 1899 2914 1954 tristis
2962 1909 3045 1956 est
3090 1901 3158 1956 de
3185 1901 3444 1973 praesenti

1844 1989 2054 2044 dolore.

1916 2103 2089 2159 Vnus.
2112 2105 2201 2160 23.
2226 2133 2295 2142 -
2313 2103 2376 2158 Si
2394 2103 2527 2176 quid
2552 2105 2856 2175 petieritis.
2881 2102 3070 2175 (AUG.)
3092 2104 3173 2159 Ita
3205 2119 3338 2160 sane
3365 2103 3445 2158 in-

1845 2191 2199 2264 telligendum
2230 2199 2330 2258 est,
2353 2192 2495 2264 quod
2519 2192 2612 2257 ait,
2637 2192 2787 2246 dabit
2806 2192 2981 2260 vobis,
3006 2200 3064 2246 ut
3095 2208 3161 2248 ea
3184 2191 3446 2249 beneficia

1847 2279 2152 2352 signiﬁcata
2179 2280 2420 2336 sciantur
2467 2297 2589 2351 quae
2627 2281 2695 2335 ad
2734 2295 2830 2335 eos
2868 2281 2960 2352 qui
3006 2289 3196 2351 petunt
3225 2281 3443 2352 proprie

1845 2369 2135 2440 pertinent.
2170 2368 2543 2423 Exaudiuntur
2571 2369 2714 2423 enim
2757 2369 2924 2424 sancti
2955 2385 3054 2439 pro
3086 2369 3302 2440 seipsis,
3333 2384 3444 2425 non

1848 2465 2028 2519 autem
2058 2472 2160 2527 pro
2190 2456 2440 2511 omnibus
2469 2456 2590 2511 aliis
2617 2456 2804 2512 amicis
2834 2457 2922 2512 vel
2950 2457 3198 2512 inimicis.

1919 2560 2082 2616 Dabit
2120 2559 2292 2614 vobis.
2351 2559 2412 2612 In
2458 2558 2640 2613 futuro
2688 2574 2797 2612 non
2827 2559 3114 2631 rogabitis,
3155 2559 3252 2614 sed
3281 2559 3445 2616 modo

1849 2648 2010 2720 petite
2041 2655 2094 2702 et
2123 2647 2338 2702 dabitur
2379 2647 2536 2702 vobis
2585 2647 2731 2718 quod
2778 2647 2846 2701 ad
2878 2663 2975 2702 vos
3015 2647 3269 2718 pertinet,
3319 2656 3370 2703 et
3400 2649 3446 2704 si

1848 2752 1957 2793 non
2009 2736 2262 2792 omnibus
2316 2735 2424 2791 illis
2478 2736 2674 2808 quibus
2720 2735 2933 2806 petitis,
2980 2744 3033 2792 et
3078 2735 3202 2791 ideo
3249 2736 3445 2792 dicitur

1849 2825 2025 2881 vobis.

1924 2941 2093 2995 Vnus.
2125 2943 2214 2996 25.
2245 2971 2314 2980 —
2354 2942 2480 2997 Haec
2530 2943 2592 2996 in
2635 2940 2961 3013 proverbiis.
3005 2940 3140 3008 Quae
3168 2920 3448 3013 hucusque

1849 3029 1960 3084 dixi
1982 3028 2138 3101 quasi
2165 3029 2218 3082 in
2249 3029 2553 3099 proverbiis
2601 3030 2746 3100 (quae
2776 3029 2950 3084 solent
2979 3029 3227 3084 homines
3257 3029 3448 3084 audire

1770 3137 1820 3199 α
1853 3118 1950 3172 sed
1973 3133 2079 3172 non
2109 3117 2435 3188 intelligere)
2463 3117 2606 3183 ‘dixi,
2654 3118 2776 3188 quia
2821 3117 3087 3172 animales
3118 3118 3269 3172 estis.
3301 3118 3446 3199 Ani-

1849 3207 2017 3261 malis
2033 3210 2226 3262 autem
2255 3208 2348 3278 qui
2370 3222 2483 3261 non
2508 3206 2756 3278 percipit
2775 3223 2896 3278 qua:
2916 3210 3052 3261 sunt
3073 3207 3319 3278 Spiritus
3349 3192 3449 3262 Dei

1848 3295 1895 3366 (Ι
1925 3297 2084 3350 Joan.
2128 3295 2186 3365 ι).
2239 3293 2587 3365 Quaecunque
2630 3295 2881 3349 dicuntur
2926 3295 2993 3350 de
3041 3295 3363 3366 incorporea
3393 3303 3447 3350 et

1849 3382 2170 3437 immutabili
2219 3382 2542 3446 substantia,
2588 3381 2751 3436 habet
2803 3382 2957 3453 quasi
2997 3383 3307 3453 proverbia.
3345 3383 3449 3439 Sed

1850 3472 2006 3527 venit
2037 3473 2192 3526 hora.
2220 3469 2338 3538 Qua
2369 3471 2490 3524 dato
2524 3470 2725 3540 Spiritu
2757 3469 2949 3525 faciam
2985 3487 3084 3525 vos
3113 3471 3443 3541 Spirituales,

1850 3569 1906 3614 ut
1953 3559 2252 3614 certissima
2299 3559 2658 3631 intelligentia
2716 3559 2912 3612 mentis
2959 3559 3083 3630 (etsi
3132 3575 3239 3614 non
3289 3568 3346 3613 ut
3395 3559 3451 3614 in

1853 3647 2055 3719 futuro)
2084 3649 2257 3703 Deum
2285 3647 2531 3715 videatis,
2577 3656 2629 3702 et
2667 3655 2792 3702 tunc
2821 3647 2996 3718 palam
3027 3647 3094 3701 de
3123 3647 3284 3702 Patre
3314 3665 3450 3702 nun-

1853 3737 2018 3802 tiabo,
2043 3744 2098 3790 ut
2130 3736 2307 3806 ipsum
2329 3744 2489 3790 etme
2516 3736 2758 3804 ejusdem
2783 3735 3094 3790 substantize
3112 3735 3443 3809 intelligatis,

1855 3833 1907 3880 et
1935 3833 2078 3890 tunc,
2113 3827 2176 3880 In
2212 3825 2442 3879 nomine
2480 3839 2600 3880 meo
2630 3825 2828 3896 petite.
2867 3822 3006 3890 Quia
3037 3830 3160 3879 tunc
3191 3839 3320 3878 vere
3351 3839 3449 3879 co-

1851 3913 2125 3986 gnoscetis
2147 3920 2199 3967 et
2229 3911 2410 3968 scietis
2439 3912 2581 3984 quod
2626 3913 2670 3966 si
2721 3921 2777 3966 ut
2825 3913 2987 3967 homo
3017 3927 3154 3984 rogo
3211 3912 3446 3981 Patrem,

1856 4011 1913 4056 ut
1934 4004 2080 4056 Deus
2109 4001 2336 4055 exaudio
2367 4017 2486 4055 cum
2517 4001 2706 4067 Patre;
2738 4001 2880 4055 unde
2899 3999 3028 4056 dicit
3061 4019 3075 4055 :
3104 4002 3176 4056 Et
3194 4017 3306 4057 non
3328 4000 3450 4058 dico

1849 4091 2014 4156 vobis,
2049 4089 2314 4163 quoniam
2342 4106 2434 4161 ego
2457 4090 2651 4161 rogabo
2681 4092 2932 4144 Patrem.

1929 4205 2099 4258 Vsus.
2129 4206 2218 4260 27.
2251 4234 2319 4242 -
2350 4203 2470 4276 Ipse
2529 4205 2702 4258 enim.
2753 4206 2910 4258 Amat
2967 4219 3068 4258 nos
3116 4204 3272 4258 Pater
3329 4203 3452 4274 quia

1864 4309 2108 4348 amamus
2146 4292 2358 4362 Filium,
2389 4308 2512 4347 cum
2542 4308 2571 4346 a
2602 4293 2756 4346 Patre
2806 4300 2858 4346 et
2896 4291 3029 4347 Filio
3058 4291 3367 4362 accepimus
3397 4298 3456 4346 ut

1861 4398 2105 4438 amemus
2134 4382 2346 4436 Patrem
2377 4390 2429 4435 et
2457 4381 2651 4435 Filium
2685 4399 2698 4434 :
2731 4380 2851 4434 data
2895 4380 3154 4436 charitate
3194 4395 3295 4450 per
3323 4379 3450 4450 Spi-

1769 4493 1821 4552 D
1844 4472 2036 4534 ritum,
2071 4486 2230 4540 quem
2262 4477 2314 4524 et
2343 4470 2518 4540 ipsum
2563 4484 2813 4523 amamus
2856 4483 2978 4523 cum
3026 4469 3183 4522 Patre
3214 4475 3266 4523 et
3295 4467 3448 4535 Filio,

1853 4560 2004 4632 prior
2031 4574 2221 4613 amans
2250 4558 2377 4613 facit
2397 4557 2452 4611 in
2473 4557 2631 4612 nobis
2663 4557 2807 4627 quod
2839 4563 3067 4611 ametur.

1929 4676 2088 4730 Vnus.
2112 4679 2200 4730 28.
2221 4703 2290 4713 --
2322 4675 2539 4728 Iterum
2583 4675 2839 4744 relinquo
2867 4673 3168 4726 mundum.
3207 4670 3445 4744 Reliquit

1845 4763 2113 4818 mundum
2145 4761 2411 4833 corporali
2442 4760 2750 4831 praesentia.
2778 4759 2937 4814 Vadit
2965 4760 3033 4814 ad
3063 4760 3301 4825 Patrem,
3324 4759 3451 4830 quia

1852 4852 2241 4906 humanitatem
2291 4851 2356 4903 ad
2407 4848 2696 4903 invisibilia
2741 4856 2983 4919 paternae
3029 4848 3332 4918 majestatis
3362 4849 3450 4903 in-

1854 4940 2024 4995 duxit.
2048 4939 2284 5010 Reliquit
2312 4939 2593 5001 mundum,
2626 4937 2753 5008 quia
2799 4938 2866 4990 ab
2897 4946 3118 5008 aspectu
3148 4945 3450 4992 amatorum

1853 5028 2039 5082 mundi
2086 5028 2228 5099 quod
2278 5027 2522 5081 viderant
2574 5025 2810 5079 abstulit.
2864 5025 3023 5081 Redit
3071 5026 3135 5080 sd
3180 5025 3445 5096 patriam,

1853 5117 1977 5188 quia
2008 5115 2339 5170 amatoribus
2368 5114 2480 5168 suis
2509 5130 2569 5170 se
2598 5113 2860 5185 aequalem
2904 5114 3239 5169 credendum
3269 5113 3453 5171 docuit

1854 5205 2023 5260 Patri.

1923 5320 2096 5374 Vnus.
2120 5321 2208 5375 29.
2226 5347 2294 5357 —
2313 5319 2522 5373 Dicunt
2541 5320 2592 5374 ei
2609 5316 2880 5390 discipuli
2900 5319 3038 5387 eius.
3060 5316 3194 5372 Cum
3215 5317 3454 5373 nondum

1853 5408 2092 5462 venisset
2142 5408 2275 5461 hora
2320 5423 2477 5478 quam
2533 5405 2828 5477 promisit:
2873 5409 3010 5462 Ecce
3056 5423 3214 5463 nunc
3258 5408 3453 5479 palam

1857 5497 2123 5569 loquitur.
2150 5495 2246 5548 Illa
2278 5511 2398 5566 qua:
2428 5494 2688 5549 Dominus
2725 5494 2825 5550 scit
2866 5511 2974 5550 non
3023 5494 3452 5566 intelligentibus

1856 5601 1978 5639 esse
2007 5583 2291 5655 proverbia
2329 5601 2342 5638 :
2376 5583 2453 5638 illi
2481 5599 2652 5656 usque
2681 5584 2817 5640 adeo
2855 5583 3011 5638 nobis
3041 5583 3364 5653 intelligunt,
3397 5588 3454 5636 ut

1856 5689 1959 5731 nec
2006 5673 2196 5729 saltem
2245 5688 2304 5728 se
2355 5687 2466 5727 non
2521 5671 2821 5745 intelligere
2876 5670 3195 5744 intelligant.
3240 5671 3321 5725 De
3349 5684 3451 5746 qua
