3948 6178
541 279 646 333 415

1117 277 1521 334 WALAFRIDI
1558 276 1801 334 STRABI
1838 277 2040 333 FULD.
2072 274 2244 364 MON.
2285 275 2439 331 OPP.
2479 275 2655 332 PARS
2692 276 2734 330 I.
2775 299 2845 317 -δ-
2881 274 3353 333 TIIEOLOGICA.

3729 284 3812 336 416

545 415 732 457 eorum
761 399 1071 456 inﬁmitate
1097 401 1397 457 admonens
1424 386 1706 473 respondit
1737 419 1750 457 :
1775 401 1926 458 Modo
1955 400 2134 458 credi—
2159 400 2218 463 Α
2239 399 2360 464 ritu,
2395 400 2486 472 qui
2507 407 2590 455 est
2619 400 2919 467 amborum,
2966 416 3091 456 esse
3140 416 3305 455 unum
3353 409 3405 456 et
3433 401 3612 457 solum
3641 419 3808 460 verum

549 489 641 556 tis,
672 497 756 544 etc
769 531 781 544 .

621 578 791 633 Vens.
815 581 903 633 30.
918 608 987 619 —-
1000 580 1160 636 .‘n'unc
1180 580 1392 635 scimus
1413 580 1544 652 quia
1564 579 1674 635 scis
1693 580 1904 635 omnia.
1937 580 2136 649 Aperte

544 667 854 735 ostendunt,
880 667 1007 740 quia
1035 667 1263 740 loquens
1292 668 1361 722 de
1390 668 1490 734 eis,
1525 669 1593 722 ad
1624 683 1719 723 eos
1747 667 1979 722 maxime
2007 683 2136 739 age-

545 755 638 809 bat
667 771 787 827 quae
816 755 937 811 illos
957 756 1302 812 delectabant
1333 757 1522 813 audire
1557 765 1645 811 :et
1677 773 1800 828 qua:
1819 756 1925 826 ipsi
1961 756 2137 810 inter-

545 859 744 918 rogare
766 844 1038 910 volebant,
1072 846 1189 901 haec
1209 846 1326 916 ipse
1352 846 1695 916 praeveniens
1725 845 1868 898 ultro
1896 843 2138 915 profere-

545 932 656 999 bat,
692 941 743 988 et
773 932 897 988 ideo
924 934 1095 1001 illum,
1128 934 1255 1006 quia
1302 934 1661 1006 cogitationes
1690 940 1936 1000 noverat,
1969 931 2137 989 conii-

542 1028 721 1076 tentur
766 1021 905 1076 scire
950 1023 1135 1077 omnia
1180 1023 1336 1094 quasi
1368 1024 1543 1077 Deum
1582 1030 1633 1077 et
1680 1022 1781 1077 Dei
1820 1021 2033 1075 Filium.
2069 1023 2137 1075 Et

541 1126 658 1165 non
687 1127 822 1183 opus
839 1115 922 1166 est
945 1112 1065 1177 tibi,
1090 1119 1193 1166 etc.
1218 1112 1351 1166 Cum
1368 1112 1509 1167 scias
1531 1111 1734 1177 omnia,
1766 1127 1875 1165 non
1898 1117 1978 1164 est
2000 1125 2139 1180 Opus

542 1205 600 1254 ut
627 1198 937 1270 interroges
968 1200 1199 1273 aliquem
1227 1215 1260 1254 a
1283 1216 1390 1271 quo
1421 1199 1625 1271 aliquid
1658 1199 1816 1254 scias.
1848 1198 1948 1253 Vel
1978 1197 2138 1253 etiam

542 1285 898 1359 interrogeris
939 1288 1009 1341 ab
1055 1288 1237 1360 aliquo
1283 1288 1580 1358 praescieus
1611 1287 1741 1359 quid
1769 1287 1859 1341 ille
1890 1286 2042 1342 velit.
2083 1285 2140 1341 Si

546 1383 729 1430 autem
772 1376 1063 1447 aliquando
1105 1376 1459 1447 interrogavit
1496 1375 1585 1432 vel
1628 1376 1988 1449 interrogatus
2034 1381 2135 1441 est,

544 1478 655 1519 non
683 1463 782 1532 eis,
818 1465 915 1519 sed
944 1464 1063 1519 aliis
1090 1481 1226 1536 Opus
1246 1464 1362 1520 fuit.

615 1570 782 1625 Vens.
816 1575 903 1625 31.
919 1602 987 1612 -
1004 1572 1149 1628 Modo
1168 1573 1416 1627 creditis.
1440 1572 1509 1627 Ut
1528 1570 1754 1642 parvuli,
1771 1570 1974 1642 quibus
1996 1586 2143 1641 qum-

540 1673 753 1733 cunque
781 1659 889 1715 alta
917 1660 1097 1716 adhuc
1127 1660 1419 1732 proverbia
1440 1668 1582 1729 sunt,
1606 1659 1844 1725 creditis,
1868 1658 1967 1714 sed
1987 1658 2139 1714 venit

2239 490 2430 544 Deum.
2466 488 2523 544 Si
2551 505 2685 561 ergo
2713 506 2777 544 eo
2804 490 2968 544 modo
3001 498 3052 544 te
3082 488 3346 545 clarificat
3384 490 3553 545 Filius
3581 492 3720 546 sicut
3736 492 3813 548 de-

2236 577 2362 632 disti
2391 578 2441 632 ei
2471 585 2791 649 potestatem
2837 578 3015 633 omnis
3063 587 3347 647 creaturae,
3400 587 3453 634 et
3502 580 3583 635 sic
3614 580 3811 647 dedisti,

2236 672 2304 723 ut
2321 684 2485 723 omne
2504 667 2646 739 quod
2667 669 2718 722 ei
2738 668 2941 722 dedisti
2961 669 3015 722 ei
3036 667 3131 723 det
3150 669 3231 723 eis
3248 669 3427 723 vitam
3447 671 3814 725 wternamdit

2238 755 2355 811 haec
2384 760 2471 811 est
2502 758 2618 811 vita
2655 759 2889 821 aeterna,
2934 759 3003 811 ut
3032 760 3377 828 cognoscant
3407 760 3478 814 te.
3512 756 3606 812 Sic
3633 765 3814 829 teergo

2239 844 2402 899 Filius
2431 842 2705 909 clariﬁcat,
2740 852 2796 898 ut
2823 844 3077 898 omnibus
3105 860 3243 915 quos
3274 845 3473 899 dedisti
3502 845 3554 899 ei
3574 854 3629 900 te
3658 848 3819 917 cogni-

2240 940 2350 986 tum
2382 930 2563 988 faciat.
2593 934 2655 989 Ut
2685 935 3021 1004 cognoscant
3038 936 3112 987 te.
3133 931 3293 1000 Quod
3321 933 3411 989 hic
3443 941 3527 988 est
3555 950 3624 988 ex
3657 934 3814 1003 Patre,

2235 1020 2291 1074 in
2323 1019 2498 1075 futuro
2528 1020 2631 1074 erit
2650 1020 2830 1090 plene.
2865 1019 2968 1088 Qui
3001 1036 3136 1092 ergo
3163 1018 3374 1091 proficit
3402 1021 3457 1075 in
3487 1021 3808 1093 cognitione,

2238 1109 2417 1181 magis
2444 1109 2629 1164 vivere
2659 1109 2848 1163 tendit.
2869 1107 3100 1176 Quando
3117 1117 3298 1166 autem
3314 1109 3417 1164 erit
3444 1110 3612 1180 plena
3644 1111 3818 1182 cogni-

2239 1197 2333 1264 tio,
2367 1196 2468 1251 erit
2496 1196 2613 1252 sine
2642 1195 2747 1251 fine
2777 1196 3032 1251 laudatio.
3069 1197 3139 1250 Et
3166 1198 3284 1252 hac
3312 1205 3395 1252 est
3436 1197 3532 1253 illa
3559 1196 3817 1255 clariﬁca-

2240 1285 2335 1355 tio,
2373 1285 2471 1341 sed
2500 1285 2652 1355 prius
2680 1285 2771 1341 hic
2798 1283 3131 1342 clariﬁcatur
3175 1286 3306 1339 dum
3343 1285 3635 1342 innotescit
3664 1284 3818 1342 ﬁdeli-

2240 1375 2372 1441 bus;
2395 1374 2540 1429 unde
2564 1391 2577 1427 :
2609 1376 2716 1447 Ego
2747 1378 2800 1429 te
2830 1374 3143 1442 clariﬁcavi
3173 1391 3344 1447 super
3372 1380 3610 1431 terram.

2316 1490 2485 1545 Vnus.
2521 1493 2572 1545 4.
2606 1521 2677 1529 -
2707 1489 2852 1562 Opus
2887 1492 3293 1546 consummavi.
3349 1491 3408 1545 Id
3438 1499 3542 1558 est,
3577 1491 3626 1545 si
3655 1500 3821 1562 aperte

2242 1577 2481 1633 futurum
2510 1578 2735 1645 diceret,
2788 1576 3120 1645 clariﬁcabo,
3170 1579 3425 1651 gentibus
3458 1580 3822 1650 praedicando.

2245 1667 2397 1737 Opus
2439 1666 2861 1731 consummabo,
2906 1665 3037 1737 quia
3074 1667 3191 1734 jam
3228 1666 3431 1723 factum
3477 1668 3822 1738 praedestina-

542 1748 674 1804 hora
703 1748 995 1820 passionis,
1036 1758 1089 1804 et
1110 1750 1226 1818 jam
1263 1765 1433 1820 prope
1464 1757 1565 1813 est,
1601 1749 1656 1802 in
1682 1763 1793 1819 qua
1823 1748 1892 1801 ita
1925 1755 2139 1818 pertur-
2162 1764 2215 1823 Β
2245 1755 2421 1822 tione;
2452 1762 2505 1810 et
2524 1770 2624 1826 pro
2646 1755 2761 1824 jam
2790 1754 2933 1809 facto
2976 1761 3057 1809 est
3095 1755 3429 1824 habendum,
3462 1756 3614 1826 quod
3641 1757 3824 1812 certis-

544 1835 765 1903 bemini,
787 1845 845 1891 ut
873 1838 1016 1908 quod
1035 1837 1197 1892 modo
1219 1838 1460 1903 creditis,
1484 1836 1823 1909 relinquatis,
1849 1850 1956 1891 non
1980 1835 2143 1889 modo

544 1938 793 1995 corpore,
825 1926 923 1979 sed
956 1926 1117 1980 etiam
1160 1926 1355 1981 mentis
1385 1924 1522 1992 fide;
1555 1925 1738 1979 unde:
1772 1925 2144 1996 Sperabamus

550 2013 692 2085 quod
717 2014 1112 2087 redempturus
1141 2019 1287 2070 esset
1316 2015 1510 2070 Israel.

617 2111 789 2166 Vens.
830 2115 918 2168 32.
951 2142 1020 2152 —
1041 2114 1109 2167 Et
1138 2129 1254 2168 non
1283 2129 1428 2182 sum,
1461 2119 1566 2167 etc.
1599 2111 1744 2167 Ecce
1774 2108 2141 2181 profecerunt,

549 2200 647 2255 sed
677 2200 747 2255 ad
774 2201 948 2272 majus
974 2201 1085 2257 vult
1112 2217 1208 2256 eos
1254 2201 1488 2269 extendi,
1544 2209 1603 2255 ut
1640 2215 1764 2256 cum
1796 2198 2030 2253 dixerint
2061 2216 2075 2251 :
2101 2198 2142 2253 Α

549 2290 658 2345 Deo
687 2290 882 2355 existi,
916 2289 1059 2344 dicat
1090 2307 1103 2343 :
1135 2292 1309 2346 Pater
1334 2306 1558 2345 mecum
1593 2292 1695 2354 est,
1718 2302 1822 2344 nec
1853 2287 1932 2343 sic
1954 2293 2146 2357 putent

546 2394 578 2432 a
607 2375 723 2433 Deo
750 2377 949 2445 exisse,
971 2385 1028 2432 ut
1055 2386 1241 2449 putent
1269 2378 1427 2433 etiam
1458 2375 1779 2433 recessisse.
1813 2376 1956 2444 Quia
1976 2378 2147 2431 Pater

548 2482 771 2523 mecum
800 2469 903 2522 est.
940 2465 1159 2521 Dixerat
1199 2469 1470 2539 Retinquo
1516 2466 1795 2522 mundum
1823 2468 1879 2521 et
1908 2464 2044 2519 vado
2075 2464 2147 2519 ad

549 2557 798 2624 Patrem,
832 2571 977 2611 nunc
1003 2556 1133 2611 dicit
1165 2573 1178 2609 :
1213 2559 1384 2611 Pater
1402 2571 1625 2611 mecum
1649 2558 1753 2621 est,
1773 2553 1916 2625 quod
1949 2551 2146 2607 intelli-

548 2644 697 2717 genti
734 2652 818 2699 est
846 2644 1087 2711 verbum,
1122 2659 1233 2699 non
1262 2643 1583 2715 iutelligenti
1632 2641 2007 2713 proverbium.
2048 2640 2147 2697 Cui

548 2732 595 2789 si
623 2748 733 2788 non
762 2740 845 2789 est
875 2732 1048 2803 cibus,
1073 2740 1249 2787 tamen
1279 2732 1435 2788 lactis
1465 2740 1549 2787 est
1574 2730 1904 2786 alimentum.
1926 2731 2008 2785 Ex
2039 2744 2145 2801 quo

552 2829 652 2887 est,
684 2821 831 2893 quod
861 2821 1103 2877 sciebant
1132 2837 1256 2877 eum
1286 2836 1448 2876 nosse
1479 2820 1680 2876 omnia.

1131 2996 1358 3052 CAPUT
1395 2995 1568 3051 XVII.

623 3149 794 3203 Vnns.
830 3151 878 3201 1.
904 3149 1116 3204 -Ηιεο
1158 3148 1377 3204 locutus
1408 3151 1510 3202 est.
1555 3145 1679 3199 Non
1719 3143 1891 3199 solum
1929 3159 2049 3215 qua:
2089 3118 2213 3197 inC

553 3251 728 3303 cmna,
761 3235 858 3291 sed
889 3235 1052 3291 etiam
1081 3252 1202 3307 qum
1232 3236 1301 3290 ab
1330 3235 1500 3289 initio.
1539 3234 1645 3289 Sed
1678 3233 1909 3287 maxime
1942 3248 2062 3304 quae
2089 3231 2145 3285 in

552 3339 711 3380 ccena
737 3325 837 3380 hac
869 3324 937 3379 de
968 3339 1132 3379 causa
1159 3323 1289 3379 dicit
1316 3323 1481 3386 dicta,
1519 3330 1575 3376 ut
1618 3321 1674 3375 in
1702 3320 1796 3376 illo
1824 3336 2017 3391 pacem
2046 3320 2143 3374 ha-

552 3412 756 3468 berent.
792 3413 919 3469 Haec
944 3428 1051 3484 pax
1074 3421 1157 3468 est
1184 3428 1284 3483 pro
1315 3428 1419 3483 qua
1457 3409 1749 3465 Christiani
1798 3424 2002 3474 sumus,
2047 3423 2145 3479 pro

551 3517 661 3573 qua
687 3501 1041 3557 sacramentis
1070 3500 1376 3566 imbuimur,
1400 3515 1497 3571 pro
1528 3513 1637 3571 qua
1667 3496 1995 3552 omnimodis
2025 3512 2146 3551 eru-

549 3590 742 3657 dimur,
773 3605 875 3661 pro
904 3606 1011 3663 qua
1040 3590 1296 3661 Spiritum
1342 3589 1395 3642 in
1428 3589 1628 3661 pignus
1679 3586 2013 3657 accepimus,
2046 3600 2145 3656 pro

552 3695 656 3751 qua
701 3679 759 3733 in
805 3694 924 3735 eum
973 3679 1242 3734 credimus
1288 3686 1341 3733 et
1383 3693 1672 3749 speramus
1721 3682 1774 3730 et
1799 3690 1982 3729 amore
2029 3674 2146 3743 ejus

549 3766 911 3824 accendimur.
945 3768 1074 3822 Haec
1101 3775 1183 3822 est
1231 3765 1497 3837 pressuris
1536 3762 1831 3821 consolatio
1862 3770 1913 3818 et
1942 3762 2146 3817 libera-

549 3856 649 3911 tio.
688 3858 875 3921 Pater,
900 3856 1057 3911 venit
1084 3855 1239 3911 hora.
1271 3855 1449 3909 Potuit
1475 3854 1670 3907 horare
1698 3850 1931 3915 silentio,
1966 3850 2063 3904 sed
2090 3850 2145 3903 in

549 3943 755 4000 orando
803 3950 883 3998 est
925 3943 1084 3999 etiam
1132 3942 1338 4017 doctor,
1392 3949 1443 3996 et
1482 3948 1664 3996 notam
1694 3938 1819 3993 facit
1849 3938 2146 3993 orationem

551 4047 674 4102 quae
700 4039 755 4085 et
794 4030 1140 4100 prmsentium
1190 4038 1241 4084 et
1289 4028 1588 4083 futurorum
1628 4026 1940 4081 aedificatio.
1993 4027 2149 4082 Venit

552 4118 707 4175 hora.
749 4119 873 4173 Non
920 4127 1146 4189 urgente
1188 4116 1315 4183 fato,
1362 4117 1460 4171 sed
1507 4116 1827 4187 disponente
1872 4116 2006 4179 Deo,
2056 4113 2148 4185 qui

551 4205 670 4261 sine
700 4213 943 4277 tempore
988 4205 1255 4260 ordinavit
1301 4205 1480 4259 omnia
1529 4220 1651 4276 quae
1696 4202 1825 4277 fiant
1862 4218 1962 4274 per
2004 4210 2145 4257 tem-

551 4309 689 4366 pora
717 4293 907 4349 ordine
934 4308 1194 4364 congruo.
1225 4293 1485 4361 Ctariﬁca
1515 4294 1748 4349 Filium.
1780 4291 2060 4346 Humilitas
2092 4289 2148 4343 in

548 4382 828 4453 passione,
861 4381 1079 4438 claritas
1109 4382 1163 4436 in
1193 4380 1583 4437 resurrectione
1614 4379 1795 4451 cmpit.
1830 4379 1990 4435 Venit
2019 4380 2148 4434 hora

2245 1843 2382 1898 sime
2416 1851 2499 1899 est
2539 1842 2795 1897 futurum.
2839 1844 2992 1899 Hanc
3031 1843 3574 1914 praedestinationem
3630 1844 3688 1898 in
3742 1862 3825 1901 sua

2246 1930 2636 1988 clarificatione
2666 1930 3006 1995 manifestius
3037 1931 3231 2001 aperit,
3265 1931 3454 1987 dicens
3486 1949 3500 1985 :
3539 1933 3720 2000 Quam
3746 1933 3829 1989 ha-

2245 2021 2339 2076 bui
2358 2020 2508 2093 apud
2529 2024 2584 2075 te
2608 2021 2943 2092 priusquam
2991 2019 3237 2075 mundus
3273 2024 3449 2087 esset;
3478 2020 3536 2074 id
3565 2028 3671 2089 est,
3704 2021 3830 2077 sicut

2244 2116 2373 2164 tunc
2402 2108 2457 2162 in
2484 2107 2963 2179 praedestinatione
2993 2107 3159 2162 habui
3173 2108 3318 2178 apud
3346 2116 3399 2163 te
3425 2115 3553 2163 ante
3574 2116 3830 2179 tempora,

2244 2196 2319 2252 ita
2348 2196 2574 2253 nuncin
2620 2212 2677 2251 re
2720 2195 2808 2252 fac
2854 2196 2910 2250 in
2965 2196 3169 2251 mundo
3216 2195 3272 2250 in
3326 2204 3596 2268 tempore.
3631 2199 3832 2254 Dedisti

2244 2285 2409 2352 mihi,
2443 2292 2547 2341 etc.
2580 2285 2641 2339 In
2670 2300 2779 2356 quo
2822 2291 3040 2339 notatur
3079 2284 3274 2359 gratia.
3315 2284 3465 2339 Nihil
3492 2284 3644 2341 enim
3682 2286 3832 2340 habet

2245 2374 2301 2429 in
2328 2374 2548 2429 homine
2580 2373 2727 2444 quod
2756 2389 2866 2428 non
2893 2373 3124 2444 accepit.

2318 2463 2487 2518 Vens.
2520 2463 2572 2516 5.
2603 2492 2673 2500 —
2703 2462 3047 2518 Hominibus.
3085 2461 3318 2516 Possunt
3363 2462 3481 2517 haec
3509 2462 3700 2518 omnia
3734 2462 3833 2518 dici

2246 2551 2315 2606 de
2336 2550 2588 2606 omnibus
2617 2548 2868 2604 ﬁdelibus
2899 2548 3112 2604 futuris.
3162 2550 3232 2604 Et
3260 2556 3344 2605 est
3371 2550 3491 2606 haec
3519 2549 3839 2608 clariﬁcatio

2247 2655 2356 2711 qua
2402 2637 2728 2694 clarificatus
2772 2637 2939 2692 Filius
2986 2635 3249 2693 clariﬁcat
3283 2638 3500 2694 Patrem
3539 2655 3713 2710 super
3739 2648 3843 2695 ter-

2245 2744 2384 2796 ram,
2419 2726 2719 2782 secundum
2749 2726 2894 2797 quod
2925 2735 3007 2781 est
3033 2726 3369 2798 praeteritum
3397 2743 3500 2798 pro
3528 2726 3740 2783 futuro.

2319 2817 2489 2871 Vnns.
2517 2817 2568 2868 6.
2587 2846 2655 2854 —
2678 2816 2778 2870 Tui
2808 2819 2994 2870 erant.
3021 2814 3403 2887 (Auc.)Patris
3430 2823 3591 2870 erant
3620 2815 3680 2870 hi
3709 2816 3848 2873 sicut

2246 2904 2449 2969 omnia,
2482 2910 2610 2968 etc.,
2630 2918 2806 2975 usque
2820 2903 2892 2958 ad
2922 2902 3050 2975 quia
3078 2903 3321 2958 nondum
3350 2911 3466 2958 erat
3486 2904 3675 2960 homo.

2319 3010 2489 3064 Vnns.
2530 3011 2583 3064 7.
2621 3039 2691 3049 —
2731 3010 3137 3081 Cognoverunt.
3182 3009 3266 3064 Ne
3293 3017 3580 3080 putaretur
3606 3010 3853 3083 cognitio

2240 3099 2355 3169 jam
2385 3097 2524 3154 facta
2552 3114 2652 3168 per
2672 3092 2941 3168 ’speciem,
2960 3097 3111 3153 addit
3135 3116 3148 3152 :
3169 3097 3532 3154 Crediderunt
3550 3115 3722 3167 vere;
3746 3116 3859 3155 non

2246 3203 2312 3243 eo
2341 3186 2505 3241 modo
2536 3201 2643 3257 quo
2673 3201 2799 3242 cum
2832 3185 2965 3240 dixit
2998 3204 3011 3240 :
3046 3185 3207 3241 Modo
3255 3186 3498 3253 creditis,
3530 3188 3687 3243 venit
3718 3188 3859 3243 hora

2246 3283 2304 3330 ut
2331 3274 2746 3347 dispergamini.
2779 3274 2888 3329 Sed
2918 3289 3020 3330 nec
3040 3274 3218 3330 adhuc
3237 3275 3376 3330 tales
3395 3284 3576 3343 erant,
3595 3277 3706 3332 sed
3722 3293 3866 3348 pra:-

2246 3362 2457 3418 nuntiat
2487 3362 2679 3434 quales
2710 3362 2816 3417 sint
2846 3361 3012 3417 futuri
3056 3370 3284 3434 accepto
3330 3362 3555 3434 Spiritu,
3587 3364 3720 3420 sine
3752 3381 3865 3436 quo

2247 3458 2348 3508 nec
2375 3458 2730 3507 servaverunt
2760 3466 3069 3507 sermonem
3098 3467 3262 3538 quem
3292 3451 3523 3508 dixerat.

2318 3567 2492 3623 Vnns.
2524 3570 2576 3621 9.
2606 3596 2675 3606 —
2718 3567 2826 3638 Ego
2850 3583 2954 3638 pro
2983 3567 3063 3622 eis
3093 3584 3240 3638 rogo.
3273 3566 3459 3622 Prima
3486 3568 3677 3624 oratio
3711 3567 3820 3623 fuit
3851 3586 3864 3621 2

2252 3655 2517 3723 Cleri/ica
2547 3656 2774 3719 Filium,
2826 3659 2893 3711 ut
2939 3654 3117 3710 Filius
3164 3656 3445 3724 ctariﬁcet
3474 3659 3549 3721 te,
3583 3663 3649 3711 et.
3679 3656 3762 3712 de
3786 3655 3875 3711 bis

2248 3751 2539 3799 exsecutus
2588 3750 2672 3798 est
2714 3750 2768 3797 et
2812 3741 3080 3798 conclusit
3116 3742 3172 3796 in
3200 3741 3309 3798 fide
3335 3743 3720 3799 credentium.
3751 3746 3877 3800 Jam

2247 3847 2349 3903 pro
2380 3830 2460 3886 eis
2490 3839 2648 3904 rogat
2673 3838 2731 3885 ut
2758 3831 2921 3886 Pater
2948 3838 3127 3887 servet
3164 3846 3261 3887 eos
3299 3847 3438 3905 quos
3466 3832 3589 3904 ipse
3626 3848 3877 3906 corpore

2248 3919 2486 3991 reliquit.

2321 4035 2489 4089 Vens.
2526 4037 2610 4089 10.
2645 4064 2715 4073 -
2744 4035 2813 4089 Et
2843 4051 2971 4090 mea
2990 4036 3201 4091 omnia.
3231 4035 3357 4091 Non
3385 4034 3530 4090 enim
3561 4036 3715 4108 quia
3745 4035 3887 4093 Filio

2248 4121 2398 4177 dedit
2422 4122 2585 4176 Pater
2631 4121 2829 4191 amisit,
2883 4138 3007 4177 cum
3046 4122 3213 4177 Filius
3259 4122 3439 4179 adhuc
3487 4123 3683 4179 addat
3718 4142 3733 4178 :
3771 4126 3888 4179 Mea

2249 4212 2440 4267 omnia
2472 4214 2573 4266 tua
2600 4214 2656 4265 et
2688 4214 2788 4266 tua
2815 4227 2943 4266 mea
2961 4215 3117 4266 sunt.
3140 4210 3418 4283 Unigeniti
3434 4209 3560 4266 Filii
3598 4222 3753 4268 sunt
3781 4227 3893 4269 our

2250 4299 2340 4353 nia
2371 4315 2493 4370 quae
2517 4298 2710 4368 Patris,
2744 4314 2841 4370 per
2869 4299 2974 4355 hoc
3013 4299 3159 4370 quod
3203 4299 3370 4354 etiam
3414 4300 3572 4355 Deus
3609 4310 3715 4357 est
3746 4302 3890 4373 ipse,

2251 4387 2415 4444 etiam
2443 4387 2511 4442 de
2542 4388 2703 4442 Patre
2731 4394 2910 4457 natus,
2944 4387 3088 4442 Patri
3118 4395 3202 4442 est
3226 4388 3477 4461 aequalis.

549 4470 839 4542 passionis,
890 4469 1223 4525 seminandae
1269 4469 1600 4534 humilitatis,
1633 4484 1743 4524 non
1771 4466 1987 4523 differas
2024 4467 2224 4539 glo-D
2325 4488 2495 4544 νεεδ,
2532 4491 2616 4542 υ,
2650 4518 2719 4528 _
2745 4489 2914 4544 Serva
2963 4505 3073 4545 eos.
3120 4489 3186 4544 Ut
3233 4487 3341 4543 sint
3368 4504 3540 4544 unum
3577 4490 3655 4545 in
3688 4500 3906 4547 nam“

551 4559 685 4612 riam
722 4558 1149 4626 resurrectionis,
1182 4563 1248 4615 ut
1287 4559 1464 4614 Filius
1506 4562 1635 4613 tuus
1676 4558 1956 4626 clariﬁcet
1988 4561 2058 4612 te.
2084 4557 2151 4611 Et

553 4646 634 4703 sic
673 4646 890 4703 claritas
938 4646 1108 4702 Patris
1157 4662 1258 4703 nec
1295 4646 1485 4718 augeri
1533 4660 1637 4701 nec
1679 4644 1849 4699 minui
1889 4652 2067 4715 potest
2096 4643 2149 4698 in

553 4750 638 4790 se.
670 4736 827 4806 Apud
857 4735 1103 4791 homines
1152 4736 1331 4791 minor
1377 4742 1493 4789 erat
1542 4735 1669 4788 dum
1716 4733 1772 4787 in
1816 4732 2006 4788 Iudaea
2038 4733 2151 4788 sola

552 4831 732 4891 notus,
762 4824 859 4879 sed
888 4840 984 4895 per
1014 4823 1465 4880 resurrectionem
1516 4822 1633 4877 Filii
1671 4821 1871 4893 ubique
1902 4821 2148 4877 innotuit.

557 4914 626 4970 Ut
643 4914 823 4969 Filius
857 4917 989 4969 tuus
1020 4912 1302 4981 elariﬁcet
1331 4915 1404 4966 te.
1425 4912 1485 4965 In
1505 4909 1817 4981 cognitione
1849 4910 2149 4979 hominum,

555 4999 695 5056 sicut
712 5000 928 5066 dedisti,
945 5015 1117 5071 usque
1138 5003 1203 5055 ut
1223 5003 1557 5071 cognoscant
1580 5002 1652 5064 te,
1670 5002 1726 5054 et
1744 5015 1908 5071 quem
1920 5000 2151 5055 misisti.

553 5089 677 5145 Non
706 5089 850 5143 enim
888 5095 1065 5159 potest
1092 5088 1399 5159 cognitione
1429 5088 1703 5143 hominem
1734 5086 2017 5143 clariﬁcari
2047 5088 2155 5142 Pa-

557 5185 656 5243 ter,
689 5177 793 5231 nisi
823 5177 913 5231 ille
963 5183 1325 5248 cognoscatur
1372 5191 1469 5247 per
1520 5191 1681 5247 quem
1727 5175 2063 5240 clariticatur,
2100 5175 2155 5230 id

559 5274 642 5321 est
671 5265 902 5337 populus
943 5264 1260 5329 innotescat,
1309 5271 1362 5318 et
1408 5264 1523 5319 haec
1561 5272 1644 5319 est
1690 5263 2006 5319 clarificatio
2047 5266 2155 5319 Pa-

559 5353 677 5418 tris,
713 5369 833 5425 qua:
855 5367 961 5407 non
994 5352 1143 5407 circa
1189 5352 1336 5408 solos
1376 5352 1650 5424 apostolos
1697 5354 1794 5408 sed
1826 5353 1984 5407 etiam
2016 5353 2155 5409 circa

560 5456 751 5497 omnes
772 5441 1056 5496 credentes
1088 5440 1175 5495 sit.

636 5564 805 5620 Vans.
840 5568 891 5618 3.
924 5595 993 5604 —
1022 5568 1144 5623 Haec
1162 5570 1248 5622 est
1267 5571 1479 5632 autem,
1519 5574 1623 5622 etc.
1660 5565 1831 5635 Ordo,
1868 5568 1929 5624 Ut
1952 5583 2158 5640 cogno-

563 5657 729 5709 scant
752 5657 825 5719 te,
849 5659 908 5709 et
924 5671 1087 5727 quem
1120 5657 1352 5723 misisti,
1393 5656 1446 5711 id
1476 5663 1559 5710 est
1590 5655 1859 5711 Christum
1889 5671 2013 5711 cum
2040 5654 2161 5727 Spi-

2254 4594 2370 4646 sua,
2406 4576 2544 4631 sicut
2572 4583 2623 4630 et
2640 4592 2740 4630 nos
2762 4576 2816 4629 in
2846 4584 3033 4631 nostra
3054 4592 3242 4631 sumus
3272 4592 3472 4641 unum;
3504 4585 3568 4632 et
3604 4577 3759 4636 ideo
3790 4595 3908 4634 non

2253 4665 2346 4730 ait,
2380 4672 2437 4719 ut
2468 4664 2574 4718 sint
2601 4680 2768 4719 unum
2797 4664 3105 4732 nobiscum,
3137 4673 3227 4721 aut
3256 4672 3313 4719 ut
3346 4665 3520 4720 simus
3556 4682 3770 4723 unum
3802 4668 3913 4740 ipsi

2255 4762 2307 4808 et
2336 4768 2436 4807 nos
2468 4752 2607 4808 sicut
2627 4768 2728 4808 nos
2756 4769 2925 4808 unum
2946 4769 3154 4820 sumus,
3172 4752 3296 4825 quia
3313 4768 3426 4808 non
3453 4763 3600 4808 sunt
3636 4757 3918 4825 ejusdem

2255 4850 2462 4897 natura:
2492 4857 2615 4897 cum
2647 4842 2782 4908 Deo,
2817 4841 2956 4897 sicut
2974 4841 3160 4909 Filius,
3181 4842 3485 4898 secundum
3505 4846 3701 4914 quod
3735 4847 3921 4913 Deus,

2256 4947 2422 4986 unum
2452 4938 2534 4985 est
2562 4945 2687 4985 cum
2719 4931 2875 4985 Patre
2887 4969 2901 4985 .

2329 5037 2503 5090 Vnns.
2527 5038 2611 5090 12.
2633 5066 2701 5076 -
2722 5037 2861 5092 Cum
2881 5051 3079 5091 essem.
3103 5035 3227 5089 Non
3242 5034 3511 5089 debemus
3532 5036 3928 5116 intelligere.

2259 5124 2404 5196 quod
2432 5124 2589 5178 Pater
2620 5131 2673 5177 et
2698 5122 2865 5178 Filius
2914 5123 3223 5178 alternatim
3268 5130 3489 5178 servent
3544 5130 3758 5196 quasi
3790 5132 3935 5186 alter

2258 5220 2382 5284 post
2409 5211 2659 5266 alterum.
2696 5212 2867 5267 Simul
2898 5211 3041 5266 enim
3090 5219 3305 5267 servant
3331 5212 3493 5266 Pater
3534 5224 3611 5270 et
3650 5218 3857 5275 Filius
3887 5230 3939 5275 α

2261 5300 2490 5372 Spiritus
2521 5307 2742 5355 sanctus
2772 5299 2863 5371 qui
2892 5308 2974 5356 est
3008 5316 3147 5354 unus
3194 5301 3377 5355 Deus.
3416 5300 3541 5355 Sed
3602 5305 3940 5380 Scriptura

2259 5406 2360 5445 nos
2392 5404 2501 5443 non
2542 5388 2705 5458 levat,
2751 5389 2855 5443 nisi
2902 5389 2970 5443 ad
3011 5404 3114 5444 nos
3142 5388 3461 5444 descendat.
3512 5389 3707 5451 Cum
3744 5400 3829 5455 ita
3858 5400 3940 5455 lo—

2260 5477 2456 5550 quitur,
2489 5476 2859 5549 intelligamus
2888 5476 3228 5550 distinguere
3256 5490 3568 5548 personas,
3610 5500 3754 5541 non
3778 5504 3940 5560 sepa.

2261 5581 2388 5623 rare
2416 5574 2683 5621 naturam.
2709 5564 2981 5621 Gaudium
3012 5565 3159 5637 quod
3180 5579 3349 5636 supra
3368 5572 3730 5643 expressit,
3756 5588 3829 5634 ut
3847 5580 3940 5634 sint

2259 5671 2431 5711 unum
2463 5654 2601 5711 sicut
2629 5663 2684 5710 et
2711 5670 2832 5722 nos,
2875 5654 2992 5711 haec
3030 5661 3116 5711 est
3156 5670 3258 5726 pax
3289 5652 3385 5709 illa
3413 5661 3465 5708 et
3506 5654 3871 5725 beatitudo
3902 5670 3940 5723 in

3930 89 3940 165 l
