3964 6180
130 348 216 402 11⁵1
950 336 1222 393 GLOSSA
1260 335 1671 391 ORDINARIA.
1712 365 1781 374 —
1819 334 2086 389 EVANG.
2127 334 2332 390 JOAN.

3299 341 3403 395 H8

134 468 297 521 futuro
326 460 557 525 saeculo,
579 468 804 531 propter
841 475 1004 531 quam
1053 459 1235 515 omnia
1290 457 1441 527 fiunt,
1492 466 1717 530 propter
1727 461 1783 522 Α
1884 460 2052 513 Vens.
2097 463 2187 515 26.
2222 488 2291 497 -
2317 461 2382 515 Ut
2405 458 2650 514 dilectio.
2676 458 2906 515 Dilectio
2924 476 3031 531 qua
3062 461 3222 516 Pater
3240 461 3417 533 diligit

136 570 276 627 quam
305 569 363 608 se
396 567 515 607 esse
537 550 777 606 locutum
806 549 937 605 dicit
965 550 1020 603 in
1051 549 1275 603 mundo.

187 670 343 725 Vsus.
371 668 458 722 17.
489 696 558 705 -
586 665 913 734 Sancti/ica.
950 664 1097 720 Sicut
1127 681 1194 719 ex
1225 663 1405 735 gratia
1436 671 1523 717 tua
1543 663 1708 717 incae-

128 765 199 831 pta
224 764 299 812 est
350 752 700 811 sanctiﬁcatio
756 769 857 824 per
905 769 1066 825 quam
1124 752 1239 822 jam
1297 767 1407 807 non
1465 759 1586 805 sunt
1638 751 1706 805 de

132 845 326 909 mundo,
361 843 555 899 eadem
583 842 754 915 gratia
784 842 868 897 fac
899 842 1223 907 sanctiores,
1253 848 1311 895 ut
1357 846 1709 910 perseverent

127 936 179 991 in
195 933 423 998 veritate,
459 930 612 1000 cujus
666 930 859 984 umbra
900 929 1115 985 fuerunt
1143 937 1359 985 veteres
1405 927 1709 984 sanctifica-

134 1024 287 1078 tiones
311 1039 326 1086 ;
358 1014 535 1086 idest,
560 1019 616 1073 in
645 1036 736 1075 me
765 1018 857 1091 qui
876 1036 997 1073 sum
1014 1018 1231 1087 veritas,
1258 1019 1403 1090 quod
1424 1016 1707 1072 subdcndo

135 1110 321 1182 aperit:
352 1109 543 1165 Sermo
585 1112 719 1164 tuus
769 1109 977 1164 veritas
1009 1112 1113 1177 est,
1147 1107 1293 1179 quod
1323 1116 1424 1173 est,
1450 1122 1554 1178 ego
1586 1122 1705 1160 sum

135 1199 326 1255 veritas.
358 1196 547 1253 Graece
581 1196 736 1278 λόγος
773 1196 959 1252 Latine
1011 1196 1239 1253 verbum
1269 1196 1356 1251 vel
1383 1211 1582 1263 sermo,
1615 1193 1707 1265 qui

136 1305 204 1351 est
228 1295 532 1369 unigenitus
566 1296 761 1351 Patris.

194 1394 349 1447 Vsus.
376 1396 461 1448 19.
485 1423 555 1433 -
574 1394 643 1447 Et
661 1410 760 1464 pro
771 1393 851 1449 eis
871 1408 965 1464 ego
997 1392 1312 1461 sanctiﬁco.
1339 1392 1397 1446 Id
1414 1400 1515 1456 est,
1541 1399 1599 1445 ut
1608 1406 1706 1462 pro

135 1481 200 1537 eis
223 1481 398 1552 prosit,
421 1496 529 1554 ego
558 1498 648 1536 me
667 1480 941 1536 hominem
970 1479 1324 1537 sanctiﬁcabo
1346 1480 1400 1535 in
1417 1496 1504 1535 me
1523 1481 1706 1535 Verbo

138 1570 260 1641 quod
285 1578 364 1625 est
391 1570 461 1623 ab
482 1569 637 1625 initio
667 1569 1060 1626 Incarnationis
1080 1586 1194 1625 suae
1223 1569 1443 1641 quando
1472 1568 1706 1624 Verbum

138 1658 306 1714 factum
325 1666 406 1714 est
433 1673 583 1714 caro.
617 1659 694 1713 Ita
720 1666 901 1713 autem
916 1658 1023 1713 illis
1038 1657 1279 1729 prodest,
1310 1656 1438 1729 quia
1462 1664 1514 1712 et
1533 1656 1703 1728 ipsos,

145 1747 219 1819 qui
246 1755 361 1802 sunt
397 1762 504 1819 ego
536 1746 665 1819 quia
693 1755 852 1818 caput
881 1755 935 1803 et
962 1762 1164 1817 corpus
1211 1754 1336 1801 sunt
1355 1762 1496 1801 unus
1513 1745 1704 1801 Chris-

138 1844 221 1903 tus,
249 1833 522 1892 sanctiﬁco
549 1836 606 1890 in
635 1836 864 1906 meipso,
888 1836 1032 1891 unde
1063 1835 1240 1890 addit:
1274 1839 1339 1892 ut
1367 1836 1486 1916 sint
1504 1839 1561 1891 et
1582 1836 1695 1907 ipsi
1723 1832 1777 1894 B

139 1920 257 1980 sicut
289 1940 409 1997 ego,
441 1924 796 1994 sanctiﬁcati
824 1926 887 1981 iu
914 1925 1155 1981 veritate
1183 1931 1234 1979 et
1265 1924 1320 1978 in
1349 1939 1456 1979 me.

196 2038 349 2093 Vsus.
380 2042 472 2096 20.
497 2069 568 2080 —
599 2040 719 2097 Non
744 2055 848 2112 pro
868 2042 968 2097 eis.
1001 2040 1118 2094 Jam
1145 2054 1257 2095 non
1285 2038 1354 2094 de
1385 2038 1519 2094 solis
1545 2054 1702 2109 apos-

139 2125 266 2194 tolis,
292 2127 374 2182 vel
411 2127 482 2183 de
525 2128 738 2184 caeteris
789 2127 1048 2183 membris
1080 2128 1268 2199 incipit
1299 2144 1313 2181 :
1359 2128 1483 2183 Non
1526 2136 1707 2182 autem

142 2224 241 2270 orat
265 2231 357 2286 pro
385 2215 471 2271 his
505 2216 600 2287 qui
623 2216 737 2286 jam
764 2224 888 2271 sunt
916 2216 973 2271 in
1000 2214 1107 2271 ﬁde
1155 2216 1273 2285 ejus
1311 2214 1567 2285 defuncti,
1608 2217 1707 2271 sed

136 2318 217 2373 pro
240 2303 317 2358 his
343 2304 433 2376 qui
476 2313 606 2359 sunt
635 2304 690 2359 in
712 2305 1117 2360 tentationibus.
1153 2306 1257 2362 Sed
1277 2309 1335 2361 et
1350 2322 1453 2377 pro
1482 2306 1565 2361 eis
1585 2305 1701 2377 qui.

139 2391 295 2463 Usque
325 2393 376 2446 in
408 2391 581 2448 ﬁnem
623 2393 831 2461 mundi,
872 2394 958 2449 vel
982 2394 1097 2463 jam
1126 2393 1357 2449 credunt
1397 2392 1705 2463 ubicunque

139 2487 257 2545 sunt,
275 2497 377 2537 non
417 2488 604 2537 tamen
633 2490 741 2536 tam
770 2481 1027 2553 perfecte,
1062 2490 1122 2537 ut
1147 2489 1271 2553 post
1290 2481 1548 2537 credituri
1579 2488 1705 2535 sunt

138 2577 236 2637 post
292 2570 772 2626 resurrectionem.
839 2573 949 2627 Per
1001 2571 1248 2627 verbum.
1319 2571 1423 2625 Per
1478 2570 1703 2625 verbum

136 2654 400 2728 Evangelii,
431 2658 587 2729 quod
614 2666 697 2714 est
712 2674 919 2726 eorum,
952 2674 1060 2715 non
1082 2659 1228 2730 quod
1246 2674 1345 2729 per
1372 2674 1468 2714 eos
1496 2666 1701 2714 tantum

136 2744 193 2797 sit
218 2746 583 2815 medicatum,
618 2747 715 2802 sed
745 2756 798 2802 et
817 2763 916 2818 per
932 2747 1156 2803 Paulum
1186 2755 1240 2803 et
1259 2746 1395 2802 alios
1410 2747 1697 2818 quoslibet,

136 2832 215 2886 sed
240 2834 352 2905 quia
379 2835 461 2890 eis
505 2834 683 2906 primo
721 2844 775 2891 et
811 2835 1188 2907 principaliter
1233 2835 1587 2892 commissum
1630 2836 1700 2891 sit

135 2920 189 2974 ad
204 2923 619 2992 praedicandum.
641 2924 758 2980 lloc
788 2932 871 2980 est
890 2925 1117 2979 verbum
1149 2922 1297 2991 ﬁdei,
1319 2924 1546 2981 verbum
1574 2924 1695 2990 Dei,

136 3024 213 3078 per
235 3011 369 3081 quod
406 3012 644 3069 credidit
671 3013 827 3083 latro,
873 3013 1107 3070 credidit
1142 3013 1366 3081 Paulus,
1390 3020 1443 3069 et
1473 3012 1700 3084 quicun-

136 3113 217 3167 que
241 3100 417 3155 credit.

192 3211 339 3269 Vnas.
368 3218 430 3273 21
445 3258 457 3269 .
472 3246 550 3257 —
574 3218 641 3274 Ut
659 3233 853 3273 omnes
870 3233 1053 3273 unum
1073 3218 1212 3272 sint.
1233 3217 1354 3271 Nou
1371 3217 1465 3286 ait,
1485 3215 1690 3273 Omnes

137 3317 273 3355 unum
302 3320 515 3373 sumus,
552 3305 650 3359 sed
689 3313 745 3360 ut
775 3305 852 3360 illi
902 3321 1094 3361 omnes
1123 3322 1290 3360 unum
1322 3304 1447 3372 sint,
1483 3305 1619 3360 sicut
1649 3312 1705 3359 tu

136 3388 262 3444 Pater
278 3390 327 3446 in
353 3409 440 3448 me
470 3400 529 3448 et
557 3409 662 3465 ego
691 3393 747 3447 in
774 3402 849 3459 te,
903 3394 1133 3449 subaudi
1172 3410 1340 3449 unum
1370 3410 1557 3449 sumus
1583 3412 1595 3448 :
1630 3395 1705 3447 Ita

136 3485 179 3529 et
202 3478 344 3534 Pater
369 3480 425 3535 in
455 3480 597 3536 Filio
626 3489 679 3536 et
709 3482 876 3537 Filius
916 3483 973 3537 in
1040 3483 1231 3551 Patre,
1264 3490 1322 3537 ut
1350 3498 1517 3537 unum
1574 3482 1700 3549 sint,

136 3564 237 3635 quia
259 3567 411 3623 unius
441 3568 787 3625 substantive.
822 3571 938 3625 Nos
994 3587 1126 3626 vero
1164 3586 1463 3642 possumus
1493 3587 1617 3626 esse
1646 3571 1700 3625 in

141 3651 270 3709 Patre
294 3663 344 3710 et
369 3656 508 3713 Filio
541 3665 596 3712 et
624 3657 829 3730 Spiritu
858 3666 1069 3715 sancto.
1113 3660 1214 3715 Vel
1257 3661 1417 3715 Pater
1455 3666 1510 3713 et
1535 3659 1701 3714 Filius

135 3741 397 3812 etSpiritus
430 3753 657 3801 sanctus
702 3747 757 3801 in
792 3747 949 3803 nobis
990 3764 1115 3803 esse
1144 3756 1389 3819 possunt,
1422 3764 1593 3803 unum
1623 3756 1701 3801 ta-

133 3842 234 3884 men
259 3847 371 3887 cum
400 3834 524 3890 Deo
554 3850 680 3890 esse
710 3851 819 3890 nou
866 3850 1179 3907 possumus,
1224 3836 1349 3908 quia
1396 3851 1503 3891 non
1536 3836 1699 3891 unius

139 3917 430 3978 substantiae.
454 3923 609 3979 Deus
638 3940 769 3979 vero
799 3924 854 3979 in
874 3925 1035 3980 nobis
1064 3933 1149 3980 est
1177 3932 1235 3979 ut
1264 3925 1320 3979 in
1349 3925 1572 3996 templo,
1595 3940 1698 3980 nos

131 4002 175 4057 in
198 4005 277 4063 illo
302 4020 356 4064 ut
381 4019 633 4067 creatura
652 4011 707 4066 in
739 4014 1013 4069 Creatore.
1052 4016 1120 4071 Ut
1156 4018 1214 4069 et
1248 4014 1379 4086 ipsi.
1432 4014 1493 4067 In
1538 4013 1698 4070 nobis

132 4092 256 4161 dicit,
274 4106 326 4150 ut
368 4101 514 4170 quod
545 4116 715 4155 unum
746 4109 872 4155 sunt
917 4100 1024 4157 fide
1072 4110 1125 4157 et
1170 4101 1451 4168 charitate,
1507 4103 1695 4175 gratiae

132 4178 211 4235 Dei
236 4185 469 4255 tribuant,
507 4196 565 4242 ut
585 4206 728 4244 nunc
748 4197 925 4245 autem
945 4191 1037 4244 lux
1065 4190 1121 4244 in
1152 4190 1409 4247 Domino.

192 4272 250 4327 Ut
288 4273 552 4331 mundus.
596 4278 828 4332 Mundus
867 4278 956 4334 hic
1001 4278 1265 4350 accipitur
1308 4296 1411 4350 pro
1440 4279 1695 4334 omnibus

131 4353 217 4412 illis
235 4362 317 4432 qui
338 4380 503 4419 unum
545 4375 687 4420 sunt.
710 4367 825 4422 Nec
853 4368 955 4422 hoc
981 4368 1128 4438 quod
1159 4375 1283 4421 sunt
1314 4367 1443 4424 facit
1472 4384 1691 4424 causam

132 4453 176 4498 ut
201 4451 424 4522 credant,
458 4470 587 4525 quia
619 4454 798 4525 potius
837 4456 1113 4511 credendo
1140 4473 1304 4510 unum
1335 4464 1461 4510 sunt
1490 4473 1687 4528 quam-

132 4531 196 4587 vis
219 4552 369 4593 unum
398 4551 581 4597 essent
612 4552 824 4613 natura,
858 4544 1229 4600 dissentiendo
1260 4553 1441 4599 tamen
1472 4546 1542 4599 ab
1581 4561 1690 4600 uno
1708 4547 1761 4607 D

132 4636 217 4676 non
243 4636 384 4682 erant
414 4646 603 4694 unum,
631 4633 729 4686 sed
750 4633 962 4688 orando
983 4633 1116 4688 dixit
1137 4642 1194 4688 ut
1223 4634 1459 4689 mundus
1479 4633 1689 4699 credat,

130 4708 243 4765 sicut
260 4717 459 4773 orando
508 4718 643 4773 dixrt
668 4728 726 4774 ut
755 4736 947 4777 omnes
977 4738 1142 4777 unum
1191 4723 1317 4790 sint,
1369 4721 1483 4778 acsi
1532 4722 1693 4779 tertio

132 4798 466 4873 subaudiatur,
501 4822 640 4879 rogo
660 4816 719 4863 ut
746 4811 982 4865 mundus
1012 4811 1221 4867 credat.

189 4913 336 4972 Vens.
365 4923 530 4978 24.-
592 4924 733 4992 Quos
762 4926 989 4982 dedisti.
1020 4927 1081 4981 Id
1112 4934 1213 4995 est,
1249 4927 1460 4982 traxisti
1489 4927 1561 4983 ad
1580 4943 1688 4998 me,

131 4998 193 5055 Sic
213 5013 258 5059 et
282 5023 380 5080 ego
410 5009 555 5083 elegi
587 5028 683 5067 eos
705 5013 773 5068 de
803 5015 1043 5071 mundo:
1079 5015 1171 5069 alii
1191 5032 1301 5071 non
1331 5024 1456 5071 sunt
1486 5016 1597 5071 dati
1618 5017 1688 5085 ei,

130 5101 216 5143 non
261 5105 376 5151 sunt
431 5099 536 5166 sui,
588 5100 689 5155 etsi
736 5111 982 5173 potestas
1033 5103 1101 5158 sit
1133 5104 1183 5159 ei
1213 5104 1480 5159 omnium.
1547 5107 1687 5162 Volo.

129 5173 226 5232 Non
248 5190 411 5252 potest
432 5204 544 5243 non
576 5188 691 5243 fieri
731 5190 878 5262 quod
901 5192 1014 5247 vult
1044 5191 1423 5264 Omnipotens,
1469 5194 1566 5247 sed
1598 5193 1692 5248 illa

132 5265 342 5354 voluntas
382 5283 465 5329 est
504 5277 759 5345 hominis,
795 5281 864 5334 de
905 5296 1013 5352 qua
1042 5280 1171 5336 dicit
1207 5299 1221 5336 :
1281 5283 1401 5339 Non
1422 5284 1572 5337 sicut
1597 5298 1691 5354 ego

132 5353 225 5447 υρξο
248 5360 452 5429 (Matth.
484 5366 668 5437 xxvr).
709 5368 959 5424 Videant.
984 5369 1117 5423 Cum
1141 5370 1196 5423 in
1227 5369 1403 5426 forma
1417 5370 1562 5426 servi
1584 5353 1694 5426 cla-

130 5438 300 5529 bﬁcata
328 5451 560 5508 viderint
597 5455 936 5525 judicantem
986 5458 1189 5514 bonum
1220 5466 1273 5514 et
1304 5460 1527 5529 malum,
1580 5459 1689 5516 tol-

130 5523 242 5585 letur
258 5534 442 5608 impius
473 5558 543 5596 ne
579 5523 757 5599 videat
788 5545 1094 5602 claritatem
1124 5547 1223 5603 Dei
1247 5564 1368 5620 qua
1398 5523 1545 5603 Deus
1582 5556 1686 5616 est,

133 5630 264 5762 (Ιιὶἐιῐη
290 5627 384 5682 soli
440 5631 625 5685 mundi
658 5634 825 5689 corde
856 5634 1116 5691 videbunt
1163 5638 1306 5708 quod
1338 5637 1437 5692 erit
1466 5636 1545 5693 eis
1577 5637 1689 5693 vita

133 5717 165 5757 Ξ
213 5725 317 5762 rna.

127 5717 317 5767 alterna.

1808 546 2002 601 Filium
2033 554 2120 602 est
2158 547 2213 600 in
2236 546 2489 625 omnibus
2512 547 2694 616 justis,
2731 548 2823 618 qui
2854 549 3103 603 membra
3146 550 3263 619 ejus
3292 559 3416 605 sunt

1809 643 1863 691 et
1892 635 2191 708 diliguntur
2236 636 2291 689 in
2319 635 2414 690 illo
2445 636 2536 707 qui
2565 644 2709 691 totus
2741 636 3002 709 diligitur,
3034 637 3159 693 ideo
3189 638 3371 693 subdit
3404 657 3417 693 :

1809 726 1881 779 Et
1905 741 2001 796 ego
2032 726 2098 779 in
2133 726 2273 797 ipsis
2296 742 2443 780 sum.
2471 724 2641 793 Quasi
2670 725 2848 781 dicat:
2873 725 3013 795 Quia
3061 742 3167 800 ego
3206 744 3324 781 sum
3362 728 3418 782 in

1808 812 1961 883 ipsis,
1991 813 2153 869 aliter
2183 822 2265 868 est
2295 814 2351 867 in
2405 813 2562 868 nobis
2610 821 2669 868 ut
2719 813 2775 867 in
2821 815 3043 886 templo,
3094 831 3197 871 nos
3235 816 3292 870 in
3319 815 3413 872 illo

1808 901 2002 968 aliter;
2036 902 2163 973 quia
2182 918 2282 957 nos
2304 918 2492 957 sumus
2511 902 2622 971 ille,
2660 919 2782 958 cum
2812 904 3108 960 secundum
3137 904 3413 960 hominem

1814 990 1930 1060 ejus
1959 991 2153 1061 capitis
2175 1008 2363 1046 sumus
2385 1007 2606 1062 corpus.

2382 1160 2605 1215 CAPUT
2634 1160 2831 1215 XVIII.

1880 1301 2048 1356 VERS.
2086 1304 2142 1356 1.
2181 1331 2250 1341 -
2285 1301 2379 1358 Ubi
2402 1305 2544 1357 erat.
2573 1302 2633 1355 In
2663 1302 2823 1357 horto
2865 1302 3076 1374 capitur
3102 1310 3159 1358 ut
3206 1303 3415 1360 deleret

1807 1398 2095 1461 peccatum
2130 1389 2480 1446 commissum
2511 1389 2567 1444 in
2596 1391 2755 1446 horto
2789 1391 3121 1461 deliciarum,
3156 1392 3210 1447 in
3250 1410 3412 1465 quem

1809 1479 1967 1548 hujus
2011 1479 2196 1535 saeculi
2238 1486 2533 1534 torrentem
2583 1479 2856 1535 transiens
2903 1480 3198 1552 discipulos
3235 1482 3412 1538 intro-

1807 1567 1978 1623 duxit.

1879 1684 2050 1739 Vens.
2085 1688 2137 1739 3.
2175 1714 2244 1724 —
2280 1684 2596 1742 Cohortem.
2630 1685 2754 1740 Non
2798 1684 3110 1741 Iudaeorum
3138 1685 3239 1762 sed
3262 1686 3411 1742 mili-

1809 1780 1924 1827 tum
1952 1788 1985 1827 a
2013 1772 2247 1843 praeside
2278 1780 2492 1828 servato
2522 1773 2713 1829 ordine
2731 1773 2990 1847 legitima;
3017 1774 3319 1845 potestatis,
3353 1784 3413 1831 ut

1808 1861 1915 1916 illis
1943 1861 2252 1917 tenentibus
2281 1861 2463 1916 nullus
2505 1862 2732 1917 auderet
2774 1862 3073 1930 resistere;
3105 1864 3193 1919 vel
3234 1865 3397 1919 etiam

1810 1950 1856 2004 si
1887 1950 2009 2022 quis
2038 1951 2282 2017 auderet,
2327 1958 2517 2006 contra
2571 1958 2647 2005 tot
2675 1966 2784 2005 non
2812 1959 3018 2021 posset.
3059 1953 3215 2008 Venit
3245 1954 3406 2008 illuc.

1813 2039 1987 2095 Nocte
2019 2037 2271 2108 traditur,
2304 2047 2363 2093 ut
2390 2039 2506 2094 sine
2539 2038 2731 2104 turbis,
2756 2056 2877 2111 quae
2896 2040 2952 2093 in
2981 2039 3069 2096 die
3097 2038 3415 2111 frequentes

1808 2127 2056 2194 aderant,
2089 2126 2444 2183 inveniretur.

1879 2217 2049 2271 Vsus.
2086 2218 2139 2271 5.
2174 2218 2281 2288 Ego
2323 2232 2470 2271 sum.
2520 2215 2635 2271 Hac
2666 2230 2774 2270 una
2826 2231 2961 2273 voce
3000 2224 3078 2271 tot
3118 2216 3331 2274 feroces
3360 2226 3413 2273 et

1807 2305 1976 2362 fortes
2005 2304 2305 2360 moriturus
2333 2304 2632 2374 prostravit
2663 2304 2863 2359 virtute
2892 2305 3113 2361 latentis
3140 2305 3407 2362 Deitatis:

1807 2393 1934 2465 quia
1985 2393 2199 2449 volebat
2255 2392 2475 2465 quidem
2516 2393 2929 2463 comprehendi,
2991 2394 3089 2449 sed
3139 2411 3250 2450 non
3306 2395 3412 2450 nisi

1805 2481 2023 2552 quando
2040 2480 2224 2537 voluit.

1876 2597 2047 2651 Vens.
2083 2599 2133 2651 6.
2170 2625 2237 2635 —
2268 2595 2542 2651 Abierant
2566 2598 2879 2653 retrorsum
2897 2600 2956 2652 et
2987 2597 3312 2653 ceciderunt
3342 2601 3407 2654 in

1805 2688 2039 2741 terram.
2090 2684 2181 2740 Sic
2217 2684 2400 2751 modo,
2438 2674 2561 2755 'per
2612 2684 2973 2757 Evangelium
3029 2684 3230 2757 ubique
3274 2686 3406 2742 dicit

1802 2772 2069 2842 Christus,
2084 2774 2205 2845 Ego
2239 2788 2379 2838 sum,
2403 2780 2457 2828 et
2500 2772 2671 2829 Judaei
2700 2781 3077 2844 exspectantes
3106 2774 3407 2831 Antichris-

1801 2868 1917 2917 tum
1949 2870 2101 2918 retro
2130 2862 2336 2917 abeunt
2365 2868 2419 2916 et
2446 2861 2502 2915 in
2528 2867 2767 2930 terrena,
2801 2878 2923 2933 quae
2940 2871 3145 2931 amant,
3180 2863 3404 2921 cadunt.

1870 2979 2043 3034 Vens.
2083 2982 2134 3033 8.
2180 2977 2452 3033 —Sinite
2476 2977 2572 3033 hos
2611 2977 2782 3033 abire.
2816 2977 3245 3050 (Auc.)Faciunt
3262 2980 3409 3051 quod

1794 3068 1975 3137 jubet,
2010 3066 2193 3121 sinunt
2226 3082 2321 3121 eos
2366 3065 2517 3120 abire
2547 3081 2686 3137 quos
2716 3082 2826 3121 non
2880 3066 2993 3122 vult
3047 3067 3248 3138 perire,
3298 3085 3409 3125 non

1715 3187 1765 3251 Ο
1802 3156 1935 3228 quin
1975 3163 2100 3227 post
2132 3155 2238 3209 sint
2266 3153 2535 3221 morituri,
2568 3154 2665 3208 sed
2696 3155 2821 3226 quia
2864 3155 2943 3211 sic
2998 3156 3238 3211 nondum
3281 3173 3408 3213 cre-

1808 3244 2012 3301 debant
2042 3242 2318 3315 quomodo
2348 3242 2580 3298 credunt
2610 3242 2700 3313 qui
2728 3259 2837 3297 non
2865 3252 3117 3315 pereunt.

1878 3361 2050 3415 Vnus.
2088 3364 2174 3414 11.
2209 3390 2278 3399 -
2311 3358 2485 3414 Mitte.
2519 3356 2648 3413 Acsi
2667 3358 2876 3414 diceret
2908 3378 2921 3415 :
2972 3359 3233 3429 Quiescat
3280 3361 3403 3418 vin-

1804 3448 1970 3505 dicta.
2004 3448 2177 3503 Aliter
2213 3466 2227 3502 :
2258 3448 2528 3503 Converte
2557 3446 2799 3518 gladium
2829 3448 2883 3502 in
2926 3448 3110 3505 locum
3140 3466 3318 3517 suum,
3351 3450 3408 3506 id

1804 3546 1887 3593 est
1914 3537 2145 3592 verbum
2200 3533 2607 3607 praedicationis
2647 3544 2904 3592 converte
2934 3538 3002 3592 ad
3050 3546 3264 3609 gentes,
3311 3539 3407 3594 ubi

1803 3626 2105 3682 secundum
2133 3624 2360 3679 Paulum
2388 3622 2586 3678 ostium
2632 3632 2880 3693 apertum
2913 3632 2968 3681 et
3024 3625 3221 3698 ingens
3252 3626 3405 3682 inve-

1800 3714 2001 3769 niatur.
2028 3714 2223 3783 Aliter,
2255 3721 2554 3784 postquam
2582 3711 2860 3782 plenitudo
2881 3713 3291 3781 subintraverit,
3322 3714 3407 3771 di—

1800 3803 1873 3859 cit
1904 3804 2085 3869 Petro,
2136 3819 2239 3873 per
2277 3820 2437 3874 quem
2478 3813 2622 3861 totus
2653 3803 2789 3858 ordo
2821 3801 3237 3873 praedicatorum
3259 3802 3406 3857 desi-

1797 3900 1997 3965 gnatur
2021 3909 2034 3945 :
2060 3890 2208 3947 Mitte
2238 3893 2468 3948 verbum
2496 3891 2900 3965 praedicationis
2932 3890 3002 3945 ad
3035 3890 3222 3945 Israel.
3278 3891 3405 3947 0m-

1796 3997 1897 4036 nes
1915 3983 2069 4037 enim
2112 3981 2209 4053 qui
2234 3982 2490 4053 gladium
2528 3982 2858 4054 acceperint
2895 3979 3082 4052 gladio
3125 3981 3399 4053 peribunt

1795 4070 2015 4141 (Matth.
2050 4069 2228 4142 xxvr).
2264 4068 2384 4140 Quo
2404 4071 2631 4145 gladio?
2675 4070 2774 4125 Illo
2806 4068 2899 4141 qui
2930 4068 3125 4142 igneus
3174 4067 3403 4125 vertitur

1796 4166 1923 4213 ante
1953 4158 2269 4230 paradisum
2302 4177 2315 4213 :
2349 4169 2402 4215 et
2429 4160 2615 4233 gladio
2645 4158 2887 4231 spiritus,
2920 4158 3013 4230 qui
3044 4157 3099 4212 in
3130 4156 3230 4214 Dei
3260 4157 3403 4214 scri-

1794 4246 1937 4300 bitur
1966 4255 2253 4303 armatura.

1867 4335 2037 4391 VEus.
2075 4339 2160 4393 12.
2200 4368 2268 4378 -
2304 4337 2505 4395 Cohors
2541 4342 2753 4395 autem.
2798 4336 2915 4392 Mos
2946 4342 3064 4391 erat
3099 4334 3322 4402 Judazis,
3347 4343 3406 4390 ut

1793 4439 1961 4495 quem
1986 4433 2161 4481 morte
2194 4426 2420 4499 dignum
2444 4426 2751 4496 judicarent
2784 4424 3022 4482 vinctum
3050 4422 3272 4495 praesidi
3288 4431 3402 4478 tra-

1791 4513 2005 4567 derent.

1862 4602 2035 4656 Vens.
2069 4605 2155 4657 13.
2188 4634 2258 4642 -
2284 4605 2355 4659 Et
2384 4601 2751 4659 adduxerunt
2784 4619 2933 4659 eum.
2966 4602 3137 4656 Erant
3168 4616 3234 4656 eo
3264 4608 3399 4656 tem-

1790 4706 1926 4761 pore
1948 4690 2057 4745 duo
2076 4690 2418 4746 sacerdotum
2446 4690 2725 4762 principes
2758 4692 2838 4761 (ut
2865 4692 3035 4747 Lucas
3064 4688 3181 4759 ait),
3214 4692 3400 4746 Annas

1792 4784 1846 4833 et
1892 4779 2151 4849 Caiphas,
2186 4779 2277 4851 qui
2309 4779 2550 4835 vicissim
2600 4795 2774 4834 annos
2813 4796 2942 4834 suos
2999 4780 3258 4853 agebant.
3292 4778 3399 4835 Sed

1790 4873 1920 4923 tunc
1950 4875 2071 4922 erat
2118 4884 2294 4922 annus
2334 4868 2574 4939 Caiphae,
2610 4876 2663 4923 et
2689 4866 2967 4925 voluntate
2997 4868 3114 4937 ejus
3161 4868 3400 4939 primum

1790 4955 1987 5010 ductus
2010 4964 2094 5011 est
2120 4957 2283 5012 Jesus
2311 4957 2382 5011 ad
2430 4960 2661 5023 Annam,
2706 4972 2814 5012 non
2846 4957 2975 5029 quia
3021 4957 3255 5030 collega,
3299 4955 3398 5012 sed

1792 5044 1918 5115 quia
1938 5060 2098 5100 socer
2128 5045 2246 5114 ejus
2278 5053 2417 5100 erat.
2454 5045 2553 5101 Vel
2575 5045 2770 5101 domus
2802 5045 2881 5102 sic
2911 5055 3063 5102 erant
3098 5045 3309 5117 positae,
3340 5052 3399 5099 ut

1790 5149 1901 5189 non
1938 5134 2168 5189 deberet
2202 5120 2392 5189 Annas
2423 5150 2456 5189 a
2486 5135 2897 5191 transeuntibus
2926 5134 3217 5207 praeteriri.

1861 5249 2032 5304 Vnus.
2098 5252 2183 5305 15.
2218 5282 2287 5290 -
2317 5252 2387 5306 Et
2426 5252 2577 5308 alius
2613 5252 2946 5325 discipulus.
2998 5250 3134 5320 Quis
3169 5251 3238 5306 sit
3270 5250 3393 5318 iste,

1791 5337 1919 5409 quia
1946 5338 2036 5394 hic
2067 5346 2298 5409 tacetur,
2332 5357 2443 5396 non
2474 5349 2680 5396 temere
2710 5339 3022 5396 definiatur.
3047 5340 3196 5397 Solet
3212 5350 3396 5398 tamen

1790 5426 1893 5482 iste
1913 5427 2116 5483 Joanes
2146 5428 2226 5485 sic
2255 5446 2315 5485 se
2347 5428 2681 5502 signiﬁcare.

1862 5551 2030 5608 Vens.
2065 5555 2149 5607 17.
2175 5584 2243 5594 —
2263 5554 2417 5610 Dicit
2444 5556 2545 5611 ille
2576 5575 2594 5611 :
2617 5556 2736 5611 Non
2755 5572 2903 5611 sum.
2928 5555 3119 5626 (Auc.)
3148 5555 3271 5610 Non
3301 5569 3388 5609 so-

1791 5639 1903 5695 lum
1932 5649 2096 5714 negat
2126 5642 2401 5697 Christum
2423 5643 2516 5715 qui
2547 5643 2678 5699 dicit
2709 5660 2835 5699 eum
2892 5660 3001 5698 non
3040 5660 3163 5699 esse
3193 5641 3386 5696 Chris-

1790 5736 1925 5797 tum,
1969 5729 2066 5786 sed
2096 5729 2189 5803 qui
2220 5730 2382 5787 etiam
2411 5739 2580 5808 negat
2615 5749 2675 5789 se
2732 5748 2856 5789 esse
2904 5730 3297 5802 Christianum,
3338 5735 3395 5787 et
