3948 6178
553 255 657 309 419

1111 252 1517 310 WALAFRIDI
1556 254 1800 311 STRABI
1837 254 2037 310 FULD.
2077 253 2250 311 MON.
2293 253 2446 310 OPP.
2488 255 2666 313 PARS
2704 257 2745 312 Ι.
2781 288 2851 298 —
2878 256 3349 315 THEOLOGICA.
3725 266 3805 321 L21

785 375 1041 473 ξφΡῙείυΓ
1048 377 1219 473 ,(1³οά
1248 377 1512 434 Dominus
1533 377 1665 433 ἀίκίί
1693 395 1707 432 ³
1746 380 1847 434 Ter
1874 393 1965 435 me
1982 380 2230 452 ηεθαἈ
2258 394 2402 453 forte
2432 397 2540 453 alia
2570 400 2864 470 quaerenda
2894 408 3080 469 esset;
3112 401 3295 473 quasi:
3329 400 3588 458 confirma
3630 404 3673 458 si
3720 406 3815 463 huc

558 464 643 520 bis
672 464 864 535 (Math.
902 468 1085 536 xxw).

631 583 800 638 Vsus.
832 586 922 641 21.
959 614 1028 624 -
1064 583 1206 651 Quid
1241 599 1331 641 me
1368 585 1723 656 interrogas?
1752 584 1814 640 Id
1847 591 1949 653 est,
1981 598 2017 639 a
2045 598 2154 654 quo

560 671 841 728 veritatem
870 672 1056 728 audire
1083 688 1193 728 non
1206 672 1511 728 desideras.
1536 674 1824 745 Interroga
1851 672 2031 747 magis
2058 688 2155 728 eos

561 759 631 815 de
659 776 891 831 quorum
917 760 1078 816 dictis
1106 776 1217 816 non
1243 761 1451 817 habeas
1479 761 1760 817 invidiam.
1794 762 1875 818 Ita
1888 768 2154 832 temperat

561 848 996 919 responsionem,
1029 857 1205 906 utnec
1234 850 1519 906 veritatem
1548 858 1776 918 taceret,
1808 866 1914 906 nec
1958 848 2155 906 defen-

560 935 689 992 dere
719 953 778 992 se
807 937 1105 993 videretur.

630 1052 800 1108 Vens.
833 1057 920 1111 22.
945 1083 1016 1093 —
1042 1054 1168 1110 Haec
1214 1057 1427 1111 autem.
1449 1053 1736 1124 Objicitur,
1769 1068 1865 1109 cur
1881 1069 1990 1110 non
2019 1053 2158 1110 fece-

558 1142 630 1198 rit
659 1142 806 1214 quod
834 1141 1039 1198 docuit.
1072 1142 1270 1198 Debuit
1315 1159 1425 1198 non
1456 1143 1537 1199 sic
1563 1142 1919 1213 respondere,
1952 1143 2050 1197 sed
2079 1142 2160 1197 al-

561 1238 735 1287 teram
752 1229 1033 1286 maxillam
1060 1231 1332 1302 praebere.
1366 1231 1474 1287 Sed
1495 1232 1764 1287 veraciter
1794 1239 1847 1287 et
1877 1239 2159 1287 mansuete

560 1327 614 1375 et
638 1320 786 1389 juste
835 1320 1138 1390 respondit,
1172 1327 1226 1376 et
1253 1335 1363 1375 non
1390 1320 1557 1376 modo
1595 1318 1892 1389 maxillam,
1946 1320 2043 1375 sed
2072 1327 2159 1374 to-

561 1415 679 1463 tum
707 1423 907 1479 corpus
937 1407 1151 1464 ferienti
1188 1408 1418 1479 paravit.
1463 1409 1534 1464 Et
1561 1408 1689 1465 hinc
1716 1408 1898 1480 potius
1926 1407 2159 1463 ostendit

556 1504 831 1567 praecepta
857 1496 1149 1567 patientiae,
1182 1512 1293 1552 non
1347 1497 1709 1553 ostentatione
1762 1496 2036 1568 corporis,
2060 1495 2159 1553 sed

561 1584 747 1641 cordis
802 1584 1203 1656 praeparatione
1258 1584 1509 1642 facienda
1534 1629 1547 1652 ,
1599 1594 1779 1657 potest
1836 1586 1981 1641 enim
2038 1584 2160 1657 quis

560 1672 840 1729 maxillam
868 1673 1157 1729 visibiliter
1175 1673 1421 1744 praebere
1450 1674 1642 1730 iratus.
1666 1673 1858 1730 Melius
1888 1690 2022 1747 ergo
2042 1689 2161 1728 res-

564 1761 767 1833 pondet
795 1777 927 1818 vere
966 1761 1231 1833 placatus,
1262 1769 1316 1819 et
1346 1762 1414 1819 ad
1453 1762 1681 1819 ferenda
1717 1761 1975 1836 graviora
2008 1770 2160 1817 tran-

566 1849 735 1922 quillo
764 1850 945 1906 animo
967 1858 1209 1923 paratus.

636 1966 807 2022 Vnus.
831 1970 922 2023 23.
954 1997 1023 2006 -
1052 1967 1113 2022 Si
1136 1967 1286 2023 male
1309 1968 1547 2024 locutus.
1584 1966 1725 2022 Male
1779 1965 2022 2039 loquitur
2070 1965 2163 2038 qui

565 2063 757 2111 contra
776 2054 1060 2111 veritatem
1086 2055 1346 2126 loquitur.
1381 2055 1439 2110 Si
1466 2056 1608 2110 male
1657 2055 1871 2111 locutus
1900 2071 2041 2125 sum,
2092 2054 2164 2110 da

564 2142 931 2200 testimonium
954 2160 1062 2215 quo
1081 2145 1283 2214 probes
1313 2144 1654 2200 mendacem.

636 2250 808 2305 Vsus.
839 2252 930 2307 25.
964 2280 1033 2291 —
1071 2253 1212 2307 Erat
1262 2255 1475 2308 autem.
1533 2250 1726 2321 (Auc.)
1784 2250 1960 2318 Dicto,
2019 2249 2166 2322 quod

565 2341 748 2395 Annas
797 2339 944 2393 misit
999 2339 1187 2394 Iesum
1242 2339 1311 2394 ad
1370 2339 1652 2410 Caipham,
1712 2338 1854 2395 redit
1883 2338 1956 2395 ad
1984 2338 2163 2395 locum

568 2427 893 2482 narrationis
925 2427 1017 2482 ubi
1047 2428 1346 2499 reliquerat
1372 2428 1610 2497 Petrum,
1663 2435 1721 2483 ut
1759 2427 1991 2498 explicet
2034 2426 2165 2499 quid

564 2516 621 2570 in
667 2516 830 2573 domo
884 2518 1055 2572 Annae
1113 2517 1182 2572 de
1240 2516 1381 2571 trina
1438 2516 1581 2572 Petri
1639 2516 1931 2590 negatione
1985 2515 2164 2572 conti-

565 2611 743 2676 gerat.

636 2720 806 2774 Vnns.
838 2724 927 2777 28.
960 2748 1030 2760 —
1058 2720 1123 2775 In
1151 2720 1502 2792 praetorium.
1538 2719 1597 2774 ld
1645 2726 1747 2788 est,
1806 2718 1899 2773 ubi
1926 2734 2165 2789 .praeses

565 2808 768 2863 Pilatus
795 2807 1091 2862 habitabat.
1134 2807 1245 2863 Sed
1282 2807 1328 2862 si
1357 2807 1428 2862 ad
1458 2807 1740 2878 Caipham,
1784 2800 2060 2877 quomodo
2108 2806 2166 2860 in

560 2896 874 2968 praetorium
892 2895 921 2950 ‘2
938 2894 1188 2962 forsitan,
1229 2896 1410 2968 aliqua
1432 2911 1602 2951 causa
1632 2904 1884 2969 urgente,
1907 2896 1977 2950 de
1997 2895 2164 2951 domo

564 2986 735 3040 Anna:
790 2984 862 3039 ad
919 2983 1249 3040 audiendum
1296 2985 1482 3040 Jesum
1549 2984 1712 3039 ambo
1771 2990 2159 3040 convenerant.

566 3073 801 3145 Caiphas
828 3072 1075 3145 perrexit
1103 3072 1174 3127 ad
1204 3072 1517 3143 praetorium
1569 3071 1837 3143 praesidis,
1872 3080 1925 3159 et
1971 3087 2232 3159 soceroC

564 3173 665 3212 suo
720 3158 908 3212 Iesum
967 3156 1189 3227 reliquit
1247 3157 1317 3211 ad
1365 3156 1729 3223 audiendum;
1761 3156 1850 3211 vel
1904 3155 1960 3209 in
2000 3156 2164 3211 domo

562 3245 782 3316 Caiphae
838 3246 1040 3300 Pilatus
1070 3252 1359 3316 acceperat
1387 3244 1725 3316 praetorium,
1761 3253 1814 3300 et
1843 3251 1991 3299 tanta
2044 3251 2166 3300 erat

566 3334 783 3399 domus,
816 3341 873 3388 ut
894 3349 1146 3389 seorsum
1175 3333 1449 3388 habitaret
1478 3332 1751 3400 dominus,
1785 3348 2036 3388 seorsum
2088 3331 2158 3386 Pi-

571 3422 732 3477 latus.
771 3424 837 3480 Ut
866 3437 981 3478 non
1030 3422 1588 3479 contaminarentur.
1623 3420 1760 3489 Quia
1791 3420 1984 3476 diebus
2036 3436 2166 3491 azy-

566 3527 801 3579 morum,
827 3511 1213 3567 contaminatio
1245 3517 1362 3567 erat
1383 3510 1489 3565 illis
1520 3510 1577 3564 in
1606 3509 1927 3583 alienigenae
1955 3509 2163 3565 habita-

567 3599 750 3656 cnlum
779 3599 1003 3655 intrare.

637 3717 807 3770 Vens.
842 3720 928 3770 31.
963 3746 1031 3755 -
1059 3715 1220 3772 Nobis
1248 3733 1382 3781 non,
1418 3722 1527 3770 etc.
1563 3715 1679 3770 Hoc
1724 3713 1911 3771 dicunt
1941 3722 2164 3787 propter

566 3803 676 3861 diei
704 3803 826 3860 festi
856 3805 1218 3860 sanctitatem.
1263 3805 1373 3861 Lex
1404 3804 1549 3859 enim
1595 3803 1861 3874 praecipit,
1919 3819 1988 3859 ne
2042 3819 2165 3875 par-

562 3901 685 3950 cant
713 3892 1175 3958 malefactoribus,
1210 3893 1516 3963 praesertim
1555 3892 1942 3947 seducentibus
1984 3907 2019 3947 a
2048 3893 2164 3948 Deo

564 3998 685 4047 suo,
718 3981 935 4053 qualem
966 3982 1128 4036 istum
1157 3981 1413 4037 dicebant
1442 3998 1565 4036 esse
1598 4000 1612 4046 ;
1655 3988 1708 4035 et
1731 3988 1918 4036 contra
1948 3980 2163 4051 seipsos

564 4067 768 4137 dicunt,
806 4070 934 4140 quia
982 4068 1383 4124 interﬁciebant
1412 4086 1575 4140 quem
1616 4067 2053 4125 interﬁciendum
2082 4069 2163 4125 of-

567 4155 837 4224 ferebant,
872 4155 1011 4213 sicut
1042 4166 1094 4212 et
1123 4158 1326 4211 Pilatus
1357 4157 1644 4225 interfecit,
1689 4172 1799 4211 non
1841 4165 2023 4213 tamen
2047 4175 2164 4214 ma-

567 4245 729 4300 nibus
760 4245 891 4301 suis.
928 4246 1063 4301 Cum
1094 4246 1296 4301 Pilatus
1353 4246 1517 4301 vellet
1565 4246 1751 4299 Jesum
1798 4247 2018 4302 tradere
2064 4247 2163 4303 Ju-

565 4333 719 4403 daeis,
770 4342 827 4390 ut
869 4334 1169 4390 secundum
1214 4334 1395 4407 legem
1454 4350 1607 4389 suam
1654 4333 1965 4403 judicarent
2020 4353 2161 4405 eum,

566 4423 861 4480 noluerunt
889 4424 1160 4495 recipere,
1194 4422 1439 4479 dicentes
1464 4440 1476 4476 :
1501 4423 1662 4479 Nobis
1684 4439 1800 4477 non
1829 4425 1962 4479 licet
1989 4426 2164 4481 inter—
2184 4455 2237 4516 Β

562 4513 729 4583 ﬁcere
762 4530 1136 4587 quemquam;
1162 4520 1215 4567 et
1236 4511 1316 4568 sic
1338 4512 1593 4583 impletur
1622 4527 1804 4566 sermo
1834 4512 1963 4568 Jesu
2003 4531 2167 4586 quem

569 4600 638 4656 de
670 4618 770 4656 sua
794 4611 969 4657 morte
1003 4602 1271 4673 prmdixit,
1306 4610 1364 4656 ut
1393 4618 1518 4656 eum
1575 4616 1608 4655 a
1664 4600 1866 4655 Iudaeis
1907 4603 2166 4659 traditum

566 4697 758 4762 gentes
788 4690 1173 4761 interﬁcerent,
1200 4691 1357 4764 quasi
1394 4691 1473 4747 sic
1493 4698 1677 4747 essent
1699 4690 1863 4747 alieni
1892 4707 1926 4746 a
1957 4693 2166 4750 scelere

571 4777 665 4849 qui
685 4777 861 4849 magis
896 4788 1147 4849 peccant,
1172 4780 1227 4835 in
1257 4797 1365 4853 quo
1424 4799 1533 4838 non
1593 4800 1782 4840 eorum
1831 4782 2163 4851 innocentia,

570 4864 669 4922 sed
698 4863 973 4921 dementia
1000 4876 1354 4924 monstratur.

639 4979 813 5036 Vens.
834 4982 901 5035 3i
932 5009 1002 5022 ——
1030 4982 1071 5037 Α
1106 4986 1398 5057 temetipso
1430 4985 1530 5043 hoc
1560 4987 1721 5053 dicis,
1775 4993 1879 5044 etc.
1914 4985 2028 5043 Scit
2071 4985 2167 5041 Je-

570 5084 664 5123 sus
695 5067 825 5139 quid
870 5068 988 5140 ipse
1025 5070 1331 5145 interrogat
1385 5081 1439 5129 et
1493 5075 1624 5147 quid
1672 5075 1762 5131 ille
1805 5090 2169 5148 responsurus

565 5164 665 5226 est,
700 5156 799 5212 sed
855 5164 1034 5215 tamen
1078 5158 1186 5216 dici
1231 5160 1400 5215 voluit
1446 5178 1554 5217 non
1595 5171 1652 5219 ut
1700 5163 1882 5235 sciret,
1955 5163 2054 5219 sed
2109 5169 2169 5218 ut

568 5243 904 5301 scriberetur
934 5247 1079 5319 quod
1110 5247 1252 5303 scire
1282 5248 1470 5305 voluit.

641 5362 813 5415 Vens.
864 5364 953 5417 35.
1004 5392 1074 5403 —
1111 5363 1252 5433 Quid
1290 5365 1501 5436 fecisti.
1538 5364 1706 5435 Quasi
1738 5369 1832 5425 :Si
1861 5370 1980 5425 haec
2008 5368 2170 5440 culpa

567 5465 678 5505 non
708 5456 810 5517 est,
837 5450 983 5521 quod
1013 5458 1066 5506 te
1106 5468 1297 5527 regem
1324 5452 1551 5523 dixeris,
1586 5456 1716 5527 quid
1744 5456 1891 5512 aliud
1938 5456 2116 5513 fecisti
2143 5458 2172 5512 7

569 5538 739 5611 Quasi
770 5554 881 5594 non
928 5547 1010 5594 est
1059 5540 1253 5596 mirum
1292 5542 1338 5596 si
1380 5543 1549 5611 judici
1576 5545 1815 5601 traderis
1860 5546 2170 5618 puniendus

569 5628 663 5701 qui
692 5635 745 5684 te
778 5644 971 5703 regem
999 5627 1155 5687 dicis.
1182 5629 1290 5687 Sed
1313 5630 1358 5686 si
1389 5632 1505 5688 haec
1521 5648 1691 5691 causa
1717 5650 1827 5691 non
1857 5644 2021 5706 esset,
2041 5644 2170 5693 tunc

2255 499 2421 541 causa
2451 494 2536 541 est
2564 503 2688 559 quae
2707 487 2981 557 objicitur,
3015 504 3088 544 an
3107 488 3231 545 alia.

2330 574 2498 629 Vnus.
2534 578 2621 630 36.
2683 606 2751 618 —
2798 579 3070 649 Regnum.
3115 579 3229 635 Hoc
3286 585 3371 634 est
3401 579 3545 651 quod
3580 596 3672 635 nos
3698 583 3814 639 scire

2254 661 2441 730 voluit,
2466 663 2564 719 sed
2592 664 2743 735 prius
2772 665 3015 722 vicissim
3067 666 3459 741 interrogando
3489 668 3649 724 voluit
3672 679 3819 726 osten-

2255 750 2387 806 dere
2416 769 2537 824 quae
2567 762 2712 809 esset
2744 755 2813 809 de
2844 771 3019 828 regno
3063 771 3162 812 suo
3193 756 3475 812 hominum
3502 757 3691 829 opinio,
3735 761 3815 815 Ju-

2253 834 2499 891 daeorum
2520 837 2607 893 vel
2667 839 2972 911 gentilium,
3023 855 3132 912 qua
3160 848 3381 896 ostensa
3410 842 3649 914 utrisque
3673 845 3818 916 aptius

2254 924 2587 995 respondet:
2620 928 2872 999 Regnum
2900 944 3091 985 meum
3110 946 3227 987 non
3257 934 3342 986 est
3372 930 3441 986 de
3475 930 3575 986 hoc
3603 932 3802 989 mundo.

2254 1009 2443 1082 Quasi,
2478 1014 2694 1087 decepti
2721 1017 2881 1084 estis;
2919 1033 3032 1073 non
3075 1018 3219 1074 enim
3247 1019 3488 1091 impedio
3519 1020 3808 1077 dominatio-

2256 1115 2384 1155 nem
2401 1111 2643 1159 vestram
2692 1104 2747 1159 in
2799 1106 2904 1162 hoc
2960 1106 3187 1172 mundo,
3239 1124 3309 1163 ne
3338 1124 3477 1163 vane
3535 1108 3750 1165 timentis
3773 1119 3819 1166 et

2257 1189 2527 1261 serviatis,
2588 1191 2688 1248 sed
2743 1193 2814 1249 ad
2861 1210 3094 1268 regnum
3152 1196 3377 1252 caeleste
3434 1196 3697 1254 credendo
3740 1214 3813 1255 γε·

2257 1292 2396 1333 nire.

2329 1365 2499 1423 Vnus.
2533 1370 2621 1423 3'7.
2646 1400 2715 1411 -
2750 1371 2827 1427 Tu
2854 1371 3016 1428 dicis.
3047 1372 3172 1427 Non
3196 1387 3255 1427 se
3288 1388 3483 1446 regem
3505 1373 3650 1430 timet
3673 1376 3814 1431 conﬁ-

2256 1453 2379 1520 teri,
2414 1455 2512 1511 sed
2541 1456 2614 1511 ita
2661 1458 2950 1514 liberatum
3004 1467 3105 1526 est,
3152 1467 3211 1515 ut
3239 1476 3419 1533 neque
3452 1477 3516 1517 se
3543 1478 3715 1535 regem
3736 1480 3812 1519 ne-

2257 1550 2369 1613 get,
2402 1560 2503 1601 nec
2531 1545 2602 1601 de
2622 1548 2827 1603 mundo
2860 1564 2920 1604 se
2948 1547 3183 1605 fateatur
3209 1566 3354 1618 esse,
3386 1558 3445 1605 ut
3476 1551 3570 1607 ille
3587 1552 3815 1609 sentiebat

2258 1629 2351 1701 qui
2397 1631 2576 1688 dixit:
2628 1637 2769 1709 Ergo
2824 1653 2932 1693 rex
2969 1653 3029 1694 es
3074 1642 3186 1694 tu?
3239 1638 3339 1694 Cui
3385 1640 3703 1711 respondit:
3757 1643 3815 1696 Tu

2179 1738 2232 1799 Β
2261 1718 2424 1788 dicis,
2456 1724 2588 1795 quia
2610 1740 2715 1782 rea:
2745 1741 2873 1783 sum
2901 1742 3015 1799 ego.
3050 1724 3219 1797 Quasi
3249 1727 3412 1794 dicat,
3447 1728 3675 1784 carnalis
3715 1744 3816 1785 car-

2262 1806 2463 1865 naliter
2482 1811 2639 1869 dicis.

2348 1899 2521 1957 Vens.
2554 1904 2641 1957 38.
2674 1933 2744 1943 —
2771 1904 3004 1959 Iterum.
3045 1904 3169 1960 Non
3216 1912 3501 1975 exspectat
3529 1919 3819 1977 responsum,

2261 2009 2332 2050 ne
2352 2008 2477 2049 cum
2506 1990 2670 2048 vellet
2699 1991 2970 2048 dimittere
3000 2007 3157 2048 mora
3186 1992 3362 2060 ﬁeret,
3395 1994 3580 2049 subito
3605 1995 3732 2049 enim
3754 2009 3822 2049 ve-

2263 2082 2342 2137 nit
2369 2081 2426 2136 in
2455 2087 2693 2137 mentem
2742 2080 3080 2137 consuetudo
3130 2097 3239 2154 qua
3291 2091 3485 2153 posset
3512 2098 3610 2155 per
3653 2083 3822 2139 Pascha

2264 2168 2481 2225 dimitti.

2340 2259 2513 2313 Vsus.
2537 2260 2626 2314 39.
2656 2287 2727 2299 —
2754 2259 2855 2313 Est
2883 2261 3097 2315 autem.
3127 2256 3267 2326 Quia
3292 2257 3349 2314 in
3392 2258 3604 2315 Pascha
3627 2274 3657 2313 a
3679 2257 3819 2314 servi-

2264 2354 2378 2402 tute
2397 2345 2614 2402 liberati
2635 2352 2781 2414 sunt,
2812 2346 2870 2401 in
2897 2346 3107 2403 Pascha
3142 2346 3263 2403 haec
3308 2347 3647 2404 consuetudo
3671 2347 3818 2403 dimit-

2264 2435 2415 2491 tendi
2444 2435 2526 2491 eis
2556 2434 2676 2490 fuit.

2336 2525 2505 2579 Vens.
2530 2526 2618 2579 40.
2655 2552 2726 2563 -
2781 2525 2920 2581 Erat
2966 2528 3160 2580 autem
3181 2524 3461 2581 Barabbas
3497 2525 3656 2582 latro.
3686 2524 3821 2580 [dest

2264 2611 2408 2668 ﬁlius
2435 2611 2702 2685 magistri,
2760 2611 2817 2666 id
2864 2620 2948 2667 est
2995 2611 3219 2679 diaboli,
3280 2612 3374 2684 qui
3410 2612 3615 2669 latroni
3653 2613 3704 2667 in
3742 2626 3819 2667 suo

2265 2701 2476 2757 scelere
2503 2700 2707 2756 Iudaeis
2736 2700 2792 2754 in
2819 2698 3050 2771 perﬁdia
3077 2700 3342 2772 magister
3387 2700 3515 2758 fuit.
3547 2700 3639 2758 Vel
3662 2701 3819 2756 Barab-

2266 2790 2384 2860 bas,
2408 2789 2465 2845 id
2494 2798 2577 2845 est
2606 2788 2750 2844 illius
2780 2789 2973 2861 patris,
3011 2788 3068 2845 id
3097 2797 3181 2845 est
3210 2789 3436 2846 diaboli.

2860 2984 3085 3040 CAPUT
3118 2984 3274 3039 XIX.

2333 3153 2505 3209 Vens.
2540 3156 2591 3209 1.
2625 3184 2695 3195 —-
2730 3156 2878 3211 Tunc
2907 3170 3054 3227 ergo.
3086 3154 3205 3211 Hoc
3231 3154 3361 3212 fecit
3389 3154 3614 3224 Pilatus,
3652 3154 3701 3211 id
3738 3162 3817 3221 est,

2261 3241 2463 3297 milites
2493 3242 2673 3298 facere
2702 3242 2969 3313 permisit,
3021 3243 3109 3299 vel
3153 3242 3318 3299 etiam
3359 3244 3531 3313 jussit
3580 3252 3636 3300 ut
3681 3241 3820 3298 Judzi

2264 3330 2445 3386 satiati
2475 3330 2543 3386 de
2563 3331 2741 3402 poenis
2761 3347 2795 3386 a
2823 3340 3001 3388 morte
3028 3331 3387 3388 desisterent.

2335 3418 2505 3475 Vens.
2538 3424 2593 3477 2.
2625 3449 2695 3460 --
2727 3420 3000 3477 Coronam
3056 3420 3123 3476 de
3151 3421 3335 3493 spinis
3358 3421 3751 3494 imposuerunt.
3774 3417 3822 3473 In

2264 3506 2455 3579 spinea
2485 3523 2691 3564 corona
2718 3516 3035 3563 nostrorum
3063 3516 3282 3565 notatur
3311 3510 3590 3581 susceptio
3616 3514 3819 3581 peccato-

2260 3611 2518 3668 rum,pro
2549 3612 2659 3669 qua
2688 3596 2933 3652 mortalis
2955 3596 3096 3653 fierit
3115 3597 3305 3654 voluit.
3326 3599 3495 3655 Unde
3519 3611 3817 3671 praecursor:

2262 3687 2401 3741 Ecce
2451 3686 2641 3757 Agnus
2695 3687 2819 3755 Dei,
2855 3702 2980 3745 ecce
3024 3687 3127 3759 qui
3180 3688 3333 3743 tollit
3365 3693 3606 3760 peccata
3642 3685 3820 3743 mundi.

2266 3772 2448 3844 Spinae
2497 3789 2734 3846 namque
2792 3774 2849 3828 in
2895 3782 3248 3847 peccatorum
3303 3775 3693 3849 signiﬁcatione
3740 3788 3819 3845 po-

2264 3869 2485 3916 nuntur.
2523 3863 2679 3918 Unde
2709 3862 3011 3919 Dominus:
3067 3865 3234 3920 Terra
3274 3868 3377 3920 tua
3413 3866 3613 3938 spinas
3660 3868 3709 3920 et
3740 3862 3824 3917 tri-

2264 3950 2421 4006 bulos
2451 3953 2675 4022 germin
2689 3953 2807 4007 abit
2840 3953 3123 4023 (Gen.m).
3160 3952 3220 4008 Id
3258 3961 3362 4022 est,
3398 3952 3717 4011 conscientia
3752 3958 3822 4003 tu:

2264 4039 2603 4109 punctiones,
2639 4047 2693 4095 et
2719 4041 2943 4097 aculeos
2969 4041 3223 4098 vitiorum
3269 4059 3570 4113 procreare
3609 4058 3708 4097 non
3743 4038 3821 4093 de-

2265 4128 2438 4183 sistet.

2337 4218 2507 4272 Vsns.
2542 4219 2596 4272 4.
2628 4248 2697 4259 -
2727 4218 2922 4275 Είείυἱι
2957 4235 3104 4291 ergo.
3136 4220 3283 4275 Ecce
3311 4218 3609 4289 implentur
3643 4233 3748 4289 quis
3769 4213 3820 4269 de

2263 4322 2323 4361 se
2354 4306 2677 4378 praedixerat
2706 4308 2865 4362 Jesus
2924 4309 3145 4364 occulta
3200 4307 3464 4379 potentia,
3514 4303 3821 4366 commenda-

2267 4403 2355 4451 tur
2385 4395 2647 4465 patientia
2670 4411 2779 4468 qua
2808 4394 3171 4452 informantur
3198 4405 3493 4469 martyres.

2341 4485 2512 4539 Vsus.
2538 4488 2591 4540 5.
2646 4515 2717 4525 —
2762 4487 2833 4541 Et
2853 4486 2993 4542 dicit
3023 4487 3123 4541 eis.
3158 4486 3257 4541 Hic
3285 4495 3519 4557 apparet
3548 4501 3654 4540 non
3690 4482 3820 4555 igno—

2269 4580 2425 4629 rante
2456 4573 2623 4628 Pilato
2644 4574 2761 4630 haec
2791 4590 2824 4629 a
2844 4574 3104 4629 militibus
3124 4590 3249 4630 esse
3280 4574 3442 4644 facta,
3479 4575 3594 4631 sive
3615 4569 3822 4642 jusserit.

2269 4661 2385 4717 sive
2411 4662 2743 4733 permiserit,
2776 4671 2834 4717 ut
2877 4663 3086 4718 satiatis
3113 4663 3316 4718 Judaeis
3370 4664 3491 4719 haec
3520 4661 3823 4721 suﬂicerenl.

2270 4750 2369 4806 sed
2394 4751 2573 4824 magis
2600 4750 2950 4809 inardescunt
2978 4760 3033 4808 et
3070 4752 3307 4809 clamant
3337 4769 3353 4807 :
3404 4752 3692 4824 Cruci/Ege.
3722 4762 3825 4805 cru-

2268 4839 2445 4911 ciﬁge.

2341 4929 2510 4984 Vens.
2542 4929 2596 4984 ’1.
2615 4959 2684 4969 —
2707 4930 2919 4986 Filium
2934 4930 3053 4986 Dei.
3086 4930 3230 4986 Ecce
3250 4929 3421 4985 altera
3449 4929 3622 4999 major
3639 4923 3825 4989 invidia,

2270 5016 2397 5089 quia
2440 5032 2611 5087 parva
2667 5017 2957 5073 videbatur
3010 5018 3198 5075 illicita
3241 5017 3515 5075 affectatio
3572 5016 3739 5089 regni,
3789 5018 3831 5065 ει

2272 5112 2457 5161 tamen
2483 5113 2773 5178 utrumque
2792 5122 2923 5163 vere
2952 5115 3073 5164 erat
3102 5106 3365 5193 Christus,
3398 5115 3453 5163 et
3488 5123 3589 5163 rex
3615 5114 3668 5161 et
3693 5099 3832 5157 Filius

2271 5193 2391 5249 Dei.

2342 5283 2513 5339 Vens.
2546 5287 2600 5340 9.
2631 5313 2702 5324 —
2731 5285 2890 5341 Iesus
2923 5289 3137 5342 autem.
3170 5284 3272 5343 Hic
3304 5284 3434 5341 etin
3462 5283 3584 5340 aliis
3611 5280 3737 5338 locis
3762 5276 3831 5332 le-

2271 5371 2417 5445 gitur
2446 5372 2663 5428 siluisse
2701 5373 2949 5429 Christus
2994 5382 3055 5429 ut
3082 5373 3372 5446 prophetia
3415 5371 3731 5445 impleatur:
3759 5366 3833 5423 Si-

2271 5464 2369 5516 cut
2388 5478 2569 5533 agnus
2587 5478 2784 5518 coram
2807 5462 3074 5520 tondente
3092 5465 3218 5519 sine
3236 5478 3381 5529 voce,
3406 5464 3488 5519 sic
3507 5478 3623 5518 non
3642 5451 3834 5532 aperuit

2271 5566 2329 5606 os
2349 5566 2517 5605 suum
2537 5550 2668 5621 (.Isa.
2700 5550 2840 5622 Lm).
2864 5550 2999 5621 Qua:
3019 5549 3315 5607 similitudo
3329 5550 3399 5607 de
3428 5565 3571 5623 agno
3602 5548 3725 5604 data
3750 5549 3832 5607 est.

2270 5644 2329 5692 ut
2366 5636 2422 5692 in
2459 5653 2558 5696 suo
2596 5638 2812 5696 silentio
2866 5656 2978 5696 non
3023 5650 3152 5697 reus
3209 5639 3308 5696 sed
3349 5654 3615 5696 innocens
3660 5634 3835 5691 haben-
