3948 6178
210 311 311 366 421

1137 311 1408 368 GLOSSA
1447 312 1862 369 ORDINARIA.
1899 344 1969 355 —
1994 315 2259 373 EVANG.
2292 317 2497 373 JOAN.

3412 325 3517 380 422

201 441 316 486 tur.
346 433 472 487 Non
503 433 649 488 enim
678 441 737 487 ut
766 433 1020 489 conscius
1048 435 1405 504 convincitur,
1440 437 1540 493 sed
1568 445 1628 492 ut
1655 453 1810 492 man-
1831 437 1888 498 Α
1917 437 2122 511 lingua,
2155 440 2422 497 catholica
2453 449 2678 498 vocatur
2707 442 2974 509 Ecclesia,
3009 461 3130 516 quae
3159 444 3214 500 in
3243 453 3390 500 sorte
3417 445 3519 502 Dei

201 529 398 575 suetus
430 537 534 592 pro
565 521 686 576 aliis
715 521 1045 578 immolatur.

276 630 450 686 Vens.
488 635 573 687 12.
608 663 676 672 —
705 634 777 687 Et
813 633 1040 688 exinde.
1101 634 1162 688 Id
1193 642 1310 703 est,
1363 651 1428 691 ex
1475 635 1578 692 hac
1625 652 1805 697 causa,

195 735 268 773 ne
324 720 558 774 haberet
613 730 898 790 peccatum
957 722 1244 777 occidendi
1282 723 1624 779 innocentem
1656 725 1731 795 (et
1763 725 1809 779 si

195 807 384 862 minus
431 808 542 862 illis
589 808 811 880 invidis)
862 811 1143 881 quierebat
1180 811 1490 876 dimittere,
1524 829 1633 867 non
1663 814 1807 884 quod

193 903 329 951 tunc
361 896 602 966 primum
650 906 957 969 quaereret,
989 899 1086 954 sed
1118 899 1164 954 si
1192 900 1342 971 prius
1380 901 1596 956 volebat
1641 903 1806 957 modo

197 985 508 1056 quaerebat.

273 1083 334 1140 Si
366 1084 521 1140 hunc
570 1084 832 1150 dimittis,
883 1102 998 1142 non
1046 1103 1104 1142 es
1153 1088 1389 1143 amicus.
1426 1088 1596 1158 Supra
1625 1088 1805 1161 legem

193 1180 633 1241 proposuerunt,
677 1174 972 1228 secundum
1017 1191 1179 1248 quam
1217 1176 1443 1231 deberet
1475 1177 1643 1243 mori,
1677 1178 1805 1248 quia

193 1259 393 1314 Filium
425 1260 526 1316 Dei
555 1277 614 1315 se
644 1259 773 1316 fecit
833 1280 846 1316 :
911 1263 1006 1317 sed
1063 1264 1191 1336 quia
1244 1264 1333 1319 ille
1389 1265 1569 1338 legem
1626 1266 1804 1336 gentis

189 1347 392 1402 alienae
415 1364 526 1403 non
555 1348 724 1416 timet,
760 1350 858 1405 sed
887 1352 1065 1424 magis
1125 1352 1274 1407 timet
1331 1353 1579 1409 occidere
1610 1353 1803 1409 Filium

190 1436 330 1502 Dei,
361 1444 570 1491 terrent
601 1454 724 1492 eum
755 1453 787 1492 a
819 1431 1075 1506 Caesare,
1129 1457 1289 1512 quem
1345 1457 1455 1496 non
1511 1450 1688 1512 potest
1747 1451 1804 1496 ut

191 1533 479 1580 auctorem
499 1527 780 1596 potestatis
811 1544 922 1582 sua:
952 1537 1320 1585 contemnere.

269 1642 443 1697 Vens.
480 1644 564 1697 14.
595 1672 666 1682 -
693 1644 833 1698 Erat
869 1647 1065 1699 autem
1108 1661 1429 1716 parasceve.
1463 1646 1654 1716 (Aua.)
1699 1647 1802 1701 Pa-

191 1745 427 1786 rasceve
454 1731 601 1802 quod
629 1730 1019 1800 interpretatur
1045 1735 1417 1804 praeparatio,
1462 1744 1591 1801 etc.,
1625 1751 1798 1808 usque

190 1818 267 1874 ad
296 1828 351 1873 et
379 1819 573 1875 eadem
601 1827 684 1874 est
715 1828 868 1874 sexta
897 1821 1332 1891 praeparationis.

263 1935 437 1989 Vens.
473 1938 558 1989 15.
592 1964 662 1975 ——
692 1938 892 2007 Regem
914 1941 1161 1992 vestr-um
1194 1939 1569 2009 cruciﬁgam?
1610 1939 1802 1994 Adhuc

192 2031 378 2078 terror
406 2040 569 2094 quem
597 2025 666 2078 de
695 2024 912 2079 Caesare
941 2025 1196 2098 ingerunt
1244 2043 1499 2096 superare
1553 2035 1796 2090 conatur,

188 2111 386 2167 dicens
420 2130 432 2166 :
466 2115 664 2183 Regem
697 2117 944 2169 vestrum
989 2115 1355 2186 cruciﬂgam?
1393 2117 1471 2171 De
1500 2115 1803 2188 ignominia

189 2215 388 2254 eorum
413 2200 604 2255 volens
634 2217 732 2256 eos
761 2201 1031 2274 frangere,
1064 2219 1200 2274 quos
1228 2203 1298 2258 de
1329 2202 1622 2276 ignominia
1653 2205 1803 2260 Chri-

185 2288 260 2342 sti
287 2305 401 2343 non
431 2297 644 2360 poterat
672 2289 942 2363 mitigare.

265 2395 437 2449 Vens.
471 2399 632 2450 16.-
665 2398 815 2452 Tunc
846 2413 990 2468 ergo.
1027 2396 1162 2466 Quia
1192 2395 1510 2468 proﬁtentur
1533 2400 1800 2455 Caesarem

191 2486 384 2549 aperte
445 2485 633 2533 contra
696 2496 820 2533 eum
875 2497 997 2534 esse
1047 2481 1091 2534 si
1138 2481 1303 2535 alium
1347 2499 1533 2554 regem
1565 2484 1691 2538 velit
1721 2485 1799 2538 eis

184 2566 442 2638 ingerere
469 2611 481 2632 ,
522 2567 841 2623 dimittendo
870 2569 1191 2639 impunitum
1220 2587 1380 2642 quem
1434 2581 1655 2642 propter
1699 2573 1798 2627 hos

189 2670 361 2709 ausus
393 2655 730 2710 tradiderant
760 2657 1144 2713 occidendum.
1197 2659 1384 2714 Victus
1413 2676 1547 2732 ergo
1581 2660 1794 2724 timore,

179 2743 406 2797 tradidit
477 2744 557 2798 eis
614 2745 799 2798 Jesum
855 2753 914 2799 ut
973 2745 1343 2819 cruciﬁgatur.
1410 2749 1662 2804 Tradidit
1715 2751 1797 2804 eis

177 2833 372 2888 Iesum
416 2836 484 2888 ut
505 2834 951 2905 cruciﬁgeretur.
977 2835 1092 2901 Eis,
1126 2853 1232 2891 non
1255 2837 1400 2908 quod
1422 2837 1525 2907 ipsi
1544 2837 1798 2892 manibus

185 2935 310 2974 eum
343 2921 692 2990 acciperent,
726 2921 816 2992 qui
849 2939 1012 2992 supra
1067 2925 1173 2980 hoc
1219 2933 1641 2994 excusaverant,
1699 2925 1798 2980 sed

189 3015 249 3061 ut
298 3008 531 3063 crimine
593 3008 837 3078 impliciti
895 3011 1180 3066 videantur
1230 3029 1259 3066 a
1318 3029 1424 3084 quo
1479 3013 1638 3068 alieni
1677 3028 1800 3068 esse

181 3105 470 3161 conantur,
503 3113 630 3152 cum
657 3114 765 3151 non
795 3098 897 3152 nisi
928 3115 1026 3169 pro
1054 3100 1134 3154 eis
1162 3101 1267 3156 hoc
1313 3101 1516 3157 faceret
1567 3103 1791 3169 Pilatus,

181 3184 322 3238 unde
352 3200 454 3240 nec
483 3185 556 3238 ait
587 3193 646 3239 ut
675 3185 1052 3259 cruciﬁgerent
1077 3233 1088 3253 ,
1120 3189 1219 3244 sed
1264 3199 1322 3244 ut
1370 3191 1782 3262 crucifigeretur

177 3272 381 3340 judicio
410 3282 464 3328 et
490 3282 759 3344 potestate
787 3276 964 3332 Pilati.

251 3389 426 3443 Vens.
469 3392 554 3444 17.
589 3421 658 3430 --
709 3392 1000 3462 Bajulans.
1059 3393 1311 3448 Portabat
1358 3411 1578 3449 crucem
1627 3412 1779 3451 suam

175 3476 353 3530 Jesus.
387 3476 608 3533 Grande
638 3479 926 3534 ludibrium
975 3480 1154 3551 impiis
1180 3525 1192 3547 ,
1226 3483 1430 3554 grande
1460 3484 1779 3554 mysterium

176 3565 277 3634 piis
308 3565 690 3636 gloriantibus,
724 3569 879 3638 quasi
906 3569 960 3622 in
983 3578 1193 3640 sceptro
1219 3572 1401 3644 regni,
1437 3581 1489 3626 et
1536 3582 1618 3627 est
1649 3589 1779 3629 crux

175 3653 561 3708 candelabrum
617 3654 854 3712 lucerna:
883 3674 1001 3728 quae
1031 3675 1139 3712 non
1172 3668 1286 3713 erat
1317 3661 1418 3714 sub
1447 3661 1630 3717 modio
1687 3678 1778 3732 po-

176 3741 375 3795 nenda.
439 3742 620 3797 Primo
677 3744 939 3798 Dominus
970 3761 1192 3802 crucem
1222 3756 1438 3818 portat,
1475 3750 1599 3821 quia
1628 3751 1778 3821 prior

176 3845 368 3898 passus
401 3838 518 3897 est;
550 3840 738 3901 postea
781 3833 1033 3903 imposita
1088 3844 1171 3890 est
1228 3836 1434 3893 Simoni
1490 3839 1772 3910 Cyrenzeo,

183 3917 304 3987 quia
335 3918 600 3973 debemus
631 3921 784 3991 sequi
813 3922 1062 3995 vestigia.

242 4033 412 4088 Vens.
448 4037 732 4090 18.—Et
781 4053 912 4093 eum
970 4055 1050 4095 eo.
1113 4039 1271 4095 Latro
1328 4041 1418 4112 qui
1475 4044 1774 4113 permansit

173 4119 222 4174 in
252 4121 480 4191 perfidia
510 4123 786 4194 signiﬁcat
810 4125 1026 4183 Judzeos
1051 4146 1066 4194 ;
1094 4129 1184 4200 qui
1217 4128 1524 4197 conﬁtetur,
1579 4142 1773 4204 gentes

183 4209 468 4281 signiﬁcat.

241 4307 408 4362 Vens.
447 4311 534 4363 19.
565 4339 634 4348 -
661 4312 732 4365 Et
781 4315 906 4366 erat
957 4313 1253 4386 scriptum.
1303 4316 1400 4372 Ha:
1430 4323 1541 4372 tres
1570 4317 1774 4390 lingua:

173 4395 376 4448 caeteris
417 4396 727 4451 eminebant
767 4415 781 4452 :
817 4399 1041 4456 Hebrma
1067 4411 1294 4474 propter
1319 4405 1535 4461 Judaeos
1560 4406 1616 4462 in
1647 4407 1771 4480 lege

175 4482 270 4536 Dei
297 4484 630 4554 gloriantes;
664 4486 852 4543 Grmca
884 4498 1102 4560 propter
1159 4493 1400 4564 gentium
1459 4495 1843 4566 sapientes;D

171 4569 353 4626 Latina
389 4581 615 4643 propter
642 4575 917 4634 Romanos
973 4585 1102 4635 tunc
1147 4596 1288 4650 pene
1343 4583 1595 4638 omnibus
1625 4602 1767 4658 gen-

176 4658 316 4712 tibus
345 4659 698 4732 imperantes.

905 4727 936 4744 Α

239 4773 410 4830 Vens.
441 4779 531 4831 23.
551 4808 622 4818 —
643 4779 848 4835 Milites
869 4797 996 4853 ergo
1016 4799 1147 4839 cum
1167 4785 1591 4856 cruciﬁxissent
1613 4805 1761 4844 eum.

168 4860 303 4917 Ecce
331 4880 455 4934 quae
484 4874 642 4936 gesta
671 4876 791 4922 sunt
828 4869 980 4938 juxta
1011 4887 1230 4929 crucem
1251 4918 1268 4942 ,
1303 4890 1426 4930 cum
1451 4877 1561 4946 jam
1592 4877 1766 4933 cruci-

168 4947 298 5004 ﬁxus
329 4960 496 5007 esset.

235 5046 504 5112 Quatuor.
563 5048 964 5123 Quadripertita
1017 5057 1186 5112 vestis
1238 5060 1417 5134 signat
1461 5063 1763 5119 Ecclesiam

169 5138 271 5189 toto
326 5136 478 5200 orbe,
539 5139 630 5209 qui
685 5151 915 5212 quatuor
965 5147 1207 5216 partibus
1255 5158 1467 5205 constat
1513 5151 1762 5208 diffusam

167 5223 410 5278 omnibus
439 5227 683 5296 partibus
714 5231 1017 5303 mqualiter,
1047 5234 1102 5289 id
1135 5244 1217 5291 est
1246 5240 1594 5295 concorditer
1650 5242 1762 5298 dis-

169 5310 433 5402 tributam.
495 5315 704 5372 Tunica
756 5321 943 5376 sortita
988 5325 1228 5380 omnium
1283 5328 1516 5397 partium
1593 5330 1763 5402 signi-

169 5395 282 5453 ficat
305 5401 563 5457 unitatem
588 5446 604 5473 ,
655 5423 776 5477 quae
831 5409 1106 5467 charitatis
1164 5395 1380 5472 vinculo
1435 5417 1755 5476 continetur.

164 5487 418 5561 Desuper.
482 5490 622 5560 Quia
680 5495 912 5552 charitas
968 5503 1338 5572 supereminet
1383 5507 1636 5563 omnibus
1664 5525 1762 5579 per

168 5580 342 5666 totum,
371 5579 496 5650 quia
523 5597 686 5638 nemo
715 5593 797 5640 est
826 5586 942 5655 ejus
972 5604 1171 5662 expers
1226 5593 1317 5664 qui
1370 5595 1642 5666 pertinere
1673 5597 1757 5652 vi—

170 5660 346 5720 deatur
372 5669 440 5724 ad
467 5677 639 5727 totum
660 5714 676 5742 ,
718 5689 749 5728 a
779 5691 887 5747 quo
915 5660 1061 5748 toto,
1121 5660 1262 5737 sicut
1308 5660 1500 5740 Graeca
1555 5685 1760 5743 indicat

1821 1797 1875 1856 B

1909 527 2086 599 gratia
2118 528 2556 585 commendatur.

1980 617 2150 673 Vens.
2181 621 2271 675 26.
2304 648 2374 658 —
2406 620 2545 674 Cum
2574 619 2805 676 vidisset
2833 638 2959 693 ergo
2987 623 3147 678 Iesus
3185 627 3430 678 matrem
3458 629 3516 680 et

1906 704 2249 778 discipulum
2288 711 2540 762 stantem
2571 725 2734 780 quem
2778 709 3060 780 diligebat.
3087 709 3190 778 Qui
3220 711 3404 766 divina
3433 711 3516 767 fa-

1906 800 2113 862 cturus,
2149 795 2305 865 quasi
2338 796 2539 866 repulit
2582 795 2821 868 ignotam
2850 805 3107 864 matrem;
3134 800 3248 868 jam
3276 800 3513 856 ostendit

1906 881 2122 936 venisse
2152 883 2366 952 horam,
2399 901 2563 955 quam
2615 893 2743 941 tunc
2791 887 3057 956 prcedixit,
3092 887 3146 941 in
3187 888 3314 960 quia
3342 905 3514 961 agno—

1905 971 2007 1025 scit
2062 971 2131 1025 de
2186 989 2291 1043 qua
2346 972 2517 1027 fuerat
2575 974 2871 1030 mortaliter
2899 983 3075 1031 natus.
3108 977 3176 1030 Et
3207 977 3364 1033 docet
3395 987 3451 1032 ut
3482 995 3516 1034 a

1905 1058 2011 1128 piis
2040 1057 2164 1114 ﬁliis
2194 1060 2540 1130 impendatur
2571 1077 2698 1118 cura
2726 1064 3063 1134 parentibus,
3096 1065 3241 1120 unde
3270 1074 3323 1121 et
3353 1070 3506 1137 Apo-

1905 1147 2076 1202 stolus
2109 1165 2122 1202 :
2160 1149 2219 1205 Si
2249 1151 2373 1221 quis
2404 1167 2637 1207 suorum
2690 1169 2888 1208 curam
2946 1170 3060 1210 non
3108 1155 3308 1222 habet,
3340 1155 3509 1224 ﬁdem

1903 1240 2073 1307 negat
2103 1237 2151 1306 (Ι
2190 1239 2328 1292 Tim.
2364 1239 2442 1307 v),
2473 1248 2578 1295 etc.

1975 1325 2145 1379 Vens.
2178 1327 2352 1382 21—
2382 1330 2450 1382 Et
2479 1344 2553 1384 ea:
2583 1329 2688 1384 illa
2719 1329 2856 1385 hora
2879 1332 3096 1403 accepit
3116 1348 3242 1387 eam
3269 1333 3510 1406 discipu.

1906 1409 2012 1463 lus.
2047 1407 2152 1476 Qui
2182 1410 2282 1465 etsi
2305 1410 2416 1478 jam
2448 1428 2557 1467 non
2584 1413 2802 1468 haberet
2830 1415 3048 1486 prOpria
3071 1457 3085 1484 ,
3120 1415 3175 1470 in
3205 1416 3295 1470 illa
3327 1417 3506 1473 socie-

1902 1499 2012 1547 tate
2051 1495 2427 1565 centupliciter
2481 1507 2802 1568 acceperat,
2838 1499 2928 1552 ubi
2961 1508 3110 1554 erant
3141 1501 3320 1554 omnia
3349 1517 3506 1557 com-

1903 1580 2106 1651 munia,
2141 1583 2271 1637 nihil
2301 1585 2513 1641 habens
2545 1594 2596 1641 et
2627 1588 2811 1642 omnia
2838 1589 3146 1658 possidens.

2510 1727 2734 1784 CAPUT
2773 1729 2898 1784 XX.

1976 1839 2144 1894 Vens.
2180 1841 2228 1894 4.
2261 1871 2330 1881 -
2364 1843 2674 1899 Currebant
2704 1849 2916 1901 autem.
2947 1848 3186 1903 Joannes
3236 1847 3505 1919 significat

1905 1927 2252 2001 Synagogam
2271 1974 2285 1998 ,
2318 1947 2439 2002 quae
2480 1932 2633 2002 prior
2663 1934 2807 1988 venit
2836 1935 2905 1988 ad
2935 1945 3343 1991 monumentum
3403 1939 3502 1994 sed

1902 2032 2012 2072 non
2038 2017 2270 2087 intravit,
2307 2020 2434 2091 quia
2461 2022 2772 2092 prophetias
2803 2024 2870 2078 de
2901 2025 3268 2081 incarnatione
3299 2035 3350 2081 et
3380 2043 3506 2097 pas-

1903 2104 2053 2159 sione
2082 2105 2304 2174 audivit,
2338 2109 2436 2163 sed
2481 2117 2532 2163 et
2588 2120 2860 2166 mortuum
2892 2113 3114 2170 credere
3143 2114 3331 2170 noluit.
3395 2116 3501 2170 Pe-

1902 2200 2016 2247 trus
2044 2194 2352 2250 Ecclesiam
2377 2241 2388 2261 ,
2425 2214 2546 2268 qua:
2576 2200 2833 2271 cognovit
2863 2217 3026 2257 carne
3077 2211 3352 2258 mortuum
3375 2248 3387 2271 ,
3421 2204 3501 2258 vi-

1899 2289 2112 2337 ventem
2126 2283 2354 2340 credidit
2382 2287 2576 2353 Deum,
2606 2296 2732 2358 post
2759 2305 2921 2359 quem
2952 2298 3004 2345 et
3024 2291 3080 2345 in
3109 2292 3296 2347 Judaea
3318 2293 3371 2346 in
3389 2291 3496 2348 ﬁne

1901 2369 2142 2427 intrabit.

1973 2485 2142 2540 Vens.
2174 2488 2227 2541 '7.
2252 2518 2321 2527 —
2339 2488 2664 2560 Separatur.
2699 2490 2837 2559 Quia
2867 2502 3206 2549 sacramenta
3234 2496 3496 2552 Divinita-

1901 2573 1967 2626 tis
1996 2572 2561 2644 incomprehensibilia
2617 2595 2647 2631 a
2692 2587 2895 2635 nostrae
2948 2581 3275 2638 inﬁrmitatis
3307 2586 3497 2658 cogni-

1900 2661 2043 2716 tione
2075 2672 2280 2718 remota
2311 2673 2453 2720 sunt.
2484 2667 2545 2720 In
2573 2667 2834 2734 involuto,
2868 2685 2969 2726 nec
2998 2668 3120 2726 ﬁnis
3149 2688 3252 2728 nec
3281 2673 3492 2730 initium

1898 2749 2176 2820 aspicitur.
2211 2752 2301 2808 Sic
2329 2753 2594 2810 celsitudo
2624 2755 2931 2812 Divinitatis
2980 2775 3080 2814 nec
3131 2761 3295 2831 coepit
3349 2779 3491 2834 esse,

1898 2853 2000 2892 nec
2029 2839 2245 2895 desinit.
2277 2841 2342 2895 In
2363 2859 2544 2897 unum
2574 2844 2776 2899 locum.
2795 2845 2953 2912 _Quia
2983 2847 3036 2901 in
3070 2848 3304 2904 scissura
3333 2841 3492 2906 men-

1896 2925 2031 2979 tium
2059 2928 2207 2982 Deus
2254 2945 2362 2984 non
2393 2939 2494 2998 est,
2530 2932 2627 2986 sed
2660 2933 2715 2987 in
2742 2934 2961 2990 unitate.
3024 2936 3153 3002 Vel,
3214 2939 3492 2994 sudarium

1896 3014 2084 3084 capitis
2112 3017 2294 3086 passio
2326 3018 2540 3084 Christi,
2577 3021 2730 3090 cujus
2775 3034 3118 3080 sacramenta
3176 3026 3491 3083 inﬁdelibus

1808 3152 1856 3215 C
1897 3111 2022 3157 sunt
2074 3105 2340 3161 occultata
2389 3125 2670 3178 seorsum,
2707 3111 2829 3182 quia
2858 3112 3020 3186 longe
3054 3129 3086 3168 a
3114 3125 3329 3184 nostra,
3365 3117 3491 3188 quia

1887 3190 1977 3215 :n-
2024 3202 2210 3215 -..Α-ι.-
2254 3204 2296 3215 -L
2333 3196 2438 3215 _.',__
2513 3213 2524 3215 _
2573 3198 2585 3215 I
3163 3203 3172 3214 ι
3254 3205 3307 3215 .,.

1887 3190 1980 3245 ille
2023 3202 2214 3263 sponte
2247 3204 2300 3249 et
2329 3196 2446 3251 sine
2503 3198 2657 3269 culpa
2716 3216 2942 3270 passus,
3005 3218 3106 3258 nos
3160 3203 3311 3260 inviti
3369 3221 3492 3261 cum

1887 3280 2069 3351 culpa.

1954 3399 2122 3453 Vens.
2157 3403 2208 3454 9.
2244 3431 2312 3440 —
2342 3402 2600 3458 Nondum
2636 3407 2812 3460 enim.
2848 3407 3092 3476 Scilicet,
3126 3427 3297 3482 usque
3327 3411 3492 3484 adeo,

1880 3493 1937 3540 ut
1983 3503 2106 3542 cum
2144 3488 2213 3541 ab
2244 3489 2362 3559 ipso
2419 3492 2650 3546 Domino
2711 3503 2896 3563 aperte
2945 3497 3220 3552 diceretur
3271 3509 3489 3572 prepter

1881 3576 2329 3632 consuetudinem
2362 3579 2430 3632 ab
2460 3596 2525 3633 eo
2554 3581 2807 3636 audiendi
2837 3584 3156 3654 parabolas,
3192 3603 3300 3642 non
3331 3589 3488 3645 intel-

1880 3662 2136 3736 ligerent.

1954 3780 2118 3834 Vens.
2158 3783 2242 3835 11.
2275 3811 2344 3820 -
2373 3784 2632 3839 Plorans.
2665 3785 2782 3839 Jam
2813 3787 2936 3856 plus
2965 3788 3034 3843 de
3062 3789 3273 3846 sublato
3321 3808 3484 3864 quam

1877 3865 1944 3919 de
1977 3867 2161 3924 occiso
2191 3868 2383 3938 plorat,
2419 3871 2547 3942 quia
2578 3874 2706 3927 tanti
2737 3876 2983 3948 magistri
3013 3879 3168 3946 cujus
3200 3880 3310 3933 vita
3341 3881 3476 3935 sub-

1877 3962 2048 4010 tracta
2090 3955 2304 4023 fuerat,
2340 3976 2440 4015 nec
2471 3962 2736 4018 memoria
2765 3966 3079 4020 remanebat
3111 3975 3162 4020 et
3193 3967 3293 4022 iste
3323 3968 3481 4024 dolor

1875 4041 1950 4095 ibi
1981 4060 2098 4098 eam
2130 4048 2364 4101 tenebat.
2399 4050 2543 4103 Dum
2574 4067 2718 4121 ergo,
2753 4060 2854 4107 etc.
2890 4053 3020 4108 Cum
3057 4071 3178 4108 eum
3211 4055 3376 4112 sciret
3405 4056 3480 4111 ibi

1874 4146 1982 4185 non
2014 4148 2154 4202 esse,
2190 4135 2286 4188 sed
2318 4136 2444 4206 quia
2476 4137 2635 4192 nimis
2662 4139 2826 4210 dolet,
2860 4158 2962 4197 nec
2993 4143 3105 4197 suis
3135 4145 3327 4213 oculis,
3376 4162 3478 4202 nec

1875 4219 2047 4274 oculis
2077 4221 2290 4276 illorum
2325 4224 2554 4279 duorum
2586 4229 2921 4284 credentium
2952 4233 3176 4301 putavit.
3233 4233 3326 4288 Vel
3371 4250 3477 4304 po-

1875 4306 1980 4361 tius
2010 4309 2194 4366 divino
2227 4311 2483 4368 instinctu
2515 4316 2617 4371 hoc
2647 4315 2849 4372 factum
2876 4328 2976 4375 est.

1945 4424 2114 4480 Vens.
2149 4430 2234 4482 12.
2268 4458 2338 4467 -
2378 4429 2518 4486 Vidit
2561 4431 2716 4486 duos.
2753 4435 2964 4505 Angeli,
3001 4435 3053 4490 id
3085 4445 3166 4492 est
3195 4440 3384 4506 nuntii,
3410 4441 3476 4496 si-

1873 4512 2131 4583 gniﬁcant
2179 4517 2540 4588 Evangelium
2573 4520 2772 4576 Christi
2803 4539 2833 4575 a
2862 4525 3041 4594 capite
3070 4542 3243 4598 usque
3271 4529 3337 4584 ad
3368 4547 3471 4600 pe-

1870 4601 1987 4668 des,
2020 4602 2076 4656 id
2106 4612 2188 4658 est
2213 4604 2281 4658 ab
2311 4605 2461 4660 initio
2488 4623 2662 4678 usque
2705 4611 2774 4664 ad
2823 4610 2985 4667 ﬁnem
3043 4630 3164 4670 esse
3214 4619 3469 4672 nuntian-

1868 4690 2017 4745 dum.
2049 4692 2118 4744 Et
2143 4692 2236 4746 ille
2266 4709 2331 4747 ex
2359 4695 2612 4764 passione
2642 4713 2741 4752 sua
2789 4708 2901 4753 erat
2948 4702 3309 4772 nuntiandus,
3344 4708 3470 4778 quia

1866 4779 2013 4832 Deus
2042 4788 2125 4834 est
2153 4789 2277 4836 ante
2307 4783 2525 4850 saecula,
2561 4794 2614 4839 et
2640 4786 2804 4841 homo
2834 4787 2889 4842 in
2919 4788 3026 4846 ﬁne
3057 4794 3265 4848 saeculi.
3306 4796 3474 4852 Sedet

1866 4882 1999 4938 ergo
2029 4869 2259 4942 angelus
2291 4870 2358 4926 ad
2390 4881 2568 4944 caput,
2599 4890 2720 4929 cum
2751 4875 2878 4932 dicit
2912 4897 2924 4932 :
2959 4880 3023 4934 In
3042 4884 3323 4955 principio
3345 4890 3469 4941 erat

1872 4956 2118 5012 Verbum.
2150 4958 2233 5013 Ad
2261 4960 2450 5030 pedes,
2486 4977 2607 5018 cum
2639 4963 2805 5020 dicit:
2838 4968 3067 5024 Verbum
3086 4987 3215 5027 caro
3243 4975 3466 5043 factum

1864 5048 1965 5099 est.
2004 5046 2103 5100 Vel
2133 5047 2241 5102 duo
2297 5050 2481 5122 angeli
2522 5053 2628 5107 duo
2681 5054 3056 5128 Testamenta,
3090 5075 3257 5115 unum
3287 5063 3460 5133 prius,

1862 5131 2006 5187 aliud
2036 5149 2292 5205 sequens.
2326 5139 2624 5207 Conjuncta
2652 5142 2782 5197 dum
2827 5146 2946 5215 pari
2995 5163 3158 5202 sensu
3214 5131 3464 5206 incarna-

1861 5227 1993 5290 tum,
2023 5231 2314 5294 mortuum,
2344 5229 2720 5286 resuscitatum
2751 5233 3014 5290 nuntiant.

1935 5337 2101 5428 Vens.
2251 5369 2321 5380 —
2344 5341 2484 5407 Quid
2501 5345 2736 5415 ploras?
2773 5346 2940 5416 Quasi
2968 5350 3109 5406 dicat
3143 5369 3155 5406 :
3192 5354 3458 5428 Nolipec-

1859 5439 2007 5479 care.
2042 5426 2334 5482 Prohibent
2380 5429 2649 5502 lacrymas
2692 5437 3095 5507 quodammodo
3153 5426 3460 5500 nuntiantes

1858 5513 2139 5586 gaudium.
2171 5517 2239 5570 At
2267 5517 2356 5572 illa
2385 5527 2580 5590 putans
2612 5538 2708 5579 eos
2737 5524 3077 5599 interrogare
3124 5532 3453 5600 nescientes,

1855 5601 2034 5672 prodit
2053 5618 2276 5660 causam
2296 5606 2654 5679 lacrymarum
2674 5629 2688 5665 :
2714 5614 2854 5682 Quia
2877 5619 3139 5674 tulerunt
3151 5621 3458 5676 Dominum

1855 5706 2064 5759 meum,
2099 5692 2154 5750 id
2183 5702 2266 5750 est
2290 5709 2490 5769 corpus
2517 5699 2735 5756 Domini
2765 5703 2890 5760 mei.
