3948 6178
451 281 554 334 423

1057 279 1457 334 WALAFRIDI
1487 279 1732 333 STRABI
1761 278 1961 333 FULD.
1997 275 2170 332 MON.
2205 275 2356 332 OPP.
2399 280 2575 336 PARS
2605 281 2646 334 Ι.
2687 313 2748 322 -
2778 283 3249 345 THEOLOGICA.

3663 292 3758 349 424

528 403 692 456 Vens.
729 404 814 456 14.
848 433 916 441 -
949 404 1014 457 Et
1044 420 1160 459 non
1187 403 1397 458 sciebat
1425 405 1555 474 quia
1585 405 1765 471 Jesus,
1784 409 1886 456 etc.
1913 401 2117 470 QuiaA
2217 401 2386 456 Vens.
2420 407 2508 459 28.
2543 435 2612 446 —-
2643 407 2962 478 Respondit.
3016 409 3246 464 Videbat
3275 419 3328 466 et
3359 414 3616 484 tangebat
3670 416 3762 470 ho-

455 500 672 562 tergum
722 491 794 544 ad
841 507 963 545 eum
1022 491 1256 544 habebat
1312 507 1471 560 quem
1529 506 1639 546 non
1695 490 2058 545 resurrexisse

453 581 740 646 credebat;
773 579 896 650 quia
924 580 1136 633 amabat
1164 587 1218 633 et
1242 578 1523 633 dubitabat
1548 622 1560 644 ,
1613 579 1832 634 videbat
1862 587 1914 634 et
1943 595 2058 634 non

460 668 848 740 cognoscebat.

525 784 693 837 Vens.
730 785 814 836 15.
849 813 917 821 -
949 783 1122 849 Quem
1143 784 1388 854 quaeris?
1424 784 1531 838 Illa
1562 785 1905 839 existimans
1926 785 2057 854 quia

453 873 789 927 hortulanus
811 875 972 934 esset,
1021 872 1159 927 dicit
1204 874 1275 926 ci.
1329 873 1452 932 Non
1483 873 1627 943 quod
1657 871 1866 926 dubitet
1897 887 2059 942 quem

450 959 784 1029 requireret,
820 959 916 1012 sed
950 959 1080 1029 quia
1109 959 1200 1013 illa
1231 976 1390 1030 quem
1423 960 1611 1031 quierit
1641 959 1892 1032 ignoret,
1949 975 2057 1014 non

457 1046 598 1100 enim
644 1047 835 1118 quierit
895 1047 1186 1111 Christum,
1250 1049 1348 1102 sed
1405 1065 1565 1119 quem
1621 1056 1770 1118 putat
1827 1056 2054 1118 raptum.

452 1137 708 1191 Domine.
746 1135 921 1203 Quem
951 1143 1099 1206 putat
1126 1136 1468 1191 hortulanum
1499 1136 1628 1191 dicit
1658 1135 1965 1202 Dominum,
2003 1142 2059 1189 ut

464 1222 848 1280 honoriﬁcaret
895 1225 1170 1279 hominem
1201 1241 1234 1278 a
1263 1241 1369 1296 quo
1425 1225 1656 1297 rogabat
1711 1224 2054 1280 beneﬁcium.

459 1311 576 1368 Nec
603 1311 682 1367 sic
713 1312 843 1367 dicit
873 1329 996 1367 eum
1027 1313 1337 1380 Dominum,
1372 1313 1508 1368 sicut
1538 1313 1690 1367 illum
1720 1310 1880 1384 quem
1911 1329 2057 1383 quas-

454 1400 522 1454 rit
552 1400 840 1455 sublatum.
902 1403 1088 1456 Jesum
1134 1417 1265 1457 vero
1323 1417 1633 1474 agnoscens
1663 1409 1818 1457 vocat
1846 1401 2057 1472 magis-

449 1497 595 1543 trum
614 1533 627 1556 ,
663 1488 786 1560 quia
816 1490 1002 1545 recolit
1031 1506 1154 1545 eum
1184 1507 1214 1543 a
1246 1505 1353 1561 quo
1384 1491 1701 1546 discernere
1745 1491 1975 1544 humana
2006 1496 2060 1544 et

443 1577 626 1633 divina
655 1577 914 1634 discebat.
974 1579 1032 1634 Si
1083 1583 1147 1634 tu
1202 1579 1498 1634 sustulisti
1555 1596 1704 1634 eum.
1751 1578 1878 1632 Non
1926 1577 2058 1633 dicit

442 1683 604 1738 quem
631 1709 644 1733 ,
678 1667 802 1738 quia
830 1668 933 1721 hoc
963 1667 1017 1720 in
1050 1667 1230 1722 animo
1273 1667 1386 1739 agit
1417 1667 1499 1723 vis
1532 1666 1738 1722 amoris
1761 1709 1774 1736 ,
1810 1674 1866 1720 ut
1897 1683 2057 1738 quem

441 1771 659 1826 semper
688 1755 886 1828 cogitat
914 1755 1118 1810 nullum
1148 1755 1311 1810 alium
1343 1755 1601 1828 ignorare
1631 1756 1838 1810 credat.

513 1845 681 1898 Vens.
704 1848 865 1899 16.—
882 1846 1075 1900 Maria.
1105 1845 1379 1900 Conversa
1396 1847 1502 1900 illa
1521 1845 1666 1901 dicit
1683 1846 1736 1900 ei
1752 1865 1769 1899 :
1783 1844 2047 1909 Rabboni,

443 1933 584 2006 quod
603 1933 814 1989 dicitur
829 1935 1117 2005 magister.
1141 1935 1290 1989 Dicit
1311 1936 1364 1990 ei
1379 1936 1557 1990 Iesus.
1589 1935 1882 2005 Postquam
1909 1949 2056 1988 com-

439 2021 588 2075 muni
646 2021 863 2077 nomine
892 2022 1139 2090 vocavit,
1175 2030 1228 2077 et
1256 2037 1364 2077 non
1397 2029 1479 2077 est
1509 2021 1724 2092 agnitus
1749 2062 1762 2089 ,
1795 2029 1955 2077 vocat
1984 2037 2048 2075 ex

437 2109 654 2166 nomine
675 2153 688 2175 ,
720 2127 783 2164 ac
812 2109 857 2164 si
887 2110 1031 2166 dicat
1057 2154 1069 2176 ,
1105 2111 1463 2182 Recognosce
1493 2127 1618 2165 eum
1655 2126 1688 2164 a
1719 2126 1828 2183 quo
1885 2125 2047 2166 reco-

437 2199 745 2270 gnosceris.
1469 2197 1480 2208 ’

511 2288 675 2342 Vens.
714 2291 799 2340 18.
826 2318 894 2327 —
934 2289 1090 2343 Venit
1111 2289 1288 2343 Maria
1315 2289 1657 2360 Magdalenen
1685 2288 2048 2342 annuntians

436 2377 752 2448 discipulis,
770 2379 904 2448 quia
934 2378 1073 2432 vidit
1086 2378 1409 2442 Dominum,
1432 2385 1536 2432 etc.
1555 2377 1636 2430 Ibi
1658 2376 1817 2447 culpa
1837 2375 2048 2430 abscin-

435 2464 577 2519 ditur
604 2465 772 2520 undet
800 2465 1090 2536 processit.
1144 2465 1337 2520 Mulier
1365 2473 1597 2520 mortem
1629 2465 1747 2520 viro
1780 2464 2046 2535 prepina-

435 2553 547 2622 vit,
582 2554 745 2608 modo
772 2553 966 2608 mulier
993 2554 1160 2608 vitam
1189 2553 1400 2608 nuntiat
1429 2553 1561 2607 viris
1589 2595 1602 2621 ,
1665 2561 1717 2608 et
1762 2569 1884 2623 qua:
1923 2559 2048 2606 tunc

435 2643 605 2698 verba
634 2642 900 2713 serpentis
947 2643 1111 2697 modo
1157 2650 1334 2696 narrat
1362 2642 1527 2697 verba
1558 2641 1910 2696 viviﬁcatoris
1939 2683 1951 2706 ,
1985 2657 2049 2697 ac

436 2731 483 2784 si
511 2730 645 2801 ipsis
676 2731 835 2786 rebus
866 2730 1009 2785 dicat
1038 2732 1185 2784 Deus
1219 2748 1232 2783 :
1267 2733 1347 2784 De
1379 2747 1482 2801 qua
1510 2745 1674 2783 manu
1727 2729 1908 2783 illatus
1964 2738 2053 2785 est

431 2828 591 2891 potus
618 2819 827 2884 mortis,
860 2820 929 2874 de
952 2821 1069 2889 ipsa
1097 2819 1356 2889 suscipite
1385 2827 1574 2890 potum
1606 2819 1751 2874 vitae.

509 2935 673 2990 Vens.
711 2938 872 2989 19.—
899 2935 1036 2990 Cum
1066 2951 1212 3006 ergo,
1245 2941 1348 2989 etc.
1375 2933 1490 2988 Hoc
1520 2933 1639 3003 ipso
1669 2933 1725 2986 in
1759 2932 1848 2987 die
1869 2948 2047 2988 resur-

433 3023 691 3079 rectionis
719 3022 920 3079 factum
949 3032 1064 3087 est,
1098 3022 1153 3075 in
1184 3037 1291 3093 quo
1323 3021 1611 3092 quinquies
1657 3022 1817 3076 Jesus
1876 3037 2045 3092 appa-

432 3112 559 3166 ruit.
593 3111 772 3166 Primo
805 3111 990 3167 Maria:
1021 3110 1356 3183 Magdalenae
1381 3155 1393 3174 ,
1427 3109 1668 3165 secundo
1699 3109 1877 3164 eidem
1918 3126 2038 3165 cum
2062 3118 2110 3181 ο

431 3199 550 3256 aliis
581 3200 817 3255 currenti
845 3199 1091 3254 nuntiare
1137 3199 1415 3270 discipulis
1474 3198 1817 3264 volentibus,
1881 3199 2042 3254 tertio

430 3290 612 3355 Petro,
647 3296 838 3360 quarto
869 3288 1121 3358 CleOphre
1142 3294 1196 3341 et
1217 3287 1367 3342 socio
1391 3287 1525 3356 ejus,
1549 3287 1736 3358 quinto
1757 3286 2041 3358 discipulis

421 3377 599 3445 januis
629 3377 823 3432 clausis
853 3376 1128 3448 praedictis
1156 3376 1370 3430 duobus
1396 3375 1509 3444 jam
1541 3375 1798 3430 reversis.

503 3491 668 3546 Vens.
700 3495 789 3549 20.
814 3521 883 3532 —-
913 3491 1170 3547 Ostendit
1198 3493 1279 3546 eis
1302 3508 1510 3546 manus
1537 3495 1594 3545 et
1618 3492 1787 3546 latus.
1822 3491 1946 3546 Post
1964 3507 2042 3546 re-

431 3579 817 3636 surrectionem
845 3581 900 3634 in
928 3595 1156 3650 corpore
1186 3596 1285 3634 suo
1316 3579 1578 3634 Dominus
1616 3579 1724 3634 duo
1769 3579 2041 3634 contraria

428 3669 700 3736 ostendit,
745 3677 797 3723 et
844 3669 1114 3740 palpabile
1145 3668 1394 3738 ejusdem
1424 3676 1629 3723 naturae
1659 3676 1716 3721 ut
1745 3666 1940 3723 formet
1968 3667 2037 3722 ad

428 3756 611 3824 ﬁdem,
646 3767 699 3813 et
727 3757 1133 3829 incorruptibilc
1164 3757 1388 3813 alterius
1420 3756 1608 3829 gloriae
1633 3764 1689 3811 ut
1719 3755 1908 3812 invitet
1968 3756 2037 3810 ad

426 3847 729 3917 praemium.

497 3945 667 3998 Vens.
700 3948 788 4000 21.
815 3975 883 3984 —
911 3946 1077 4000 Dixit
1100 3960 1227 4015 ergo
1242 3946 1321 3998 eis
1337 3943 1566 3998 iterum.
1593 3945 1718 3997 Paa:
1736 3943 1903 4009 vobis,
1929 3949 2032 3997 etc.

427 4034 624 4088 Pacem
655 4030 830 4101 offert,
866 4032 956 4103 qui
988 4039 1209 4102 propter
1265 4047 1455 4101 pacem
1509 4030 1692 4095 venit,
1743 4031 1927 4101 iterat,
1979 4042 2038 4088 ut

427 4128 690 4175 monstret
720 4137 821 4192 per
851 4137 1009 4174 suum
1043 4119 1366 4192 sanguinem
1426 4135 1548 4174 esse
1603 4117 1882 4190 paciﬁcate
1913 4136 2034 4190 quae

423 4207 481 4262 in
510 4208 663 4264 ccelis
695 4218 837 4275 sunt,
875 4217 927 4265 et
957 4225 1078 4280 qua)
1106 4209 1162 4262 in
1193 4217 1361 4262 terra.

496 4298 664 4353 Vens.
684 4303 773 4356 22.
793 4329 861 4337 —
890 4299 1136 4369 Accipite
1158 4298 1436 4368 Spiritum
1452 4301 1734 4352 sanctum.
1755 4297 1948 4367 (Aue.)
1972 4298 2032 4350 In

425 4394 573 4443 terra
602 4387 759 4442 datur
807 4387 1030 4458 spiritus
1061 4395 1118 4440 ut
1148 4385 1405 4455 diligatur
1441 4385 1722 4457 proximus
1756 4428 1769 4451 ,
1815 4402 1846 4440 e
1890 4385 2030 4441 cmlo

424 4477 581 4532 datur
605 4477 853 4548 Spiritus,
886 4485 943 4531 ut
969 4475 1226 4548 diligatur
1246 4477 1412 4529 Deus.

493 4593 662 4646 Vens.
693 4597 782 4650 23.
813 4623 883 4632 —-—
934 4592 1179 4659 Quorum
1225 4591 1562 4646 remiseritis
1606 4594 1857 4662 peccata.
1881 4590 2024 4646 Ecce

420 4680 686 4747 charitas,
723 4699 843 4752 quae
873 4698 972 4751 per
1003 4681 1258 4750 Spiritum
1287 4687 1533 4735 sanctum
1567 4677 1866 4733 infunditur
1895 4695 2024 4733 cor—

425 4769 585 4822 dibus
616 4784 822 4823 eorum.
857 4769 960 4837 Qui
991 4768 1281 4839 participes
1313 4768 1393 4822 sui
1425 4777 1565 4834 sunt,
1601 4776 1820 4838 peccata
1851 4767 2025 4822 dimit-

426 4857 514 4923 tit;
550 4872 735 4911 eorum
766 4856 856 4927 qui
885 4871 991 4910 non
1024 4865 1179 4922 sunt,
1215 4865 1377 4911 tenet.
1437 4857 1503 4911 Et
1559 4856 1683 4910 ideo
1737 4864 2023 4927 postquam

422 4946 588 5000 dixit:
613 4946 862 5017 Accipite
884 4945 1161 5016 Spiritum
1181 4950 1464 5010 sanctum,
1486 4945 1738 5000 continuo
1761 4944 2020 5014 subjecit:

428 5035 673 5102 Quorum
693 5034 1028 5088 remiseritis
1048 5039 1302 5105 peccata.

493 5122 663 5176 Vens.
694 5125 782 5179 24.
816 5153 884 5161 —
921 5123 1152 5177 Thomas
1172 5127 1364 5177 autem
1386 5139 1556 5178 unus.
1588 5123 1713 5177 Non
1744 5139 1888 5187 casu,
1925 5123 2022 5177 sed

421 5210 602 5264 divina
631 5210 983 5280 dispositione
1004 5209 1173 5264 defuit
1191 5211 1427 5264 Thomas
1471 5219 1522 5266 et
1562 5211 1742 5267 audita
1763 5227 1873 5265 non
1903 5227 2023 5266 cre-

421 5298 590 5364 didit;
625 5298 766 5352 unde
795 5298 1122 5368 palpandum
1155 5315 1213 5353 se
1248 5298 1297 5352 ei
1330 5299 1591 5353 Dominus
1613 5298 1863 5370 praebuit,
1900 5298 2022 5369 quia

420 5387 537 5456 ejus
569 5386 896 5441 dubitatione
927 5395 978 5441 et
1011 5386 1147 5442 facta
1178 5387 1280 5440 sibi
1311 5387 1628 5458 probatione
1659 5387 1791 5441 nulli
1851 5386 2021 5441 relin-

424 5477 603 5547 quitur
625 5476 736 5544 jam
765 5475 1033 5529 dubitare.
1070 5476 1174 5542 Qui
1193 5476 1404 5531 dicitur
1422 5476 1710 5548 Didymus.
1735 5475 2018 5546 Didymus,

424 5565 478 5620 id
507 5574 589 5620 est
619 5563 888 5637 geminus,
923 5564 1046 5635 quia
1077 5564 1273 5618 dubius
1290 5565 1545 5632 Thomas,
1569 5565 1624 5620 id
1645 5573 1731 5619 est
1749 5565 1980 5635 abyssus
2005 5582 2017 5617 :

427 5654 556 5724 quia
583 5653 880 5710 dubitando
911 5653 1229 5726 profundius
1257 5654 1424 5709 novit.

2159 488 2378 556 minem,
2411 500 2464 545 et
2491 509 2650 562 super
2681 494 2782 549 hoc
2814 495 2987 550 Deum
3015 498 3266 553 credebat
3285 498 3396 567 jam
3431 511 3640 556 remota
3665 502 3764 556 du-

2158 576 2432 645 bitatione,
2465 589 2517 634 et
2547 580 2896 636 conﬁtebatur
2926 601 3083 655 quem
3112 602 3223 642 non
3249 587 3485 643 videbat.

2231 666 2397 721 Vens.
2430 672 2517 724 29.
2551 700 2618 708 —
2654 671 2793 739 Quia
2824 673 3017 728 vidisti
3043 692 3152 741 me,
3193 677 3415 742 Thoma,
3447 679 3760 746 credidisti,

2158 754 2278 809 Non
2307 755 2377 808 ait
2407 756 2666 827 tetigisti,
2701 761 2798 814 sed
2829 761 3009 816 vidisti
3065 780 3078 816 :
3143 765 3266 836 quia
3323 766 3472 821 visus
3530 769 3761 838 quodam

2159 843 2318 898 modo
2350 846 2618 914 generalis
2646 864 2839 903 sensus
2871 859 2953 904 est
2983 852 3073 922 qui
3100 854 3170 908 de
3200 854 3317 909 aliis
3377 865 3608 928 quatuor
3660 857 3764 913 dici

2159 932 2317 987 solet.
2359 933 2600 988 Forsitan
2657 953 2765 993 non
2822 939 2916 992 fuit
2973 956 3135 996 ausus
3186 952 3448 1014 tangere;
3481 946 3582 1001 sed
3612 946 3757 1018 aspi-

2159 1020 2349 1077 ciendo
2380 1030 2598 1091 tantum,
2633 1042 2730 1080 seu
2758 1027 2919 1081 etiam
2949 1032 3220 1101 tangendo
3249 1033 3436 1088 credit.

2229 1112 2405 1166 Beati.
2442 1112 2792 1170 Commendat
2823 1117 2984 1172 ﬁdem
3024 1121 3299 1190 gentium,
3353 1123 3451 1177 sed
3495 1125 3764 1194 praeterito

2156 1197 2333 1296 utitur,
2367 1209 2422 1253 ut
2451 1202 2539 1272 qui
2565 1203 2709 1274 quod
2741 1214 2848 1259 erat
2896 1207 3126 1264 futurum
3153 1254 3165 1274 ,
3223 1209 3278 1264 in
3337 1227 3432 1266 sua
3482 1213 3761 1284 praedesti-

2159 1292 2374 1344 natione
2405 1299 2624 1346 noverat
2653 1292 2758 1360 jam
2791 1295 3010 1351 factum.

2754 1467 2978 1525 CAPUT
3017 1471 3167 1526 XXI.

2229 1631 2394 1685 Vens.
2431 1636 2479 1687 1.
2513 1665 2580 1674 —
2600 1638 2801 1692 Postea
2831 1642 3242 1712 manifestavit.
3266 1644 3490 1700 Relictis
3510 1646 3762 1701 omnibus

2069 1759 2123 1818 B
2156 1719 2322 1773 secuti
2350 1719 2562 1776 fuerunt
2590 1723 2794 1779 Jesum.
2827 1725 2984 1795 Quod
3013 1730 3059 1784 si
3086 1739 3210 1802 post
3240 1741 3466 1789 mortem
3497 1735 3632 1790 Jesu
3662 1751 3760 1788 an-

2153 1813 2365 1878 tequam
2397 1810 2709 1866 redderetur
2763 1814 2842 1868 eis
2902 1817 3089 1884 vivus,
3148 1821 3470 1892 repetissent
3525 1824 3763 1894 priorem

2151 1902 2318 1950 artem
2341 1941 2353 1964 ,
2389 1908 2613 1968 possent
2637 1901 2808 1956 videri
2840 1919 2907 1958 ex
2935 1905 3310 1978 desperatione
3367 1911 3471 1967 hoc
3523 1911 3763 1977 fecisse;

2149 1985 2246 2038 sed
2274 1995 2394 2056 post
2423 1989 2685 2044 redditum
2717 1991 2914 2059 vivum,
2939 2003 3062 2064 post
3090 2007 3368 2070 acceptum
3410 2000 3526 2068 ejus
3575 2001 3756 2055 insuf-

2148 2073 2377 2129 ﬂationis
2419 2077 2689 2150 spiritum,
2722 2089 2846 2150 post
2872 2083 3035 2137 verba
3069 2085 3182 2154 ejus
3214 2104 3227 2140 :
3264 2089 3424 2143 Sicut
3459 2091 3627 2144 misit
3671 2106 3758 2146 me

2148 2164 2335 2230 Pater,
2379 2169 2438 2220 et
2463 2181 2555 2238 ego
2602 2170 2766 2224 mitto
2816 2186 2926 2236 vos,
2977 2172 3152 2229 subito
3181 2172 3312 2230 ﬁunt
3342 2176 3486 2247 quod
3512 2177 3751 2243 fuerunt,

2147 2250 2458 2321 piscatores,
2483 2270 2592 2310 non
2622 2256 2900 2313 hominum
2927 2261 3024 2315 sed
3052 2261 3301 2332 piscium.
3335 2264 3443 2320 Sed
3463 2265 3755 2322 sciendum

2148 2348 2228 2394 est
2255 2357 2363 2396 non
2390 2343 2690 2412 prohibitos
2718 2345 2886 2402 fuisse
2917 2366 3012 2403 sua
3049 2358 3164 2406 arte
3193 2352 3337 2408 licita
3361 2354 3564 2410 victum
3596 2372 3754 2428 qum-

2147 2445 2283 2498 rere,
2317 2432 2642 2501 apostolatus
2672 2433 2973 2508 integritate
3001 2447 3211 2495 servata
3232 2484 3245 2506 ,
3278 2458 3399 2497 cum
3428 2443 3577 2498 unde
3607 2444 3759 2499 vive—

2147 2527 2264 2572 rent
2310 2535 2416 2574 non
2462 2521 2751 2590 haberent,
2784 2531 2835 2578 et
2865 2525 2943 2580 sic
2969 2526 3074 2580 illis
3127 2528 3492 2586 laborantibus
3549 2532 3754 2601 adjecit

2146 2607 2293 2662 Deus
2315 2610 2619 2664 necessaria
2650 2629 2770 2682 quae
2814 2614 3098 2684 promisit,
3150 2617 3237 2673 hic
3287 2627 3463 2674 autem
3518 2621 3754 2691 penuria

2146 2711 2329 2750 eorum
2384 2697 2645 2768 disposita
2670 2707 2772 2765 est,
2805 2710 2861 2755 ut
2888 2702 2942 2756 in
2972 2703 3268 2774 piscatione
3323 2715 3465 2762 tanta
3525 2709 3758 2765 exhibe-

2149 2792 2331 2838 rentur
2361 2796 2714 2844 sacramenta.

2219 2873 2386 2928 Vens.
2420 2876 2512 2929 14.
2548 2908 2616 2916 -
2642 2878 2750 2934 Hoc
2762 2881 2910 2950 jam.
2943 2880 3065 2936 Non
3095 2883 3238 2954 quod
3268 2892 3347 2939 ter
3376 2892 3582 2940 tantum
3643 2904 3760 2941 ma-

2145 2961 2422 3017 nifestatus
2454 2964 2554 3031 sit,
2588 2966 2686 3020 sed
2715 2967 2782 3020 ad
2811 2968 2927 3024 dies
2957 2969 3150 3039 refert,
3185 2971 3360 3042 primo
3389 2974 3478 3030 die
3508 2991 3620 3047 quo
3664 2993 3758 3032 re-

2151 3051 2397 3121 surrexit,
2428 3061 2549 3123 post
2577 3063 2695 3110 octo
2726 3055 2862 3124 dies,
2896 3058 2999 3113 hoc
3029 3058 3117 3114 die
3146 3062 3359 3131 quando
3387 3063 3491 3117 hoc
3521 3063 3656 3120 fecit
3687 3066 3758 3120 de

2140 3139 2400 3210 piscibus.
2433 3143 2737 3198 Secundum
2769 3145 2885 3200 dies
2913 3163 3043 3218 ergo
3072 3148 3533 3206 manifestationes
3565 3169 3757 3210 nume-

2143 3238 2340 3284 rantur.
2399 3231 2600 3298 Prima,
2637 3232 3059 3307 quotiescunque
3097 3237 3166 3292 sit
3190 3237 3326 3294 facta
3348 3283 3360 3306 ,
3393 3255 3502 3296 uno
3533 3241 3630 3297 die
3663 3258 3757 3297 re-

2141 3320 2506 3375 surrectionis.
2568 3322 2815 3377 Secunda
2843 3365 2856 3390 ,
2898 3333 3018 3394 post
3065 3333 3186 3380 octo
3216 3326 3332 3382 dies
3356 3370 3370 3398 ,
3419 3337 3472 3384 et
3520 3330 3642 3386 haec
3673 3339 3761 3385 est

2139 3407 2315 3462 tertia.
2356 3410 2414 3462 In
2446 3409 2546 3465 hac
2573 3411 2725 3466 tertia
2753 3411 3184 3469 manifestatione
3232 3415 3334 3471 hoc
3387 3417 3756 3490 Evangelium

2141 3497 2470 3552 terminatur.

2210 3585 2378 3640 Vens.
2405 3589 2567 3640 15.-
2593 3589 2730 3644 Cum
2748 3605 2873 3660 ergo
2889 3590 3276 3662 prandissent.
3295 3593 3453 3648 Jesus
3478 3594 3582 3650 scit
3603 3597 3757 3668 quod

2137 3671 2428 3745 interrogat
2457 3691 2523 3729 an
2551 3676 2672 3746 plus
2700 3677 2924 3748 diligat,
2986 3680 3172 3734 Petrus
3209 3682 3352 3753 quod
3384 3683 3452 3738 de
3484 3699 3545 3738 se
3574 3685 3754 3751 novit,

2137 3762 2284 3830 dicit,
2313 3763 2366 3816 id
2394 3772 2478 3818 est
2507 3766 2650 3836 quod
2680 3774 2838 3820 amat.
2891 3767 2959 3820 Et
3005 3768 3126 3839 quia
3184 3770 3252 3824 de
3308 3771 3426 3824 aliis
3481 3780 3750 3844 quantum

2133 3851 2358 3922 diligant
2383 3896 2395 3917 ,
2429 3853 2631 3920 nescit,
2666 3853 2788 3909 ideo
2819 3863 2992 3910 utrum
3020 3857 3141 3927 plus
3171 3857 3277 3912 illis
3307 3859 3536 3931 diligat,
3588 3868 3756 3917 tacet.

2134 3939 2276 3994 Ecce
2297 3941 2474 4008 docet,
2507 3958 2614 3997 non
2648 3950 2848 3998 temere
2870 3943 3096 4000 deﬁnire
3124 3946 3192 4000 de
3222 3947 3464 4016 occultis,
3502 3957 3552 4004 et
3575 3949 3753 4021 priori

2135 4029 2375 4099 periculo
2407 4030 2710 4100 negationis
2736 4032 2940 4087 cautius
2969 4033 3038 4088 de
3066 4051 3126 4088 se
3156 4037 3452 4107 respondit.

2207 4120 2380 4173 Pasce
2437 4135 2607 4189 agnos
2661 4137 2837 4176 meos.
2902 4121 2957 4175 Si
3002 4138 3089 4177 me
3119 4123 3334 4194 diligis,
3363 4142 3533 4197 pasce
3563 4143 3750 4199 agnos

2136 4221 2306 4260 meos.
2358 4207 2479 4260 Non
2512 4214 2570 4260 ut
2600 4215 2720 4263 tuos
2769 4209 2995 4281 gloriam
3053 4227 3230 4266 meam
3284 4212 3339 4266 in
3394 4213 3475 4268 eis
3537 4231 3750 4285 quaere,

2132 4309 2241 4348 non
2269 4302 2450 4361 tuam;
2483 4311 2604 4350 mea
2635 4296 2780 4351 lucra
2804 4341 2818 4363 ,
2853 4314 2961 4353 non
3003 4306 3090 4352 tua
3118 4343 3131 4366 ,
3189 4300 3315 4371 quia
3368 4302 3594 4358 dilectio
3649 4304 3755 4359 Dei

2131 4382 2387 4452 probatur
2456 4383 2511 4437 in
2587 4384 2872 4441 dilectione
2931 4387 3178 4457 proximi.
3262 4389 3365 4457 Qui
3419 4406 3552 4445 vero
3607 4407 3756 4462 Opus

2052 4473 2105 4533 D
2127 4471 2340 4540 pietatis
2397 4481 2559 4543 negat
2613 4473 2906 4542 proximis,
2957 4475 3137 4530 minus
3169 4477 3341 4531 Deum
3370 4478 3567 4549 diligit.
3604 4481 3742 4536 Haec

2123 4566 2301 4614 autem
2335 4561 2567 4615 charitas
2595 4577 2661 4616 ex
2688 4563 2870 4616 divina
2923 4563 3078 4617 datur
3135 4565 3323 4635 gratia.
3384 4565 3545 4635 Quod
3577 4569 3751 4623 tacite

2124 4647 2298 4702 innuit
2326 4649 2564 4705 Joannes
2596 4650 2722 4704 dum
2751 4650 3089 4721 interrogans
3118 4653 3187 4707 de
3214 4670 3398 4709 amore
3455 4655 3593 4710 dicit
3657 4656 3752 4712 hic

2125 4737 2268 4807 quod
2300 4754 2407 4792 non
2439 4737 2567 4792 alibi
2603 4756 2616 4792 :
2649 4739 2840 4794 Simon
2895 4742 3164 4807 Joannis,
3225 4742 3280 4796 id
3337 4751 3420 4798 est
3467 4744 3753 4800 obediens

2124 4825 2225 4879 Dei
2272 4826 2459 4896 gratia,
2493 4827 2615 4897 quia
2645 4828 2791 4898 quod
2845 4829 3122 4883 ardentius
3177 4831 3387 4886 caeteris
3443 4831 3631 4904 diligit
3695 4843 3756 4889 et

2123 4913 2323 4979 obedit,
2359 4931 2467 4971 non
2498 4924 2580 4970 est
2609 4915 2712 4969 nisi
2736 4916 2834 4970 Dei
2864 4917 3051 4989 gratia.

2197 5029 2362 5084 Vens.
2387 5032 2472 5084 17.
2492 5061 2560 5070 —
2580 5032 2732 5086 Dicit
2750 5034 2804 5087 ei
2824 5035 3010 5088 tertio.
3036 5035 3334 5106 Interrogat
3355 5036 3505 5106 quod
3530 5037 3758 5093 sciebat

2122 5133 2231 5172 non
2262 5119 2450 5180 semel,
2485 5121 2582 5174 sed
2609 5120 2799 5174 iterum
2845 5130 2897 5176 et
2939 5123 3126 5188 tertio;
3185 5131 3240 5177 et
3294 5124 3452 5180 tertio
3496 5127 3656 5181 audit
3725 5144 3760 5182 a

2122 5207 2281 5262 Petro
2313 5225 2372 5262 se
2403 5207 2576 5280 diligi,
2607 5217 2658 5262 et
2690 5209 2846 5264 tertio
2896 5209 3052 5278 jubet
3098 5227 3321 5281 pascere
3352 5229 3506 5268 oves.
3562 5214 3762 5272 Trinze

2123 5294 2397 5365 negationi
2427 5297 2668 5351 redditur
2698 5297 2832 5351 trina
2873 5298 3146 5354 confessio
3172 5343 3185 5364 ,
3241 5316 3310 5355 ne
3358 5301 3543 5356 minus
3573 5305 3767 5360 amori

2123 5382 2306 5455 lingua
2337 5385 2532 5441 serviat
2563 5403 2722 5457 quam
2757 5387 2955 5443 timori.
2978 5389 3045 5441 Et
3069 5388 3208 5443 sicut
3245 5389 3342 5443 fuit
3376 5390 3654 5459 judicium
3693 5394 3766 5447 ti-

2122 5473 2289 5527 moris
2301 5490 2502 5544 negare
2522 5484 2815 5544 pastorem,
2833 5475 2912 5531 sic
2933 5475 3168 5532 ofﬁcium
3181 5477 3386 5532 amoris
3397 5495 3633 5548 pascere
3647 5482 3768 5538 Do-

2125 5561 2256 5615 mini
2269 5579 2516 5634 gregem.
2539 5564 2920 5620 Contristatus
2935 5569 3020 5620 est
3037 5568 3242 5622 Petrus
3257 5567 3454 5638 (Aue.)
3471 5569 3660 5622 Etiam
3677 5587 3769 5624 re-

2129 5651 2312 5705 missis
2325 5651 2567 5721 peccatis
2585 5652 2957 5709 tolerathomo
2981 5653 3350 5723 miseriam,in
3377 5672 3541 5728 quam
3565 5665 3768 5715 tamen
