  <div class='ocr_page' id='page_1' title='image "/cluster/home/n/w/nwhite01/storage/ocr_20150623/114/hvd.32044052819893/218.png"; bbox 0 0 3964 6180; ppageno 0'>
   <div class='ocr_carea' id='block_1_1' title="bbox 262 306 352 359">
    <p class='ocr_par' dir='ltr' id='par_1_1' title="bbox 262 306 352 359">
     <span class='ocr_line' id='line_1_1' title="bbox 262 306 352 359; baseline -0.022 0"><span class='ocrx_word' id='word_1_1' title='bbox 262 306 352 359; x_wconf 65' lang='grc'>425</span> 
     </span>
    </p>
   </div>
   <div class='ocr_carea' id='block_1_2' title="bbox 1094 300 2699 361">
    <p class='ocr_par' dir='ltr' id='par_1_2' title="bbox 1094 300 2699 361">
     <span class='ocr_line' id='line_1_2' title="bbox 1094 300 2699 361; baseline 0.002 -4"><span class='ocrx_word' id='word_1_2' title='bbox 1094 300 1363 357; x_wconf 85' lang='lat' dir='ltr'>GLOSSA</span> <span class='ocrx_word' id='word_1_3' title='bbox 1396 301 1805 359; x_wconf 78' lang='lat' dir='ltr'>ORDINARIA.</span> <span class='ocrx_word' id='word_1_4' title='bbox 1867 333 1936 343; x_wconf 96' lang='lat'>—</span> <span class='ocrx_word' id='word_1_5' title='bbox 1986 302 2111 359; x_wconf 89' lang='lat' dir='ltr'>LIB.</span> <span class='ocrx_word' id='word_1_6' title='bbox 2136 302 2423 361; x_wconf 81' lang='lat' dir='ltr'>ACTUUM</span> <span class='ocrx_word' id='word_1_7' title='bbox 2456 300 2699 361; x_wconf 85' lang='lat' dir='ltr'>APOST.</span> 
     </span>
    </p>
   </div>
   <div class='ocr_carea' id='block_1_3' title="bbox 3434 309 3538 367">
    <p class='ocr_par' dir='ltr' id='par_1_3' title="bbox 3434 309 3538 367">
     <span class='ocr_line' id='line_1_3' title="bbox 3434 309 3538 367; baseline -0.01 -1"><span class='ocrx_word' id='word_1_8' title='bbox 3434 309 3538 367; x_wconf 77' lang='grc'>426</span> 
     </span>
    </p>
   </div>
   <div class='ocr_carea' id='block_1_4' title="bbox 258 405 3543 502">
    <p class='ocr_par' dir='ltr' id='par_1_4' title="bbox 258 405 3543 502">
     <span class='ocr_line' id='line_1_4' title="bbox 258 405 3543 502; baseline 0.002 -19"><span class='ocrx_word' id='word_1_9' title='bbox 258 444 314 483; x_wconf 78' lang='lat' dir='ltr'>ex</span> <span class='ocrx_word' id='word_1_10' title='bbox 341 434 557 498; x_wconf 88' lang='lat' dir='ltr'>peccato</span> <span class='ocrx_word' id='word_1_11' title='bbox 585 427 749 481; x_wconf 83' lang='lat' dir='ltr'>venit.</span> <span class='ocrx_word' id='word_1_12' title='bbox 801 427 1114 482; x_wconf 89' lang='lat' dir='ltr'>Productior</span> <span class='ocrx_word' id='word_1_13' title='bbox 1170 428 1313 482; x_wconf 91' lang='lat' dir='ltr'>enim</span> <span class='ocrx_word' id='word_1_14' title='bbox 1361 443 1520 498; x_wconf 84' lang='lat' dir='ltr'>poena</span> <span class='ocrx_word' id='word_1_15' title='bbox 1567 436 1650 482; x_wconf 90' lang='lat' dir='ltr'>est</span> <span class='ocrx_word' id='word_1_16' title='bbox 1684 444 1845 499; x_wconf 89' lang='lat' dir='ltr'>quam</span> <span class='ocrx_word' id='word_1_17' title='bbox 1868 429 1922 487; x_wconf 85' lang='lat' dir='ltr'><strong>A</strong></span> <span class='ocrx_word' id='word_1_18' title='bbox 2021 429 2197 496; x_wconf 81' lang='lat' dir='ltr'>Super</span> <span class='ocrx_word' id='word_1_19' title='bbox 2209 405 2427 502; x_wconf 80' lang='lat' dir='ltr'>pectus.</span> <span class='ocrx_word' id='word_1_20' title='bbox 2458 431 2515 484; x_wconf 87' lang='lat' dir='ltr'>lu</span> <span class='ocrx_word' id='word_1_21' title='bbox 2537 431 2896 500; x_wconf 86' lang='lat' dir='ltr'>pectoreJesu</span> <span class='ocrx_word' id='word_1_22' title='bbox 2928 438 3051 485; x_wconf 90' lang='lat' dir='ltr'>sunt</span> <span class='ocrx_word' id='word_1_23' title='bbox 3076 447 3266 488; x_wconf 79' lang='lat' dir='ltr'>omnes</span> <span class='ocrx_word' id='word_1_24' title='bbox 3289 432 3543 491; x_wconf 82' lang='lat' dir='ltr'>thesauri</span> 
     </span>
    </p>
   </div>
   <div class='ocr_carea' id='block_1_5' title="bbox 263 515 1849 586">
    <p class='ocr_par' dir='ltr' id='par_1_5' title="bbox 263 515 1849 586">
     <span class='ocr_line' id='line_1_5' title="bbox 263 515 1849 586; baseline -0.001 -14"><span class='ocrx_word' id='word_1_25' title='bbox 263 516 428 585; x_wconf 87' lang='lat' dir='ltr'>culpa,</span> <span class='ocrx_word' id='word_1_26' title='bbox 462 532 561 569; x_wconf 89' lang='lat' dir='ltr'>nec</span> <span class='ocrx_word' id='word_1_27' title='bbox 580 531 750 585; x_wconf 87' lang='lat' dir='ltr'>parva</span> <span class='ocrx_word' id='word_1_28' title='bbox 780 515 1061 570; x_wconf 83' lang='lat' dir='ltr'>videretur</span> <span class='ocrx_word' id='word_1_29' title='bbox 1108 516 1287 586; x_wconf 87' lang='lat' dir='ltr'>culpa,</span> <span class='ocrx_word' id='word_1_30' title='bbox 1321 516 1366 570; x_wconf 90' lang='lat' dir='ltr'>si</span> <span class='ocrx_word' id='word_1_31' title='bbox 1389 533 1511 571; x_wconf 89' lang='lat' dir='ltr'>cum</span> <span class='ocrx_word' id='word_1_32' title='bbox 1540 516 1634 572; x_wconf 89' lang='lat' dir='ltr'>illa</span> <span class='ocrx_word' id='word_1_33' title='bbox 1664 516 1849 571; x_wconf 84' lang='lat' dir='ltr'>aufer-</span> 
     </span>
    </p>
   </div>
   <div class='ocr_carea' id='block_1_6' title="bbox 255 603 1850 674">
    <p class='ocr_par' dir='ltr' id='par_1_6' title="bbox 255 603 1850 674">
     <span class='ocr_line' id='line_1_6' title="bbox 255 603 1850 674; baseline 0 -15"><span class='ocrx_word' id='word_1_34' title='bbox 255 613 386 660; x_wconf 88' lang='lat' dir='ltr'>retur</span> <span class='ocrx_word' id='word_1_35' title='bbox 416 620 596 674; x_wconf 66' lang='lat' dir='ltr'>praua.</span> <span class='ocrx_word' id='word_1_36' title='bbox 631 604 730 658; x_wconf 89' lang='lat' dir='ltr'>Est</span> <span class='ocrx_word' id='word_1_37' title='bbox 762 603 884 658; x_wconf 90' lang='lat' dir='ltr'>ideo</span> <span class='ocrx_word' id='word_1_38' title='bbox 912 605 999 659; x_wconf 89' lang='lat' dir='ltr'>vel</span> <span class='ocrx_word' id='word_1_39' title='bbox 1018 605 1085 657; x_wconf 90' lang='lat' dir='ltr'>ad</span> <span class='ocrx_word' id='word_1_40' title='bbox 1117 606 1636 662; x_wconf 78' lang='lat' dir='ltr'>demonstrationem</span> <span class='ocrx_word' id='word_1_41' title='bbox 1654 605 1850 659; x_wconf 72' lang='lat' dir='ltr'>debita:</span> 
     </span>
    </p>
   </div>
   <div class='ocr_carea' id='block_1_7' title="bbox 257 692 1849 767">
    <p class='ocr_par' dir='ltr' id='par_1_7' title="bbox 257 692 1849 767">
     <span class='ocr_line' id='line_1_7' title="bbox 257 692 1849 767; baseline -0.001 -19"><span class='ocrx_word' id='word_1_42' title='bbox 257 692 492 760; x_wconf 72' lang='lat' dir='ltr'>miseriae,</span> <span class='ocrx_word' id='word_1_43' title='bbox 526 693 613 747; x_wconf 85' lang='lat' dir='ltr'>vel</span> <span class='ocrx_word' id='word_1_44' title='bbox 666 693 737 747; x_wconf 90' lang='lat' dir='ltr'>ad</span> <span class='ocrx_word' id='word_1_45' title='bbox 768 693 1200 767; x_wconf 81' lang='lat' dir='ltr'>emendationem</span> <span class='ocrx_word' id='word_1_46' title='bbox 1243 693 1418 748; x_wconf 86' lang='lat' dir='ltr'>labilis</span> <span class='ocrx_word' id='word_1_47' title='bbox 1461 694 1602 762; x_wconf 66' lang='lat' dir='ltr'>vitae,</span> <span class='ocrx_word' id='word_1_48' title='bbox 1656 694 1741 749; x_wconf 90' lang='lat' dir='ltr'>vel</span> <span class='ocrx_word' id='word_1_49' title='bbox 1782 693 1849 747; x_wconf 92' lang='lat' dir='ltr'>ad</span> 
     </span>
    </p>
   </div>
   <div class='ocr_carea' id='block_1_8' title="bbox 256 781 1845 853">
    <p class='ocr_par' dir='ltr' id='par_1_8' title="bbox 256 781 1845 853">
     <span class='ocr_line' id='line_1_8' title="bbox 256 781 1845 853; baseline -0.003 -14"><span class='ocrx_word' id='word_1_50' title='bbox 256 781 679 839; x_wconf 85' lang='lat' dir='ltr'>exercitationem</span> <span class='ocrx_word' id='word_1_51' title='bbox 738 782 1069 836; x_wconf 75' lang='lat' dir='ltr'>necessariae</span> <span class='ocrx_word' id='word_1_52' title='bbox 1142 782 1416 852; x_wconf 68' lang='lat' dir='ltr'>patientiae</span> <span class='ocrx_word' id='word_1_53' title='bbox 1472 782 1845 853; x_wconf 89' lang='lat' dir='ltr'>temporaliter</span> 
     </span>
    </p>
   </div>
   <div class='ocr_carea' id='block_1_9' title="bbox 256 870 1849 941">
    <p class='ocr_par' dir='ltr' id='par_1_9' title="bbox 256 870 1849 941">
     <span class='ocr_line' id='line_1_9' title="bbox 256 870 1849 941; baseline -0.001 -16"><span class='ocrx_word' id='word_1_54' title='bbox 256 879 386 926; x_wconf 89' lang='lat' dir='ltr'>tenet</span> <span class='ocrx_word' id='word_1_55' title='bbox 437 870 713 925; x_wconf 87' lang='lat' dir='ltr'>hominem</span> <span class='ocrx_word' id='word_1_56' title='bbox 788 886 968 941; x_wconf 86' lang='lat' dir='ltr'>poena,</span> <span class='ocrx_word' id='word_1_57' title='bbox 1028 870 1189 925; x_wconf 91' lang='lat' dir='ltr'>etiam</span> <span class='ocrx_word' id='word_1_58' title='bbox 1264 887 1425 941; x_wconf 89' lang='lat' dir='ltr'>quem</span> <span class='ocrx_word' id='word_1_59' title='bbox 1501 872 1611 939; x_wconf 90' lang='lat' dir='ltr'>jam</span> <span class='ocrx_word' id='word_1_60' title='bbox 1694 886 1849 925; x_wconf 89' lang='lat' dir='ltr'>reum</span> 
     </span>
    </p>
   </div>
   <div class='ocr_carea' id='block_1_10' title="bbox 254 958 1849 1031">
    <p class='ocr_par' dir='ltr' id='par_1_10' title="bbox 254 958 1849 1031">
     <span class='ocr_line' id='line_1_10' title="bbox 254 958 1849 1031; baseline -0.001 -16"><span class='ocrx_word' id='word_1_61' title='bbox 254 975 350 1016; x_wconf 91' lang='lat' dir='ltr'>non</span> <span class='ocrx_word' id='word_1_62' title='bbox 424 967 573 1016; x_wconf 90' lang='lat' dir='ltr'>tenet</span> <span class='ocrx_word' id='word_1_63' title='bbox 653 959 848 1031; x_wconf 89' lang='lat' dir='ltr'>culpa,</span> <span class='ocrx_word' id='word_1_64' title='bbox 910 967 963 1014; x_wconf 88' lang='lat' dir='ltr'>et</span> <span class='ocrx_word' id='word_1_65' title='bbox 1017 958 1133 1014; x_wconf 67' lang='lat' dir='ltr'>haec</span> <span class='ocrx_word' id='word_1_66' title='bbox 1205 967 1287 1014; x_wconf 90' lang='lat' dir='ltr'>est</span> <span class='ocrx_word' id='word_1_67' title='bbox 1362 961 1553 1015; x_wconf 91' lang='lat' dir='ltr'>horum</span> <span class='ocrx_word' id='word_1_68' title='bbox 1636 960 1849 1014; x_wconf 87' lang='lat' dir='ltr'>dierum</span> 
     </span>
    </p>
   </div>
   <div class='ocr_carea' id='block_1_11' title="bbox 253 1048 1850 1119">
    <p class='ocr_par' dir='ltr' id='par_1_11' title="bbox 253 1048 1850 1119">
     <span class='ocr_line' id='line_1_11' title="bbox 253 1048 1850 1119; baseline -0.001 -16"><span class='ocrx_word' id='word_1_69' title='bbox 253 1049 433 1113; x_wconf 88' lang='lat' dir='ltr'>ﬂenda,</span> <span class='ocrx_word' id='word_1_70' title='bbox 470 1049 570 1105; x_wconf 91' lang='lat' dir='ltr'>sed</span> <span class='ocrx_word' id='word_1_71' title='bbox 598 1064 709 1103; x_wconf 90' lang='lat' dir='ltr'>non</span> <span class='ocrx_word' id='word_1_72' title='bbox 730 1049 1183 1119; x_wconf 90' lang='lat' dir='ltr'>reprehendenda</span> <span class='ocrx_word' id='word_1_73' title='bbox 1211 1048 1468 1104; x_wconf 88' lang='lat' dir='ltr'>conditio.</span> <span class='ocrx_word' id='word_1_74' title='bbox 1496 1051 1689 1104; x_wconf 86' lang='lat' dir='ltr'>Pasce.</span> <span class='ocrx_word' id='word_1_75' title='bbox 1720 1050 1850 1102; x_wconf 90' lang='lat' dir='ltr'>Pas-</span> 
     </span>
    </p>
   </div>
   <div class='ocr_carea' id='block_1_12' title="bbox 248 1136 1849 1203">
    <p class='ocr_par' dir='ltr' id='par_1_12' title="bbox 248 1136 1849 1203">
     <span class='ocr_line' id='line_1_12' title="bbox 248 1136 1849 1203; baseline -0.002 -8"><span class='ocrx_word' id='word_1_76' title='bbox 248 1153 361 1195; x_wconf 88' lang='lat' dir='ltr'>cere</span> <span class='ocrx_word' id='word_1_77' title='bbox 388 1153 522 1193; x_wconf 90' lang='lat' dir='ltr'>oves</span> <span class='ocrx_word' id='word_1_78' title='bbox 543 1144 625 1192; x_wconf 92' lang='lat' dir='ltr'>est</span> <span class='ocrx_word' id='word_1_79' title='bbox 655 1138 943 1194; x_wconf 86' lang='lat' dir='ltr'>credentes</span> <span class='ocrx_word' id='word_1_80' title='bbox 974 1154 1043 1193; x_wconf 90' lang='lat' dir='ltr'>ne</span> <span class='ocrx_word' id='word_1_81' title='bbox 1072 1136 1326 1193; x_wconf 81' lang='lat' dir='ltr'>deﬁciant</span> <span class='ocrx_word' id='word_1_82' title='bbox 1369 1137 1700 1203; x_wconf 88' lang='lat' dir='ltr'>confortare,</span> <span class='ocrx_word' id='word_1_83' title='bbox 1738 1144 1849 1193; x_wconf 89' lang='lat' dir='ltr'>ter—</span> 
     </span>
    </p>
   </div>
   <div class='ocr_carea' id='block_1_13' title="bbox 259 1227 1850 1298">
    <p class='ocr_par' dir='ltr' id='par_1_13' title="bbox 259 1227 1850 1298">
     <span class='ocr_line' id='line_1_13' title="bbox 259 1227 1850 1298; baseline 0.001 -17"><span class='ocrx_word' id='word_1_84' title='bbox 259 1243 374 1283; x_wconf 87' lang='lat' dir='ltr'>rena</span> <span class='ocrx_word' id='word_1_85' title='bbox 400 1227 664 1291; x_wconf 88' lang='lat' dir='ltr'>subsidia,</span> <span class='ocrx_word' id='word_1_86' title='bbox 725 1227 771 1281; x_wconf 93' lang='lat' dir='ltr'>si</span> <span class='ocrx_word' id='word_1_87' title='bbox 829 1243 1058 1282; x_wconf 89' lang='lat' dir='ltr'>necesse</span> <span class='ocrx_word' id='word_1_88' title='bbox 1118 1234 1219 1293; x_wconf 87' lang='lat' dir='ltr'>est,</span> <span class='ocrx_word' id='word_1_89' title='bbox 1254 1227 1487 1281; x_wconf 91' lang='lat' dir='ltr'>subditis</span> <span class='ocrx_word' id='word_1_90' title='bbox 1552 1227 1850 1298; x_wconf 82' lang='lat' dir='ltr'>providere</span> 
     </span>
    </p>
   </div>
   <div class='ocr_carea' id='block_1_14' title="bbox 254 1315 1848 1388">
    <p class='ocr_par' dir='ltr' id='par_1_14' title="bbox 254 1315 1848 1388">
     <span class='ocr_line' id='line_1_14' title="bbox 254 1315 1848 1388; baseline -0.001 -16"><span class='ocrx_word' id='word_1_91' title='bbox 254 1316 489 1387; x_wconf 87' lang='lat' dir='ltr'>exempla</span> <span class='ocrx_word' id='word_1_92' title='bbox 526 1315 781 1372; x_wconf 90' lang='lat' dir='ltr'>virtutum</span> <span class='ocrx_word' id='word_1_93' title='bbox 848 1316 1116 1388; x_wconf 85' lang='lat' dir='ltr'>praebere,</span> <span class='ocrx_word' id='word_1_94' title='bbox 1180 1315 1503 1371; x_wconf 88' lang='lat' dir='ltr'>adversariis</span> <span class='ocrx_word' id='word_1_95' title='bbox 1563 1316 1848 1383; x_wconf 90' lang='lat' dir='ltr'>obsistere,</span> 
     </span>
    </p>
   </div>
   <div class='ocr_carea' id='block_1_15' title="bbox 264 1406 878 1478">
    <p class='ocr_par' dir='ltr' id='par_1_15' title="bbox 264 1406 878 1478">
     <span class='ocr_line' id='line_1_15' title="bbox 264 1406 878 1478; baseline -0.005 -16"><span class='ocrx_word' id='word_1_96' title='bbox 264 1414 546 1478; x_wconf 87' lang='lat' dir='ltr'>peccantes</span> <span class='ocrx_word' id='word_1_97' title='bbox 575 1406 878 1478; x_wconf 84' lang='lat' dir='ltr'>corrigere.</span> 
     </span>
    </p>
   </div>
   <div class='ocr_carea' id='block_1_16' title="bbox 327 1493 1852 1564">
    <p class='ocr_par' dir='ltr' id='par_1_16' title="bbox 327 1493 1852 1564">
     <span class='ocr_line' id='line_1_16' title="bbox 327 1493 1852 1564; baseline -0.002 -14"><span class='ocrx_word' id='word_1_98' title='bbox 327 1494 498 1550; x_wconf 74' lang='lat' dir='ltr'>Vsus.</span> <span class='ocrx_word' id='word_1_99' title='bbox 522 1497 609 1549; x_wconf 94' lang='lat'>18.</span> <span class='ocrx_word' id='word_1_100' title='bbox 638 1524 708 1534; x_wconf 91' lang='lat'><strong>—</strong></span> <span class='ocrx_word' id='word_1_101' title='bbox 728 1495 867 1550; x_wconf 85' lang='lat' dir='ltr'>Cum</span> <span class='ocrx_word' id='word_1_102' title='bbox 894 1496 1088 1549; x_wconf 82' lang='lat' dir='ltr'>autem</span> <span class='ocrx_word' id='word_1_103' title='bbox 1098 1494 1376 1549; x_wconf 80' lang='lat' dir='ltr'>senueris.</span> <span class='ocrx_word' id='word_1_104' title='bbox 1397 1493 1692 1549; x_wconf 89' lang='lat' dir='ltr'>Passurum</span> <span class='ocrx_word' id='word_1_105' title='bbox 1712 1508 1852 1564; x_wconf 71' lang='lat' dir='ltr'>pra:-</span> 
     </span>
    </p>
   </div>
   <div class='ocr_carea' id='block_1_17' title="bbox 258 1582 1854 1655">
    <p class='ocr_par' dir='ltr' id='par_1_17' title="bbox 258 1582 1854 1655">
     <span class='ocr_line' id='line_1_17' title="bbox 258 1582 1854 1655; baseline -0.001 -18"><span class='ocrx_word' id='word_1_106' title='bbox 258 1583 374 1638; x_wconf 90' lang='lat' dir='ltr'>dicit</span> <span class='ocrx_word' id='word_1_107' title='bbox 418 1583 516 1654; x_wconf 88' lang='lat' dir='ltr'>qui</span> <span class='ocrx_word' id='word_1_108' title='bbox 573 1590 903 1655; x_wconf 88' lang='lat' dir='ltr'>negaturum</span> <span class='ocrx_word' id='word_1_109' title='bbox 956 1582 1305 1653; x_wconf 64' lang='lat' dir='ltr'>praedixerat,</span> <span class='ocrx_word' id='word_1_110' title='bbox 1357 1582 1463 1638; x_wconf 91' lang='lat' dir='ltr'>hoc</span> <span class='ocrx_word' id='word_1_111' title='bbox 1488 1582 1601 1651; x_wconf 90' lang='lat' dir='ltr'>jam</span> <span class='ocrx_word' id='word_1_112' title='bbox 1641 1588 1854 1653; x_wconf 82' lang='lat' dir='ltr'>poterat</span> 
     </span>
    </p>
   </div>
   <div class='ocr_carea' id='block_1_18' title="bbox 262 1669 1854 1742">
    <p class='ocr_par' dir='ltr' id='par_1_18' title="bbox 262 1669 1854 1742">
     <span class='ocr_line' id='line_1_18' title="bbox 262 1669 1854 1742; baseline -0.001 -17"><span class='ocrx_word' id='word_1_113' title='bbox 262 1670 653 1727; x_wconf 82' lang='lat' dir='ltr'>resurrectione</span> <span class='ocrx_word' id='word_1_114' title='bbox 686 1669 944 1737; x_wconf 87' lang='lat' dir='ltr'>ﬁrmatus,</span> <span class='ocrx_word' id='word_1_115' title='bbox 980 1670 1126 1742; x_wconf 91' lang='lat' dir='ltr'>quod</span> <span class='ocrx_word' id='word_1_116' title='bbox 1169 1670 1460 1725; x_wconf 85' lang='lat' dir='ltr'>immature</span> <span class='ocrx_word' id='word_1_117' title='bbox 1498 1669 1854 1741; x_wconf 87' lang='lat' dir='ltr'>pollicebatur</span> 
     </span>
    </p>
   </div>
   <div class='ocr_carea' id='block_1_19' title="bbox 1949 519 3543 591">
    <p class='ocr_par' dir='ltr' id='par_1_19' title="bbox 1949 519 3543 591">
     <span class='ocr_line' id='line_1_19' title="bbox 1949 519 3543 591; baseline 0.001 -19"><span class='ocrx_word' id='word_1_118' title='bbox 1949 520 2245 589; x_wconf 70' lang='lat' dir='ltr'>sapientia:</span> <span class='ocrx_word' id='word_1_119' title='bbox 2266 523 2321 574; x_wconf 89' lang='lat' dir='ltr'>et</span> <span class='ocrx_word' id='word_1_120' title='bbox 2334 520 2587 575; x_wconf 66' lang='lat' dir='ltr'>scientia:</span> <span class='ocrx_word' id='word_1_121' title='bbox 2604 519 2939 585; x_wconf 80' lang='lat' dir='ltr'>absconditi,</span> <span class='ocrx_word' id='word_1_122' title='bbox 2963 536 3124 591; x_wconf 89' lang='lat' dir='ltr'>super</span> <span class='ocrx_word' id='word_1_123' title='bbox 3135 520 3278 591; x_wconf 90' lang='lat' dir='ltr'>quod</span> <span class='ocrx_word' id='word_1_124' title='bbox 3296 521 3543 575; x_wconf 90' lang='lat' dir='ltr'>recubuit</span> 
     </span>
    </p>
   </div>
   <div class='ocr_carea' id='block_1_20' title="bbox 1949 607 3543 680">
    <p class='ocr_par' dir='ltr' id='par_1_20' title="bbox 1949 607 3543 680">
     <span class='ocr_line' id='line_1_20' title="bbox 1949 607 3543 680; baseline 0.003 -21"><span class='ocrx_word' id='word_1_125' title='bbox 1949 622 2109 677; x_wconf 90' lang='lat' dir='ltr'>quem</span> <span class='ocrx_word' id='word_1_126' title='bbox 2138 607 2328 675; x_wconf 81' lang='lat' dir='ltr'>majori</span> <span class='ocrx_word' id='word_1_127' title='bbox 2355 607 2566 662; x_wconf 67' lang='lat' dir='ltr'>cazteris</span> <span class='ocrx_word' id='word_1_128' title='bbox 2612 607 2888 678; x_wconf 69' lang='lat' dir='ltr'>sapientia:</span> <span class='ocrx_word' id='word_1_129' title='bbox 2944 616 2995 662; x_wconf 91' lang='lat' dir='ltr'>et</span> <span class='ocrx_word' id='word_1_130' title='bbox 3025 608 3264 664; x_wconf 77' lang='lat' dir='ltr'>scientiae</span> <span class='ocrx_word' id='word_1_131' title='bbox 3313 608 3543 680; x_wconf 86' lang='lat' dir='ltr'>singula-</span> 
     </span>
    </p>
   </div>
   <div class='ocr_carea' id='block_1_21' title="bbox 1950 694 3545 769">
    <p class='ocr_par' dir='ltr' id='par_1_21' title="bbox 1950 694 3545 769">
     <span class='ocr_line' id='line_1_21' title="bbox 1950 694 3545 769; baseline 0.004 -22"><span class='ocrx_word' id='word_1_132' title='bbox 1950 694 2024 748; x_wconf 90' lang='lat' dir='ltr'>ris</span> <span class='ocrx_word' id='word_1_133' title='bbox 2040 711 2260 750; x_wconf 87' lang='lat' dir='ltr'>munere</span> <span class='ocrx_word' id='word_1_134' title='bbox 2291 696 2476 763; x_wconf 88' lang='lat' dir='ltr'>donat,</span> <span class='ocrx_word' id='word_1_135' title='bbox 2520 696 2573 749; x_wconf 91' lang='lat' dir='ltr'>in</span> <span class='ocrx_word' id='word_1_136' title='bbox 2615 712 2720 767; x_wconf 93' lang='lat' dir='ltr'>quo</span> <span class='ocrx_word' id='word_1_137' title='bbox 2749 694 3085 767; x_wconf 86' lang='lat' dir='ltr'>figurabatur</span> <span class='ocrx_word' id='word_1_138' title='bbox 3115 705 3313 769; x_wconf 89' lang='lat' dir='ltr'>quanta</span> <span class='ocrx_word' id='word_1_139' title='bbox 3341 712 3545 754; x_wconf 89' lang='lat' dir='ltr'>arcana</span> 
     </span>
    </p>
   </div>
   <div class='ocr_carea' id='block_1_22' title="bbox 1950 783 3112 856">
    <p class='ocr_par' dir='ltr' id='par_1_22' title="bbox 1950 783 3112 856">
     <span class='ocr_line' id='line_1_22' title="bbox 1950 783 3112 856; baseline 0.003 -20"><span class='ocrx_word' id='word_1_140' title='bbox 1950 783 2224 837; x_wconf 83' lang='lat' dir='ltr'>divinitate</span> <span class='ocrx_word' id='word_1_141' title='bbox 2256 801 2366 853; x_wconf 70' lang='lat' dir='ltr'>prae</span> <span class='ocrx_word' id='word_1_142' title='bbox 2394 784 2604 839; x_wconf 81' lang='lat' dir='ltr'>caeteris</span> <span class='ocrx_word' id='word_1_143' title='bbox 2626 792 2770 838; x_wconf 90' lang='lat' dir='ltr'>esset</span> <span class='ocrx_word' id='word_1_144' title='bbox 2801 785 3112 856; x_wconf 87' lang='lat' dir='ltr'>scripturus.</span> 
     </span>
    </p>
   </div>
   <div class='ocr_carea' id='block_1_23' title="bbox 2018 872 3541 946">
    <p class='ocr_par' dir='ltr' id='par_1_23' title="bbox 2018 872 3541 946">
     <span class='ocr_line' id='line_1_23' title="bbox 2018 872 3541 946; baseline 0.003 -20"><span class='ocrx_word' id='word_1_145' title='bbox 2018 872 2185 927; x_wconf 78' lang='lat' dir='ltr'>Vsus.</span> <span class='ocrx_word' id='word_1_146' title='bbox 2219 876 2307 928; x_wconf 73' lang='lat'>21.</span> <span class='ocrx_word' id='word_1_147' title='bbox 2340 902 2409 914; x_wconf 89' lang='lat'>--</span> <span class='ocrx_word' id='word_1_148' title='bbox 2437 874 2690 939; x_wconf 77' lang='lat' dir='ltr'>Domine,</span> <span class='ocrx_word' id='word_1_149' title='bbox 2729 874 2818 929; x_wconf 85' lang='lat' dir='ltr'>hic</span> <span class='ocrx_word' id='word_1_150' title='bbox 2847 878 3040 929; x_wconf 89' lang='lat' dir='ltr'>autem</span> <span class='ocrx_word' id='word_1_151' title='bbox 3059 874 3190 946; x_wconf 85' lang='lat' dir='ltr'>quid</span> <span class='ocrx_word' id='word_1_152' title='bbox 3224 878 3247 930; x_wconf 82' lang='lat'><strong><em>?</em></strong></span> <span class='ocrx_word' id='word_1_153' title='bbox 3277 873 3414 943; x_wconf 89' lang='lat' dir='ltr'>Quia</span> <span class='ocrx_word' id='word_1_154' title='bbox 3442 890 3541 930; x_wconf 89' lang='lat' dir='ltr'>au-</span> 
     </span>
    </p>
   </div>
   <div class='ocr_carea' id='block_1_24' title="bbox 1950 959 3541 1034">
    <p class='ocr_par' dir='ltr' id='par_1_24' title="bbox 1950 959 3541 1034">
     <span class='ocr_line' id='line_1_24' title="bbox 1950 959 3541 1034; baseline 0.003 -21"><span class='ocrx_word' id='word_1_155' title='bbox 1950 959 2119 1014; x_wconf 86' lang='lat' dir='ltr'>dierat</span> <span class='ocrx_word' id='word_1_156' title='bbox 2147 961 2335 1015; x_wconf 88' lang='lat' dir='ltr'>Petrus</span> <span class='ocrx_word' id='word_1_157' title='bbox 2375 978 2433 1015; x_wconf 92' lang='lat' dir='ltr'>se</span> <span class='ocrx_word' id='word_1_158' title='bbox 2479 961 2922 1034; x_wconf 81' lang='lat' dir='ltr'>crucifigendum,</span> <span class='ocrx_word' id='word_1_159' title='bbox 2956 962 3123 1018; x_wconf 91' lang='lat' dir='ltr'>voluit</span> <span class='ocrx_word' id='word_1_160' title='bbox 3173 962 3335 1018; x_wconf 90' lang='lat' dir='ltr'>etiam</span> <span class='ocrx_word' id='word_1_161' title='bbox 3365 962 3541 1018; x_wconf 83' lang='lat' dir='ltr'>fratris</span> 
     </span>
    </p>
   </div>
   <div class='ocr_carea' id='block_1_25' title="bbox 1951 1040 2988 1120">
    <p class='ocr_par' dir='ltr' id='par_1_25' title="bbox 1951 1040 2988 1120">
     <span class='ocr_line' id='line_1_25' title="bbox 1951 1040 2988 1120; baseline -0.004 -15"><span class='ocrx_word' id='word_1_162' title='bbox 1951 1064 2287 1120; x_wconf 80' lang='lat' dir='ltr'>cognoscere</span> <span class='ocrx_word' id='word_1_163' title='bbox 2317 1049 2535 1104; x_wconf 87' lang='lat' dir='ltr'>exitum.</span> <span class='ocrx_word' id='word_1_164' title='bbox 2982 1040 2988 1046; x_wconf 70' lang='grc'><strong>’</strong></span> 
     </span>
    </p>
   </div>
   <div class='ocr_carea' id='block_1_26' title="bbox 2022 1138 3538 1206">
    <p class='ocr_par' dir='ltr' id='par_1_26' title="bbox 2022 1138 3538 1206">
     <span class='ocr_line' id='line_1_26' title="bbox 2022 1138 3538 1206; baseline 0.003 -14"><span class='ocrx_word' id='word_1_165' title='bbox 2022 1139 2193 1193; x_wconf 76' lang='lat' dir='ltr'>Vsus.</span> <span class='ocrx_word' id='word_1_166' title='bbox 2224 1142 2313 1194; x_wconf 74' lang='lat'>2’2.</span> <span class='ocrx_word' id='word_1_167' title='bbox 2338 1168 2407 1178; x_wconf 87' lang='lat'>—-</span> <span class='ocrx_word' id='word_1_168' title='bbox 2427 1138 2517 1195; x_wconf 83' lang='lat' dir='ltr'>Sic</span> <span class='ocrx_word' id='word_1_169' title='bbox 2547 1155 2676 1195; x_wconf 87' lang='lat' dir='ltr'>eum</span> <span class='ocrx_word' id='word_1_170' title='bbox 2694 1140 2812 1196; x_wconf 89' lang='lat' dir='ltr'>volo</span> <span class='ocrx_word' id='word_1_171' title='bbox 2825 1156 3074 1206; x_wconf 81' lang='lat' dir='ltr'>manere,</span> <span class='ocrx_word' id='word_1_172' title='bbox 3102 1139 3280 1197; x_wconf 84' lang='lat' dir='ltr'>donec</span> <span class='ocrx_word' id='word_1_173' title='bbox 3291 1143 3538 1198; x_wconf 78' lang='lat' dir='ltr'>veniam.</span> 
     </span>
    </p>
   </div>
   <div class='ocr_carea' id='block_1_27' title="bbox 1949 1226 3545 1302">
    <p class='ocr_par' dir='ltr' id='par_1_27' title="bbox 1949 1226 3545 1302">
     <span class='ocr_line' id='line_1_27' title="bbox 1949 1226 3545 1302; baseline 0.004 -21"><span class='ocrx_word' id='word_1_174' title='bbox 1949 1226 2089 1282; x_wconf 91' lang='lat' dir='ltr'>Nolo</span> <span class='ocrx_word' id='word_1_175' title='bbox 2119 1243 2243 1281; x_wconf 91' lang='lat' dir='ltr'>eum</span> <span class='ocrx_word' id='word_1_176' title='bbox 2270 1243 2368 1298; x_wconf 92' lang='lat' dir='ltr'>per</span> <span class='ocrx_word' id='word_1_177' title='bbox 2396 1227 2716 1299; x_wconf 86' lang='lat' dir='ltr'>martyrium</span> <span class='ocrx_word' id='word_1_178' title='bbox 2763 1243 3161 1296; x_wconf 85' lang='lat' dir='ltr'>consummare,</span> <span class='ocrx_word' id='word_1_179' title='bbox 3194 1228 3292 1285; x_wconf 90' lang='lat' dir='ltr'>sed</span> <span class='ocrx_word' id='word_1_180' title='bbox 3321 1246 3545 1302; x_wconf 54' lang='lat' dir='ltr'>exspec.</span> 
     </span>
    </p>
   </div>
   <div class='ocr_carea' id='block_1_28' title="bbox 1951 1314 3543 1391">
    <p class='ocr_par' dir='ltr' id='par_1_28' title="bbox 1951 1314 3543 1391">
     <span class='ocr_line' id='line_1_28' title="bbox 1951 1314 3543 1391; baseline 0.004 -22"><span class='ocrx_word' id='word_1_181' title='bbox 1951 1322 2065 1370; x_wconf 89' lang='lat' dir='ltr'>tare</span> <span class='ocrx_word' id='word_1_182' title='bbox 2096 1332 2217 1369; x_wconf 91' lang='lat' dir='ltr'>eum</span> <span class='ocrx_word' id='word_1_183' title='bbox 2247 1315 2517 1386; x_wconf 86' lang='lat' dir='ltr'>placidam</span> <span class='ocrx_word' id='word_1_184' title='bbox 2548 1316 2729 1371; x_wconf 90' lang='lat' dir='ltr'>carnis</span> <span class='ocrx_word' id='word_1_185' title='bbox 2758 1333 2871 1372; x_wconf 71' lang='lat' dir='ltr'>sua:</span> <span class='ocrx_word' id='word_1_186' title='bbox 2900 1316 3295 1373; x_wconf 90' lang='lat' dir='ltr'>absolutionem</span> <span class='ocrx_word' id='word_1_187' title='bbox 3326 1314 3543 1391; x_wconf 85' lang='lat' dir='ltr'>quando</span> 
     </span>
    </p>
   </div>
   <div class='ocr_carea' id='block_1_29' title="bbox 1954 1404 3541 1475">
    <p class='ocr_par' dir='ltr' id='par_1_29' title="bbox 1954 1404 3541 1475">
     <span class='ocr_line' id='line_1_29' title="bbox 1954 1404 3541 1475; baseline 0.001 -15"><span class='ocrx_word' id='word_1_188' title='bbox 1954 1420 2058 1475; x_wconf 90' lang='lat' dir='ltr'>ego</span> <span class='ocrx_word' id='word_1_189' title='bbox 2078 1404 2302 1459; x_wconf 89' lang='lat' dir='ltr'>veniens</span> <span class='ocrx_word' id='word_1_190' title='bbox 2324 1404 2583 1475; x_wconf 88' lang='lat' dir='ltr'>recipiam</span> <span class='ocrx_word' id='word_1_191' title='bbox 2607 1422 2730 1461; x_wconf 91' lang='lat' dir='ltr'>eum</span> <span class='ocrx_word' id='word_1_192' title='bbox 2758 1405 2817 1461; x_wconf 92' lang='lat' dir='ltr'>in</span> <span class='ocrx_word' id='word_1_193' title='bbox 2849 1413 3105 1462; x_wconf 72' lang='lat' dir='ltr'>aeternam</span> <span class='ocrx_word' id='word_1_194' title='bbox 3135 1406 3541 1464; x_wconf 88' lang='lat' dir='ltr'>beatitudinem.</span> 
     </span>
    </p>
   </div>
   <div class='ocr_carea' id='block_1_30' title="bbox 2024 1493 3548 1568">
    <p class='ocr_par' dir='ltr' id='par_1_30' title="bbox 2024 1493 3548 1568">
     <span class='ocr_line' id='line_1_30' title="bbox 2024 1493 3548 1568; baseline 0.003 -21"><span class='ocrx_word' id='word_1_195' title='bbox 2024 1493 2194 1547; x_wconf 75' lang='lat' dir='ltr'>Vnus.</span> <span class='ocrx_word' id='word_1_196' title='bbox 2228 1496 2317 1551; x_wconf 76' lang='grc'>23.</span> <span class='ocrx_word' id='word_1_197' title='bbox 2350 1523 2419 1533; x_wconf 89' lang='lat'>--</span> <span class='ocrx_word' id='word_1_198' title='bbox 2447 1495 2517 1549; x_wconf 87' lang='lat' dir='ltr'>Et</span> <span class='ocrx_word' id='word_1_199' title='bbox 2546 1511 2660 1550; x_wconf 76' lang='lat' dir='ltr'>non</span> <span class='ocrx_word' id='word_1_200' title='bbox 2690 1494 2848 1551; x_wconf 73' lang='lat' dir='ltr'>dixit</span> <span class='ocrx_word' id='word_1_201' title='bbox 2867 1496 2937 1551; x_wconf 80' lang='lat' dir='ltr'>ei.</span> <span class='ocrx_word' id='word_1_202' title='bbox 2966 1495 3089 1550; x_wconf 90' lang='lat' dir='ltr'>Non</span> <span class='ocrx_word' id='word_1_203' title='bbox 3117 1494 3220 1565; x_wconf 66' lang='lat' dir='ltr'>{est</span> <span class='ocrx_word' id='word_1_204' title='bbox 3247 1495 3548 1568; x_wconf 83' lang='lat' dir='ltr'>intelligen-</span> 
     </span>
    </p>
   </div>
   <div class='ocr_carea' id='block_1_31' title="bbox 1953 1580 3543 1653">
    <p class='ocr_par' dir='ltr' id='par_1_31' title="bbox 1953 1580 3543 1653">
     <span class='ocr_line' id='line_1_31' title="bbox 1953 1580 3543 1653; baseline 0.002 -17"><span class='ocrx_word' id='word_1_205' title='bbox 1953 1580 2082 1636; x_wconf 92' lang='lat' dir='ltr'>dum</span> <span class='ocrx_word' id='word_1_206' title='bbox 2121 1581 2263 1653; x_wconf 87' lang='lat' dir='ltr'>quod</span> <span class='ocrx_word' id='word_1_207' title='bbox 2293 1582 2528 1637; x_wconf 86' lang='lat' dir='ltr'>Joannes</span> <span class='ocrx_word' id='word_1_208' title='bbox 2548 1598 2659 1638; x_wconf 93' lang='lat' dir='ltr'>non</span> <span class='ocrx_word' id='word_1_209' title='bbox 2688 1582 2757 1638; x_wconf 89' lang='lat' dir='ltr'>sit</span> <span class='ocrx_word' id='word_1_210' title='bbox 2804 1591 3049 1639; x_wconf 90' lang='lat' dir='ltr'>mortuus</span> <span class='ocrx_word' id='word_1_211' title='bbox 3093 1584 3150 1639; x_wconf 91' lang='lat' dir='ltr'>in</span> <span class='ocrx_word' id='word_1_212' title='bbox 3199 1599 3385 1652; x_wconf 89' lang='lat' dir='ltr'>carne,</span> <span class='ocrx_word' id='word_1_213' title='bbox 3444 1584 3543 1641; x_wconf 90' lang='lat' dir='ltr'>sed</span> 
     </span>
    </p>
   </div>
   <div class='ocr_carea' id='block_1_32' title="bbox 1955 1670 3546 1744">
    <p class='ocr_par' dir='ltr' id='par_1_32' title="bbox 1955 1670 3546 1744">
     <span class='ocr_line' id='line_1_32' title="bbox 1955 1670 3546 1744; baseline 0.004 -21"><span class='ocrx_word' id='word_1_214' title='bbox 1955 1670 2216 1742; x_wconf 88' lang='lat' dir='ltr'>quidquid</span> <span class='ocrx_word' id='word_1_215' title='bbox 2245 1677 2371 1725; x_wconf 88' lang='lat' dir='ltr'>ante</span> <span class='ocrx_word' id='word_1_216' title='bbox 2397 1686 2616 1742; x_wconf 90' lang='lat' dir='ltr'>passus,</span> <span class='ocrx_word' id='word_1_217' title='bbox 2640 1671 2787 1743; x_wconf 90' lang='lat' dir='ltr'>quod</span> <span class='ocrx_word' id='word_1_218' title='bbox 2814 1671 3060 1728; x_wconf 90' lang='lat' dir='ltr'>ultimum</span> <span class='ocrx_word' id='word_1_219' title='bbox 3086 1672 3142 1727; x_wconf 92' lang='lat' dir='ltr'>in</span> <span class='ocrx_word' id='word_1_220' title='bbox 3168 1688 3305 1744; x_wconf 91' lang='lat' dir='ltr'>pace</span> <span class='ocrx_word' id='word_1_221' title='bbox 3336 1673 3546 1730; x_wconf 90' lang='lat' dir='ltr'>senium</span> 
     </span>
    </p>
   </div>
   <div class='ocr_carea' id='block_1_33' title="bbox 260 1754 3547 1847">
    <p class='ocr_par' dir='ltr' id='par_1_33' title="bbox 260 1754 3547 1847">
     <span class='ocr_line' id='line_1_33' title="bbox 260 1754 3547 1847; baseline 0.001 -34"><span class='ocrx_word' id='word_1_222' title='bbox 260 1757 513 1813; x_wconf 85' lang='lat' dir='ltr'>inﬁrmus.</span> <span class='ocrx_word' id='word_1_223' title='bbox 544 1758 665 1813; x_wconf 90' lang='lat' dir='ltr'>Jam</span> <span class='ocrx_word' id='word_1_224' title='bbox 695 1774 805 1814; x_wconf 90' lang='lat' dir='ltr'>non</span> <span class='ocrx_word' id='word_1_225' title='bbox 833 1758 1021 1813; x_wconf 90' lang='lat' dir='ltr'>metuit</span> <span class='ocrx_word' id='word_1_226' title='bbox 1051 1760 1209 1828; x_wconf 86' lang='lat' dir='ltr'>hujus</span> <span class='ocrx_word' id='word_1_227' title='bbox 1252 1754 1375 1814; x_wconf 65' lang='lat' dir='ltr'>vita:</span> <span class='ocrx_word' id='word_1_228' title='bbox 1394 1759 1685 1825; x_wconf 89' lang='lat' dir='ltr'>interitum,</span> <span class='ocrx_word' id='word_1_229' title='bbox 1731 1759 1854 1830; x_wconf 88' lang='lat' dir='ltr'>quia</span> <span class='ocrx_word' id='word_1_230' title='bbox 1881 1787 1935 1847; x_wconf 86' lang='lat' dir='ltr'><strong>B</strong></span> <span class='ocrx_word' id='word_1_231' title='bbox 1957 1757 2151 1815; x_wconf 83' lang='lat' dir='ltr'>ﬁniret.</span> <span class='ocrx_word' id='word_1_232' title='bbox 2183 1760 2307 1814; x_wconf 92' lang='lat' dir='ltr'>Non</span> <span class='ocrx_word' id='word_1_233' title='bbox 2363 1758 2506 1814; x_wconf 89' lang='lat' dir='ltr'>enim</span> <span class='ocrx_word' id='word_1_234' title='bbox 2551 1776 2809 1831; x_wconf 86' lang='lat' dir='ltr'>magnum</span> <span class='ocrx_word' id='word_1_235' title='bbox 2862 1768 2977 1816; x_wconf 90' lang='lat' dir='ltr'>erat</span> <span class='ocrx_word' id='word_1_236' title='bbox 3018 1761 3148 1816; x_wconf 90' lang='lat' dir='ltr'>dare</span> <span class='ocrx_word' id='word_1_237' title='bbox 3202 1762 3398 1819; x_wconf 87' lang='lat' dir='ltr'>dilecto</span> <span class='ocrx_word' id='word_1_238' title='bbox 3436 1777 3547 1818; x_wconf 91' lang='lat' dir='ltr'>non</span> 
     </span>
    </p>
   </div>
   <div class='ocr_carea' id='block_1_34' title="bbox 262 1846 1851 1920">
    <p class='ocr_par' dir='ltr' id='par_1_34' title="bbox 262 1846 1851 1920">
     <span class='ocr_line' id='line_1_34' title="bbox 262 1846 1851 1920; baseline -0.001 -18"><span class='ocrx_word' id='word_1_239' title='bbox 262 1855 571 1920; x_wconf 81' lang='lat' dir='ltr'>resurgente</span> <span class='ocrx_word' id='word_1_240' title='bbox 592 1847 825 1903; x_wconf 93' lang='lat' dir='ltr'>Domino</span> <span class='ocrx_word' id='word_1_241' title='bbox 846 1848 970 1903; x_wconf 75' lang='lat' dir='ltr'>vitae</span> <span class='ocrx_word' id='word_1_242' title='bbox 986 1848 1207 1902; x_wconf 87' lang='lat' dir='ltr'>alterius</span> <span class='ocrx_word' id='word_1_243' title='bbox 1219 1846 1502 1918; x_wconf 74' lang='lat' dir='ltr'>praecessit</span> <span class='ocrx_word' id='word_1_244' title='bbox 1523 1846 1851 1919; x_wconf 88' lang='lat' dir='ltr'>exemplum.</span> 
     </span>
    </p>
   </div>
   <div class='ocr_carea' id='block_1_35' title="bbox 328 1935 1858 1993">
    <p class='ocr_par' dir='ltr' id='par_1_35' title="bbox 328 1935 1858 1993">
     <span class='ocr_line' id='line_1_35' title="bbox 328 1935 1858 1993; baseline -0.001 -1"><span class='ocrx_word' id='word_1_245' title='bbox 328 1937 498 1992; x_wconf 75' lang='lat' dir='ltr'>Vsus.</span> <span class='ocrx_word' id='word_1_246' title='bbox 555 1940 641 1992; x_wconf 88' lang='grc'>19.</span> <span class='ocrx_word' id='word_1_247' title='bbox 705 1966 775 1978; x_wconf 91' lang='lat'><strong>—</strong></span> <span class='ocrx_word' id='word_1_248' title='bbox 822 1938 1061 1993; x_wconf 86' lang='lat' dir='ltr'>Etcum</span> <span class='ocrx_word' id='word_1_249' title='bbox 1108 1936 1208 1992; x_wconf 90' lang='lat' dir='ltr'>hoc</span> <span class='ocrx_word' id='word_1_250' title='bbox 1255 1936 1515 1992; x_wconf 74' lang='lat' dir='ltr'>dixisset.</span> <span class='ocrx_word' id='word_1_251' title='bbox 1579 1935 1679 1992; x_wconf 92' lang='lat' dir='ltr'>Hic</span> <span class='ocrx_word' id='word_1_252' title='bbox 1733 1935 1858 1991; x_wconf 90' lang='lat' dir='ltr'>ditis</span> 
     </span>
    </p>
   </div>
   <div class='ocr_carea' id='block_1_36' title="bbox 262 2024 1855 2097">
    <p class='ocr_par' dir='ltr' id='par_1_36' title="bbox 262 2024 1855 2097">
     <span class='ocr_line' id='line_1_36' title="bbox 262 2024 1855 2097; baseline -0.001 -17"><span class='ocrx_word' id='word_1_253' title='bbox 262 2024 412 2097; x_wconf 74' lang='lat' dir='ltr'>cmpit</span> <span class='ocrx_word' id='word_1_254' title='bbox 436 2026 603 2080; x_wconf 91' lang='lat' dir='ltr'>Jesus</span> <span class='ocrx_word' id='word_1_255' title='bbox 648 2024 816 2092; x_wconf 88' lang='lat' dir='ltr'>abire,</span> <span class='ocrx_word' id='word_1_256' title='bbox 845 2032 899 2080; x_wconf 92' lang='lat' dir='ltr'>et</span> <span class='ocrx_word' id='word_1_257' title='bbox 926 2025 1170 2079; x_wconf 91' lang='lat' dir='ltr'>nondum</span> <span class='ocrx_word' id='word_1_258' title='bbox 1200 2024 1473 2080; x_wconf 89' lang='lat' dir='ltr'>intellecto</span> <span class='ocrx_word' id='word_1_259' title='bbox 1507 2024 1651 2096; x_wconf 90' lang='lat' dir='ltr'>quod</span> <span class='ocrx_word' id='word_1_260' title='bbox 1695 2025 1855 2079; x_wconf 86' lang='lat' dir='ltr'>audi-</span> 
     </span>
    </p>
   </div>
   <div class='ocr_carea' id='block_1_37' title="bbox 263 2111 1852 2187">
    <p class='ocr_par' dir='ltr' id='par_1_37' title="bbox 263 2111 1852 2187">
     <span class='ocr_line' id='line_1_37' title="bbox 263 2111 1852 2187; baseline -0.001 -19"><span class='ocrx_word' id='word_1_261' title='bbox 263 2111 345 2180; x_wconf 78' lang='lat' dir='ltr'>vit,</span> <span class='ocrx_word' id='word_1_262' title='bbox 376 2114 621 2187; x_wconf 78' lang='lat' dir='ltr'>Sequere</span> <span class='ocrx_word' id='word_1_263' title='bbox 649 2129 760 2180; x_wconf 89' lang='lat' dir='ltr'>me,</span> <span class='ocrx_word' id='word_1_264' title='bbox 794 2112 960 2185; x_wconf 86' lang='lat' dir='ltr'>coepit</span> <span class='ocrx_word' id='word_1_265' title='bbox 988 2114 1177 2168; x_wconf 91' lang='lat' dir='ltr'>Petrus</span> <span class='ocrx_word' id='word_1_266' title='bbox 1193 2112 1413 2169; x_wconf 91' lang='lat' dir='ltr'>incessu</span> <span class='ocrx_word' id='word_1_267' title='bbox 1443 2112 1646 2184; x_wconf 91' lang='lat' dir='ltr'>pedum</span> <span class='ocrx_word' id='word_1_268' title='bbox 1678 2112 1852 2184; x_wconf 91' lang='lat' dir='ltr'>sequi,</span> 
     </span>
    </p>
   </div>
   <div class='ocr_carea' id='block_1_38' title="bbox 261 2201 1578 2273">
    <p class='ocr_par' dir='ltr' id='par_1_38' title="bbox 261 2201 1578 2273">
     <span class='ocr_line' id='line_1_38' title="bbox 261 2201 1578 2273; baseline 0 -18"><span class='ocrx_word' id='word_1_269' title='bbox 261 2209 467 2257; x_wconf 89' lang='lat' dir='ltr'>secutus</span> <span class='ocrx_word' id='word_1_270' title='bbox 491 2209 577 2256; x_wconf 90' lang='lat' dir='ltr'>est</span> <span class='ocrx_word' id='word_1_271' title='bbox 608 2208 660 2257; x_wconf 90' lang='lat' dir='ltr'>et</span> <span class='ocrx_word' id='word_1_272' title='bbox 689 2203 929 2257; x_wconf 88' lang='lat' dir='ltr'>Joannes</span> <span class='ocrx_word' id='word_1_273' title='bbox 962 2201 1053 2273; x_wconf 88' lang='lat' dir='ltr'>qui</span> <span class='ocrx_word' id='word_1_274' title='bbox 1082 2201 1286 2257; x_wconf 88' lang='lat' dir='ltr'>sciebat</span> <span class='ocrx_word' id='word_1_275' title='bbox 1315 2218 1374 2256; x_wconf 88' lang='lat' dir='ltr'>se</span> <span class='ocrx_word' id='word_1_276' title='bbox 1404 2201 1578 2273; x_wconf 84' lang='lat' dir='ltr'>diligi.</span> 
     </span>
    </p>
   </div>
   <div class='ocr_carea' id='block_1_39' title="bbox 326 2289 1857 2362">
    <p class='ocr_par' dir='ltr' id='par_1_39' title="bbox 326 2289 1857 2362">
     <span class='ocr_line' id='line_1_39' title="bbox 326 2289 1857 2362; baseline -0.002 -16"><span class='ocrx_word' id='word_1_277' title='bbox 326 2290 499 2346; x_wconf 77' lang='lat' dir='ltr'>Vnus.</span> <span class='ocrx_word' id='word_1_278' title='bbox 534 2294 624 2349; x_wconf 74' lang='grc'>20.</span> <span class='ocrx_word' id='word_1_279' title='bbox 675 2321 746 2331; x_wconf 90' lang='grc'><strong><em>-</em></strong></span> <span class='ocrx_word' id='word_1_280' title='bbox 789 2293 960 2358; x_wconf 87' lang='lat' dir='ltr'>Quem</span> <span class='ocrx_word' id='word_1_281' title='bbox 994 2290 1265 2362; x_wconf 81' lang='lat' dir='ltr'>diligebat</span> <span class='ocrx_word' id='word_1_282' title='bbox 1300 2291 1479 2346; x_wconf 88' lang='lat' dir='ltr'>Jesus.</span> <span class='ocrx_word' id='word_1_283' title='bbox 1505 2289 1777 2362; x_wconf 87' lang='lat' dir='ltr'>Diligebat</span> <span class='ocrx_word' id='word_1_284' title='bbox 1806 2295 1857 2343; x_wconf 89' lang='lat' dir='ltr'>et</span> 
     </span>
    </p>
   </div>
   <div class='ocr_carea' id='block_1_40' title="bbox 269 2377 1858 2449">
    <p class='ocr_par' dir='ltr' id='par_1_40' title="bbox 269 2377 1858 2449">
     <span class='ocr_line' id='line_1_40' title="bbox 269 2377 1858 2449; baseline -0.001 -14"><span class='ocrx_word' id='word_1_285' title='bbox 269 2379 417 2447; x_wconf 89' lang='lat' dir='ltr'>alios,</span> <span class='ocrx_word' id='word_1_286' title='bbox 453 2379 557 2434; x_wconf 91' lang='lat' dir='ltr'>sed</span> <span class='ocrx_word' id='word_1_287' title='bbox 578 2378 870 2434; x_wconf 77' lang='lat' dir='ltr'>familiar-us</span> <span class='ocrx_word' id='word_1_288' title='bbox 898 2379 1060 2433; x_wconf 91' lang='lat' dir='ltr'>istum</span> <span class='ocrx_word' id='word_1_289' title='bbox 1089 2378 1310 2434; x_wconf 89' lang='lat' dir='ltr'>donavit</span> <span class='ocrx_word' id='word_1_290' title='bbox 1333 2377 1542 2449; x_wconf 91' lang='lat' dir='ltr'>potiore</span> <span class='ocrx_word' id='word_1_291' title='bbox 1571 2377 1858 2433; x_wconf 91' lang='lat' dir='ltr'>dulcedine</span> 
     </span>
    </p>
   </div>
   <div class='ocr_carea' id='block_1_41' title="bbox 265 2466 1860 2540">
    <p class='ocr_par' dir='ltr' id='par_1_41' title="bbox 265 2466 1860 2540">
     <span class='ocr_line' id='line_1_41' title="bbox 265 2466 1860 2540; baseline 0 -19"><span class='ocrx_word' id='word_1_292' title='bbox 265 2468 340 2522; x_wconf 90' lang='lat' dir='ltr'>sui</span> <span class='ocrx_word' id='word_1_293' title='bbox 364 2468 595 2534; x_wconf 90' lang='lat' dir='ltr'>amoris,</span> <span class='ocrx_word' id='word_1_294' title='bbox 630 2468 758 2540; x_wconf 85' lang='lat' dir='ltr'>quia</span> <span class='ocrx_word' id='word_1_295' title='bbox 784 2467 941 2539; x_wconf 88' lang='lat' dir='ltr'>virgo</span> <span class='ocrx_word' id='word_1_296' title='bbox 961 2467 1169 2523; x_wconf 91' lang='lat' dir='ltr'>electus</span> <span class='ocrx_word' id='word_1_297' title='bbox 1200 2467 1269 2522; x_wconf 91' lang='lat' dir='ltr'>ab</span> <span class='ocrx_word' id='word_1_298' title='bbox 1285 2467 1404 2538; x_wconf 91' lang='lat' dir='ltr'>ipso</span> <span class='ocrx_word' id='word_1_299' title='bbox 1430 2466 1585 2540; x_wconf 87' lang='lat' dir='ltr'>virgo</span> <span class='ocrx_word' id='word_1_300' title='bbox 1604 2481 1860 2538; x_wconf 87' lang='lat' dir='ltr'>perman-</span> 
     </span>
    </p>
   </div>
   <div class='ocr_carea' id='block_1_42' title="bbox 261 2555 1382 2623">
    <p class='ocr_par' dir='ltr' id='par_1_42' title="bbox 261 2555 1382 2623">
     <span class='ocr_line' id='line_1_42' title="bbox 261 2555 1382 2623; baseline -0.002 -12"><span class='ocrx_word' id='word_1_301' title='bbox 261 2556 339 2623; x_wconf 90' lang='lat' dir='ltr'>sit,</span> <span class='ocrx_word' id='word_1_302' title='bbox 371 2557 521 2613; x_wconf 91' lang='lat' dir='ltr'>unde</span> <span class='ocrx_word' id='word_1_303' title='bbox 552 2565 605 2611; x_wconf 90' lang='lat' dir='ltr'>et</span> <span class='ocrx_word' id='word_1_304' title='bbox 626 2565 857 2611; x_wconf 89' lang='lat' dir='ltr'>matrem</span> <span class='ocrx_word' id='word_1_305' title='bbox 884 2557 934 2612; x_wconf 89' lang='lat' dir='ltr'>ei</span> <span class='ocrx_word' id='word_1_306' title='bbox 964 2555 1382 2613; x_wconf 89' lang='lat' dir='ltr'>commendavit.</span> 
     </span>
    </p>
   </div>
   <div class='ocr_carea' id='block_1_43' title="bbox 328 2644 1859 2717">
    <p class='ocr_par' dir='ltr' id='par_1_43' title="bbox 328 2644 1859 2717">
     <span class='ocr_line' id='line_1_43' title="bbox 328 2644 1859 2717; baseline -0.002 -16"><span class='ocrx_word' id='word_1_307' title='bbox 328 2645 523 2717; x_wconf 80' lang='lat' dir='ltr'>(AUG.)</span> <span class='ocrx_word' id='word_1_308' title='bbox 554 2646 739 2701; x_wconf 89' lang='lat' dir='ltr'>Tacito</span> <span class='ocrx_word' id='word_1_309' title='bbox 769 2645 988 2701; x_wconf 91' lang='lat' dir='ltr'>nomine</span> <span class='ocrx_word' id='word_1_310' title='bbox 1019 2644 1348 2701; x_wconf 88' lang='lat' dir='ltr'>discernitur</span> <span class='ocrx_word' id='word_1_311' title='bbox 1376 2644 1616 2699; x_wconf 85' lang='lat' dir='ltr'>Joannes</span> <span class='ocrx_word' id='word_1_312' title='bbox 1641 2659 1673 2698; x_wconf 88' lang='lat' dir='ltr'>a</span> <span class='ocrx_word' id='word_1_313' title='bbox 1700 2650 1859 2699; x_wconf 64' lang='lat' dir='ltr'>caete-</span> 
     </span>
    </p>
   </div>
   <div class='ocr_carea' id='block_1_44' title="bbox 262 2731 1861 2808">
    <p class='ocr_par' dir='ltr' id='par_1_44' title="bbox 262 2731 1861 2808">
     <span class='ocr_line' id='line_1_44' title="bbox 262 2731 1861 2808; baseline -0.003 -19"><span class='ocrx_word' id='word_1_314' title='bbox 262 2734 352 2802; x_wconf 84' lang='lat' dir='ltr'>ris,</span> <span class='ocrx_word' id='word_1_315' title='bbox 384 2742 718 2808; x_wconf 86' lang='lat' dir='ltr'>etc.,usque</span> <span class='ocrx_word' id='word_1_316' title='bbox 749 2734 821 2790; x_wconf 88' lang='lat' dir='ltr'>ad</span> <span class='ocrx_word' id='word_1_317' title='bbox 865 2734 955 2806; x_wconf 89' lang='lat' dir='ltr'>qui</span> <span class='ocrx_word' id='word_1_318' title='bbox 984 2733 1139 2807; x_wconf 90' lang='lat' dir='ltr'>virgo</span> <span class='ocrx_word' id='word_1_319' title='bbox 1187 2742 1269 2790; x_wconf 88' lang='lat' dir='ltr'>est</span> <span class='ocrx_word' id='word_1_320' title='bbox 1313 2734 1552 2789; x_wconf 85' lang='lat' dir='ltr'>Joannes</span> <span class='ocrx_word' id='word_1_321' title='bbox 1608 2731 1861 2789; x_wconf 87' lang='lat' dir='ltr'>convenit</span> 
     </span>
    </p>
   </div>
   <div class='ocr_carea' id='block_1_45' title="bbox 264 2821 1856 2896">
    <p class='ocr_par' dir='ltr' id='par_1_45' title="bbox 264 2821 1856 2896">
     <span class='ocr_line' id='line_1_45' title="bbox 264 2821 1856 2896; baseline -0.002 -17"><span class='ocrx_word' id='word_1_322' title='bbox 264 2822 455 2881; x_wconf 73' lang='lat' dir='ltr'>futurae</span> <span class='ocrx_word' id='word_1_323' title='bbox 505 2823 652 2894; x_wconf 80' lang='lat' dir='ltr'>vitae,</span> <span class='ocrx_word' id='word_1_324' title='bbox 712 2821 806 2879; x_wconf 93' lang='lat' dir='ltr'>ubi</span> <span class='ocrx_word' id='word_1_325' title='bbox 852 2839 1029 2896; x_wconf 86' lang='lat' dir='ltr'>neque</span> <span class='ocrx_word' id='word_1_326' title='bbox 1086 2822 1291 2879; x_wconf 90' lang='lat' dir='ltr'>nubent</span> <span class='ocrx_word' id='word_1_327' title='bbox 1339 2839 1518 2895; x_wconf 90' lang='lat' dir='ltr'>neque</span> <span class='ocrx_word' id='word_1_328' title='bbox 1566 2822 1856 2878; x_wconf 90' lang='lat' dir='ltr'>nubentur.</span> 
     </span>
    </p>
   </div>
   <div class='ocr_carea' id='block_1_46' title="bbox 1956 1847 3547 1917">
    <p class='ocr_par' dir='ltr' id='par_1_46' title="bbox 1956 1847 3547 1917">
     <span class='ocr_line' id='line_1_46' title="bbox 1956 1847 3547 1917; baseline 0.004 -16"><span class='ocrx_word' id='word_1_329' title='bbox 1956 1847 2114 1917; x_wconf 89' lang='lat' dir='ltr'>mori,</span> <span class='ocrx_word' id='word_1_330' title='bbox 2173 1863 2295 1903; x_wconf 91' lang='lat' dir='ltr'>cum</span> <span class='ocrx_word' id='word_1_331' title='bbox 2350 1847 2574 1904; x_wconf 88' lang='lat' dir='ltr'>dissolvi</span> <span class='ocrx_word' id='word_1_332' title='bbox 2606 1856 2660 1904; x_wconf 89' lang='lat' dir='ltr'>et</span> <span class='ocrx_word' id='word_1_333' title='bbox 2716 1865 2842 1906; x_wconf 90' lang='lat' dir='ltr'>esse</span> <span class='ocrx_word' id='word_1_334' title='bbox 2887 1865 3012 1906; x_wconf 90' lang='lat' dir='ltr'>cum</span> <span class='ocrx_word' id='word_1_335' title='bbox 3043 1849 3257 1907; x_wconf 87' lang='lat' dir='ltr'>Christo</span> <span class='ocrx_word' id='word_1_336' title='bbox 3283 1850 3354 1908; x_wconf 88' lang='lat' dir='ltr'>sit</span> <span class='ocrx_word' id='word_1_337' title='bbox 3379 1851 3547 1909; x_wconf 91' lang='lat' dir='ltr'>multo</span> 
     </span>
    </p>
   </div>
   <div class='ocr_carea' id='block_1_47' title="bbox 1953 1935 2166 1991">
    <p class='ocr_par' dir='ltr' id='par_1_47' title="bbox 1953 1935 2166 1991">
     <span class='ocr_line' id='line_1_47' title="bbox 1953 1935 2166 1991; baseline -0.005 0"><span class='ocrx_word' id='word_1_338' title='bbox 1953 1935 2166 1991; x_wconf 91' lang='lat' dir='ltr'>melius.</span> 
     </span>
    </p>
   </div>
   <div class='ocr_carea' id='block_1_48' title="bbox 2024 2024 3546 2100">
    <p class='ocr_par' dir='ltr' id='par_1_48' title="bbox 2024 2024 3546 2100">
     <span class='ocr_line' id='line_1_48' title="bbox 2024 2024 3546 2100; baseline 0.003 -18"><span class='ocrx_word' id='word_1_339' title='bbox 2024 2025 2197 2082; x_wconf 76' lang='lat' dir='ltr'>Vsus.</span> <span class='ocrx_word' id='word_1_340' title='bbox 2227 2024 2323 2082; x_wconf 76' lang='grc'><strong>24.</strong></span> <span class='ocrx_word' id='word_1_341' title='bbox 2363 2055 2432 2067; x_wconf 90' lang='grc'>--</span> <span class='ocrx_word' id='word_1_342' title='bbox 2458 2025 2559 2083; x_wconf 85' lang='lat' dir='ltr'>Hic</span> <span class='ocrx_word' id='word_1_343' title='bbox 2588 2030 2692 2092; x_wconf 86' lang='lat' dir='ltr'>est,</span> <span class='ocrx_word' id='word_1_344' title='bbox 2727 2032 2832 2085; x_wconf 89' lang='lat' dir='ltr'>etc.</span> <span class='ocrx_word' id='word_1_345' title='bbox 2866 2025 2966 2084; x_wconf 85' lang='lat' dir='ltr'>Hic</span> <span class='ocrx_word' id='word_1_346' title='bbox 2996 2034 3182 2100; x_wconf 88' lang='lat' dir='ltr'>aperte</span> <span class='ocrx_word' id='word_1_347' title='bbox 3212 2042 3368 2084; x_wconf 89' lang='lat' dir='ltr'>suam</span> <span class='ocrx_word' id='word_1_348' title='bbox 3395 2026 3546 2086; x_wconf 89' lang='lat' dir='ltr'>desi-</span> 
     </span>
    </p>
   </div>
   <div class='ocr_carea' id='block_1_49' title="bbox 1954 2113 3549 2197">
    <p class='ocr_par' dir='ltr' id='par_1_49' title="bbox 1954 2113 3549 2197">
     <span class='ocr_line' id='line_1_49' title="bbox 1954 2113 3549 2197; baseline 0.003 -29"><span class='ocrx_word' id='word_1_349' title='bbox 1954 2120 2088 2187; x_wconf 83' lang='lat' dir='ltr'>gnat</span> <span class='ocrx_word' id='word_1_350' title='bbox 2117 2129 2412 2185; x_wconf 86' lang='lat' dir='ltr'>personam</span> <span class='ocrx_word' id='word_1_351' title='bbox 2441 2130 2507 2170; x_wconf 86' lang='lat' dir='ltr'>ex</span> <span class='ocrx_word' id='word_1_352' title='bbox 2541 2113 2738 2183; x_wconf 78' lang='lat' dir='ltr'>ofﬁcio,</span> <span class='ocrx_word' id='word_1_353' title='bbox 2782 2115 2927 2187; x_wconf 88' lang='lat' dir='ltr'>quod</span> <span class='ocrx_word' id='word_1_354' title='bbox 2952 2115 3124 2174; x_wconf 89' lang='lat' dir='ltr'>noluit</span> <span class='ocrx_word' id='word_1_355' title='bbox 3160 2116 3451 2197; x_wconf 81' lang='lat' dir='ltr'>designare</span> <span class='ocrx_word' id='word_1_356' title='bbox 3480 2132 3549 2175; x_wconf 85' lang='lat' dir='ltr'>ex</span> 
     </span>
    </p>
   </div>
   <div class='ocr_carea' id='block_1_50' title="bbox 1955 2202 2239 2258">
    <p class='ocr_par' dir='ltr' id='par_1_50' title="bbox 1955 2202 2239 2258">
     <span class='ocr_line' id='line_1_50' title="bbox 1955 2202 2239 2258; baseline -0.004 0"><span class='ocrx_word' id='word_1_357' title='bbox 1955 2202 2239 2258; x_wconf 88' lang='lat' dir='ltr'>vocabulo.</span> 
     </span>
    </p>
   </div>
   <div class='ocr_carea' id='block_1_51' title="bbox 2028 2286 3548 2366">
    <p class='ocr_par' dir='ltr' id='par_1_51' title="bbox 2028 2286 3548 2366">
     <span class='ocr_line' id='line_1_51' title="bbox 2028 2286 3548 2366; baseline 0.003 -22"><span class='ocrx_word' id='word_1_358' title='bbox 2028 2290 2304 2347; x_wconf 75' lang='lat' dir='ltr'>Vsus.25.</span> <span class='ocrx_word' id='word_1_359' title='bbox 2337 2316 2407 2332; x_wconf 89' lang='lat'><strong>--</strong></span> <span class='ocrx_word' id='word_1_360' title='bbox 2434 2286 2542 2347; x_wconf 86' lang='lat' dir='ltr'>Nec</span> <span class='ocrx_word' id='word_1_361' title='bbox 2569 2291 2759 2364; x_wconf 82' lang='lat' dir='ltr'>ipsum</span> <span class='ocrx_word' id='word_1_362' title='bbox 2776 2291 3019 2348; x_wconf 79' lang='lat' dir='ltr'>arbitror</span> <span class='ocrx_word' id='word_1_363' title='bbox 3032 2292 3331 2350; x_wconf 84' lang='lat' dir='ltr'>mundum.</span> <span class='ocrx_word' id='word_1_364' title='bbox 3356 2292 3548 2366; x_wconf 75' lang='grc' dir='ltr'>(Αυα.)</span> 
     </span>
    </p>
   </div>
   <div class='ocr_carea' id='block_1_52' title="bbox 1955 2377 3549 2455">
    <p class='ocr_par' dir='ltr' id='par_1_52' title="bbox 1955 2377 3549 2455">
     <span class='ocr_line' id='line_1_52' title="bbox 1955 2377 3549 2455; baseline 0.003 -22"><span class='ocrx_word' id='word_1_365' title='bbox 1955 2378 2077 2433; x_wconf 91' lang='lat' dir='ltr'>Non</span> <span class='ocrx_word' id='word_1_366' title='bbox 2100 2378 2273 2449; x_wconf 88' lang='lat' dir='ltr'>spatio</span> <span class='ocrx_word' id='word_1_367' title='bbox 2300 2377 2566 2445; x_wconf 91' lang='lat' dir='ltr'>locorum,</span> <span class='ocrx_word' id='word_1_368' title='bbox 2599 2379 2929 2435; x_wconf 90' lang='lat' dir='ltr'>credendum</span> <span class='ocrx_word' id='word_1_369' title='bbox 2960 2388 3043 2436; x_wconf 90' lang='lat' dir='ltr'>est</span> <span class='ocrx_word' id='word_1_370' title='bbox 3070 2380 3330 2438; x_wconf 90' lang='lat' dir='ltr'>mundum</span> <span class='ocrx_word' id='word_1_371' title='bbox 3354 2397 3549 2455; x_wconf 90' lang='lat' dir='ltr'>capere</span> 
     </span>
    </p>
   </div>
   <div class='ocr_carea' id='block_1_53' title="bbox 1957 2467 3550 2541">
    <p class='ocr_par' dir='ltr' id='par_1_53' title="bbox 1957 2467 3550 2541">
     <span class='ocr_line' id='line_1_53' title="bbox 1957 2467 3550 2541; baseline 0.003 -20"><span class='ocrx_word' id='word_1_372' title='bbox 1957 2481 2067 2523; x_wconf 90' lang='lat' dir='ltr'>non</span> <span class='ocrx_word' id='word_1_373' title='bbox 2095 2482 2278 2537; x_wconf 89' lang='lat' dir='ltr'>posse,</span> <span class='ocrx_word' id='word_1_374' title='bbox 2321 2474 2450 2535; x_wconf 88' lang='lat' dir='ltr'>etc.,</span> <span class='ocrx_word' id='word_1_375' title='bbox 2483 2484 2657 2540; x_wconf 81' lang='lat' dir='ltr'>usque</span> <span class='ocrx_word' id='word_1_376' title='bbox 2687 2469 2760 2524; x_wconf 85' lang='lat' dir='ltr'>ad</span> <span class='ocrx_word' id='word_1_377' title='bbox 2787 2468 2925 2524; x_wconf 87' lang='lat' dir='ltr'>sicut</span> <span class='ocrx_word' id='word_1_378' title='bbox 2980 2467 3073 2525; x_wconf 88' lang='lat' dir='ltr'>alii</span> <span class='ocrx_word' id='word_1_379' title='bbox 3117 2469 3276 2541; x_wconf 87' lang='lat' dir='ltr'>tropi,</span> <span class='ocrx_word' id='word_1_380' title='bbox 3308 2470 3414 2528; x_wconf 90' lang='lat' dir='ltr'>hoc</span> <span class='ocrx_word' id='word_1_381' title='bbox 3464 2476 3550 2527; x_wconf 78' lang='lat' dir='ltr'>est</span> 
     </span>
    </p>
   </div>
   <div class='ocr_carea' id='block_1_54' title="bbox 1924 2554 2479 2611">
    <p class='ocr_par' dir='ltr' id='par_1_54' title="bbox 1924 2554 2479 2611">
     <span class='ocr_line' id='line_1_54' title="bbox 1924 2554 2479 2611; baseline 0 -2"><span class='ocrx_word' id='word_1_382' title='bbox 1924 2577 1929 2581; x_wconf 58' lang='grc' dir='ltr'><strong><em>ο</em></strong></span> <span class='ocrx_word' id='word_1_383' title='bbox 1958 2554 2287 2611; x_wconf 89' lang='lat' dir='ltr'>locutionum</span> <span class='ocrx_word' id='word_1_384' title='bbox 2314 2554 2479 2610; x_wconf 91' lang='lat' dir='ltr'>modi.</span> 
     </span>
    </p>
   </div>
   <div class='ocr_carea' id='block_1_55' title="bbox 2033 2634 3552 2719">
    <p class='ocr_par' dir='ltr' id='par_1_55' title="bbox 2033 2634 3552 2719">
     <span class='ocr_line' id='line_1_55' title="bbox 2033 2634 3552 2719; baseline 0.001 -18"><span class='ocrx_word' id='word_1_385' title='bbox 2033 2634 2142 2701; x_wconf 82' lang='lat' dir='ltr'>Nec</span> <span class='ocrx_word' id='word_1_386' title='bbox 2179 2645 2390 2716; x_wconf 82' lang='lat' dir='ltr'>ipsum.</span> <span class='ocrx_word' id='word_1_387' title='bbox 2422 2643 2545 2700; x_wconf 91' lang='lat' dir='ltr'>Non</span> <span class='ocrx_word' id='word_1_388' title='bbox 2574 2643 2705 2700; x_wconf 89' lang='lat' dir='ltr'>dicit</span> <span class='ocrx_word' id='word_1_389' title='bbox 2723 2644 2896 2716; x_wconf 91' lang='lat' dir='ltr'>spatio</span> <span class='ocrx_word' id='word_1_390' title='bbox 2925 2659 3035 2701; x_wconf 90' lang='lat' dir='ltr'>non</span> <span class='ocrx_word' id='word_1_391' title='bbox 3088 2661 3254 2717; x_wconf 88' lang='lat' dir='ltr'>posse</span> <span class='ocrx_word' id='word_1_392' title='bbox 3281 2646 3421 2719; x_wconf 87' lang='lat' dir='ltr'>capi,</span> <span class='ocrx_word' id='word_1_393' title='bbox 3452 2647 3552 2704; x_wconf 90' lang='lat' dir='ltr'>sed</span> 
     </span>
    </p>
   </div>
   <div class='ocr_carea' id='block_1_56' title="bbox 1958 2731 3547 2808">
    <p class='ocr_par' dir='ltr' id='par_1_56' title="bbox 1958 2731 3547 2808">
     <span class='ocr_line' id='line_1_56' title="bbox 1958 2731 3547 2808; baseline 0.003 -20"><span class='ocrx_word' id='word_1_394' title='bbox 1958 2732 2255 2803; x_wconf 86' lang='lat' dir='ltr'>capacitate</span> <span class='ocrx_word' id='word_1_395' title='bbox 2273 2731 2844 2805; x_wconf 86' lang='lat' dir='ltr'>legentium,quamvis</span> <span class='ocrx_word' id='word_1_396' title='bbox 2856 2733 3003 2790; x_wconf 87' lang='lat' dir='ltr'>salva</span> <span class='ocrx_word' id='word_1_397' title='bbox 3023 2732 3131 2791; x_wconf 84' lang='lat' dir='ltr'>ﬁde</span> <span class='ocrx_word' id='word_1_398' title='bbox 3141 2750 3327 2793; x_wconf 88' lang='lat' dir='ltr'>rerum</span> <span class='ocrx_word' id='word_1_399' title='bbox 3337 2735 3547 2808; x_wconf 89' lang='lat' dir='ltr'>plerum</span> 
     </span>
    </p>
   </div>
   <div class='ocr_carea' id='block_1_57' title="bbox 1960 2820 3551 2899">
    <p class='ocr_par' dir='ltr' id='par_1_57' title="bbox 1960 2820 3551 2899">
     <span class='ocr_line' id='line_1_57' title="bbox 1960 2820 3551 2899; baseline 0.003 -21"><span class='ocrx_word' id='word_1_400' title='bbox 1960 2837 2066 2894; x_wconf 89' lang='lat' dir='ltr'>que</span> <span class='ocrx_word' id='word_1_401' title='bbox 2095 2821 2270 2878; x_wconf 89' lang='lat' dir='ltr'>verba</span> <span class='ocrx_word' id='word_1_402' title='bbox 2290 2820 2574 2879; x_wconf 87' lang='lat' dir='ltr'>videantur</span> <span class='ocrx_word' id='word_1_403' title='bbox 2591 2822 2858 2881; x_wconf 81' lang='lat' dir='ltr'>excedere</span> <span class='ocrx_word' id='word_1_404' title='bbox 2882 2821 3045 2881; x_wconf 85' lang='lat' dir='ltr'>ﬁdem</span> <span class='ocrx_word' id='word_1_405' title='bbox 3064 2839 3166 2896; x_wconf 89' lang='lat' dir='ltr'>per</span> <span class='ocrx_word' id='word_1_406' title='bbox 3194 2824 3551 2899; x_wconf 63' lang='lat' dir='ltr'>hyperbolen.</span> 
     </span>
    </p>
   </div>
   <div class='ocr_carea' id='block_1_58' title="bbox 1280 3105 2453 3183">
    <p class='ocr_par' dir='ltr' id='par_1_58' title="bbox 1280 3105 2453 3183">
     <span class='ocr_line' id='line_1_58' title="bbox 1280 3105 2453 3183; baseline -0.002 0"><span class='ocrx_word' id='word_1_407' title='bbox 1280 3121 1287 3128; x_wconf 85' lang='lat'>&#39;</span> <span class='ocrx_word' id='word_1_408' title='bbox 1364 3106 1671 3183; x_wconf 86' lang='lat' dir='ltr'>ACTUS</span> <span class='ocrx_word' id='word_1_409' title='bbox 1732 3105 2453 3183; x_wconf 90' lang='lat' dir='ltr'>APOSTOLORUM.</span> 
     </span>
    </p>
   </div>
   <div class='ocr_carea' id='block_1_59' title="bbox 605 3363 1518 3439">
    <p class='ocr_par' dir='ltr' id='par_1_59' title="bbox 605 3363 1518 3439">
     <span class='ocr_line' id='line_1_59' title="bbox 605 3363 1518 3439; baseline 0 -19"><span class='ocrx_word' id='word_1_410' title='bbox 605 3364 982 3423; x_wconf 77' lang='lat' dir='ltr'>pnomeus</span> <span class='ocrx_word' id='word_1_411' title='bbox 1011 3365 1070 3420; x_wconf 81' lang='grc' dir='ltr'><strong>Β.</strong></span> <span class='ocrx_word' id='word_1_412' title='bbox 1105 3363 1518 3439; x_wconf 85' lang='lat' dir='ltr'>HIERONYMI.</span> 
     </span>
    </p>
   </div>
   <div class='ocr_carea' id='block_1_60' title="bbox 652 3489 1398 3563">
    <p class='ocr_par' dir='ltr' id='par_1_60' title="bbox 652 3489 1398 3563">
     <span class='ocr_line' id='line_1_60' title="bbox 652 3489 1398 3563; baseline -0.003 -16"><span class='ocrx_word' id='word_1_413' title='bbox 652 3491 811 3563; x_wconf 83' lang='lat' dir='ltr'>(Vide</span> <span class='ocrx_word' id='word_1_414' title='bbox 862 3492 1017 3547; x_wconf 80' lang='lat' dir='ltr'>inter</span> <span class='ocrx_word' id='word_1_415' title='bbox 1045 3507 1212 3563; x_wconf 86' lang='lat' dir='ltr'>opera</span> <span class='ocrx_word' id='word_1_416' title='bbox 1230 3489 1398 3562; x_wconf 80' lang='lat' dir='ltr'>eius.)</span> 
     </span>
    </p>
   </div>
   <div class='ocr_carea' id='block_1_61' title="bbox 782 3614 1346 3671">
    <p class='ocr_par' dir='ltr' id='par_1_61' title="bbox 782 3614 1346 3671">
     <span class='ocr_line' id='line_1_61' title="bbox 782 3614 1346 3671; baseline -0.004 -2"><span class='ocrx_word' id='word_1_417' title='bbox 782 3614 1006 3670; x_wconf 86' lang='lat' dir='ltr'>CAPUT</span> <span class='ocrx_word' id='word_1_418' title='bbox 1056 3614 1346 3671; x_wconf 83' lang='lat' dir='ltr'>PRIMUM.</span> 
     </span>
    </p>
   </div>
   <div class='ocr_carea' id='block_1_62' title="bbox 333 3716 1870 3792">
    <p class='ocr_par' dir='ltr' id='par_1_62' title="bbox 333 3716 1870 3792">
     <span class='ocr_line' id='line_1_62' title="bbox 333 3716 1870 3792; baseline -0.003 -15"><span class='ocrx_word' id='word_1_419' title='bbox 333 3722 505 3777; x_wconf 75' lang='lat' dir='ltr'>Vsus.</span> <span class='ocrx_word' id='word_1_420' title='bbox 544 3724 595 3776; x_wconf 91' lang='lat'>1.</span> <span class='ocrx_word' id='word_1_421' title='bbox 629 3750 699 3760; x_wconf 93' lang='lat'>—</span> <span class='ocrx_word' id='word_1_422' title='bbox 720 3722 1044 3778; x_wconf 84' lang='lat' dir='ltr'>Sermonem</span> <span class='ocrx_word' id='word_1_423' title='bbox 1072 3722 1205 3792; x_wconf 80' lang='lat' dir='ltr'>feci.</span> <span class='ocrx_word' id='word_1_424' title='bbox 1239 3719 1300 3775; x_wconf 92' lang='lat' dir='ltr'>Id</span> <span class='ocrx_word' id='word_1_425' title='bbox 1347 3726 1449 3789; x_wconf 90' lang='lat' dir='ltr'>est,</span> <span class='ocrx_word' id='word_1_426' title='bbox 1486 3716 1717 3789; x_wconf 90' lang='lat' dir='ltr'>scripsi:</span> <span class='ocrx_word' id='word_1_427' title='bbox 1743 3717 1870 3789; x_wconf 88' lang='lat' dir='ltr'>quia</span> 
     </span>
    </p>
   </div>
   <div class='ocr_carea' id='block_1_63' title="bbox 271 3802 1874 3880">
    <p class='ocr_par' dir='ltr' id='par_1_63' title="bbox 271 3802 1874 3880">
     <span class='ocr_line' id='line_1_63' title="bbox 271 3802 1874 3880; baseline -0.002 -16"><span class='ocrx_word' id='word_1_428' title='bbox 271 3809 514 3866; x_wconf 88' lang='lat' dir='ltr'>scribere</span> <span class='ocrx_word' id='word_1_429' title='bbox 546 3817 632 3865; x_wconf 91' lang='lat' dir='ltr'>est</span> <span class='ocrx_word' id='word_1_430' title='bbox 662 3810 891 3880; x_wconf 89' lang='lat' dir='ltr'>operari.</span> <span class='ocrx_word' id='word_1_431' title='bbox 923 3810 1022 3865; x_wconf 88' lang='lat' dir='ltr'>Vel</span> <span class='ocrx_word' id='word_1_432' title='bbox 1053 3810 1157 3865; x_wconf 91' lang='lat' dir='ltr'>hoc</span> <span class='ocrx_word' id='word_1_433' title='bbox 1207 3808 1281 3863; x_wconf 89' lang='lat' dir='ltr'>ita</span> <span class='ocrx_word' id='word_1_434' title='bbox 1322 3807 1473 3879; x_wconf 89' lang='lat' dir='ltr'>dicit,</span> <span class='ocrx_word' id='word_1_435' title='bbox 1532 3802 1656 3880; x_wconf 89' lang='lat' dir='ltr'>quia</span> <span class='ocrx_word' id='word_1_436' title='bbox 1716 3805 1874 3862; x_wconf 83' lang='lat' dir='ltr'>factis</span> 
     </span>
    </p>
   </div>
   <div class='ocr_carea' id='block_1_64' title="bbox 268 3894 1874 3969">
    <p class='ocr_par' dir='ltr' id='par_1_64' title="bbox 268 3894 1874 3969">
     <span class='ocr_line' id='line_1_64' title="bbox 268 3894 1874 3969; baseline -0.004 -15"><span class='ocrx_word' id='word_1_437' title='bbox 268 3899 460 3954; x_wconf 90' lang='lat' dir='ltr'>meruit</span> <span class='ocrx_word' id='word_1_438' title='bbox 522 3914 648 3954; x_wconf 90' lang='lat' dir='ltr'>esse</span> <span class='ocrx_word' id='word_1_439' title='bbox 705 3897 938 3968; x_wconf 88' lang='lat' dir='ltr'>scriptor</span> <span class='ocrx_word' id='word_1_440' title='bbox 992 3896 1301 3969; x_wconf 86' lang='lat' dir='ltr'>Evangelii.</span> <span class='ocrx_word' id='word_1_441' title='bbox 1335 3897 1480 3953; x_wconf 84' lang='lat' dir='ltr'>Feci.</span> <span class='ocrx_word' id='word_1_442' title='bbox 1524 3896 1688 3951; x_wconf 91' lang='lat' dir='ltr'>Totus</span> <span class='ocrx_word' id='word_1_443' title='bbox 1735 3894 1874 3949; x_wconf 90' lang='lat' dir='ltr'>liber</span> 
     </span>
    </p>
   </div>
   <div class='ocr_carea' id='block_1_65' title="bbox 270 3983 1873 4060">
    <p class='ocr_par' dir='ltr' id='par_1_65' title="bbox 270 3983 1873 4060">
     <span class='ocr_line' id='line_1_65' title="bbox 270 3983 1873 4060; baseline -0.002 -19"><span class='ocrx_word' id='word_1_444' title='bbox 270 3985 561 4060; x_wconf 82' lang='lat' dir='ltr'>Evangelii</span> <span class='ocrx_word' id='word_1_445' title='bbox 582 4002 722 4041; x_wconf 91' lang='lat' dir='ltr'>unus</span> <span class='ocrx_word' id='word_1_446' title='bbox 754 4000 932 4041; x_wconf 91' lang='lat' dir='ltr'>sermo</span> <span class='ocrx_word' id='word_1_447' title='bbox 961 3984 1171 4051; x_wconf 89' lang='lat' dir='ltr'>dicitur,</span> <span class='ocrx_word' id='word_1_448' title='bbox 1207 4000 1273 4039; x_wconf 92' lang='lat' dir='ltr'>eo</span> <span class='ocrx_word' id='word_1_449' title='bbox 1304 3985 1450 4056; x_wconf 91' lang='lat' dir='ltr'>quod</span> <span class='ocrx_word' id='word_1_450' title='bbox 1479 3983 1677 4038; x_wconf 89' lang='lat' dir='ltr'>habeat</span> <span class='ocrx_word' id='word_1_451' title='bbox 1705 3998 1873 4038; x_wconf 91' lang='lat' dir='ltr'>unum</span> 
     </span>
    </p>
   </div>
   <div class='ocr_carea' id='block_1_66' title="bbox 274 4071 1873 4144">
    <p class='ocr_par' dir='ltr' id='par_1_66' title="bbox 274 4071 1873 4144">
     <span class='ocr_line' id='line_1_66' title="bbox 274 4071 1873 4144; baseline -0.003 -14"><span class='ocrx_word' id='word_1_452' title='bbox 274 4090 494 4130; x_wconf 88' lang='lat' dir='ltr'>sensum</span> <span class='ocrx_word' id='word_1_453' title='bbox 527 4092 541 4129; x_wconf 90' lang='lat'>:</span> <span class='ocrx_word' id='word_1_454' title='bbox 576 4082 666 4128; x_wconf 90' lang='lat' dir='ltr'>aut</span> <span class='ocrx_word' id='word_1_455' title='bbox 695 4072 969 4144; x_wconf 85' lang='lat' dir='ltr'>singulare</span> <span class='ocrx_word' id='word_1_456' title='bbox 998 4088 1096 4144; x_wconf 91' lang='lat' dir='ltr'>pro</span> <span class='ocrx_word' id='word_1_457' title='bbox 1123 4071 1338 4143; x_wconf 89' lang='lat' dir='ltr'>plurali.</span> <span class='ocrx_word' id='word_1_458' title='bbox 1372 4071 1730 4142; x_wconf 89' lang='lat' dir='ltr'>Evangelium</span> <span class='ocrx_word' id='word_1_459' title='bbox 1790 4078 1873 4126; x_wconf 91' lang='lat' dir='ltr'>est</span> 
     </span>
    </p>
   </div>
   <div class='ocr_carea' id='block_1_67' title="bbox 284 4158 1871 4232">
    <p class='ocr_par' dir='ltr' id='par_1_67' title="bbox 284 4158 1871 4232">
     <span class='ocr_line' id='line_1_67' title="bbox 284 4158 1871 4232; baseline -0.003 -14"><span class='ocrx_word' id='word_1_460' title='bbox 284 4162 425 4218; x_wconf 91' lang='lat' dir='ltr'>bona</span> <span class='ocrx_word' id='word_1_461' title='bbox 468 4161 825 4228; x_wconf 88' lang='lat' dir='ltr'>annuntiatio,</span> <span class='ocrx_word' id='word_1_462' title='bbox 861 4177 964 4232; x_wconf 91' lang='lat' dir='ltr'>qua</span> <span class='ocrx_word' id='word_1_463' title='bbox 991 4161 1336 4215; x_wconf 91' lang='lat' dir='ltr'>annuntiatur</span> <span class='ocrx_word' id='word_1_464' title='bbox 1376 4160 1592 4231; x_wconf 89' lang='lat' dir='ltr'>requies</span> <span class='ocrx_word' id='word_1_465' title='bbox 1619 4166 1744 4230; x_wconf 92' lang='lat' dir='ltr'>post</span> <span class='ocrx_word' id='word_1_466' title='bbox 1784 4158 1871 4213; x_wconf 90' lang='lat' dir='ltr'>la-</span> 
     </span>
    </p>
   </div>
   <div class='ocr_carea' id='block_1_68' title="bbox 273 4248 1867 4323">
    <p class='ocr_par' dir='ltr' id='par_1_68' title="bbox 273 4248 1867 4323">
     <span class='ocr_line' id='line_1_68' title="bbox 273 4248 1867 4323; baseline -0.003 -16"><span class='ocrx_word' id='word_1_467' title='bbox 273 4250 486 4319; x_wconf 87' lang='lat' dir='ltr'>borem,</span> <span class='ocrx_word' id='word_1_468' title='bbox 521 4266 754 4323; x_wconf 84' lang='lat' dir='ltr'>regnum</span> <span class='ocrx_word' id='word_1_469' title='bbox 782 4256 907 4321; x_wconf 91' lang='lat' dir='ltr'>post</span> <span class='ocrx_word' id='word_1_470' title='bbox 952 4248 1247 4318; x_wconf 88' lang='lat' dir='ltr'>servitium,</span> <span class='ocrx_word' id='word_1_471' title='bbox 1290 4248 1398 4303; x_wconf 90' lang='lat' dir='ltr'>vita</span> <span class='ocrx_word' id='word_1_472' title='bbox 1446 4255 1569 4318; x_wconf 91' lang='lat' dir='ltr'>post</span> <span class='ocrx_word' id='word_1_473' title='bbox 1618 4256 1867 4303; x_wconf 92' lang='lat' dir='ltr'>mortem.</span> 
     </span>
    </p>
   </div>
   <div class='ocr_carea' id='block_1_69' title="bbox 272 4335 1871 4407">
    <p class='ocr_par' dir='ltr' id='par_1_69' title="bbox 272 4335 1871 4407">
     <span class='ocr_line' id='line_1_69' title="bbox 272 4335 1871 4407; baseline -0.002 -14"><span class='ocrx_word' id='word_1_474' title='bbox 272 4341 345 4394; x_wconf 86' lang='lat' dir='ltr'>De</span> <span class='ocrx_word' id='word_1_475' title='bbox 374 4340 657 4396; x_wconf 81' lang='lat' dir='ltr'>omnibus.</span> <span class='ocrx_word' id='word_1_476' title='bbox 690 4337 860 4393; x_wconf 92' lang='lat' dir='ltr'>Dictis</span> <span class='ocrx_word' id='word_1_477' title='bbox 910 4345 963 4392; x_wconf 89' lang='lat' dir='ltr'>et</span> <span class='ocrx_word' id='word_1_478' title='bbox 988 4336 1140 4392; x_wconf 88' lang='lat' dir='ltr'>factis</span> <span class='ocrx_word' id='word_1_479' title='bbox 1183 4336 1379 4392; x_wconf 89' lang='lat' dir='ltr'>Christi</span> <span class='ocrx_word' id='word_1_480' title='bbox 1436 4352 1556 4407; x_wconf 59' lang='lat' dir='ltr'>qua</span> <span class='ocrx_word' id='word_1_481' title='bbox 1609 4335 1871 4405; x_wconf 87' lang='lat' dir='ltr'>judicavit</span> 
     </span>
    </p>
   </div>
   <div class='ocr_carea' id='block_1_70' title="bbox 271 4423 1869 4498">
    <p class='ocr_par' dir='ltr' id='par_1_70' title="bbox 271 4423 1869 4498">
     <span class='ocr_line' id='line_1_70' title="bbox 271 4423 1869 4498; baseline -0.001 -16"><span class='ocrx_word' id='word_1_482' title='bbox 271 4425 448 4483; x_wconf 72' lang='lat' dir='ltr'>cilicio</span> <span class='ocrx_word' id='word_1_483' title='bbox 479 4427 652 4498; x_wconf 87' lang='lat' dir='ltr'>digna</span> <span class='ocrx_word' id='word_1_484' title='bbox 696 4426 783 4482; x_wconf 87' lang='lat' dir='ltr'>vel</span> <span class='ocrx_word' id='word_1_485' title='bbox 828 4425 1023 4481; x_wconf 89' lang='lat' dir='ltr'>idonea</span> <span class='ocrx_word' id='word_1_486' title='bbox 1066 4442 1179 4480; x_wconf 69' lang='lat' dir='ltr'>suae</span> <span class='ocrx_word' id='word_1_487' title='bbox 1225 4423 1637 4495; x_wconf 84' lang='lat' dir='ltr'>dispensationi.</span> <span class='ocrx_word' id='word_1_488' title='bbox 1704 4425 1869 4480; x_wconf 89' lang='lat' dir='ltr'>Theo-</span> 
     </span>
    </p>
   </div>
   <div class='ocr_carea' id='block_1_71' title="bbox 264 4511 1869 4587">
    <p class='ocr_par' dir='ltr' id='par_1_71' title="bbox 264 4511 1869 4587">
     <span class='ocr_line' id='line_1_71' title="bbox 264 4511 1869 4587; baseline -0.004 -15"><span class='ocrx_word' id='word_1_489' title='bbox 264 4516 442 4587; x_wconf 84' lang='lat' dir='ltr'>phile.</span> <span class='ocrx_word' id='word_1_490' title='bbox 478 4513 814 4585; x_wconf 87' lang='lat' dir='ltr'>Theophilus</span> <span class='ocrx_word' id='word_1_491' title='bbox 868 4514 1012 4569; x_wconf 91' lang='lat' dir='ltr'>idem</span> <span class='ocrx_word' id='word_1_492' title='bbox 1068 4521 1152 4569; x_wconf 91' lang='lat' dir='ltr'>est</span> <span class='ocrx_word' id='word_1_493' title='bbox 1191 4512 1335 4585; x_wconf 91' lang='lat' dir='ltr'>quod</span> <span class='ocrx_word' id='word_1_494' title='bbox 1372 4511 1475 4567; x_wconf 90' lang='lat' dir='ltr'>Dei</span> <span class='ocrx_word' id='word_1_495' title='bbox 1521 4512 1748 4579; x_wconf 89' lang='lat' dir='ltr'>amicus,</span> <span class='ocrx_word' id='word_1_496' title='bbox 1782 4511 1869 4567; x_wconf 91' lang='lat' dir='ltr'>vel</span> 
     </span>
    </p>
   </div>
   <div class='ocr_carea' id='block_1_72' title="bbox 271 4599 1863 4667">
    <p class='ocr_par' dir='ltr' id='par_1_72' title="bbox 271 4599 1863 4667">
     <span class='ocr_line' id='line_1_72' title="bbox 271 4599 1863 4667; baseline -0.003 -8"><span class='ocrx_word' id='word_1_497' title='bbox 271 4602 371 4659; x_wconf 89' lang='lat' dir='ltr'>Dei</span> <span class='ocrx_word' id='word_1_498' title='bbox 403 4611 615 4659; x_wconf 88' lang='lat' dir='ltr'>amator</span> <span class='ocrx_word' id='word_1_499' title='bbox 642 4621 655 4657; x_wconf 91' lang='lat'><strong>:</strong></span> <span class='ocrx_word' id='word_1_500' title='bbox 692 4610 746 4657; x_wconf 91' lang='lat' dir='ltr'>et</span> <span class='ocrx_word' id='word_1_501' title='bbox 775 4602 821 4657; x_wconf 86' lang='lat' dir='ltr'>si</span> <span class='ocrx_word' id='word_1_502' title='bbox 849 4610 905 4656; x_wconf 91' lang='lat' dir='ltr'>tu</span> <span class='ocrx_word' id='word_1_503' title='bbox 953 4602 1028 4656; x_wconf 91' lang='lat' dir='ltr'>sis</span> <span class='ocrx_word' id='word_1_504' title='bbox 1056 4601 1261 4658; x_wconf 90' lang='lat' dir='ltr'>amicus</span> <span class='ocrx_word' id='word_1_505' title='bbox 1290 4600 1409 4667; x_wconf 91' lang='lat' dir='ltr'>Dei,</span> <span class='ocrx_word' id='word_1_506' title='bbox 1445 4599 1539 4654; x_wconf 84' lang='lat' dir='ltr'>tibi</span> <span class='ocrx_word' id='word_1_507' title='bbox 1596 4600 1863 4655; x_wconf 87' lang='lat' dir='ltr'>scribitur.</span> 
     </span>
    </p>
   </div>
   <div class='ocr_carea' id='block_1_73' title="bbox 1899 3355 3559 3442">
    <p class='ocr_par' dir='ltr' id='par_1_73' title="bbox 1899 3355 3559 3442">
     <span class='ocr_line' id='line_1_73' title="bbox 1899 3355 3559 3442; baseline 0.005 -23"><span class='ocrx_word' id='word_1_508' title='bbox 1899 3364 1950 3429; x_wconf 78' lang='grc' dir='ltr'>Ο</span> <span class='ocrx_word' id='word_1_509' title='bbox 1969 3362 2204 3420; x_wconf 89' lang='lat' dir='ltr'>sanctus.</span> <span class='ocrx_word' id='word_1_510' title='bbox 2236 3363 2355 3431; x_wconf 89' lang='lat' dir='ltr'>Vel,</span> <span class='ocrx_word' id='word_1_511' title='bbox 2389 3372 2616 3436; x_wconf 86' lang='lat' dir='ltr'>propter</span> <span class='ocrx_word' id='word_1_512' title='bbox 2645 3363 2905 3435; x_wconf 88' lang='lat' dir='ltr'>Spiritum</span> <span class='ocrx_word' id='word_1_513' title='bbox 2932 3355 3209 3440; x_wconf 78' lang='lat' dir='ltr'>praecepit,</span> <span class='ocrx_word' id='word_1_514' title='bbox 3268 3367 3398 3442; x_wconf 86' lang='lat' dir='ltr'>quia</span> <span class='ocrx_word' id='word_1_515' title='bbox 3448 3384 3559 3428; x_wconf 89' lang='lat' dir='ltr'>non</span> 
     </span>
    </p>
   </div>
   <div class='ocr_carea' id='block_1_74' title="bbox 1976 3451 3562 3530">
    <p class='ocr_par' dir='ltr' id='par_1_74' title="bbox 1976 3451 3562 3530">
     <span class='ocr_line' id='line_1_74' title="bbox 1976 3451 3562 3530; baseline 0.006 -22"><span class='ocrx_word' id='word_1_516' title='bbox 1976 3453 2302 3524; x_wconf 68' lang='lat' dir='ltr'>praeciperet</span> <span class='ocrx_word' id='word_1_517' title='bbox 2325 3451 2431 3507; x_wconf 88' lang='lat' dir='ltr'>nisi</span> <span class='ocrx_word' id='word_1_518' title='bbox 2465 3452 2697 3524; x_wconf 90' lang='lat' dir='ltr'>Spiritus</span> <span class='ocrx_word' id='word_1_519' title='bbox 2723 3460 2986 3510; x_wconf 85' lang='lat' dir='ltr'>venturus</span> <span class='ocrx_word' id='word_1_520' title='bbox 3015 3463 3177 3514; x_wconf 88' lang='lat' dir='ltr'>esset.</span> <span class='ocrx_word' id='word_1_521' title='bbox 3210 3457 3413 3530; x_wconf 83' lang='lat' dir='ltr'>Elegit.</span> <span class='ocrx_word' id='word_1_522' title='bbox 3446 3460 3562 3518; x_wconf 85' lang='lat' dir='ltr'>Hoc</span> 
     </span>
    </p>
   </div>
   <div class='ocr_carea' id='block_1_75' title="bbox 1979 3540 3562 3620">
    <p class='ocr_par' dir='ltr' id='par_1_75' title="bbox 1979 3540 3562 3620">
     <span class='ocr_line' id='line_1_75' title="bbox 1979 3540 3562 3620; baseline 0.005 -24"><span class='ocrx_word' id='word_1_523' title='bbox 1979 3541 2050 3596; x_wconf 89' lang='lat' dir='ltr'>ad</span> <span class='ocrx_word' id='word_1_524' title='bbox 2080 3540 2297 3597; x_wconf 90' lang='lat' dir='ltr'>laudem</span> <span class='ocrx_word' id='word_1_525' title='bbox 2324 3540 2713 3612; x_wconf 89' lang='lat' dir='ltr'>apostolorum,</span> <span class='ocrx_word' id='word_1_526' title='bbox 2747 3556 2977 3614; x_wconf 89' lang='lat' dir='ltr'>quorum</span> <span class='ocrx_word' id='word_1_527' title='bbox 2992 3550 3142 3599; x_wconf 90' lang='lat' dir='ltr'>actus</span> <span class='ocrx_word' id='word_1_528' title='bbox 3168 3545 3409 3603; x_wconf 88' lang='lat' dir='ltr'>scribere</span> <span class='ocrx_word' id='word_1_529' title='bbox 3436 3563 3562 3620; x_wconf 90' lang='lat' dir='ltr'>pro-</span> 
     </span>
    </p>
   </div>
   <div class='ocr_carea' id='block_1_76' title="bbox 1971 3628 3564 3702">
    <p class='ocr_par' dir='ltr' id='par_1_76' title="bbox 1971 3628 3564 3702">
     <span class='ocr_line' id='line_1_76' title="bbox 1971 3628 3564 3702; baseline 0.005 -18"><span class='ocrx_word' id='word_1_530' title='bbox 1971 3628 2144 3699; x_wconf 90' lang='lat' dir='ltr'>ponit,</span> <span class='ocrx_word' id='word_1_531' title='bbox 2180 3629 2426 3685; x_wconf 88' lang='lat' dir='ltr'>vertitur.</span> <span class='ocrx_word' id='word_1_532' title='bbox 2453 3631 2806 3702; x_wconf 79' lang='lat' dir='ltr'>Assumptus.</span> <span class='ocrx_word' id='word_1_533' title='bbox 2838 3632 2885 3686; x_wconf 82' lang='grc' dir='ltr'><strong>Α</strong></span> <span class='ocrx_word' id='word_1_534' title='bbox 2914 3630 3221 3701; x_wconf 86' lang='lat' dir='ltr'>Divinitate,</span> <span class='ocrx_word' id='word_1_535' title='bbox 3245 3634 3332 3690; x_wconf 87' lang='lat' dir='ltr'>vel</span> <span class='ocrx_word' id='word_1_536' title='bbox 3361 3649 3395 3690; x_wconf 89' lang='lat' dir='ltr'>a</span> <span class='ocrx_word' id='word_1_537' title='bbox 3420 3635 3564 3692; x_wconf 89' lang='lat' dir='ltr'>nube</span> 
     </span>
    </p>
   </div>
   <div class='ocr_carea' id='block_1_77' title="bbox 1973 3717 2877 3789">
    <p class='ocr_par' dir='ltr' id='par_1_77' title="bbox 1973 3717 2877 3789">
     <span class='ocr_line' id='line_1_77' title="bbox 1973 3717 2877 3789; baseline 0.003 -18"><span class='ocrx_word' id='word_1_538' title='bbox 1973 3725 2302 3788; x_wconf 84' lang='lat' dir='ltr'>assumptus,</span> <span class='ocrx_word' id='word_1_539' title='bbox 2321 3717 2475 3789; x_wconf 89' lang='lat' dir='ltr'>quasi</span> <span class='ocrx_word' id='word_1_540' title='bbox 2504 3733 2667 3773; x_wconf 90' lang='lat' dir='ltr'>verus</span> <span class='ocrx_word' id='word_1_541' title='bbox 2695 3718 2877 3775; x_wconf 90' lang='lat' dir='ltr'>homo.</span> 
     </span>
    </p>
   </div>
   <div class='ocr_carea' id='block_1_78' title="bbox 2042 3804 3562 3882">
    <p class='ocr_par' dir='ltr' id='par_1_78' title="bbox 2042 3804 3562 3882">
     <span class='ocr_line' id='line_1_78' title="bbox 2042 3804 3562 3882; baseline 0.004 -21"><span class='ocrx_word' id='word_1_542' title='bbox 2042 3804 2378 3861; x_wconf 79' lang='lat' dir='ltr'>Vsas.3.—</span> <span class='ocrx_word' id='word_1_543' title='bbox 2410 3806 2618 3862; x_wconf 84' lang='lat' dir='ltr'>Vivum.</span> <span class='ocrx_word' id='word_1_544' title='bbox 2652 3806 2864 3878; x_wconf 88' lang='lat' dir='ltr'>Corpus</span> <span class='ocrx_word' id='word_1_545' title='bbox 2912 3806 3094 3864; x_wconf 89' lang='lat' dir='ltr'>vivum</span> <span class='ocrx_word' id='word_1_546' title='bbox 3149 3816 3203 3865; x_wconf 92' lang='lat' dir='ltr'>et</span> <span class='ocrx_word' id='word_1_547' title='bbox 3259 3810 3562 3882; x_wconf 87' lang='lat' dir='ltr'>proprium,</span> 
     </span>
    </p>
   </div>
   <div class='ocr_carea' id='block_1_79' title="bbox 1971 3893 3564 3970">
    <p class='ocr_par' dir='ltr' id='par_1_79' title="bbox 1971 3893 3564 3970">
     <span class='ocr_line' id='line_1_79' title="bbox 1971 3893 3564 3970; baseline 0.006 -22"><span class='ocrx_word' id='word_1_548' title='bbox 1971 3907 2081 3949; x_wconf 92' lang='lat' dir='ltr'>non</span> <span class='ocrx_word' id='word_1_549' title='bbox 2147 3893 2545 3964; x_wconf 90' lang='lat' dir='ltr'>phantasticum</span> <span class='ocrx_word' id='word_1_550' title='bbox 2592 3894 2738 3966; x_wconf 88' lang='lat' dir='ltr'>quod</span> <span class='ocrx_word' id='word_1_551' title='bbox 2807 3902 2860 3950; x_wconf 91' lang='lat' dir='ltr'>et</span> <span class='ocrx_word' id='word_1_552' title='bbox 2910 3896 3142 3967; x_wconf 89' lang='lat' dir='ltr'>apostoli</span> <span class='ocrx_word' id='word_1_553' title='bbox 3192 3908 3564 3970; x_wconf 87' lang='lat' dir='ltr'>cognoverunt</span> 
     </span>
    </p>
   </div>
   <div class='ocr_carea' id='block_1_80' title="bbox 1973 3981 3568 4061">
    <p class='ocr_par' dir='ltr' id='par_1_80' title="bbox 1973 3981 3568 4061">
     <span class='ocr_line' id='line_1_80' title="bbox 1973 3981 3568 4061; baseline 0.006 -25"><span class='ocrx_word' id='word_1_554' title='bbox 1973 3990 2232 4053; x_wconf 88' lang='lat' dir='ltr'>tanquam</span> <span class='ocrx_word' id='word_1_555' title='bbox 2292 3981 2653 4037; x_wconf 90' lang='lat' dir='ltr'>notissimum.</span> <span class='ocrx_word' id='word_1_556' title='bbox 2729 3984 2833 4038; x_wconf 83' lang='lat' dir='ltr'>Aut</span> <span class='ocrx_word' id='word_1_557' title='bbox 2876 3982 3076 4051; x_wconf 89' lang='lat' dir='ltr'>vivum,</span> <span class='ocrx_word' id='word_1_558' title='bbox 3127 4000 3194 4042; x_wconf 89' lang='lat' dir='ltr'>eo</span> <span class='ocrx_word' id='word_1_559' title='bbox 3249 3987 3393 4058; x_wconf 90' lang='lat' dir='ltr'>quod</span> <span class='ocrx_word' id='word_1_560' title='bbox 3443 3997 3568 4061; x_wconf 90' lang='lat' dir='ltr'>post</span> 
     </span>
    </p>
   </div>
   <div class='ocr_carea' id='block_1_81' title="bbox 1971 4069 3564 4147">
    <p class='ocr_par' dir='ltr' id='par_1_81' title="bbox 1971 4069 3564 4147">
     <span class='ocr_line' id='line_1_81' title="bbox 1971 4069 3564 4147; baseline 0.006 -23"><span class='ocrx_word' id='word_1_561' title='bbox 1971 4077 2200 4126; x_wconf 89' lang='lat' dir='ltr'>mortem</span> <span class='ocrx_word' id='word_1_562' title='bbox 2254 4069 2488 4126; x_wconf 87' lang='lat' dir='ltr'>vivebat.</span> <span class='ocrx_word' id='word_1_563' title='bbox 2533 4070 2632 4126; x_wconf 91' lang='lat' dir='ltr'>Vel</span> <span class='ocrx_word' id='word_1_564' title='bbox 2690 4070 2892 4137; x_wconf 90' lang='lat' dir='ltr'>vivum,</span> <span class='ocrx_word' id='word_1_565' title='bbox 2962 4072 3016 4127; x_wconf 91' lang='lat' dir='ltr'>id</span> <span class='ocrx_word' id='word_1_566' title='bbox 3055 4080 3137 4129; x_wconf 90' lang='lat' dir='ltr'>est</span> <span class='ocrx_word' id='word_1_567' title='bbox 3180 4075 3409 4147; x_wconf 89' lang='lat' dir='ltr'>amplius</span> <span class='ocrx_word' id='word_1_568' title='bbox 3454 4093 3564 4135; x_wconf 91' lang='lat' dir='ltr'>non</span> 
     </span>
    </p>
   </div>
   <div class='ocr_carea' id='block_1_82' title="bbox 1971 4158 3567 4238">
    <p class='ocr_par' dir='ltr' id='par_1_82' title="bbox 1971 4158 3567 4238">
     <span class='ocr_line' id='line_1_82' title="bbox 1971 4158 3567 4238; baseline 0.006 -26"><span class='ocrx_word' id='word_1_569' title='bbox 1971 4159 2309 4214; x_wconf 90' lang='lat' dir='ltr'>moriturum.</span> <span class='ocrx_word' id='word_1_570' title='bbox 2340 4160 2449 4214; x_wconf 89' lang='lat' dir='ltr'>Per</span> <span class='ocrx_word' id='word_1_571' title='bbox 2477 4158 2613 4214; x_wconf 87' lang='lat' dir='ltr'>dies.</span> <span class='ocrx_word' id='word_1_572' title='bbox 2644 4159 2768 4214; x_wconf 90' lang='lat' dir='ltr'>Non</span> <span class='ocrx_word' id='word_1_573' title='bbox 2818 4168 2998 4216; x_wconf 88' lang='lat' dir='ltr'>tamen</span> <span class='ocrx_word' id='word_1_574' title='bbox 3054 4161 3134 4217; x_wconf 91' lang='lat' dir='ltr'>eis</span> <span class='ocrx_word' id='word_1_575' title='bbox 3189 4178 3289 4234; x_wconf 90' lang='lat' dir='ltr'>per</span> <span class='ocrx_word' id='word_1_576' title='bbox 3339 4165 3567 4238; x_wconf 88' lang='lat' dir='ltr'>quadra-</span> 
     </span>
    </p>
   </div>
   <div class='ocr_carea' id='block_1_83' title="bbox 1972 4245 3563 4320">
    <p class='ocr_par' dir='ltr' id='par_1_83' title="bbox 1972 4245 3563 4320">
     <span class='ocr_line' id='line_1_83' title="bbox 1972 4245 3563 4320; baseline 0.006 -20"><span class='ocrx_word' id='word_1_577' title='bbox 1972 4246 2125 4317; x_wconf 83' lang='lat' dir='ltr'>ginta</span> <span class='ocrx_word' id='word_1_578' title='bbox 2198 4247 2316 4302; x_wconf 89' lang='lat' dir='ltr'>dies</span> <span class='ocrx_word' id='word_1_579' title='bbox 2382 4245 2667 4302; x_wconf 91' lang='lat' dir='ltr'>continuos</span> <span class='ocrx_word' id='word_1_580' title='bbox 2723 4248 2972 4319; x_wconf 91' lang='lat' dir='ltr'>apparuit</span> <span class='ocrx_word' id='word_1_581' title='bbox 3006 4257 3165 4320; x_wconf 90' lang='lat' dir='ltr'>:post</span> <span class='ocrx_word' id='word_1_582' title='bbox 3214 4250 3360 4308; x_wconf 90' lang='lat' dir='ltr'>diem</span> <span class='ocrx_word' id='word_1_583' title='bbox 3416 4253 3563 4310; x_wconf 89' lang='lat' dir='ltr'>enim</span> 
     </span>
    </p>
   </div>
   <div class='ocr_carea' id='block_1_84' title="bbox 1972 4334 3561 4407">
    <p class='ocr_par' dir='ltr' id='par_1_84' title="bbox 1972 4334 3561 4407">
     <span class='ocr_line' id='line_1_84' title="bbox 1972 4334 3561 4407; baseline 0.006 -19"><span class='ocrx_word' id='word_1_584' title='bbox 1972 4334 2389 4390; x_wconf 88' lang='lat' dir='ltr'>resurrectionis</span> <span class='ocrx_word' id='word_1_585' title='bbox 2428 4334 2564 4391; x_wconf 87' lang='lat' dir='ltr'>alios</span> <span class='ocrx_word' id='word_1_586' title='bbox 2611 4343 2839 4407; x_wconf 88' lang='lat' dir='ltr'>quatuor</span> <span class='ocrx_word' id='word_1_587' title='bbox 2867 4335 2986 4392; x_wconf 91' lang='lat' dir='ltr'>dies</span> <span class='ocrx_word' id='word_1_588' title='bbox 3006 4338 3363 4395; x_wconf 87' lang='lat' dir='ltr'>mtervenisse</span> <span class='ocrx_word' id='word_1_589' title='bbox 3389 4340 3561 4398; x_wconf 86' lang='lat' dir='ltr'>Joan-</span> 
     </span>
    </p>
   </div>
   <div class='ocr_carea' id='block_1_85' title="bbox 1970 4420 3559 4499">
    <p class='ocr_par' dir='ltr' id='par_1_85' title="bbox 1970 4420 3559 4499">
     <span class='ocr_line' id='line_1_85' title="bbox 1970 4420 3559 4499; baseline 0.006 -23"><span class='ocrx_word' id='word_1_590' title='bbox 1970 4438 2069 4477; x_wconf 90' lang='lat' dir='ltr'>nes</span> <span class='ocrx_word' id='word_1_591' title='bbox 2098 4420 2396 4478; x_wconf 84' lang='lat' dir='ltr'>dicit.‘Post</span> <span class='ocrx_word' id='word_1_592' title='bbox 2411 4439 2549 4494; x_wconf 93' lang='lat' dir='ltr'>quos</span> <span class='ocrx_word' id='word_1_593' title='bbox 2577 4440 2768 4480; x_wconf 90' lang='lat' dir='ltr'>rursus</span> <span class='ocrx_word' id='word_1_594' title='bbox 2784 4425 3034 4496; x_wconf 89' lang='lat' dir='ltr'>apparuit</span> <span class='ocrx_word' id='word_1_595' title='bbox 3050 4440 3150 4496; x_wconf 92' lang='lat' dir='ltr'>per</span> <span class='ocrx_word' id='word_1_596' title='bbox 3166 4426 3522 4499; x_wconf 83' lang='lat' dir='ltr'>quadraginta</span> <span class='ocrx_word' id='word_1_597' title='bbox 3544 4448 3559 4485; x_wconf 90' lang='lat'><strong>:</strong></span> 
     </span>
    </p>
   </div>
   <div class='ocr_carea' id='block_1_86' title="bbox 1972 4509 3562 4589">
    <p class='ocr_par' dir='ltr' id='par_1_86' title="bbox 1972 4509 3562 4589">
     <span class='ocr_line' id='line_1_86' title="bbox 1972 4509 3562 4589; baseline 0.006 -24"><span class='ocrx_word' id='word_1_598' title='bbox 1972 4509 2098 4582; x_wconf 91' lang='lat' dir='ltr'>quia</span> <span class='ocrx_word' id='word_1_599' title='bbox 2128 4510 2483 4583; x_wconf 87' lang='lat' dir='ltr'>quadraginta</span> <span class='ocrx_word' id='word_1_600' title='bbox 2512 4510 2659 4567; x_wconf 89' lang='lat' dir='ltr'>horis</span> <span class='ocrx_word' id='word_1_601' title='bbox 2690 4520 2929 4568; x_wconf 91' lang='lat' dir='ltr'>mortuus</span> <span class='ocrx_word' id='word_1_602' title='bbox 2957 4513 3152 4581; x_wconf 85' lang='lat' dir='ltr'>fuerat,</span> <span class='ocrx_word' id='word_1_603' title='bbox 3204 4515 3562 4589; x_wconf 86' lang='lat' dir='ltr'>quadraginta</span> 
     </span>
    </p>
   </div>
   <div class='ocr_carea' id='block_1_87' title="bbox 1969 4598 3560 4677">
    <p class='ocr_par' dir='ltr' id='par_1_87' title="bbox 1969 4598 3560 4677">
     <span class='ocr_line' id='line_1_87' title="bbox 1969 4598 3560 4677; baseline 0.006 -24"><span class='ocrx_word' id='word_1_604' title='bbox 1969 4598 2163 4654; x_wconf 90' lang='lat' dir='ltr'>diebus</span> <span class='ocrx_word' id='word_1_605' title='bbox 2209 4616 2268 4655; x_wconf 91' lang='lat' dir='ltr'>se</span> <span class='ocrx_word' id='word_1_606' title='bbox 2324 4599 2509 4655; x_wconf 90' lang='lat' dir='ltr'>vivere</span> <span class='ocrx_word' id='word_1_607' title='bbox 2563 4600 2864 4655; x_wconf 81' lang='lat' dir='ltr'>confirmat.</span> <span class='ocrx_word' id='word_1_608' title='bbox 2927 4602 2994 4657; x_wconf 92' lang='lat' dir='ltr'>Et</span> <span class='ocrx_word' id='word_1_609' title='bbox 3049 4617 3147 4672; x_wconf 91' lang='lat' dir='ltr'>per</span> <span class='ocrx_word' id='word_1_610' title='bbox 3201 4604 3560 4677; x_wconf 86' lang='lat' dir='ltr'>quadraginta</span> 
     </span>
    </p>
   </div>
   <div class='ocr_carea' id='block_1_88' title="bbox 278 4687 3557 4782">
    <p class='ocr_par' dir='ltr' id='par_1_88' title="bbox 278 4687 3557 4782">
     <span class='ocr_line' id='line_1_88' title="bbox 278 4687 3557 4782; baseline 0.001 -33"><span class='ocrx_word' id='word_1_611' title='bbox 278 4693 599 4765; x_wconf 63' lang='lat' dir='ltr'>Quaecwpit</span> <span class='ocrx_word' id='word_1_612' title='bbox 644 4693 803 4748; x_wconf 86' lang='lat' dir='ltr'>Jesus</span> <span class='ocrx_word' id='word_1_613' title='bbox 824 4694 1034 4762; x_wconf 81' lang='lat' dir='ltr'>facere.</span> <span class='ocrx_word' id='word_1_614' title='bbox 1086 4693 1133 4745; x_wconf 85' lang='lat' dir='ltr'><strong>A</strong></span> <span class='ocrx_word' id='word_1_615' title='bbox 1182 4689 1449 4760; x_wconf 86' lang='lat' dir='ltr'>baptismo</span> <span class='ocrx_word' id='word_1_616' title='bbox 1478 4688 1704 4745; x_wconf 88' lang='lat' dir='ltr'>Joannis</span> <span class='ocrx_word' id='word_1_617' title='bbox 1762 4704 1867 4760; x_wconf 88' lang='lat' dir='ltr'>quo</span> <span class='ocrx_word' id='word_1_618' title='bbox 1895 4694 2128 4782; x_wconf 81' lang='lat' dir='ltr'>Dtypus</span> <span class='ocrx_word' id='word_1_619' title='bbox 2156 4687 2441 4758; x_wconf 81' lang='lat' dir='ltr'>praesentis</span> <span class='ocrx_word' id='word_1_620' title='bbox 2487 4687 2703 4782; x_wconf 37' lang='lat' dir='ltr'>sacri-li,</span> <span class='ocrx_word' id='word_1_621' title='bbox 2737 4704 2854 4782; x_wconf 32' lang='lat' dir='ltr'>quo.</span> <span class='ocrx_word' id='word_1_622' title='bbox 2898 4688 3144 4745; x_wconf 88' lang='lat' dir='ltr'>Christus</span> <span class='ocrx_word' id='word_1_623' title='bbox 3194 4691 3251 4746; x_wconf 89' lang='lat' dir='ltr'>in</span> <span class='ocrx_word' id='word_1_624' title='bbox 3304 4692 3557 4751; x_wconf 88' lang='lat' dir='ltr'>Ecclesia</span> 
     </span>
    </p>
   </div>
   <div class='ocr_carea' id='block_1_89' title="bbox 268 4774 3556 4853">
    <p class='ocr_par' dir='ltr' id='par_1_89' title="bbox 268 4774 3556 4853">
     <span class='ocr_line' id='line_1_89' title="bbox 268 4774 3556 4853; baseline 0.002 -20"><span class='ocrx_word' id='word_1_625' title='bbox 268 4779 424 4835; x_wconf 91' lang='lat' dir='ltr'>Jesus</span> <span class='ocrx_word' id='word_1_626' title='bbox 453 4779 759 4851; x_wconf 88' lang='lat' dir='ltr'>baptizatus</span> <span class='ocrx_word' id='word_1_627' title='bbox 791 4786 891 4849; x_wconf 88' lang='lat' dir='ltr'>est,</span> <span class='ocrx_word' id='word_1_628' title='bbox 927 4794 1101 4850; x_wconf 88' lang='lat' dir='ltr'>usque</span> <span class='ocrx_word' id='word_1_629' title='bbox 1132 4779 1196 4833; x_wconf 83' lang='lat' dir='ltr'>in</span> <span class='ocrx_word' id='word_1_630' title='bbox 1216 4778 1364 4835; x_wconf 83' lang='lat' dir='ltr'>diem</span> <span class='ocrx_word' id='word_1_631' title='bbox 1392 4792 1499 4848; x_wconf 89' lang='lat' dir='ltr'>quo</span> <span class='ocrx_word' id='word_1_632' title='bbox 1553 4784 1865 4847; x_wconf 86' lang='lat' dir='ltr'>assumptus</span> <span class='ocrx_word' id='word_1_633' title='bbox 1899 4774 1941 4782; x_wconf 72' lang='lat'><strong>&quot;</strong></span> <span class='ocrx_word' id='word_1_634' title='bbox 1967 4782 2235 4842; x_wconf 89' lang='lat' dir='ltr'>versatur,</span> <span class='ocrx_word' id='word_1_635' title='bbox 2277 4783 2456 4847; x_wconf 88' lang='lat' dir='ltr'>potest</span> <span class='ocrx_word' id='word_1_636' title='bbox 2484 4774 2713 4847; x_wconf 89' lang='lat' dir='ltr'>intelligi</span> <span class='ocrx_word' id='word_1_637' title='bbox 2762 4793 2776 4831; x_wconf 88' lang='lat'><strong>:</strong></span> <span class='ocrx_word' id='word_1_638' title='bbox 2812 4775 2925 4833; x_wconf 90' lang='lat' dir='ltr'>sive</span> <span class='ocrx_word' id='word_1_639' title='bbox 2957 4776 3084 4849; x_wconf 91' lang='lat' dir='ltr'>quia</span> <span class='ocrx_word' id='word_1_640' title='bbox 3115 4779 3280 4836; x_wconf 88' lang='lat' dir='ltr'>homo</span> <span class='ocrx_word' id='word_1_641' title='bbox 3325 4790 3556 4853; x_wconf 88' lang='lat' dir='ltr'>quatuor</span> 
     </span>
    </p>
   </div>
   <div class='ocr_carea' id='block_1_90' title="bbox 272 4865 1865 4939">
    <p class='ocr_par' dir='ltr' id='par_1_90' title="bbox 272 4865 1865 4939">
     <span class='ocr_line' id='line_1_90' title="bbox 272 4865 1865 4939; baseline -0.004 -14"><span class='ocrx_word' id='word_1_642' title='bbox 272 4876 352 4925; x_wconf 89' lang='lat' dir='ltr'>est</span> <span class='ocrx_word' id='word_1_643' title='bbox 370 4870 428 4924; x_wconf 90' lang='lat' dir='ltr'>in</span> <span class='ocrx_word' id='word_1_644' title='bbox 452 4868 653 4924; x_wconf 87' lang='lat' dir='ltr'>coelum</span> <span class='ocrx_word' id='word_1_645' title='bbox 687 4886 701 4922; x_wconf 89' lang='lat'><strong>:</strong></span> <span class='ocrx_word' id='word_1_646' title='bbox 735 4867 859 4939; x_wconf 88' lang='lat' dir='ltr'>quia</span> <span class='ocrx_word' id='word_1_647' title='bbox 889 4867 957 4922; x_wconf 90' lang='lat' dir='ltr'>de</span> <span class='ocrx_word' id='word_1_648' title='bbox 986 4873 1093 4922; x_wconf 91' lang='lat' dir='ltr'>toto</span> <span class='ocrx_word' id='word_1_649' title='bbox 1124 4865 1217 4921; x_wconf 91' lang='lat' dir='ltr'>illo</span> <span class='ocrx_word' id='word_1_650' title='bbox 1267 4872 1506 4936; x_wconf 89' lang='lat' dir='ltr'>tempore</span> <span class='ocrx_word' id='word_1_651' title='bbox 1527 4865 1699 4921; x_wconf 91' lang='lat' dir='ltr'>Lucas</span> <span class='ocrx_word' id='word_1_652' title='bbox 1748 4881 1865 4920; x_wconf 91' lang='lat' dir='ltr'>ser-</span> 
     </span>
    </p>
   </div>
   <div class='ocr_carea' id='block_1_91' title="bbox 270 4953 1861 5027">
    <p class='ocr_par' dir='ltr' id='par_1_91' title="bbox 270 4953 1861 5027">
     <span class='ocr_line' id='line_1_91' title="bbox 270 4953 1861 5027; baseline -0.004 -14"><span class='ocrx_word' id='word_1_653' title='bbox 270 4971 464 5013; x_wconf 82' lang='lat' dir='ltr'>mones</span> <span class='ocrx_word' id='word_1_654' title='bbox 506 4956 694 5026; x_wconf 84' lang='lat' dir='ltr'>texuit,</span> <span class='ocrx_word' id='word_1_655' title='bbox 744 4956 834 5027; x_wconf 91' lang='lat' dir='ltr'>qui</span> <span class='ocrx_word' id='word_1_656' title='bbox 893 4956 948 5010; x_wconf 91' lang='lat' dir='ltr'>in</span> <span class='ocrx_word' id='word_1_657' title='bbox 994 4954 1100 5010; x_wconf 87' lang='lat' dir='ltr'>ﬁne</span> <span class='ocrx_word' id='word_1_658' title='bbox 1154 4954 1438 5027; x_wconf 89' lang='lat' dir='ltr'>Evangelii</span> <span class='ocrx_word' id='word_1_659' title='bbox 1492 4954 1564 5008; x_wconf 90' lang='lat' dir='ltr'>ita</span> <span class='ocrx_word' id='word_1_660' title='bbox 1603 4953 1861 5024; x_wconf 87' lang='lat' dir='ltr'>scripsit:</span> 
     </span>
    </p>
   </div>
   <div class='ocr_carea' id='block_1_92' title="bbox 272 5043 1865 5114">
    <p class='ocr_par' dir='ltr' id='par_1_92' title="bbox 272 5043 1865 5114">
     <span class='ocr_line' id='line_1_92' title="bbox 272 5043 1865 5114; baseline -0.004 -11"><span class='ocrx_word' id='word_1_661' title='bbox 272 5047 410 5103; x_wconf 84' lang='lat' dir='ltr'>Cum</span> <span class='ocrx_word' id='word_1_662' title='bbox 437 5046 844 5111; x_wconf 71' lang='lat' dir='ltr'>benedixisset,</span> <span class='ocrx_word' id='word_1_663' title='bbox 890 5045 1123 5100; x_wconf 85' lang='lat' dir='ltr'>recessit</span> <span class='ocrx_word' id='word_1_664' title='bbox 1159 5044 1225 5099; x_wconf 89' lang='lat' dir='ltr'>ab</span> <span class='ocrx_word' id='word_1_665' title='bbox 1268 5045 1347 5099; x_wconf 89' lang='lat' dir='ltr'>eis</span> <span class='ocrx_word' id='word_1_666' title='bbox 1392 5047 1450 5099; x_wconf 88' lang='lat' dir='ltr'>et</span> <span class='ocrx_word' id='word_1_667' title='bbox 1486 5043 1775 5114; x_wconf 84' lang='lat' dir='ltr'>ferebatur</span> <span class='ocrx_word' id='word_1_668' title='bbox 1800 5045 1865 5098; x_wconf 86' lang='lat' dir='ltr'>in</span> 
     </span>
    </p>
   </div>
   <div class='ocr_carea' id='block_1_93' title="bbox 270 5130 1863 5195">
    <p class='ocr_par' dir='ltr' id='par_1_93' title="bbox 270 5130 1863 5195">
     <span class='ocr_line' id='line_1_93' title="bbox 270 5130 1863 5195; baseline -0.005 -3"><span class='ocrx_word' id='word_1_669' title='bbox 270 5137 496 5192; x_wconf 70' lang='lat' dir='ltr'>caelum.</span> <span class='ocrx_word' id='word_1_670' title='bbox 530 5136 754 5190; x_wconf 83' lang='lat' dir='ltr'>Facere.</span> <span class='ocrx_word' id='word_1_671' title='bbox 778 5134 987 5188; x_wconf 91' lang='lat' dir='ltr'>Bonum</span> <span class='ocrx_word' id='word_1_672' title='bbox 1040 5132 1319 5188; x_wconf 87' lang='lat' dir='ltr'>doctorem</span> <span class='ocrx_word' id='word_1_673' title='bbox 1373 5130 1600 5186; x_wconf 90' lang='lat' dir='ltr'>instituit</span> <span class='ocrx_word' id='word_1_674' title='bbox 1647 5130 1735 5186; x_wconf 91' lang='lat' dir='ltr'>vel</span> <span class='ocrx_word' id='word_1_675' title='bbox 1775 5130 1863 5195; x_wconf 77' lang='lat' dir='ltr'>in-</span> 
     </span>
    </p>
   </div>
   <div class='ocr_carea' id='block_1_94' title="bbox 268 5216 1129 5289">
    <p class='ocr_par' dir='ltr' id='par_1_94' title="bbox 268 5216 1129 5289">
     <span class='ocr_line' id='line_1_94' title="bbox 268 5216 1129 5289; baseline -0.002 -17"><span class='ocrx_word' id='word_1_676' title='bbox 268 5218 427 5272; x_wconf 90' lang='lat' dir='ltr'>struit</span> <span class='ocrx_word' id='word_1_677' title='bbox 456 5216 554 5289; x_wconf 90' lang='lat' dir='ltr'>qui</span> <span class='ocrx_word' id='word_1_678' title='bbox 584 5216 744 5272; x_wconf 87' lang='lat' dir='ltr'>faciat</span> <span class='ocrx_word' id='word_1_679' title='bbox 772 5216 916 5288; x_wconf 88' lang='lat' dir='ltr'>quod</span> <span class='ocrx_word' id='word_1_680' title='bbox 945 5216 1129 5271; x_wconf 89' lang='lat' dir='ltr'>docet.</span> 
     </span>
    </p>
   </div>
   <div class='ocr_carea' id='block_1_95' title="bbox 336 5302 1866 5376">
    <p class='ocr_par' dir='ltr' id='par_1_95' title="bbox 336 5302 1866 5376">
     <span class='ocr_line' id='line_1_95' title="bbox 336 5302 1866 5376; baseline -0.002 -17"><span class='ocrx_word' id='word_1_681' title='bbox 336 5306 516 5361; x_wconf 76' lang='lat' dir='ltr'>Vsus.</span> <span class='ocrx_word' id='word_1_682' title='bbox 546 5309 676 5362; x_wconf 77' lang='grc'><strong>2.-</strong></span> <span class='ocrx_word' id='word_1_683' title='bbox 706 5304 1046 5376; x_wconf 69' lang='grc' dir='ltr'>Ρνωσὶρὶεηε</span> <span class='ocrx_word' id='word_1_684' title='bbox 1075 5305 1341 5376; x_wconf 86' lang='lat' dir='ltr'>apostolis</span> <span class='ocrx_word' id='word_1_685' title='bbox 1370 5302 1668 5373; x_wconf 81' lang='lat' dir='ltr'>praedicare</span> <span class='ocrx_word' id='word_1_686' title='bbox 1683 5303 1866 5358; x_wconf 91' lang='lat' dir='ltr'>Evan-</span> 
     </span>
    </p>
   </div>
   <div class='ocr_carea' id='block_1_96' title="bbox 268 5391 1868 5467">
    <p class='ocr_par' dir='ltr' id='par_1_96' title="bbox 268 5391 1868 5467">
     <span class='ocr_line' id='line_1_96' title="bbox 268 5391 1868 5467; baseline -0.004 -16"><span class='ocrx_word' id='word_1_687' title='bbox 268 5394 474 5467; x_wconf 86' lang='lat' dir='ltr'>gelium</span> <span class='ocrx_word' id='word_1_688' title='bbox 496 5409 595 5466; x_wconf 84' lang='lat' dir='ltr'>per</span> <span class='ocrx_word' id='word_1_689' title='bbox 615 5394 891 5466; x_wconf 86' lang='lat' dir='ltr'>Spiritum</span> <span class='ocrx_word' id='word_1_690' title='bbox 903 5396 1185 5458; x_wconf 82' lang='lat' dir='ltr'>sanctum,</span> <span class='ocrx_word' id='word_1_691' title='bbox 1220 5408 1321 5463; x_wconf 90' lang='lat' dir='ltr'>per</span> <span class='ocrx_word' id='word_1_692' title='bbox 1337 5407 1499 5462; x_wconf 91' lang='lat' dir='ltr'>quem</span> <span class='ocrx_word' id='word_1_693' title='bbox 1514 5391 1868 5462; x_wconf 63' lang='lat' dir='ltr'>prmdicatum</span> 
     </span>
    </p>
   </div>
   <div class='ocr_carea' id='block_1_97' title="bbox 272 5478 1868 5553">
    <p class='ocr_par' dir='ltr' id='par_1_97' title="bbox 272 5478 1868 5553">
     <span class='ocr_line' id='line_1_97' title="bbox 272 5478 1868 5553; baseline -0.003 -16"><span class='ocrx_word' id='word_1_694' title='bbox 272 5492 353 5538; x_wconf 89' lang='lat' dir='ltr'>est</span> <span class='ocrx_word' id='word_1_695' title='bbox 382 5482 765 5553; x_wconf 86' lang='lat' dir='ltr'>Evangelium,</span> <span class='ocrx_word' id='word_1_696' title='bbox 799 5481 928 5553; x_wconf 91' lang='lat' dir='ltr'>quia</span> <span class='ocrx_word' id='word_1_697' title='bbox 972 5481 1136 5536; x_wconf 91' lang='lat' dir='ltr'>verba</span> <span class='ocrx_word' id='word_1_698' title='bbox 1166 5480 1480 5550; x_wconf 87' lang='lat' dir='ltr'>inspirabat,</span> <span class='ocrx_word' id='word_1_699' title='bbox 1516 5488 1568 5534; x_wconf 93' lang='lat' dir='ltr'>et</span> <span class='ocrx_word' id='word_1_700' title='bbox 1616 5478 1868 5535; x_wconf 86' lang='lat' dir='ltr'>fiduciam</span> 
     </span>
    </p>
   </div>
   <div class='ocr_carea' id='block_1_98' title="bbox 274 5568 1871 5643">
    <p class='ocr_par' dir='ltr' id='par_1_98' title="bbox 274 5568 1871 5643">
     <span class='ocr_line' id='line_1_98' title="bbox 274 5568 1871 5643; baseline -0.003 -17"><span class='ocrx_word' id='word_1_701' title='bbox 274 5570 572 5627; x_wconf 71' lang='lat' dir='ltr'>tribuebat.</span> <span class='ocrx_word' id='word_1_702' title='bbox 614 5570 731 5637; x_wconf 85' lang='lat' dir='ltr'>Vel,</span> <span class='ocrx_word' id='word_1_703' title='bbox 750 5571 1088 5643; x_wconf 60' lang='lat' dir='ltr'>praecipiens</span> <span class='ocrx_word' id='word_1_704' title='bbox 1097 5585 1199 5641; x_wconf 86' lang='lat' dir='ltr'>per</span> <span class='ocrx_word' id='word_1_705' title='bbox 1210 5570 1488 5641; x_wconf 85' lang='lat' dir='ltr'>Spiritum</span> <span class='ocrx_word' id='word_1_706' title='bbox 1508 5573 1790 5633; x_wconf 84' lang='lat' dir='ltr'>sanctum,</span> <span class='ocrx_word' id='word_1_707' title='bbox 1815 5568 1871 5622; x_wconf 93' lang='lat' dir='ltr'>id</span> 
     </span>
    </p>
   </div>
   <div class='ocr_carea' id='block_1_99' title="bbox 270 5656 1870 5731">
    <p class='ocr_par' dir='ltr' id='par_1_99' title="bbox 270 5656 1870 5731">
     <span class='ocr_line' id='line_1_99' title="bbox 270 5656 1870 5731; baseline -0.003 -16"><span class='ocrx_word' id='word_1_708' title='bbox 270 5667 352 5715; x_wconf 86' lang='lat' dir='ltr'>est</span> <span class='ocrx_word' id='word_1_709' title='bbox 379 5659 530 5731; x_wconf 88' lang='lat' dir='ltr'>quod</span> <span class='ocrx_word' id='word_1_710' title='bbox 560 5658 727 5713; x_wconf 87' lang='lat' dir='ltr'>Filius</span> <span class='ocrx_word' id='word_1_711' title='bbox 785 5659 1045 5729; x_wconf 80' lang='lat' dir='ltr'>praecipit,</span> <span class='ocrx_word' id='word_1_712' title='bbox 1102 5656 1345 5729; x_wconf 83' lang='lat' dir='ltr'>praecipit</span> <span class='ocrx_word' id='word_1_713' title='bbox 1376 5664 1429 5715; x_wconf 87' lang='lat' dir='ltr'>et</span> <span class='ocrx_word' id='word_1_714' title='bbox 1458 5658 1561 5715; x_wconf 87' lang='lat' dir='ltr'>hoc</span> <span class='ocrx_word' id='word_1_715' title='bbox 1592 5657 1870 5729; x_wconf 90' lang='lat' dir='ltr'>Spiriritus</span> 
     </span>
    </p>
   </div>
   <div class='ocr_carea' id='block_1_100' title="bbox 555 5756 1024 5817">
    <p class='ocr_par' dir='ltr' id='par_1_100' title="bbox 555 5756 1024 5817">
     <span class='ocr_line' id='line_1_100' title="bbox 555 5756 1024 5817; baseline -0.004 -5"><span class='ocrx_word' id='word_1_716' title='bbox 555 5756 794 5817; x_wconf 67' lang='lat' dir='ltr'>Panos.</span> <span class='ocrx_word' id='word_1_717' title='bbox 836 5756 1024 5813; x_wconf 84' lang='lat' dir='ltr'>CXIV.</span> 
     </span>
    </p>
   </div>
   <div class='ocr_carea' id='block_1_101' title="bbox 1963 4864 3556 4942">
    <p class='ocr_par' dir='ltr' id='par_1_101' title="bbox 1963 4864 3556 4942">
     <span class='ocr_line' id='line_1_101' title="bbox 1963 4864 3556 4942; baseline 0.006 -24"><span class='ocrx_word' id='word_1_718' title='bbox 1963 4871 2220 4919; x_wconf 90' lang='lat' dir='ltr'>constans</span> <span class='ocrx_word' id='word_1_719' title='bbox 2250 4864 2547 4935; x_wconf 90' lang='lat' dir='ltr'>elementis,</span> <span class='ocrx_word' id='word_1_720' title='bbox 2582 4864 2825 4921; x_wconf 89' lang='lat' dir='ltr'>eruditur</span> <span class='ocrx_word' id='word_1_721' title='bbox 2852 4873 3045 4923; x_wconf 90' lang='lat' dir='ltr'>contra</span> <span class='ocrx_word' id='word_1_722' title='bbox 3062 4870 3556 4942; x_wconf 89' lang='lat' dir='ltr'>transgressionem</span> 
     </span>
    </p>
   </div>
   <div class='ocr_carea' id='block_1_102' title="bbox 1963 4952 2246 5024">
    <p class='ocr_par' dir='ltr' id='par_1_102' title="bbox 1963 4952 2246 5024">
     <span class='ocr_line' id='line_1_102' title="bbox 1963 4952 2246 5024; baseline -0.004 -17"><span class='ocrx_word' id='word_1_723' title='bbox 1963 4952 2246 5024; x_wconf 86' lang='lat' dir='ltr'>Decalogi.</span> 
     </span>
    </p>
   </div>
   <div class='ocr_carea' id='block_1_103' title="bbox 2034 5039 3603 5119">
    <p class='ocr_par' dir='ltr' id='par_1_103' title="bbox 2034 5039 3603 5119">
     <span class='ocr_line' id='line_1_103' title="bbox 2034 5039 3603 5119; baseline 0.009 -26"><span class='ocrx_word' id='word_1_724' title='bbox 2034 5039 2206 5094; x_wconf 74' lang='lat' dir='ltr'>Vsus.</span> <span class='ocrx_word' id='word_1_725' title='bbox 2239 5041 2293 5094; x_wconf 71' lang='grc'><strong>4.</strong></span> <span class='ocrx_word' id='word_1_726' title='bbox 2325 5069 2394 5079; x_wconf 94' lang='grc'><strong><em>-</em></strong></span> <span class='ocrx_word' id='word_1_727' title='bbox 2425 5042 2784 5097; x_wconf 84' lang='lat' dir='ltr'>Convescens.</span> <span class='ocrx_word' id='word_1_728' title='bbox 2816 5040 2986 5114; x_wconf 84' lang='lat' dir='ltr'>Signa</span> <span class='ocrx_word' id='word_1_729' title='bbox 3008 5042 3121 5100; x_wconf 87' lang='lat' dir='ltr'>veri</span> <span class='ocrx_word' id='word_1_730' title='bbox 3150 5042 3397 5119; x_wconf 89' lang='lat' dir='ltr'>corporis</span> <span class='ocrx_word' id='word_1_731' title='bbox 3444 5063 3548 5106; x_wconf 87' lang='lat' dir='ltr'>an-</span> <span class='ocrx_word' id='word_1_732' title='bbox 3600 5083 3603 5086; x_wconf 62' lang='grc'>‹</span> 
     </span>
    </p>
   </div>
   <div class='ocr_carea' id='block_1_104' title="bbox 1963 5126 3550 5210">
    <p class='ocr_par' dir='ltr' id='par_1_104' title="bbox 1963 5126 3550 5210">
     <span class='ocr_line' id='line_1_104' title="bbox 1963 5126 3550 5210; baseline 0.007 -27"><span class='ocrx_word' id='word_1_733' title='bbox 1963 5128 2190 5197; x_wconf 90' lang='lat' dir='ltr'>nuntiat,</span> <span class='ocrx_word' id='word_1_734' title='bbox 2248 5126 2377 5199; x_wconf 90' lang='lat' dir='ltr'>quia</span> <span class='ocrx_word' id='word_1_735' title='bbox 2424 5144 2531 5183; x_wconf 91' lang='lat' dir='ltr'>non</span> <span class='ocrx_word' id='word_1_736' title='bbox 2586 5144 2695 5185; x_wconf 92' lang='lat' dir='ltr'>uno</span> <span class='ocrx_word' id='word_1_737' title='bbox 2752 5130 2998 5202; x_wconf 90' lang='lat' dir='ltr'>corporis</span> <span class='ocrx_word' id='word_1_738' title='bbox 3045 5148 3227 5205; x_wconf 89' lang='lat' dir='ltr'>sensu,</span> <span class='ocrx_word' id='word_1_739' title='bbox 3283 5136 3382 5191; x_wconf 90' lang='lat' dir='ltr'>sed</span> <span class='ocrx_word' id='word_1_740' title='bbox 3410 5137 3550 5210; x_wconf 89' lang='lat' dir='ltr'>visu,</span> 
     </span>
    </p>
   </div>
   <div class='ocr_carea' id='block_1_105' title="bbox 1964 5216 3543 5292">
    <p class='ocr_par' dir='ltr' id='par_1_105' title="bbox 1964 5216 3543 5292">
     <span class='ocr_line' id='line_1_105' title="bbox 1964 5216 3543 5292; baseline 0.008 -22"><span class='ocrx_word' id='word_1_741' title='bbox 1964 5216 2168 5283; x_wconf 88' lang='lat' dir='ltr'>auditu,</span> <span class='ocrx_word' id='word_1_742' title='bbox 2228 5223 2390 5285; x_wconf 90' lang='lat' dir='ltr'>tactu,</span> <span class='ocrx_word' id='word_1_743' title='bbox 2427 5216 2761 5288; x_wconf 79' lang='lat' dir='ltr'>apparando,</span> <span class='ocrx_word' id='word_1_744' title='bbox 2821 5216 3117 5292; x_wconf 91' lang='lat' dir='ltr'>loquendo,</span> <span class='ocrx_word' id='word_1_745' title='bbox 3162 5227 3543 5282; x_wconf 88' lang='lat' dir='ltr'>convescendo</span> 
     </span>
    </p>
   </div>
   <div class='ocr_carea' id='block_1_106' title="bbox 1964 5304 3557 5384">
    <p class='ocr_par' dir='ltr' id='par_1_106' title="bbox 1964 5304 3557 5384">
     <span class='ocr_line' id='line_1_106' title="bbox 1964 5304 3557 5384; baseline 0.007 -26"><span class='ocrx_word' id='word_1_746' title='bbox 1964 5304 2213 5376; x_wconf 86' lang='lat' dir='ltr'>probavit</span> <span class='ocrx_word' id='word_1_747' title='bbox 2243 5320 2303 5360; x_wconf 93' lang='lat' dir='ltr'>se</span> <span class='ocrx_word' id='word_1_748' title='bbox 2331 5306 2711 5361; x_wconf 88' lang='lat' dir='ltr'>resurrexisse.</span> <span class='ocrx_word' id='word_1_749' title='bbox 2754 5306 3208 5377; x_wconf 82' lang='lat' dir='ltr'>Promissionem,</span> <span class='ocrx_word' id='word_1_750' title='bbox 3243 5329 3404 5384; x_wconf 88' lang='lat' dir='ltr'>quam</span> <span class='ocrx_word' id='word_1_751' title='bbox 3431 5329 3557 5384; x_wconf 88' lang='lat' dir='ltr'>pro-</span> 
     </span>
    </p>
   </div>
   <div class='ocr_carea' id='block_1_107' title="bbox 1965 5393 3561 5470">
    <p class='ocr_par' dir='ltr' id='par_1_107' title="bbox 1965 5393 3561 5470">
     <span class='ocr_line' id='line_1_107' title="bbox 1965 5393 3561 5470; baseline 0.007 -24"><span class='ocrx_word' id='word_1_752' title='bbox 1965 5393 2114 5447; x_wconf 90' lang='lat' dir='ltr'>misit</span> <span class='ocrx_word' id='word_1_753' title='bbox 2138 5409 2237 5464; x_wconf 89' lang='lat' dir='ltr'>per</span> <span class='ocrx_word' id='word_1_754' title='bbox 2262 5394 2399 5460; x_wconf 90' lang='lat' dir='ltr'>Joel,</span> <span class='ocrx_word' id='word_1_755' title='bbox 2442 5401 2500 5449; x_wconf 92' lang='lat' dir='ltr'>ut</span> <span class='ocrx_word' id='word_1_756' title='bbox 2550 5394 2772 5450; x_wconf 90' lang='lat' dir='ltr'>habetur</span> <span class='ocrx_word' id='word_1_757' title='bbox 2798 5395 2854 5451; x_wconf 91' lang='lat' dir='ltr'>in</span> <span class='ocrx_word' id='word_1_758' title='bbox 2902 5400 3253 5470; x_wconf 89' lang='lat' dir='ltr'>sequentibus</span> <span class='ocrx_word' id='word_1_759' title='bbox 3287 5418 3300 5455; x_wconf 91' lang='lat'><strong><em>:</em></strong></span> <span class='ocrx_word' id='word_1_760' title='bbox 3348 5410 3400 5457; x_wconf 92' lang='lat' dir='ltr'>et</span> <span class='ocrx_word' id='word_1_761' title='bbox 3445 5400 3493 5456; x_wconf 86' lang='lat' dir='ltr'>si</span> <span class='ocrx_word' id='word_1_762' title='bbox 3525 5414 3561 5457; x_wconf 86' lang='lat' dir='ltr'>a</span> 
     </span>
    </p>
   </div>
   <div class='ocr_carea' id='block_1_108' title="bbox 1968 5479 3557 5558">
    <p class='ocr_par' dir='ltr' id='par_1_108' title="bbox 1968 5479 3557 5558">
     <span class='ocr_line' id='line_1_108' title="bbox 1968 5479 3557 5558; baseline 0.004 -22"><span class='ocrx_word' id='word_1_763' title='bbox 1968 5481 2185 5536; x_wconf 90' lang='lat' dir='ltr'>Christo</span> <span class='ocrx_word' id='word_1_764' title='bbox 2213 5479 2381 5548; x_wconf 85' lang='lat' dir='ltr'>facta,</span> <span class='ocrx_word' id='word_1_765' title='bbox 2406 5498 2437 5536; x_wconf 87' lang='lat' dir='ltr'>a</span> <span class='ocrx_word' id='word_1_766' title='bbox 2468 5484 2621 5539; x_wconf 91' lang='lat' dir='ltr'>Patre</span> <span class='ocrx_word' id='word_1_767' title='bbox 2649 5491 2827 5538; x_wconf 88' lang='lat' dir='ltr'>tamen</span> <span class='ocrx_word' id='word_1_768' title='bbox 2844 5487 3218 5558; x_wconf 88' lang='lat' dir='ltr'>complebitur.</span> <span class='ocrx_word' id='word_1_769' title='bbox 3246 5488 3343 5542; x_wconf 91' lang='lat' dir='ltr'>Vel</span> <span class='ocrx_word' id='word_1_770' title='bbox 3366 5490 3557 5542; x_wconf 79' lang='lat' dir='ltr'>Patris</span> 
     </span>
    </p>
   </div>
   <div class='ocr_carea' id='block_1_109' title="bbox 1969 5569 3557 5646">
    <p class='ocr_par' dir='ltr' id='par_1_109' title="bbox 1969 5569 3557 5646">
     <span class='ocr_line' id='line_1_109' title="bbox 1969 5569 3557 5646; baseline 0.003 -23"><span class='ocrx_word' id='word_1_771' title='bbox 1969 5569 2177 5636; x_wconf 91' lang='lat' dir='ltr'>dicitur,</span> <span class='ocrx_word' id='word_1_772' title='bbox 2210 5570 2335 5642; x_wconf 89' lang='lat' dir='ltr'>quia</span> <span class='ocrx_word' id='word_1_773' title='bbox 2361 5569 2416 5627; x_wconf 93' lang='lat' dir='ltr'>in</span> <span class='ocrx_word' id='word_1_774' title='bbox 2446 5572 2560 5641; x_wconf 91' lang='lat' dir='ltr'>ejus</span> <span class='ocrx_word' id='word_1_775' title='bbox 2585 5572 2788 5640; x_wconf 88' lang='lat' dir='ltr'>Verbo,</span> <span class='ocrx_word' id='word_1_776' title='bbox 2854 5573 2911 5630; x_wconf 92' lang='lat' dir='ltr'>id</span> <span class='ocrx_word' id='word_1_777' title='bbox 2941 5583 3023 5630; x_wconf 92' lang='lat' dir='ltr'>est</span> <span class='ocrx_word' id='word_1_778' title='bbox 3051 5575 3284 5641; x_wconf 86' lang='lat' dir='ltr'>Christo,</span> <span class='ocrx_word' id='word_1_779' title='bbox 3334 5573 3557 5646; x_wconf 83' lang='lat' dir='ltr'>promit-</span> 
     </span>
    </p>
   </div>
   <div class='ocr_carea' id='block_1_110' title="bbox 1970 5657 2118 5714">
    <p class='ocr_par' dir='ltr' id='par_1_110' title="bbox 1970 5657 2118 5714">
     <span class='ocr_line' id='line_1_110' title="bbox 1970 5657 2118 5714; baseline 0 0"><span class='ocrx_word' id='word_1_780' title='bbox 1970 5657 2118 5714; x_wconf 90' lang='lat' dir='ltr'>titur.</span> 
     </span>
    </p>
   </div>
   <div class='ocr_carea' id='block_1_111' title="bbox 3284 5760 3351 5814">
    <p class='ocr_par' dir='ltr' id='par_1_111' title="bbox 3284 5760 3351 5814">
     <span class='ocr_line' id='line_1_111' title="bbox 3284 5760 3351 5814; baseline 0.03 -2"><span class='ocrx_word' id='word_1_781' title='bbox 3284 5760 3351 5814; x_wconf 72' lang='grc'><strong>14</strong></span> 
     </span>
    </p>
   </div>
  </div>
