3948 6178
366 271 473 329 427

831 267 1237 326 WALAFRIDI
1274 265 1517 324 STRABI
1553 264 1753 321 FULD.
1792 262 1966 319 MON.
2008 262 2161 320 OPP.
2202 262 2377 319 PARS
2416 264 2458 317 Ι.
2498 292 2569 305 -
2603 261 3074 319 THEOLOGICA.

3562 263 3675 318 428

438 395 610 450 Vsus.
643 397 676 449 5
705 424 775 435 —
808 394 949 462 Quia
978 396 1240 450 Joannes.
1282 388 1501 463 (BEDA),
1558 389 1691 444 Cum
1752 388 1957 444 diceret
1985 389 2043 450 A
2069 396 2179 443 tem
2207 396 2459 459 operatus
2488 395 2589 454 est,
2630 388 2806 460 gratia
2854 387 3152 458 spiritualis
3181 394 3235 442 et
3266 386 3526 442 salutaris
3555 386 3668 442 do-

375 471 678 538 Dominus:
709 481 851 551 Quia
893 483 1130 537 Joannes
1178 478 1463 550 baptizavit
1502 493 1658 549 aqua,
1718 492 1817 532 vos
1864 492 1966 531 au-

372 578 502 634 tem,
534 579 661 641 etc.,
692 586 866 645 usque
893 570 964 627 ad
996 569 1143 643 quod
1170 569 1226 624 in
1256 567 1522 639 baptismo
1578 564 1804 622 Joannis
1858 580 1968 621 non

376 657 559 715 ﬁebat.

448 788 719 859 Baptisms
773 787 930 842 datur
957 786 1014 840 in
1042 785 1255 841 duabus
1291 783 1512 851 naturis,
1553 781 1824 853 corporali
1862 780 1969 836 sci-

375 876 504 934 licet
521 884 575 933 et
603 875 866 948 spirituali
897 874 1063 946 :quia
1094 875 1257 929 homo
1285 873 1376 945 qui
1405 872 1728 944 baptizatur,
1759 870 1970 925 duobus

379 973 594 1023 constat
628 982 641 1019 :
674 979 909 1035 corpore
931 962 1138 1019 scilicet
1171 970 1226 1019 et
1253 962 1454 1032 anima,
1486 969 1668 1018 tamen
1695 975 1862 1015 unum
1891 965 1972 1015 est

381 1053 670 1127 baptisma,
702 1052 842 1109 sicut
868 1068 1008 1107 unus
1035 1053 1221 1108 homo.

455 1195 548 1250 Vos
602 1196 816 1259 autem,
874 1199 980 1248 etc.
1028 1190 1261 1261 Quando
1315 1191 1511 1247 Petrus
1565 1189 1803 1261 negavit,
1861 1203 1972 1245 non

382 1288 534 1338 erant
552 1280 782 1352 apostoli
809 1280 1093 1352 baptizati;
1123 1296 1233 1336 non
1262 1295 1421 1351 aqua,
1456 1279 1554 1334 sed
1596 1277 1787 1350 spiritu
1811 1294 1825 1331 :
1849 1284 1976 1349 post

375 1370 830 1427 resurrectionem
878 1370 1022 1425 enim
1052 1368 1256 1425 dictum
1286 1378 1370 1425 est
1402 1386 1415 1424 :
1455 1370 1550 1425 Vos
1568 1384 1695 1425 vero
1726 1368 1974 1439 baptiza-

381 1459 586 1516 bimini
624 1459 845 1532 Spiritu
863 1462 1079 1515 sancto.
1120 1458 1376 1513 Nondum
1406 1457 1552 1512 enim
1572 1454 1975 1511 resurrectione

382 1545 582 1603 Christi
610 1554 664 1601 et
682 1545 944 1601 missione
976 1545 1208 1617 Spiritus
1238 1543 1540 1601 conﬁrmati
1594 1551 1765 1599 erant.
1828 1542 1977 1599 Sicut

381 1643 563 1691 autem
604 1633 766 1704 justis
786 1632 1124 1690 circumcisio
1179 1648 1289 1689 non
1333 1631 1429 1688 fuit
1458 1630 1787 1698 necessaria,
1817 1638 1974 1686 ante-

382 1739 544 1796 quam
588 1722 948 1794 imperaretur
994 1721 1230 1777 Abraha:
1275 1729 1326 1777 et
1375 1719 1675 1792 posteritati
1705 1734 1815 1774 suae
1849 1736 1861 1772 :
1897 1718 2047 1811 sicB

2068 476 2244 533 ctrina
2279 493 2380 548 per
2409 483 2581 531 totum
2608 476 2801 531 orbem
2821 475 3062 531 deﬂuxit.

2140 592 2311 647 Vsus.
2344 622 2413 631 —
2445 593 2517 647 Et
2561 608 2692 647 cum
2743 591 2858 646 haec
2915 591 3177 646 dixisset.
3218 588 3392 645 Aliter
3447 589 3674 645 Marcus

2068 686 2459 736 commemorat
2513 679 2702 735 dicens
2736 695 2748 734 :
2795 681 2867 735 Et
2916 680 3186 735 Dominus
3233 678 3462 750 quidem
3509 680 3675 734 Jesus

2067 773 2363 841 postquam
2395 769 2619 824 locutus
2649 772 2738 824 est
2775 769 2875 834 eis,
2898 770 3229 840 assumptus
3260 771 3347 822 est
3381 767 3443 821 in
3464 768 3676 822 cretum

2070 856 2291 928 (Matth.
2322 855 2550 927 xxvm).
2584 856 2693 912 Sed
2740 855 2865 927 quia
2893 856 3065 911 Lucas
3097 854 3499 926 signiﬁcantius
3519 855 3678 923 adje-

2070 945 2143 1001 cit
2171 962 2184 998 :
2223 945 2360 1001 Cum
2381 945 2497 1001 hazc
2516 946 2778 1013 dixisset,
2809 946 3061 1001 elevatus
3093 948 3197 1011 est,
3248 943 3536 1014 completis
3563 942 3677 997 illis

2071 1033 2411 1090 sermonibus
2441 1048 2578 1106 quos
2602 1041 3128 1091 commemoraverat
3156 1032 3450 1089 Dominum
3470 1047 3672 1088 ascen-

2072 1122 2219 1177 disse
2247 1122 2419 1178 ccelos
2447 1122 2703 1178 ostendit.

2144 1236 2321 1291 Vnus.
2358 1238 2444 1291 11.
2470 1266 2540 1277 -
2587 1236 2831 1302 ϐαιὶὶιεὶ,
2865 1235 2999 1308 quid
3026 1237 3192 1291 statis
3226 1236 3574 1308 aspicientes
3606 1237 3676 1290 in

2072 1324 2397 1381 caelum‘YIn
2423 1324 2620 1396 quibus
2666 1324 2829 1380 debet
2892 1339 3016 1380 esse
3072 1324 3391 1395 prudentior
3446 1339 3673 1391 sensus,

2075 1413 2200 1484 quia
2227 1412 2441 1468 Galilzei
2474 1412 2685 1469 caeteris
2709 1412 2913 1467 Judmis
2942 1412 2999 1466 in
3055 1413 3317 1484 sapientia
3374 1412 3676 1484 pracelle—

2075 1501 2223 1556 bant.
2255 1500 2374 1569 Vel,
2410 1500 2617 1556 Galilaei
2660 1500 2944 1569 volubiles,
3003 1501 3133 1573 quia
3187 1500 3538 1557 instabilitate
3588 1500 3680 1558 sui

2073 1605 2270 1645 sensus
2290 1589 2446 1645 obliti
2476 1596 2636 1645 erunt
2661 1597 2935 1661 praecepta
2962 1590 3083 1645 Dei.

2148 1705 2318 1760 Vnus.
2357 1708 2443 1761 12.
2474 1735 2544 1744 -
2592 1706 2742 1761 Tunc
2782 1707 2995 1761 reversi
3047 1710 3201 1772 sunt,
3239 1713 3344 1762 etc.
3406 1704 3678 1761 Reversio

378 1792 683 1883 postquam
738 1818 1137 1867 sacramentum
1196 1809 1337 1866 Novi
1392 1807 1741 1873 Testamenti,
1803 1807 1858 1861 id
1889 1815 1973 1863 est

2087 1793 2445 1864 apostolorum
2483 1793 2552 1848 de
2585 1801 2769 1849 monte
2802 1793 3000 1849 Oliveti
3026 1794 3345 1861 Jerusalem,
3399 1792 3679 1867 signiﬁcat

377 1899 665 1971 baptisma,
713 1898 1138 1955 circumcisionis
1184 1897 1306 1954 loco
1337 1898 1521 1952 datum
1565 1904 1648 1951 est
1678 1911 1710 1950 a
1739 1894 1972 1951 Domino

380 1988 597 2045 dicente
630 2005 643 2041 :
676 1988 796 2043 Nisi
810 1989 933 2060 quis
951 1990 1188 2043 renatus
1210 1988 1388 2057 fuerit
1414 2002 1487 2041 ex
1502 2002 1649 2058 aqua
1669 1988 1725 2040 et
1756 1985 1972 2056 Spiritu

379 2081 576 2134 sancto
600 2077 784 2147 (Joan.
810 2076 912 2146 ιιι),
945 2082 1073 2144 etc.,
1098 2083 1305 2131 certum
1357 2082 1438 2128 est
1476 2073 1683 2128 nullum
1730 2073 1799 2127 ad
1846 2087 1972 2128 cor-

377 2180 481 2237 pus
525 2162 721 2221 Christi
758 2163 1054 2234 pertinere,
1105 2162 1210 2217 nisi
1247 2162 1592 2232 baptizatum,
1650 2168 1850 2232 praeter
1878 2176 1975 2215 eos

378 2253 576 2325 quibus
631 2251 813 2323 passio
848 2252 1130 2322 deputatur
1172 2266 1273 2321 pro
1312 2249 1601 2320 baptismo.
1653 2251 1786 2304 Item
1833 2248 1973 2304 scri-

376 2349 528 2413 ptum
556 2349 656 2407 est,
691 2340 909 2413 quando
943 2339 1137 2394 Paulus
1170 2338 1476 2410 baptizatus
1507 2345 1588 2393 est
1620 2355 1633 2391 :
1667 2344 1720 2393 et
1750 2352 1859 2392 non
1894 2344 1977 2392 est

378 2429 638 2505 scriptum
687 2427 908 2501 quando
965 2427 1058 2483 alii
1102 2427 1334 2498 apostoli
1362 2426 1619 2498 baptizati
1679 2433 1805 2480 sunt
1838 2425 1975 2481 :sed

378 2519 640 2575 debemus
694 2516 1005 2590 intelligere
1035 2516 1332 2587 baptizatos
1363 2531 1488 2572 esse
1541 2521 1765 2587 propter
1788 2514 1922 2569 illud
1958 2531 1972 2568 :

378 2608 503 2665 Nisi
521 2607 643 2681 quis
672 2607 909 2662 renatus
937 2606 1137 2677 fuerit,
1173 2613 1278 2661 etc.

448 2758 619 2814 Vsus.
649 2759 704 2811 ’7.
734 2787 805 2797 —
825 2757 946 2812 Non
984 2759 1070 2811 est
1084 2758 1335 2811 vestrum
1364 2769 1553 2810 nosse.
1599 2754 1725 2808 Non
1751 2752 1844 2817 ait,
1865 2766 1975 2807 non

374 2843 498 2912 erit,
522 2844 620 2900 sed
656 2861 773 2901 non
813 2847 899 2899 est
931 2860 945 2897 :
976 2850 1169 2898 notans
1228 2842 1408 2897 adhuc
1465 2857 1589 2896 esse
1619 2840 1885 2906 inﬁrmos,
1922 2847 1977 2895 et

371 2933 500 2989 ideo
528 2932 597 2986 ad
626 2939 895 2987 secretum
924 2929 1369 3002 cognoscendum
1402 2943 1511 2984 non
1544 2945 1667 2983 esse
1698 2927 1924 2983 idoneos
1958 2944 1972 2981 :

377 3021 511 3077 Cum
555 3034 690 3076 vero
746 3018 822 3074 ait
868 3033 887 3070 :
947 3019 1067 3073 Non
1113 3023 1197 3073 est
1246 3020 1496 3073 vestrum
1535 3032 1716 3083 nosse,
1742 3014 1977 3071 ostendit

376 3107 521 3180 quod
551 3107 668 3179 ipse
700 3107 850 3171 sciat,
884 3106 1037 3174 cujus
1068 3113 1193 3159 sunt
1222 3105 1402 3159 omnia
1446 3121 1569 3176 quae
1612 3104 1807 3171 Patris,
1869 3103 2035 3167 sedC

374 3196 453 3251 eis
483 3211 594 3250 non
620 3195 835 3266 expedit
862 3209 1044 3259 nosse,
1075 3193 1173 3248 sed
1202 3191 1276 3247 ita
1305 3193 1489 3248 vivant
1516 3192 1670 3264 quasi
1717 3191 1959 3265 quotidie

365 3282 666 3353 iudicandi.
693 3282 823 3350 Qum
851 3284 1040 3337 Pater.
1066 3280 1237 3347 Illius,
1263 3280 1453 3352 inquit,
1515 3281 1675 3352 regni
1725 3287 1835 3334 tam
1884 3296 1980 3335 se—

375 3379 586 3427 cretum
616 3378 698 3426 est
746 3378 979 3441 tempus,
1040 3377 1097 3424 ut
1151 3376 1357 3423 tantum
1402 3367 1641 3424 scientiae
1674 3368 1847 3422 Patris
1877 3384 1979 3439 pa-

375 3467 505 3525 teat,
527 3459 622 3516 sed
666 3459 959 3531 accipietis
978 3459 1248 3514 virtutem
1269 3457 1513 3529 Spiritus
1536 3457 1743 3523 sancti,
1763 3457 1978 3529 utquod

375 3555 602 3618 propter
628 3545 1000 3601 inﬁrmitatem
1030 3545 1214 3602 carnis
1242 3562 1351 3601 non
1377 3545 1624 3616 potestis,
1657 3545 1880 3617 possitis
1911 3562 1977 3600 ex

376 3633 573 3692 virtute
630 3634 864 3705 Spiritus
917 3633 1105 3690 sancti.
1147 3634 1213 3689 In
1246 3651 1351 3690 sua
1396 3638 1697 3707 potestate.
1747 3634 1865 3689 Hoc
1920 3641 1977 3688 ut

352 3739 544 3778 rverus
564 3724 725 3778 homo
768 3722 1149 3779 excusabiliter
1176 3722 1330 3789 dixit,
1364 3724 1462 3777 sed
1490 3730 1697 3778 tantum
1737 3738 1847 3777 una
1891 3729 1974 3778 est

377 3810 551 3866 Patris
597 3819 650 3866 et
708 3810 828 3865 Filii
884 3818 937 3865 et
1005 3810 1235 3881 Spiritus
1293 3810 1723 3882 sanctipotestas
1759 3829 1772 3866 :
1806 3810 1972 3865 Filius

382 3898 547 3955 etiam
574 3906 819 3970 potestas
848 3898 1026 3954 Patris
1055 3906 1156 3954 est.
1890 3886 1897 3891 ⁷

455 4039 627 4096 Vnus.
664 4044 714 4094 8.
738 4069 809 4080 —
835 4040 940 4096 Sed
966 4042 1277 4111 accipietis.
1310 4039 1535 4095 Tollitur
1575 4038 1802 4096 scientia
1832 4046 1975 4096 tem-

383 4142 596 4202 porum,
633 4126 729 4182 sed
762 4125 1022 4195 divinum,
1054 4144 1163 4199 quo
1194 4127 1457 4200 indigent,
1491 4128 1781 4183 adhibetur
1825 4129 1977 4184 auxi-

385 4217 520 4272 lium
550 4231 568 4267 :
600 4216 703 4271 hoc
731 4216 914 4285 modo,
941 4231 1062 4270 cum
1091 4214 1277 4286 pueris
1320 4215 1524 4287 aliquid
1570 4216 1793 4283 tollitur,
1828 4216 1975 4272 aliud

387 4304 548 4361 datur
574 4319 643 4358 ne
672 4303 886 4375 penitus
916 4301 1210 4358 tristentur.
1244 4304 1704 4375 Supervenientis
1729 4306 1976 4377 Spiritus

391 4394 607 4450 sancti.
633 4393 767 4448 Cum
790 4391 1135 4463 superveniet
1156 4390 1386 4461 Spiritus
1406 4392 1461 4445 in
1482 4408 1600 4459 vos,
1620 4409 1729 4452 non
1747 4409 1977 4465 regnum

2070 1881 2371 1937 Ecclesiam
2402 1898 2522 1953 quae
2544 1882 2613 1937 de
2638 1882 2814 1937 activa
2860 1882 2915 1936 in
2945 1882 3419 1954 contemplativam
3474 1898 3680 1939 ascen-

2071 1970 2227 2037 dens,
2259 1970 2456 2025 iterum
2514 1970 2798 2026 descendit
2856 1970 2912 2024 in
2960 1972 3437 2027 conversationem
3467 1972 3681 2027 activa-

2072 2059 2199 2113 lem.
2237 2059 2392 2113 Mons
2425 2058 2570 2113 enim
2602 2057 2806 2115 Oliveti
2841 2059 2911 2113 ab
2939 2058 3177 2129 antiquis
3205 2076 3364 2115 mons
3392 2059 3557 2115 trium
3587 2060 3682 2115 lu-

2072 2146 2278 2201 minum
2310 2146 2605 2202 vocabatur
2653 2165 2665 2200 :
2701 2147 2937 2203 lucernae
2974 2147 3181 2204 scilicet
3236 2148 3304 2203 de
3341 2149 3548 2219 templo
3578 2164 3679 2204 re-

2075 2235 2428 2306 splendentis,
2461 2251 2528 2292 ac
2585 2235 2716 2291 solis
2772 2253 2837 2291 ex
2887 2236 3058 2291 altera
3113 2244 3270 2308 parte
3326 2238 3575 2305 orientis,
3624 2244 3683 2293 et

2075 2324 2180 2379 olei
2208 2323 2263 2377 in
2291 2323 2412 2395 ipso
2440 2332 2625 2380 monte
2652 2324 2917 2379 naturalis
2951 2325 3094 2381 lucis
3136 2342 3149 2378 :
3192 2342 3313 2397 qua:
3342 2326 3441 2381 tria
3464 2342 3680 2382 conve-

2074 2413 2228 2467 niunt
2273 2412 2594 2483 perfectioni
2647 2422 2872 2486 propter
2927 2414 3096 2469 divini
3141 2413 3310 2469 Verbi
3365 2415 3548 2471 lucem
3606 2415 3680 2474 de

2075 2501 2325 2557 Ecclesia
2361 2501 2679 2574 fulgentem,
2713 2511 2933 2573 propter
2959 2503 3090 2558 solis
3106 2502 3332 2573 justitias
3358 2502 3665 2578 fulgorem,

2075 2597 2298 2660 propter
2327 2606 2480 2661 purae
2507 2590 2858 2647 conscientias
2888 2592 3141 2647 nitorem.

2148 2708 2318 2763 Vsus.
2378 2711 2443 2762 13
2499 2738 2569 2748 -
2624 2710 2694 2764 Et
2733 2726 2863 2765 eum
2884 2710 3239 2767 introissent.
3282 2712 3344 2767 In
3372 2711 3569 2768 Graeco
3600 2713 3678 2768 ita

2075 2794 2293 2867 ponitur
2313 2815 2331 2851 :
2364 2798 2503 2853 Cum
2531 2798 2868 2854 introissent
2898 2800 3206 2866 civitatem,
3232 2801 3295 2854 in
3312 2802 3678 2857 cwnaculum

2076 2884 2473 2951 ascenderunt,
2514 2884 2609 2941 ubi
2647 2890 2815 2942 erant
2869 2890 3167 2943 manentes
3204 2890 3433 2955 Petrus,
3465 2896 3571 2944 etc.
3612 2891 3675 2944 In

2078 2972 2273 3028 Graeco
2294 2972 2375 3028 sic
2411 2980 2495 3028 est
2513 2973 2649 3028 ordo
2696 2974 2973 3029 nominum
3007 2993 3020 3029 :
3053 2978 3257 3031 Petrus
3290 2982 3347 3032 et
3375 2977 3671 3044 Andreas,

2079 3061 2311 3116 Jacobus
2342 3065 2398 3117 et
2416 3062 2678 3129 Joannes,
2713 3064 2905 3119 Simon
2936 3048 3151 3120 Zelotes
3184 3069 3241 3120 et
3257 3064 3428 3121 ludas
3455 3067 3673 3123 Jacobi.

2086 3150 2467 3218 Canaculum,
2509 3159 2610 3205 etc.
2645 3151 2867 3220 (Ba-DA.)
2921 3153 3097 3208 Locus
3147 3152 3313 3207 estin
3371 3155 3671 3225 superiori,

2079 3236 2374 3310 designans
2403 3237 2547 3310 quod
2568 3254 2601 3293 a
2630 3246 2773 3294 terra
2794 3240 2994 3296 sublati
3049 3242 3121 3296 ad
3149 3242 3435 3313 superiora
3492 3244 3678 3300 scien-

2080 3324 2167 3379 tiae
2197 3332 2250 3379 et
2278 3325 2491 3380 virtutis
2519 3328 2909 3382 conscendunt.

2149 3413 2491 3469 Camaculum
2539 3415 2736 3470 dicitur
2764 3415 2980 3471 tertium
3038 3425 3260 3484 tectum,
3321 3418 3492 3492 ﬁgura
3540 3422 3675 3477 cha-

2077 3500 2253 3556 ritatis
2282 3500 2409 3557 ﬁdei
2438 3502 2885 3573 supermdiﬁcata:
2940 3512 2993 3560 et
3021 3506 3158 3576 spei.
3209 3507 3459 3563 Charitas
3491 3518 3677 3565 autem

2076 3587 2271 3643 diffusa
2300 3598 2381 3645 est
2410 3590 2465 3645 in
2494 3591 2750 3646 cordibus
2779 3592 2982 3648 nostris
3009 3610 3110 3664 per
3158 3594 3435 3666 Spiritum.
3465 3600 3677 3655 Petrus

2076 3681 2134 3733 et
2168 3680 2432 3735 Joannes.
2489 3680 2684 3735 Petrus
2718 3681 2924 3751 primus
2952 3683 3188 3753 ponitur,
3241 3685 3369 3755 quia
3410 3686 3675 3759 princeps

2075 3773 2126 3820 et
2154 3775 2362 3836 pastor.
2397 3768 2589 3823 Petrus
2617 3776 2670 3823 et
2688 3770 2926 3824 Joannes
2948 3770 3144 3826 merito
3180 3772 3341 3843 primi
3369 3783 3670 3843 ponuntur,

2075 3854 2166 3924 qui
2216 3854 2376 3908 simul
2404 3865 2764 3911 cucurrerunt
2820 3858 2889 3912 ad
2918 3868 3349 3930 monumentum,
3391 3863 3521 3932 quia
3547 3863 3674 3934 plus

2075 3943 2288 3997 caeteris
2319 3944 2592 3999 amabant.
2625 3945 2840 4000 Primus
2867 3947 2937 4018 (si
2989 3947 3073 4002 fas
3129 3957 3211 4003 cst
3240 3949 3370 4013 dici)
3402 3950 3527 4020 plus
3564 3968 3673 4008 caa-

2075 4029 2206 4085 teris
2235 4031 2422 4086 dilexit
2462 4050 2475 4086 :
2523 4032 2708 4101 alium,
2749 4034 3042 4105 plurimum
3096 4038 3257 4092 Jesus
3309 4037 3531 4093 amavit.
3564 4039 3674 4095 Ca-

2076 4118 2293 4191 tologus
2330 4121 2705 4190 apostolorum
2732 4122 2856 4178 ideo
2886 4124 3121 4194 ponitur,
3154 4141 3223 4180 ne
3252 4134 3406 4181 extra
3435 4128 3537 4182 hos
3566 4128 3674 4183 ali-

2076 4207 2169 4278 qui
2198 4206 2319 4261 falsi
2353 4208 2685 4279 recipiantur
2710 4227 2723 4263 :
2756 4211 2908 4281 paria
2939 4219 2992 4266 et
3021 4222 3297 4283 ponuntur
3328 4214 3451 4271 loca
3479 4216 3672 4289 singu-

2075 4294 2271 4364 lorum,
2306 4295 2766 4369 distinguentibus
2793 4300 3058 4370 gradibus
3088 4298 3428 4359 meritorum.

2147 4382 2213 4437 Hi
2241 4392 2364 4437 sunt
2411 4384 2699 4443 duodecim
2734 4385 2829 4441 ﬁlii
2872 4389 3089 4456 Jacob;
3149 4390 3438 4447 duodecim
3493 4392 3676 4448 fontes

393 4481 577 4546 Israel,
614 4482 728 4537 sive
757 4457 987 4554 regnum
1011 4479 1109 4534 Dei
1128 4457 1405 4548 in-lsrael,
1440 4457 1737 4551 utputatis,
1769 4457 1977 4551 alierct,
1998 4457 2050 4516 D
2082 4470 2301 4540 deserti,
2327 4487 2466 4543 QUOS
2496 4473 2666 4528 Israel
2696 4476 2897 4546 Peperit
2940 4476 2996 4530 in
3025 4478 3167 4532 Elim
3200 4498 3213 4545 ;
3247 4480 3537 4537 άυοάϐοίῐῐι
3568 4497 3674 4552 pa-

400 4570 497 4625 sed
555 4569 810 4624 virtutem
868 4566 1194 4623 testiﬁcandi
1244 4568 1313 4622 de
1358 4584 1446 4621 me
1498 4568 1653 4623 vobis
1680 4570 1978 4639 praestabit,

396 4664 707 4728 tantumque
734 4656 884 4711 illius
913 4656 1067 4729 regni
1103 4664 1316 4726 tempus
1355 4655 1520 4729 longe
1559 4664 1661 4722 est,
1719 4664 1777 4710 ut
1831 4657 1981 4727 prius

390 4760 502 4800 non
532 4744 709 4798 solum
739 4744 1191 4815 Hierosolymam,
1222 4744 1319 4799 sed
1350 4760 1541 4799 omnes
1597 4744 1734 4799 fines
1779 4745 1981 4801 Judaeas

393 4830 746 4896 etSamariaa,
776 4831 964 4885 mundi
1012 4832 1173 4886 etiam
1232 4832 1491 4887 terminos
1545 4848 1643 4901 per
1697 4832 1980 4889 circuitum

392 4917 541 4974 fama
568 4918 855 4990 Evangelii
883 4926 1181 4988 percurrat.
1216 4920 1281 4974 In
1313 4921 1626 4976 Jerusalem
1656 4924 1711 4976 et
1732 4920 1794 4975 in
1825 4923 1983 4978 omni

392 5005 611 5064 Judcea.
658 5005 1062 5077 Consequentia
1088 5006 1294 5061 ordinis
1324 5007 1381 5061 in
1426 5007 1705 5063 vocabulis
1736 5008 1982 5065 locorum

395 5092 720 5151 conservata
738 5100 820 5149 est
845 5109 857 5147 :
890 5092 1196 5148 Jerusalem
1228 5093 1473 5150 succedit
1499 5096 1750 5166 proxima
1777 5097 1981 5154 Judaaas

392 5182 689 5255 provincia,
742 5181 829 5237 cui
885 5181 1129 5236 Samaria
1187 5181 1293 5236 situ
1352 5183 1718 5257 conjungitur,
1781 5184 1981 5243 dehinc

392 5269 570 5326 omnis
600 5277 759 5329 terras
809 5269 1119 5325 communio
1150 5268 1504 5325 subinfertur.
1536 5273 1601 5327 In
1640 5274 1975 5331 Jerusalem.

390 5356 617 5428 Mystice
641 5373 655 5410 :
686 5356 743 5412 in
770 5356 979 5412 visione
1000 5357 1173 5427 pacis,
1195 5356 1250 5410 in
1276 5356 1618 5414 confessione
1648 5377 1789 5416 vera:
1816 5359 1977 5418 ﬁdei:

388 5444 639 5503 custodia
687 5451 1081 5516 praeceptorum
1138 5444 1239 5499 Dei
1290 5462 1303 5499 :
1362 5453 1415 5500 et
1469 5446 1525 5501 in
1562 5448 1646 5502 his
1693 5449 1783 5521 qui
1833 5467 1893 5506 se
1922 5450 1980 5506 in

383 5532 593 5590 alienos
623 5532 851 5590 fecerint
878 5549 912 5588 a
940 5541 1085 5589 terra
1112 5533 1507 5603 prmdicaturos
1555 5552 1651 5593 eos
1702 5538 1973 5610 praedixit,

383 5636 485 5692 per
513 5636 650 5694 quos
681 5620 835 5694 quasi
852 5630 985 5678 rota:
1014 5620 1197 5677 radios
1217 5620 1287 5678 de
1317 5621 1499 5680 medio
1520 5631 1683 5681 terra:
1702 5626 1793 5681 ubi
1824 5627 1977 5685 salu-

2080 4575 2178 4613 nes
2197 4560 2586 4630 prepositionis
2617 4603 2632 4631 ,
2667 4556 2962 4620 duodecim.
2984 4564 3194 4637 lapides
3225 4567 3279 4622 in
3308 4577 3459 4624 veste
3489 4570 3673 4640 ponti-

2081 4646 2196 4702 ﬁcis
2230 4667 2243 4714 ;
2277 4647 2565 4704 duodecim
2621 4651 2776 4722 signa
2825 4653 3070 4709 zodiaci:
3131 4656 3422 4712 duodecim
3458 4659 3676 4730 lapides

2079 4734 2257 4790 altaris
2287 4756 2306 4803 ;
2336 4737 2621 4793 duodecim
2649 4738 2857 4809 lapides
2894 4741 2963 4797 dc
2992 4743 3231 4800 Jordane
3260 4746 3456 4801 elevati
3488 4765 3502 4802 :
3534 4748 3675 4804 duo—

2080 4823 2256 4879 decim
2286 4824 2458 4880 boves
2488 4827 2589 4880 sub
2635 4844 2788 4882 aeneo
2844 4830 3031 4896 mari;
3080 4832 3369 4890 duodecim
3417 4836 3591 4892 stellae
3618 4838 3675 4892 in

2080 4926 2280 4966 corona
2309 4928 2563 4983 sponsm;
2608 4914 2896 4973 duodecim
2942 4918 3338 4989 fundamenta;
3387 4924 3674 4980 duodecim

2078 5006 2285 5070 portae;
2335 5001 2625 5059 duodecim
2681 5020 2900 5061 menses
2958 5008 3132 5076 anni;
3173 5010 3466 5067 duodecim
3523 5014 3675 5071 horas

2079 5086 2219 5155 diei,
2249 5089 2537 5146 duodecim
2570 5091 2779 5148 fructus
2808 5094 2944 5168 ligni
2975 5097 3119 5153 vitae.

2149 5189 2619 5265 Zelotes.(BEnA.)
2652 5194 2864 5251 Zelotes
2894 5197 3012 5269 ipse
3042 5207 3124 5255 est
3153 5201 3245 5271 qui
3275 5200 3328 5256 in
3360 5202 3674 5277 Evangeliis

2080 5276 2277 5333 dicitur
2305 5279 2667 5338 Chananzeus.
2709 5283 2895 5340 Chana
2922 5288 3078 5343 zelus
3118 5276 3679 5360 interpretaturJErat

2079 5364 2224 5420 enim
2254 5365 2321 5423 de
2348 5367 2469 5424 vico
2502 5369 2743 5427 Galilzeae
2775 5373 2866 5427 ubi
2895 5375 3158 5431 Dominus
3174 5392 3374 5449 aquam
3404 5380 3675 5437 convertit

2078 5452 2135 5508 in
2162 5454 2364 5510 vinum.
2397 5457 2498 5513 Hic
2534 5467 2658 5529 post
2698 5460 2964 5517 Jacobum
3010 5463 3237 5521 fratrem
3290 5483 3470 5537 suum,
3532 5468 3674 5526 rexit

2075 5541 2383 5600 Ecclesiam
2410 5545 2933 5619 Hierosolymorum.

2149 5631 2286 5690 Filio
2315 5642 2581 5706 pereunte
2607 5636 2947 5709 perditionis,
3005 5639 3352 5713 imperfectus
3407 5660 3673 5707 numerus
