3948 6178
184 340 290 396 429

188 462 571 533 apostolorum
629 462 907 531 remansit,
965 463 1119 531 juxta
1180 463 1582 518 similitudinem
1642 462 1861 522 enimA

189 551 338 606 lunae
367 552 568 606 crescit
598 560 650 606 et
679 550 943 606 decrescit
963 551 1213 606 Ecclesia
1247 569 1260 606 :
1295 553 1391 608 sed
1416 561 1601 608 vetera
1624 560 1800 606 trans-

192 648 344 707 eunt,
378 648 434 694 et
462 655 603 695 nova
647 639 782 694 fiunt

261 788 435 842 Vens.
464 790 549 842 14.
583 819 651 828 —
681 789 877 854 Maria,
912 796 1016 844 etc.
1063 789 1231 860 Virgo
1263 804 1296 844 a
1325 789 1654 844 mulieribus
1685 782 1798 844 dis-

189 876 480 948 tinguitur,
513 893 634 947 quae
662 885 847 932 tamen
874 877 1167 948 aliquando
1187 877 1385 933 mulier
1403 893 1512 933 non
1549 895 1648 950 pro
1675 894 1798 934 cor-

183 964 464 1035 ruptione.
499 965 596 1019 sed
625 981 727 1036 pro
757 982 892 1021 sexu
921 965 1245 1036 appellatur.
1281 967 1425 1022 Ecce
1457 967 1798 1037 principium

182 1054 467 1107 nascentis
513 1053 780 1109 Ecclesia:
817 1055 1116 1109 adornatur
1154 1055 1288 1110 ﬂore
1334 1055 1698 1126 virginitatis.
1733 1057 1797 1110 In

183 1142 369 1196 medio
406 1144 681 1211 fratrum.
719 1141 778 1197 ld
821 1150 904 1196 est
934 1141 1207 1207 filiorum,
1251 1159 1488 1214 quorum
1543 1159 1683 1198 unus
1714 1150 1798 1198 est

197 1229 370 1284 Pater
398 1229 455 1282 in
485 1229 658 1284 caelis.

258 1327 322 1380 In
352 1326 538 1382 medio
569 1329 759 1382 Petrus
791 1327 1005 1384 stetisse
1055 1328 1257 1383 dicitur
1286 1347 1308 1384 :
1337 1329 1494 1400 quasi
1521 1330 1798 1386 communi

183 1414 540 1470 miseratione
571 1416 1045 1471 condescendens.
1088 1417 1204 1473 Hoc
1232 1416 1540 1488 exemplum
1569 1433 1795 1473 sumen-

182 1504 317 1558 dum
349 1512 434 1558 est
481 1504 795 1574 pastoribus
843 1504 1131 1561 Ecclesia).

255 1620 358 1674 Hic
409 1636 674 1674 numerus
733 1628 952 1676 centum
1000 1630 1052 1676 et
1101 1620 1291 1694 viginti
1357 1622 1605 1694 congruit
1652 1623 1795 1678 aztati

186 1708 382 1778 Moysi,
418 1717 477 1762 ut
507 1708 644 1763 sicut
675 1709 777 1762 sub
824 1710 928 1764 hoc
974 1726 1202 1764 numero
1226 1752 1239 1779 ,
1272 1711 1459 1780 Moyse
1516 1710 1790 1780 defuncto,

1017 339 1289 394 GLOSSA
1317 335 1728 394 ORDINARIA.
1763 367 1832 378 -
1863 339 1989 393 LIB.
2024 338 2311 395 ACTUUM
2341 337 2582 393 APOST.

3381 337 3485 389 430

2535 461 2759 517 CAPUT
2789 461 2857 515 ll.

1972 569 2141 623 Vens.
2171 573 2220 623 1.
2251 598 2319 608 -
2346 569 2408 623 In
2438 568 2629 623 eodem
2679 567 2810 623 loco.
2857 564 3148 620 Cmnaculo
3178 563 3404 630 scilicet,
3437 564 3494 619 in

1897 656 2044 728 quod
2087 657 2464 712 ascenderant.
2521 655 2626 723 Qui
2684 654 2940 725 scriptum
2989 653 3280 720 desiderat,
3311 652 3495 708 carnis

1899 744 2232 800 domicilium
2300 745 2496 799 mentis
2559 742 3016 813 contemplatione
3106 741 3495 797 transcendens

1898 832 2092 888 calcat.

1969 922 2139 975 Vsus.
2173 925 2227 977 2.
2258 951 2326 960 -
2352 923 2428 976 De
2477 921 2632 977 caelo.
2678 920 2851 974 Datur
2881 918 3112 989 Spiritus
3143 917 3211 972 de
3239 917 3407 986 ccelo,
3440 925 3500 972 ut

1897 1009 2156 1082 diligatur
2184 1011 2330 1064 Deus
2356 1028 2370 1076 ;
2391 1008 2444 1064 in
2467 1015 2612 1064 terra
2633 1009 2806 1074 datur,
2832 1015 2892 1062 ut
2911 1007 3168 1078 diligatur
3182 1005 3459 1077 proximus
3482 1023 3496 1060 :

1899 1098 1982 1152 bis
2014 1097 2158 1154 enim
2188 1105 2312 1168 post
2342 1097 2799 1152 resurrectionem
2829 1104 2912 1152 est
2942 1095 3102 1151 datus
3133 1095 3204 1150 ad
3233 1093 3341 1149 duo
3370 1109 3504 1165 prae-

1898 1194 2057 1257 cepta
2117 1185 2396 1241 charitatis
2441 1185 2892 1241 commendanda.
2947 1184 3150 1241 Sanus.
3182 1184 3367 1238 Potest
3395 1181 3504 1238 dici

1897 1273 2095 1330 locutio
2121 1275 2425 1346 linguarum
2457 1274 2526 1330 de
2556 1289 2653 1329 ore
2697 1273 3064 1344 apostolorum
3113 1287 3336 1327 sonans.
3369 1271 3500 1343 Spi-

1896 1365 2066 1419 ritus.
2111 1366 2251 1419 Ante
2299 1362 2614 1434 passionem
2659 1362 2820 1417 datus
2867 1369 2948 1416 est
2978 1359 3244 1432 apostolis
3273 1358 3502 1430 Spiritus

1895 1453 1965 1508 ad
1997 1451 2231 1524 gratiam
2261 1451 2524 1507 doctrinae
2553 1458 2608 1506 et
2637 1450 2927 1506 sanitatum
2953 1467 2968 1516 ;
3000 1457 3122 1520 post
3153 1446 3505 1504 resurrectio—

1897 1557 2022 1596 nem
2054 1540 2343 1595 insuﬂlavit
2369 1541 2528 1596 Jesus
2561 1538 2828 1611 spiritum,
2865 1546 2918 1594 et
2945 1537 3021 1594 ait
3052 1553 3066 1593 :
3101 1537 3352 1610 Accipite
3379 1535 3502 1609 Spi-

1893 1630 2072 1685 ritum
2093 1633 2365 1685 sanctum
2386 1648 2404 1695 ;
2428 1645 2666 1700 quorum
2683 1627 3021 1683 remiscritis
3035 1642 3203 1699 pecca
3213 1629 3286 1691 ta,
3311 1625 3505 1682 remit-

1897 1723 2102 1774 tuntur
2120 1720 2200 1773 eis
2222 1719 2406 1788 (Joan.
2422 1717 2821 1787 xv),etc.Quod
2840 1717 3040 1771 donum
3062 1715 3164 1770 soli
3181 1716 3336 1769 Petro
3355 1711 3506 1784 prius

182 1797 344 1850 Jesus
373 1796 662 1865 successit,
697 1797 787 1867 qui
817 1797 1076 1868 populum
1107 1798 1160 1851 in
1193 1805 1396 1852 terram
1411 1799 1789 1868 promissionis
1811 1819 1864 1878 Β
1894 1806 2122 1862 dederat
2152 1824 2165 1859 ε
2199 1806 2298 1860 sed
2346 1812 2405 1860 ut
2456 1805 2696 1860 creditur
2723 1813 2851 1860 tunc
2895 1820 2994 1875 per
3041 1802 3499 1874 anticipationem,

181 1884 414 1949 induxit,
451 1885 529 1939 sic
560 1884 732 1940 veteri
761 1885 870 1957 legi
903 1885 960 1939 in
989 1885 1247 1940 Ecclesia
1279 1887 1620 1958 principatus
1642 1888 1798 1942 Chri-

186 1972 249 2026 sti
283 1973 578 2039 successit,
615 1974 821 2029 ducens
852 1989 1042 2028 verum
1074 1973 1244 2028 Israel
1289 1974 1357 2028 ad
1388 1991 1620 2048 regnum
1649 1976 1794 2032 coeli.

249 2125 431 2179 Vens.
470 2128 556 2179 18.
607 2154 676 2164 -
716 2125 982 2180 Possedit
1029 2142 1247 2196 agrum.
1289 2126 1412 2182 Non
1445 2127 1573 2198 quia
1603 2144 1800 2200 agrum

175 2212 512 2284 possederit,
547 2213 644 2268 sed
677 2213 812 2284 quia
845 2213 1023 2282 ipsius
1062 2213 1240 2268 fuerat
1281 2215 1513 2284 pretium
1543 2216 1664 2288 agri
1698 2217 1792 2288 qui

174 2301 471 2356 Dominum
526 2301 650 2357 vitae
704 2301 964 2356 vendidit.
1027 2302 1240 2356 Amissa
1288 2311 1434 2357 terra
1470 2303 1792 2370 viventium,

192 2406 391 2462 agrum
427 2389 712 2462 sanguinis
741 2398 794 2444 et
839 2390 1032 2444 mortis
1057 2433 1069 2457 ,
1104 2399 1307 2445 aeterna
1357 2391 1583 2446 sceleris
1614 2400 1666 2448 et
1691 2408 1797 2448 no-

195 2479 360 2532 minis
393 2478 478 2532 sui
515 2477 778 2532 memoria
827 2478 1068 2548 possidet
1095 2479 1282 2534 Judas.
1332 2481 1588 2551 Emptum
1617 2488 1794 2536 tamen

184 2567 363 2637 pretio
398 2567 683 2636 sanguinis
712 2583 904 2638 agrum
937 2567 1088 2639 figuli
1119 2583 1227 2620 non
1258 2569 1520 2638 possedit,
1555 2570 1647 2640 qui
1679 2577 1795 2625 tra-

189 2655 416 2710 ditionis
448 2656 656 2710 crimen
689 2655 742 2708 in
770 2671 828 2709 se
867 2655 1114 2725 protinus
1145 2656 1455 2721 mulctavit,
1488 2659 1584 2712 sed
1600 2675 1794 2730 posse-

191 2744 270 2799 dit
302 2743 514 2798 dictum
546 2751 629 2798 est
656 2759 756 2813 pro
787 2745 1061 2816 possideri
1116 2747 1274 2815 fecit.
1338 2744 1572 2813 Quidam
1599 2762 1794 2819 agrum

190 2847 222 2885 a
244 2832 391 2887 Juda
423 2847 742 2902 possessum
769 2832 1000 2887 ridicule
1040 2841 1314 2903 exponunt
1364 2833 1654 2889 infernum.
1693 2835 1794 2890 Alii

187 2921 508 2990 possedisse
536 2936 730 2992 agrum
760 2920 910 2974 illum
943 2920 1272 2987 existimant,
1305 2938 1372 2976 ex
1403 2938 1468 2978 eo
1494 2923 1639 2993 quod
1669 2939 1793 2978 cum

195 3007 513 3080 peregrinis
542 3008 597 3062 in
627 3025 691 3062 eo
723 3009 964 3078 sepultus
993 3008 1107 3064 fuit.
1153 3010 1388 3066 Viscera.
1422 3011 1650 3067 Viscera
1671 3027 1793 3082 qua:

197 3105 324 3150 sunt
353 3097 517 3150 sedes
569 3095 794 3162 fraudis,
847 3105 992 3152 tanto
1021 3098 1230 3153 scelere
1287 3098 1518 3170 dirupta,
1551 3115 1610 3154 se
1641 3100 1791 3156 cohi-

191 3185 324 3240 bere
355 3200 468 3239 non
498 3184 798 3238 valuerunt.
852 3185 1042 3240 Merito
1089 3194 1266 3240 autem
1296 3203 1397 3258 per
1453 3187 1645 3242 sedem
1675 3187 1787 3242 doli
1817 3174 1844 3233 (

183 3273 401 3328 viscera
430 3271 745 3335 funduntur,
781 3288 890 3326 non
919 3288 1019 3344 per
1047 3273 1229 3328 locum
1257 3275 1430 3330 osculi
1455 3317 1468 3340 ,
1504 3275 1557 3329 id
1609 3283 1694 3330 est
1721 3291 1784 3330 os

189 3377 298 3432 quo
330 3360 609 3416 osculatus
641 3369 722 3414 est
751 3362 936 3416 Jesum
962 3403 976 3430 ,
1010 3362 1258 3432 quamvis
1305 3361 1447 3418 falsa
1474 3363 1780 3434 superficie,

183 3450 277 3505 sed
308 3466 411 3520 per
431 3449 599 3504 alium
631 3449 721 3504 cui
754 3450 900 3504 virus
929 3449 1154 3506 occultas
1192 3449 1413 3506 malitia:
1441 3452 1636 3507 inerat.

249 3572 426 3626 Vens.
454 3575 539 3625 19.
564 3601 632 3612 -
652 3574 878 3638 Eorum,
905 3573 958 3627 id
981 3581 1062 3627 est
1085 3573 1435 3628 habitantium
1456 3575 1779 3643 Jerusalem,

183 3660 304 3731 quia
334 3661 437 3717 etsi
469 3661 682 3731 utrique
715 3660 1074 3731 loquebantur
1116 3662 1402 3727 Hebraice,
1439 3663 1675 3719 distabat
1707 3673 1783 3719 ta-

185 3764 309 3804 men
338 3747 646 3818 proprietas
677 3748 878 3818 lingum
923 3749 1425 3821 Hierosolymorum
1458 3765 1490 3804 a
1521 3751 1798 3823 Galilazis,‘

187 3837 250 3890 de
282 3837 483 3907 quibus
515 3836 741 3907 apostoli
774 3845 926 3891 erant
956 3853 969 3892 :
1003 3837 1148 3909 quod
1178 3838 1231 3892 in
1277 3838 1535 3909 passione
1567 3840 1782 3894 Domini

185 3925 510 3990 ostenditur,
542 3924 634 3979 ubi
665 3924 826 3979 etiam
857 3927 1048 3980 Petrus
1086 3925 1277 3982 nolens
1306 3926 1490 3999 lingua
1521 3943 1618 3981 sua
1646 3943 1776 3998 pro-

186 4011 325 4067 ditus
353 4021 439 4068 est
477 4027 601 4068 esse
649 4011 926 4068 Galilaaus.

996 4086 1026 4103 ρ

255 4154 427 4208 Vens.
462 4156 553 4211 20.
585 4183 653 4193 —
680 4154 935 4220 Deserta,
969 4158 1024 4209 et
1044 4171 1159 4210 non
1179 4155 1276 4220 sit,
1300 4162 1406 4211 etc.
1428 4156 1618 4212 Donec
1637 4157 1782 4212 elec-

192 4249 272 4296 tus
311 4257 416 4313 pro
464 4257 531 4297 eo
585 4249 898 4296 assumatur
943 4242 1210 4296 Matthias.
1259 4243 1395 4309 Vel,
1427 4260 1537 4299 non
1567 4245 1633 4298 sit
1663 4246 1781 4316 ipse

184 4329 363 4395 ludas,
401 4329 495 4400 qui
524 4329 732 4384 habitet
761 4329 814 4384 in
845 4344 930 4396 ea,
964 4331 1060 4385 sed
1090 4329 1225 4384 alius
1255 4340 1564 4388 assumatur
1581 4347 1685 4404 pro
1714 4349 1781 4389 eo

182 4418 266 4488 qui
309 4417 632 4488 paenitentia
660 4417 915 4487 indignus
930 4417 1203 4486 judicatus
1231 4426 1334 4474 est.

1845 3176 1860 3193 Ἰ

1849 3211 1862 3228 Δ

1897 1911 2038 1950 nunc
2085 1910 2206 1950 cum
2248 1893 2458 1950 caeteris
2502 1910 2601 1965 per
2649 1892 3067 1963 completionem
3111 1891 3277 1948 etiam
3337 1891 3497 1946 Petro

1898 1982 2145 2036 tribuitur
2174 2000 2187 2036 :
2219 1990 2274 2038 et
2310 1990 2554 2053 potestas
2597 1981 2722 2036 data
2752 1988 2836 2038 est
2879 1979 3188 2037 dimittendi
3230 1977 3336 2034 illis
3361 1991 3499 2051 quos

1897 2071 1966 2126 ad
2012 2070 2247 2126 officium
2293 2070 2543 2125 mittebat
2581 2069 3000 2141 przedicationis.

1975 2156 2344 2212 l’ehementis.
2386 2153 2806 2226 Comparatione
2861 2151 3284 2224 praecedentium
3323 2150 3494 2208 vehe-

1895 2259 2050 2298 mens
2080 2242 2275 2298 dicitur
2318 2243 2496 2315 gratia
2541 2242 2904 2313 apostolorum
2929 2284 2942 2307 ,
2974 2240 3062 2296 vel
3089 2239 3145 2296 in
3191 2237 3497 2294 similitudi-

1895 2349 2019 2386 nem
2042 2331 2186 2386 venti
2212 2331 2550 2388 vehementis
2576 2330 2806 2402 Spiritus
2833 2329 3000 2386 venit.
3036 2331 3228 2385 Totam
3241 2327 3491 2385 domum.

1896 2421 1956 2474 In
2004 2436 2112 2475 una
2159 2419 2322 2476 domo
2385 2418 2704 2475 sedentibus
2761 2417 3059 2472 infunditur
3130 2416 3394 2488 Spiritus,
3436 2422 3496 2472 ut

1894 2507 2158 2564 Ecclesiae
2202 2507 2377 2562 unitas
2421 2507 2866 2574 commendetur,
2899 2507 2954 2560 in
2996 2504 3280 2561 cenaculo
3331 2503 3494 2560 tertia

1894 2597 2019 2669 lege
2051 2595 2362 2667 incipiente.
2395 2597 2454 2650 In
2486 2595 2707 2650 datione
2749 2594 2888 2665 legis
2914 2593 3073 2666 plebs
3120 2593 3284 2665 longe
3311 2591 3494 2648 stabat

1893 2702 2004 2756 prae
2030 2685 2257 2749 timore;
2289 2683 2377 2740 hic
2420 2683 2673 2739 veniente
2731 2682 2934 2753 Spiritu
2989 2681 3306 2754 congregati
3334 2687 3493 2738 erant

1893 2773 1948 2828 in
1981 2780 2145 2828 unum
2191 2789 2257 2827 ex
2304 2787 2510 2827 amore.
2559 2771 2844 2827 Sedentes.
2878 2771 2948 2826 Ut
2983 2771 3318 2840 compleatur
3347 2768 3495 2842 quod

1893 2861 2096 2916 dictum
2127 2868 2248 2915 erat
2277 2859 2358 2915 eis
2393 2877 2406 2913 :
2439 2860 2634 2915 Sedete
2664 2859 2754 2916 hic
2799 2861 2864 2914 in
2911 2861 3163 2915 civitate.
3202 2857 3387 2914 Sessio
3414 2865 3510 2932 est.

1892 2949 2148 3004 indicium
2193 2948 2508 3003 humilitatis
2560 2955 2615 3002 et
2663 2946 2966 3002 stabilitatis
3000 2965 3014 3001 :
3049 2946 3246 3019 quibus
3273 2962 3490 3018 praepa-

1892 3045 2038 3092 ratur
2067 3037 2230 3093 sedes
2277 3035 2501 3108 Spiritui
2531 3044 2722 3092 sancto
2748 3079 2761 3103 ,
2795 3035 2888 3108 qui
2912 3051 3078 3107 super
3129 3035 3364 3092 humiles
3395 3049 3490 3091 re-

1893 3125 2140 3197 quiescit.

1970 3213 2208 3285 (Gnno.)
2246 3215 2306 3268 In
2333 3213 2461 3284 igne
2491 3213 2741 3283 apparuit
2792 3213 3046 3284 Spiritus,
3097 3213 3196 3268 sed
3222 3228 3322 3284 per
3350 3213 3495 3284 seip-

1894 3319 2034 3368 sum,
2069 3311 2177 3358 etc.
2197 3343 2211 3367 ,
2244 3319 2419 3374 usque
2458 3303 2530 3357 ad
2557 3310 2612 3356 et
2641 3317 2778 3357 voce
2825 3301 2942 3358 sive
2969 3301 3146 3358 sonitu
3177 3301 3340 3358 docta
3367 3309 3494 3356 sunt

1884 3391 2072 3446 corda.

1955 3479 2126 3533 Vrsas.
2159 3483 2216 3533 3.
2247 3507 2316 3518 -
2353 3479 2699 3550 Dispertitw.
2751 3476 3030 3546 Dispersio
3060 3477 3371 3550 linguarum
3403 3485 3489 3534 est

1883 3567 2025 3623 facta
2051 3567 2106 3620 in
2138 3575 2304 3635 turre,
2337 3566 2435 3620 sed
2465 3565 2612 3636 quod
2650 3565 2908 3634 dispersit
2951 3565 3230 3636 superbia,
3263 3564 3486 3622 recolli-

1884 3655 1964 3726 git
1992 3655 2263 3709 humilitas
2306 3671 2319 3708 :
2352 3653 2408 3707 in
2446 3652 2705 3723 superbia
2747 3652 3018 3723 dispersio
3041 3697 3054 3720 ,
3083 3653 3137 3707 in
3185 3654 3488 3710 humilitate

1884 3742 1940 3797 fit
1972 3743 2281 3798 concordia.
2311 3741 2456 3798 Ecce
2486 3741 2790 3812 completur
2829 3741 3099 3797 sententia
3127 3741 3343 3796 Domini
3368 3759 3489 3813 quae

1887 3832 1962 3886 ait
1995 3849 2008 3884 :
2041 3833 2158 3887 Non
2196 3847 2288 3886 vos
2309 3832 2630 3902 relinquam
2658 3830 2956 3901 orphanos,
2991 3829 3088 3885 sed
3114 3830 3485 3902 mittamSpi—

1884 3921 2065 3974 ritum
2075 3920 2434 3990 paracletum
2463 3918 2646 3988 (Joan.
2672 3918 2814 3986 xxv),
2849 3916 2940 3988 qui
2954 3933 3145 3972 eorum
3162 3918 3480 3985 advocatus,

1888 4023 1986 4078 pro
2014 4007 2095 4063 eis
2125 4006 2377 4060 omnibus
2407 4005 2607 4077 linguis
2638 4005 2852 4062 locutus
2879 4014 2982 4061 est.
3013 4006 3251 4079 Linguas
3270 4006 3481 4074 attulit;

1884 4095 1975 4167 qui
2003 4109 2106 4166 pro
2142 4095 2323 4150 Verbo
2359 4095 2524 4162 venit,
2580 4093 2964 4165 cognationem
3009 4094 3155 4150 enim
3185 4095 3350 4150 habet
3378 4093 3482 4150 lin-

1885 4199 1992 4254 gua
2022 4198 2143 4238 cum
2175 4182 2366 4250 verbo,
2396 4189 2455 4237 ut
2482 4182 2554 4237 ab
2580 4180 2815 4238 invicem
2845 4197 2955 4238 non
2971 4182 3184 4253 possint
3212 4182 3478 4254 separari.

1883 4271 1971 4326 Sic
2001 4269 2236 4326 Verbum
2267 4269 2462 4336 Patris,
2496 4269 2554 4324 id
2579 4277 2663 4326 est
2693 4269 2880 4337 Filius,
2913 4278 2965 4326 et
2995 4270 3224 4341 Spiritus
3259 4279 3478 4326 sanctus

1881 4358 2274 4428 inseparabiles
2303 4365 2445 4422 sunt,
2483 4357 2594 4413 imo
2621 4365 2677 4414 et
2721 4358 2881 4413 unius
2925 4366 3157 4416 naturae.
3193 4361 3478 4431 Tanquam

1881 4449 2050 4519 ignis.
2085 4446 2232 4501 Idem
2263 4445 2319 4500 in
2346 4445 2476 4517 igne
2517 4445 2747 4517 Spiritus
2777 4446 2924 4501 venit
2955 4463 2970 4499 :
3003 4447 3125 4517 quia
3155 4453 3474 4516 peccatores

249 4551 424 4606 Vens.
458 4553 548 4606 23.
571 4552 824 4606 —Duos.
859 4549 1112 4606 Clemens
1158 4550 1325 4607 refert
1363 4553 1463 4606 hos
1509 4553 1646 4608 duos
1677 4554 1767 4624 qui

1893 4537 2125 4606 Spiritus
2169 4537 2417 4606 purgat,
2440 4535 2771 4602 illuminat,
2819 4534 3114 4598 accendit,
3147 4535 3288 4589 urit.
3322 4532 3471 4604 Ignis

187 4639 252 4693 ad
281 4646 488 4694 sortem
518 4637 854 4708 apostolatus
884 4639 1064 4692 statuti
1094 4647 1239 4708 sunt,
1269 4640 1338 4694 de
1380 4655 1608 4694 numero
1647 4657 1770 4711 sep-

183 4727 418 4800 tuaginta
473 4725 867 4798 discipulorum
932 4726 1118 4782 fuisse.
1167 4727 1273 4795 Qui
1317 4730 1764 4800 cognominatus.

184 4815 237 4868 In
265 4815 425 4870 laude
454 4815 719 4869 Barnabas
759 4815 1074 4870 immoratur
1107 4833 1121 4869 :
1155 4816 1283 4887 quia
1302 4831 1403 4886 pro
1433 4816 1594 4872 laude
1625 4818 1766 4872 Mat-

183 4903 310 4957 thias
338 4903 528 4969 habet,
585 4903 728 4974 quod
759 4912 906 4959 sorte
953 4904 1192 4975 eligitur.
1235 4904 1494 4959 Barnabas
1524 4905 1644 4960 laus
1671 4921 1766 4962 cu-

184 4990 428 5061 mulatur,
462 5007 532 5046 ne
563 4990 710 5046 velut
739 4991 996 5064 indignus
1043 4991 1233 5063 repelli
1262 4991 1540 5048 videretur
1573 5008 1586 5048 :
1620 4993 1765 5066 quod

183 5087 360 5148 postea
414 5079 750 5134 declaratum
807 5088 928 5145 est;
961 5079 1084 5150 quia
1140 5095 1264 5135 cum
1324 5080 1487 5137 Paulo
1519 5082 1763 5153 gentium

186 5167 446 5237 apostolus
493 5167 790 5234 ordinatur,
837 5166 915 5221 illi
960 5166 1138 5224 ofﬁcio
1181 5177 1512 5224 reservatus.
1544 5173 1758 5227 Justus.

186 5257 278 5310 Aut
301 5256 520 5311 latinum
551 5263 652 5324 est,
685 5264 773 5311 aut
803 5256 1091 5312 Hebraeum
1128 5265 1220 5312 :et
1235 5256 1620 5328 interpretatur
1633 5275 1761 5331 par-

187 5359 320 5409 cens,
362 5345 450 5400 vel
493 5347 763 5401 elevatus.
815 5346 888 5399 Et
934 5345 1248 5411 Matthia-m,
1283 5345 1373 5415 qui
1402 5345 1645 5402 donatus
1672 5346 1759 5402 vel

188 5430 378 5487 donum
408 5435 508 5488 Dei
536 5431 920 5503 interpretatur
951 5449 964 5485 :
996 5432 1084 5487 cui
1132 5433 1335 5487 donum
1365 5434 1700 5504 apostolatus
1728 5450 1759 5488 a

188 5517 400 5574 Domino
430 5519 685 5576 collatum
718 5527 818 5585 est,
849 5518 936 5574 vel
964 5521 1067 5574 Dei
1093 5537 1323 5592 pannus
1353 5521 1754 5592 interpretatur.

187 5605 363 5661 Merito
392 5608 545 5678 parvi
591 5607 998 5664 transcenditur
1025 5607 1116 5664 ille
1144 5608 1304 5664 laude
1356 5609 1636 5665 hominum
1666 5609 1759 5681 qui

185 5693 345 5760 justus
367 5706 496 5764 erat,
528 5696 704 5768 inquit
737 5699 955 5752 Arator.

1872 4623 2020 4678 enim
2049 4630 2278 4694 quatuor
2308 4622 2727 4686 habetnaturas,
2752 4621 2890 4686 urit,
2913 4625 3138 4692 purgat,
3160 4621 3429 4692 calefacit
3452 4664 3466 4688 ,

1870 4711 2186 4766 illuminat.
2219 4707 2477 4764 Similiter
2505 4708 2734 4778 Spiritus
2789 4707 2967 4762 exurit
2993 4716 3239 4779 peccata,
3269 4717 3469 4782 purgat

1867 4799 2057 4867 corda,
2091 4806 2364 4869 torporem
2403 4795 2620 4862 excutit,
2668 4795 3004 4866 ignorantias
3032 4795 3284 4852 illustrat.
3315 4797 3466 4870 Ignis

1865 4886 2221 4958 incorporeus
2251 4893 2304 4941 et
2341 4883 2626 4940 invisibilis
2654 4891 2738 4940 est
2766 4883 2821 4938 in
2851 4901 2948 4939 sua
2974 4893 3206 4952 natura;
3241 4885 3340 4940 sed
3367 4899 3462 4941 as-

1865 4982 2080 5045 sumpto
2109 4975 2292 5045 aliquo
2341 4989 2570 5044 corpore
2616 4972 2828 5027 videtur
2849 5013 2862 5039 ,
2895 4973 3098 5028 diversi
3128 4972 3329 5028 coloris
3357 4987 3462 5044 ap-

1863 5080 2081 5134 parens,
2114 5071 2338 5134 prOpter
2359 5062 2612 5117 materias
2641 5061 2696 5115 in
2730 5060 2927 5131 quibus
2956 5062 3131 5115 ardet.
3174 5061 3264 5116 Sic
3291 5062 3460 5132 spiri-

1860 5161 1948 5207 tus
1978 5151 2149 5206 videri
2180 5167 2288 5204 non
2326 5150 2551 5220 poterit,
2592 5149 2696 5203 nisi
2723 5164 2823 5218 per
2857 5155 3140 5203 creaturas
3169 5149 3224 5203 in
3255 5149 3454 5220 quibus

1860 5248 2133 5312 operatur.

1930 5346 2101 5400 νεεδ.
2122 5345 2174 5398 4.
2197 5345 2351 5398 —Et
2377 5346 2682 5415 ceperunt.
2715 5343 2858 5397 Ecce
2897 5341 3114 5413 signum
3156 5345 3452 5414 plenitudi-

1858 5434 1944 5488 nis
1975 5449 1988 5486 :
2021 5433 2243 5502 plenum
2270 5445 2368 5486 vas
2397 5429 2650 5501 erumpit.
2695 5429 2844 5502 Ignis
2871 5429 2926 5484 in
2957 5429 3076 5486 sinu
3103 5446 3214 5487 non
3268 5439 3450 5504 potest

1857 5519 2136 5578 oceultari.
2178 5519 2354 5576 Variis
2395 5518 2621 5588 linguis.
2674 5516 2815 5586 Quia
2856 5517 3055 5588 linguis
3084 5520 3337 5576 omnibus
3358 5519 3445 5574 lo-

1858 5608 2180 5681 quebantur,
2205 5606 2291 5662 vel
2317 5621 2430 5671 sua,
2461 5605 2516 5659 id
2545 5613 2627 5660 est
2655 5604 2886 5661 Hebraea
2913 5605 3115 5678 lingua,
3139 5607 3446 5677 loquentes,

1854 5697 1924 5753 ab
1953 5696 2206 5752 omnibus
2231 5695 2306 5750 ita
2334 5693 2792 5766 intelligebantur,
2821 5707 2887 5748 ac
2916 5693 2962 5747 si
2988 5692 3228 5763 propriis
3258 5692 3446 5764 singu-
