3948 6178
487 270 581 324 431
918 266 924 277 ’
1018 267 1421 324 WALAFRIDI
1449 265 1692 323 STRABI
1720 265 1921 357 FULD.
1945 262 2118 321 MON.
2150 262 2302 320 OPP.
2333 262 2509 320 PARS
2538 264 2581 319 Ι.
2602 294 2669 305 -—
2695 261 3167 320 THEOLOGICA.
3678 266 3779 323 432

485 393 666 448 lorum
722 393 1075 465 loquerentur
1097 439 1111 463 ,
1145 393 1443 449 secundum
1474 391 1605 447 illud
1663 392 1946 462 Propheta
1978 409 1989 445 :
2026 392 2085 445 1n
2105 388 2161 450 A
2190 391 2378 445 orbem
2424 388 2739 446 universum
2787 389 3056 462 sanguine
3094 388 3293 444 Christi
3339 387 3690 453 abluendum,
3724 396 3780 442 ut

486 482 609 537 aliis
639 481 856 554 linguis,
893 490 945 537 et
970 481 1128 536 labiis
1175 481 1313 552 aliis,
1344 481 1540 553 loquar
1564 481 1768 553 populo
1797 481 1941 547 huic,
1976 489 2080 536 etc.
2187 476 2325 534 sicut
2355 479 2766 534 tabernaculum
2798 479 3064 549 sanguine
3093 477 3431 533 victimarum
3460 477 3632 532 fuerat
3661 493 3789 533 con-

560 571 732 627 VEus.
767 574 819 626 5.
853 572 941 626 Ea:
971 571 1127 627 omni
1155 572 1406 639 natione,
1459 578 1563 626 etc.
1595 570 1780 641 (ΚΑΒ.)
1811 572 1889 625 Ac
1918 569 1965 624 si
1996 569 2084 624 di-
2186 577 2477 634 secratum,
2508 568 2586 623 ita
2611 567 2844 639 populus
2874 565 3052 621 fidelis
3082 566 3347 637 sanguine
3377 566 3622 635 ejusdem
3678 565 3781 621 de-

486 668 703 717 ceretur
734 675 747 715 :
780 658 1098 730 Ubicunque
1127 658 1259 713 nati.
1291 658 1508 714 Judaos
1538 666 1719 714 autem
1748 658 1803 712 in
1833 658 2085 714 omnibus
2182 656 2487 712 dicaretur:
2522 665 2575 711 et
2600 663 2660 711 ut
2688 672 2799 711 non
2818 654 2996 711 solum
3024 655 3420 726 Hierosolymis
3448 654 3605 712 locus
3637 663 3784 710 esset

489 749 745 822 gentibus
786 746 941 803 nasci
988 746 1270 818 captivitas
1318 745 1475 813 fecit,
1507 764 1629 819 qua
1676 747 1778 803 sub
1815 748 2083 803 Antiocho
2182 745 2463 811 orationis,
2497 745 2594 800 sed
2621 745 2680 799 in
2707 744 2855 800 omni
2885 743 3007 800 loco
3036 743 3419 799 dominationis
3450 743 3566 812 ejus
3630 743 3784 799 leva-

487 837 627 894 facta
654 844 738 893 est
764 851 874 892 non
900 834 1084 891 multis
1130 835 1463 908 temporibus
1507 844 1652 891 ante.
2181 842 2303 889 rent
2330 850 2521 889 manus
2552 834 2711 889 electi
2739 850 2841 905 per
2864 833 3139 888 orationes
3166 835 3238 888 ad
3266 833 3581 888 Dominum.
3612 833 3781 904 Vapo-

2177 939 2300 978 rem
2316 925 2486 995 fumi.
2511 922 2955 994 Compunctionis
2984 930 3038 977 et
3066 922 3306 992 ﬂetuum,
3340 921 3550 977 scilicet
3612 936 3781 992 vapo-

2178 1027 2313 1067 rem.
2349 1011 2492 1080 Quia
2519 1012 2659 1067 sicut
2686 1010 2869 1067 fumus
2898 1010 2967 1067 ab
2996 1010 3143 1083 igne,
3201 1011 3277 1067 ita
3341 1010 3693 1082 compunctio
3748 1025 3783 1065 a

2177 1100 2383 1172 Spiritu
2412 1101 2584 1156 sancti
2614 1101 2814 1156 ardore

2246 1185 2338 1240 Sol
2358 1188 2733 1250 convertatur,
2742 1191 2845 1240 etc.
2869 1184 2986 1240 Hoc
3006 1183 3061 1238 in
3079 1182 3336 1255 passione
3357 1182 3561 1240 Christi
3580 1182 3780 1254 partim

562 952 736 1008 Vnus.
777 953 830 1005 6.
882 980 952 991 —-
1001 951 1266 1022 Confusa.
1318 950 1576 1006 Confusio
1623 950 1729 1006 ista
1769 950 2075 1007 confusioni

479 1040 790 1111 linguarum
817 1038 1127 1110 opponitur,
1160 1055 1192 1093 a
1219 1054 1326 1112 qua
1354 1038 1520 1095 Babel
1549 1039 1872 1095 vocabulum
1894 1039 2081 1095 sortita

479 1135 582 1184 est.
633 1128 723 1184 Sic
767 1127 1047 1183 humilitas
1099 1127 1468 1199 apostolorum
1513 1129 1759 1184 humana
1806 1129 2076 1200 superbia

477 1217 793 1290 respondet.
865 1218 1267 1290 Unusquisque.
1300 1216 1521 1289 Lingua
1585 1233 1776 1273 omnes
1820 1218 2077 1274 dicuntur

477 1322 603 1363 esse
650 1305 1000 1381 septuaginta
1056 1306 1227 1362 dua:
1270 1306 1417 1361 unde
1468 1313 1521 1361 et
1550 1306 1801 1378 discipuli
1849 1307 2073 1362 secundi

475 1394 684 1451 ordinis
732 1394 833 1450 sub
878 1395 984 1451 hoc
1029 1410 1255 1450 numero
1291 1402 1416 1450 sunt
1479 1395 1677 1465 electi,
1707 1403 1766 1451 ut
1813 1412 2073 1452 numerus

2173 1272 2370 1328 factum
2399 1272 2598 1344 partim
2625 1280 2750 1329 ante
2770 1272 2964 1343 judicii
2991 1272 3137 1329 diem
3179 1272 3419 1328 creditur
3465 1280 3779 1341 venturum,

2172 1360 2321 1417 Tunc
2341 1361 2487 1417 enim
2506 1360 2590 1417 sol
2619 1362 2943 1419 obscuratus
2974 1368 3076 1429 est,
3096 1361 3194 1417 sed
3214 1361 3341 1416 luna
3367 1360 3424 1417 in
3453 1362 3780 1432 sanguinem

471 1483 891 1555 pradicatorum
922 1483 1281 1539 concordaret
1324 1499 1553 1538 numero
1594 1483 1925 1557 linguarum.

542 1572 717 1629 Vsus.
757 1577 810 1629 8.
840 1570 1190 1629 Audiuimus.

388 1722 396 1729 _
468 1659 773 1718 Ecclesiam
803 1660 1047 1716 omnium
1077 1660 1319 1733 gentium
1364 1660 1565 1734 linguis
1592 1660 1918 1718 locuturum.

540 1749 760 1821 (BEDA.)
792 1749 1068 1819 Quaritur
1096 1756 1278 1804 utrum
1306 1749 1362 1804 hi
1381 1750 1474 1822 qui
1503 1749 1882 1822 loquebantur,
1935 1758 2038 1807 etc.

463 1856 638 1913 usque
666 1840 738 1895 ad
764 1839 943 1911 magis
988 1838 1273 1895 videbatur
1319 1839 1653 1895 audientium
1684 1856 1806 1895 esse
1836 1839 2068 1897 miracu-

464 1927 577 1983 lum
597 1944 759 1999 quam
787 1926 1142 1999 loquentium.

531 2042 703 2098 Vnus.
734 2045 788 2098 9.
819 2072 890 2083 —
921 2041 1345 2115 Cappadociam,
1380 2050 1485 2099 etc.
1509 2043 1633 2099 Ista
1661 2043 1901 2116 quinque
1929 2059 2065 2116 pro-

460 2128 653 2188 vincia
682 2146 805 2203 qua
830 2138 955 2201 post
982 2128 1228 2186 Judaam
1259 2139 1531 2202 ponuntur
1550 2174 1563 2199 ,
1598 2132 1789 2189 Grace
1844 2132 2066 2204 quidem

457 2218 751 2291 loquuntur
781 2236 795 2274 :
829 2218 928 2274 sed
966 2235 1034 2275 ex
1090 2217 1270 2290 patria
1306 2220 1700 2276 consuetudine
1730 2228 1814 2276 est
1842 2220 1898 2276 in
1928 2238 2063 2283 sono

458 2306 768 2364 diversitas.
822 2307 979 2363 Unde
1022 2306 1161 2361 mira
1185 2305 1285 2362 fuit
1312 2307 1368 2362 in
1424 2309 1687 2379 apostolis
1716 2308 1907 2381 gratia,
1943 2327 2064 2382 qua

457 2411 570 2452 non
597 2395 771 2452 solum
801 2396 1175 2453 diversitatem
1215 2412 1311 2454 eos
1353 2396 1557 2467 docuit,
1591 2398 1689 2453 sed
1722 2398 1882 2453 etiam
1943 2399 2061 2455 dis-

456 2485 682 2543 tantiam
709 2486 1103 2557 proprietatum
1130 2486 1188 2541 in
1217 2502 1545 2559 unaquaque
1576 2486 1885 2560 linguarum
1910 2489 2063 2557 juxta

456 2590 742 2632 numerum
768 2575 1178 2648 provinciarum
1205 2574 1261 2631 in
1292 2590 1481 2631 eorum
1514 2574 1734 2647 loquela
1756 2574 1903 2632 fecit.

530 2663 702 2720 Vsus.
753 2666 839 2718 to.
877 2692 949 2704 —
975 2663 1215 2720 Advence
1250 2665 1506 2721 Romani.
1553 2664 1615 2719 In
1645 2662 1866 2736 Graco,
1894 2680 2058 2737 pere-

462 2750 746 2826 grinantes
774 2750 1019 2818 Romani,
1050 2751 1107 2808 id
1136 2759 1246 2819 est,
1274 2750 1446 2807 Judaei
1474 2749 1567 2823 qui
1597 2750 1949 2823 peregrinam
1978 2751 2059 2808 vi-

464 2847 573 2896 tam
613 2841 799 2896 Roma
852 2839 1134 2911 gerebant.

534 2943 706 3001 Vnus.
741 2944 827 3000 14.
861 2974 930 2985 -
966 2945 1077 3002 Viri
1097 2944 1295 3001 Iudici.
1329 2944 1389 3000 Id
1418 2952 1519 3011 est,
1551 2944 1672 3001 dua
1701 2959 1881 3001 causa
1936 2954 2059 3002 sunt

2173 1465 2333 1506 versa
2360 1450 2671 1506 hominibus
2699 1466 2967 1523 apparere
2986 1465 3097 1505 non
3113 1450 3288 1521 potuit
3312 1466 3325 1505 :
3349 1450 3474 1523 quia
3521 1457 3657 1506 tunc
3676 1448 3779 1521 (ut-

1223 1572 1285 1626 In
1328 1572 1435 1628 hoc
1464 1538 1877 1643 signiﬁcabatur
1904 1588 2068 1628 unam
2168 1547 2296 1643 pote
2328 1538 2385 1594 in
2418 1540 2661 1643 .Pascha)
2726 1539 3127 1643 quintadecima
3182 1538 3486 1643 exsistens,‘
3535 1538 3778 1596 interdiu

2169 1626 2350 1683 fuerat
2379 1628 2588 1685 visibus
2619 1628 2869 1683 humanis
2897 1627 3115 1698 objectu
3146 1636 3304 1684 terra
3333 1626 3627 1684 occultata.

2050 1793 2063 1819 ,
2085 1749 2138 1811 B
2172 1776 2195 1819 ζ
2240 1717 2410 1819 Vsus.
2444 1722 2609 1775 23.—
2636 1718 2878 1819 Definito
2907 1717 3142 1817 consilio
3170 1715 3358 1819 (llam)
3388 1717 3450 1816 In
3505 1717 3613 1816 hoc
3659 1716 3773 1819 solo

2167 1806 2339 1862 Judai
2368 1805 2521 1863 fuere
2550 1805 2838 1874 notabiles,
2872 1805 2996 1877 quia
3025 1821 3135 1861 non
3170 1805 3447 1861 obedienti
3477 1806 3667 1861 animo
3696 1805 3771 1861 fe-

2167 1902 2359 1951 cerunt

2236 1986 2308 2039 Et
2334 1984 2698 2056 prwscientia
2727 1986 2845 2050 Dei,
2882 1990 2986 2039 etc.
3020 1982 3152 2055 (11).)
3190 1983 3252 2039 In
3284 1984 3482 2040 Graco
3524 1984 3607 2040 sic
3636 1991 3721 2039 est
3751 2000 3763 2039 :

2165 2073 2534 2129 Prascientia
2562 2073 2644 2129 sic
2678 2071 2955 2128 traditum
2985 2072 3347 2145 accipientes.
3398 2072 3663 2128 Traditus
3690 2081 3769 2128 est

2165 2161 2309 2216 enim
2338 2176 2372 2216 a
2399 2160 2633 2232 praeside
2660 2160 2717 2215 in
2744 2169 3071 2233 potestatem
3091 2161 3326 2231 illorum,
3351 2169 3412 2216 ut
3440 2161 3628 2233 ipsum
3657 2162 3767 2219 sive

2162 2249 2433 2305 latronem
2462 2250 2747 2323 eligerent,
2783 2250 2881 2305 sed
2911 2250 3110 2306 latroni
3131 2265 3399 2308 concessa
3426 2250 3559 2322 vita,
3582 2252 3769 2308 Jesum

2162 2354 2262 2409 per
2289 2354 2484 2393 manus
2520 2338 2751 2394 militum
2788 2338 3122 2394 occiderunt.
3588 2333 3605 2343 ”

2232 2427 2403 2482 Vsus.
2437 2427 2526 2484 24.
2559 2428 2975 2484 ——Suscitavit.
3008 2428 3133 2484 Non
3163 2428 3367 2483 usitata
3387 2443 3514 2484 cum
3547 2428 3770 2484 caeteris

2161 2531 2326 2595 atque
2357 2524 2634 2580 communi
2661 2525 3069 2582 resurrectione
3116 2542 3239 2597 qua
3268 2525 3327 2581 in
3355 2523 3523 2582 finem
3574 2525 3771 2582 differ-

2159 2620 2268 2682 tur,
2303 2613 2401 2669 sed
2430 2628 2552 2684 qua
2580 2612 2668 2669 die
2697 2614 2857 2670 tertia
2887 2613 3280 2684 celebraretur,
3314 2623 3373 2669 ut
3400 2615 3639 2672 assertio
3658 2616 3768 2671 hu-

2151 2700 2243 2770 jus
2271 2702 2690 2757 resurrectionis
2720 2701 3093 2758 testimonium
3121 2710 3268 2758 esset
3296 2702 3544 2759 Deitatis.

2229 2790 2414 2861 (ΙίΑιι.)
2445 2791 2776 2857 Suscitavit,
2800 2792 3104 2848 secundum
3142 2791 3538 2848 humanitatem
3556 2832 3572 2861 ,
3598 2806 3768 2864 quam

2155 2878 2390 2934 maxime
2420 2879 2652 2934 oderant
2679 2880 2869 2935 Judai.

2225 2967 2435 3024 Solutis
2466 2967 2764 3025 doloribus.
2799 2969 3027 3025 Videtur
3056 2984 3180 3024 esse
3220 2984 3415 3025 sensus
3434 2969 3601 3038 hujus
3631 2985 3766 3025 sen-

464 3030 785 3106 prudentia,
843 3032 1096 3088 nimirum
1162 3033 1307 3105 quod
1334 3032 1527 3100 Judai,
1559 3040 1613 3090 et
1642 3034 1789 3106 quod
1837 3034 2051 3090 habita-

2166 3055 2354 3126 tentia,
2389 3056 2536 3127 quod
2564 3056 2797 3112 Domino
2826 3058 2897 3112 ad
2926 3056 3129 3114 inferos
3149 3030 3526 3114 descendente
3538 3058 3765 3114 dolores

466 3129 585 3178 rent
610 3120 931 3192 Jerusalem,
967 3136 1130 3194 quam
1159 3121 1316 3177 decet
1345 3121 1630 3179 sobrietas.

535 3237 707 3293 Vnus.
750 3238 837 3292 t7.
886 3265 955 3277 —-
1002 3236 1325 3309 Effundam.
1378 3238 1495 3295 Hoc
1532 3239 1703 3295 verbo
1748 3239 2059 3313 largitatem

466 3325 712 3381 muneris
741 3324 994 3395 ostendit,
1027 3327 1156 3399 quia
1176 3341 1287 3383 non
1315 3335 1374 3382 ut
1401 3326 1530 3382 olim
1571 3328 1851 3399 prophetis
1880 3335 1935 3385 et
1961 3344 2059 3384 sa-

464 3412 779 3471 cerdotibus
819 3421 1044 3481 tantum,
1075 3415 1176 3471 sed
1221 3415 1474 3472 omnibus
1509 3416 1714 3488 passim
1742 3416 1800 3472 in
1826 3424 2059 3490 utroque

463 3516 596 3559 sexu
630 3502 879 3574 personis
918 3502 1143 3575 Spiritus
1191 3512 1308 3560 erat
1342 3504 1575 3561 dandus.
1606 3507 1684 3561 De
1712 3506 1941 3578 spiritu.
1972 3506 2058 3562 Ad

466 3590 686 3647 diversa
715 3591 857 3647 dona
888 3591 1111 3663 respicit
1136 3591 1266 3647 dum
1292 3593 1400 3649 hoc
1425 3593 1575 3661 dicit,
1606 3610 1717 3648 non
1762 3602 1946 3651 autem
1986 3594 2058 3650 ad

467 3679 781 3736 substantia
817 3679 1267 3737 imminutionem.
1316 3682 1494 3755 Super
1532 3699 1758 3739 omnem
1801 3699 2052 3739 carnem.

466 3766 601 3837 Qua
631 3767 701 3823 sit
746 3768 924 3824 omnis
966 3784 1095 3825 caro
1143 3777 1543 3840 consequenter
1588 3771 1808 3842 exponit
1834 3770 1911 3825 ibi
1942 3789 1955 3825 :
1986 3774 2057 3828 Et

460 3855 877 3928 prophetabunt
902 3856 1029 3926 ﬁlii,
1060 3865 1167 3914 etc.

534 3944 721 4015 (ΗΔΒ.)
753 3943 930 4015 Super
957 3960 1177 4001 omnem
1220 3961 1441 4002 carnem
1478 3947 1708 4004 masculi
1738 3956 1792 4003 et
1820 3946 2054 4016 femina,

462 4030 550 4087 vel
577 4031 888 4089 circumcisi
916 4038 971 4088 et
1000 4033 1216 4102 ethnici,
1250 4034 1547 4090 secundum
1577 4035 1709 4091 illud
1734 4053 1749 4091 :
1796 4038 1917 4092 Non
1972 4041 2058 4095 est

456 4120 745 4176 masculus
793 4124 851 4175 et
894 4122 1130 4191 femina,
1185 4122 1537 4180 circumcisio
1587 4128 1643 4178 et
1684 4127 2052 4197 praputium,

456 4206 738 4264 Barbarus
766 4212 823 4263 et
861 4208 1063 4279 Scytha
1085 4252 1098 4275 ,
1128 4226 1320 4266 servus
1349 4215 1405 4265 et
1437 4211 1575 4267 liber
1602 4212 1748 4280 (Cal.
1769 4212 1873 4284 in).

524 4292 595 4346 Et
610 4291 1052 4364 prophetabunt.
1073 4293 1183 4348 Lex
1205 4302 1259 4348 et
1277 4294 1560 4364 propheta
1585 4311 1760 4367 usque
1780 4298 1849 4351 ad
1894 4299 2034 4353 Joan

450 4393 576 4434 nem
609 4396 625 4434 :
656 4394 724 4435 ex
752 4395 819 4437 eo
844 4396 1072 4453 regnum
1103 4381 1523 4453 evangelizatur.
1556 4383 1664 4440 Sed
1693 4383 1840 4440 aliud
1871 4394 1956 4441 est
1984 4385 2052 4441 de

450 4467 663 4525 Christo
687 4468 1037 4541 prophetare,
1067 4469 1212 4524 aliud
1241 4477 1466 4527 ventura
1510 4472 1809 4541 pradicere
1860 4481 1915 4528 et
1941 4474 2046 4528 do-

444 4571 598 4612 cere.
679 4583 686 4590 '

519 4654 690 4710 Vsus.
726 4656 812 4711 19.
836 4686 907 4697 -
935 4655 1006 4711 Et
1036 4655 1189 4713 dabo.
1235 4656 1457 4729 Mystice
1506 4658 1758 4730 prodigia
1786 4658 1844 4713 in
1871 4659 2009 4716 coelo
2029 4703 2042 4727 ,

445 4742 666 4799 labores
690 4751 813 4798 sunt
840 4743 895 4799 in
925 4744 1191 4800 Ecclesia.
1225 4744 1430 4817 Signa,
1462 4762 1625 4817 super
1653 4755 1871 4803 terram.
1908 4748 2045 4803 Vin-

447 4830 643 4901 dicta,
688 4829 745 4885 in
790 4838 1057 4887 terrenos.
1109 4833 1342 4905 Sanguis
1366 4877 1380 4901 ,
1411 4835 1467 4890 in
1529 4835 1802 4907 martyrio.
1853 4837 2003 4909 Ignis
2028 4881 2040 4904 ,

444 4917 730 4991 Evangelii
777 4918 864 4973 vel
906 4919 1134 4988 Spiritus
1180 4922 1369 4978 sancti.
1420 4923 1602 4993 Vapor
1633 4922 1801 4993 fumi,
1851 4924 2044 4981 anima

418 5005 532 5077 vel
558 5004 743 5061 cordis
795 5008 1160 5078 compunctio.
1209 5008 1467 5081 Prodigia
1512 5010 1577 5064 in
1625 5012 1781 5067 caelo.
1826 5012 2042 5067 Etenim

444 5092 659 5150 Christo
697 5102 956 5150 nascente
982 5137 996 5165 ,
1030 5111 1228 5151 novum
1261 5096 1411 5152 sidus
1439 5099 1724 5168 apparuit;
1756 5116 1822 5155 eo
1849 5116 2041 5156 ascen-

441 5181 601 5238 dente
630 5197 876 5252 crucem,
909 5181 992 5238 sol
1021 5183 1339 5239 obscuratus
1384 5192 1465 5239 est
1495 5193 1548 5240 et
1578 5187 1774 5241 coelum
1800 5188 2040 5244 tenebris

438 5267 749 5327 obductum.

508 5385 877 5457 Sanguinem.
909 5384 1031 5439 Non
1062 5384 1254 5441 'solum
1282 5387 1523 5443 vulneris
1554 5429 1568 5457 ,
1620 5390 1720 5444 sed
1750 5390 1914 5446 etiam
1936 5406 2034 5447 su-

433 5472 602 5539 doris,
634 5472 850 5544 quando
878 5472 933 5526 in
964 5472 1205 5529 oratione
1235 5473 1406 5531 tactus
1435 5485 1517 5532 est
1558 5478 1728 5533 sudor
1756 5478 1870 5547 ejus
1900 5479 2037 5535 sicut

427 5568 595 5631 gutta
624 5559 936 5634 sanguinis,
972 5562 1118 5634 quod
1164 5562 1304 5619 inter
1351 5565 1508 5637 signa
1536 5566 1763 5622 Deitatis
1794 5568 2029 5638 ponitur,

429 5647 555 5720 quia
583 5648 639 5705 in
666 5650 899 5706 humana
927 5658 1119 5708 natura
1145 5665 1256 5709 non
1284 5652 1572 5740 invenitur.
1596 5654 1746 5726 Ergo
1766 5655 2036 5727 signiﬁcat

2085 3110 2135 3175 C

2155 3160 2441 3215 partarum
2474 3144 2637 3200 soluti
2687 3146 2813 3215 sint,
2848 3146 2977 3218 quia
3004 3162 3128 3201 eum
3149 3154 3381 3219 tangere
3409 3163 3524 3202 non
3570 3156 3767 3218 potueo

2156 3241 2299 3303 runt,
2332 3232 2430 3288 sed
2440 3233 2595 3302 juxta
2625 3233 2877 3290 Graecum
2896 3233 2953 3288 in
2982 3250 3090 3307 quo
3110 3236 3375 3306 scriptum
3393 3242 3510 3290 est:
3532 3236 3768 3292 Solvens

2151 3322 2453 3395 peripsum
2464 3324 2665 3379 mortis
2676 3323 2910 3389 dolores,
2915 3325 3095 3395 juxta
3115 3323 3256 3396 quod
3274 3325 3620 3396 impossibile
3640 3329 3769 3381 erat

2159 3412 2342 3466 teneri
2370 3411 2540 3467 illum
2569 3412 2636 3467 ab
2667 3427 2747 3478 eo,
2780 3418 2948 3482 patet,
2982 3412 3111 3483 quia
3138 3428 3241 3483 per
3285 3413 3618 3468 descensum
3647 3413 3767 3482 ejus

2155 3497 2369 3554 liberati
2401 3506 2527 3554 sunt
2556 3499 2727 3555 sancti
2776 3514 2809 3554 a
2854 3499 2987 3555 locis
3017 3499 3395 3568 infernorum;
3426 3501 3522 3572 qui
3548 3501 3684 3557 licet
3710 3501 3768 3557 in

2156 3586 2279 3642 sinu
2309 3586 2546 3644 Abraha
2564 3630 2578 3657 ,
2611 3588 2667 3643 id
2697 3595 2780 3643 est
2809 3588 2865 3642 in
2922 3588 3295 3644 consolatione
3326 3588 3525 3661 quietis
3553 3600 3764 3657 essent,

2155 3691 2189 3729 a
2217 3675 2404 3731 dolore
2452 3683 2633 3731 tamen
2677 3676 2870 3732 mortis
2914 3676 3028 3732 sive
3072 3676 3233 3733 inferi
3258 3693 3370 3734 non
3412 3687 3574 3733 erant
3602 3678 3767 3734 soluti

2156 3787 2223 3827 ex
2250 3779 2364 3828 toto
2387 3813 2401 3841 ,
2435 3772 2564 3844 quia
2609 3788 2719 3830 non
2748 3780 3068 3830 meruerant
3114 3773 3318 3847 gaudia
3345 3774 3473 3831 cali
3530 3776 3762 3843 intrans,

2154 3861 2332 3917 donec
2358 3860 2512 3917 fieret
2540 3860 2673 3917 illud
2701 3862 2989 3933 Propheta
3019 3878 3032 3918 :
3066 3863 3132 3918 In
3149 3865 3426 3935 sanguine
3457 3867 3768 3921 testamen-

2157 3950 2204 4004 ti
2222 3949 2478 4005 eduaisti
2498 3952 2714 4007 vinctos
2737 3954 2861 4007 tuos
2898 3951 2964 4006 de
2988 3951 3134 4016 lacu,
3157 3951 3223 4006 in
3244 3967 3348 4023 quo
3369 3968 3487 4009 non
3507 3956 3595 4007 est
3617 3968 3765 4027 aqua

2156 4046 2346 4117 (Zach.
2371 4045 2453 4118 v).
2495 4046 2673 4103 Vincti
2693 4047 2838 4104 enim
2861 4055 3016 4104 erant
3054 4055 3348 4120 antequam
3369 4048 3760 4107 educerentur.

2226 4152 2403 4208 Vsus.
2432 4155 2523 4210 25.
2546 4183 2615 4193 -
2653 4154 3014 4211 Providebam
3047 4154 3371 4211 Dominum.
3407 4155 3523 4210 Vox
3555 4154 3761 4211 Christi

2152 4247 2278 4309 post
2305 4240 2771 4297 resurrectionem
2800 4241 3121 4297 exsultantis
3152 4242 3223 4298 ad
3268 4242 3572 4299 dexteram.
3607 4243 3759 4300 Sini-

2156 4335 2288 4397 stra,
2312 4336 2396 4384 est
2424 4345 2666 4399 praesens
2696 4329 2845 4397 vita;
2879 4331 3120 4401 dextera,
3153 4338 3380 4387 aeterna.
3403 4333 3482 4388 Ne
3510 4348 3759 4391 commo-

2153 4432 2301 4472 vear.
2350 4417 2479 4472 Post
2520 4418 2978 4474 resurrectionem
3026 4418 3210 4475 omnia
3252 4427 3408 4475 erunt
3436 4420 3760 4477 immobilia.

2074 4466 2128 4527 Β
2152 4506 2217 4559 Et
2248 4506 2535 4561 exultavit
2559 4507 2776 4578 lingua.
2814 4506 2954 4576 Quia
2976 4507 3193 4578 requies
3216 4516 3339 4579 post
3358 4508 3611 4565 laborem
3632 4510 3765 4565 data.

2146 4601 2229 4647 est
2262 4611 2275 4646 :
2316 4593 2584 4650 laboravit
2614 4594 2759 4648 enim
2787 4594 2843 4651 in
2873 4612 2970 4666 spe
3003 4595 3125 4651 vita
3167 4603 3403 4652 aeterna.
3437 4598 3559 4653 Non
3592 4599 3760 4655 dere-

2148 4683 2386 4752 linques.
2437 4683 2560 4738 Non
2608 4682 2803 4738 iterum
2867 4699 3091 4740 movear
3141 4685 3489 4757 corruptione
3545 4685 3761 4742 iterata

2144 4769 2323 4824 crucis
2340 4776 2393 4825 et
2421 4770 2630 4826 mortis.
2671 4773 2842 4829 Notas
2888 4773 3034 4828 mihi
3060 4775 3272 4843 fecisti.
3324 4774 3449 4829 Scio
3487 4790 3578 4829 me
3610 4789 3761 4831 sem-

2141 4873 2242 4927 per
2272 4873 2396 4912 esse
2427 4858 2716 4914 victurum.
2749 4862 3000 4932 Replebis
3029 4878 3119 4917 me
3150 4862 3312 4933 plena
3330 4861 3545 4932 latitia,
3569 4863 3626 4918 id
3649 4871 3756 4931 est,

2140 4944 2338 4999 iterum
2367 4963 2478 5001 non
2505 4947 2726 5002 moriar.
2754 4949 3029 5015 Quo-niam
3052 4967 3087 5005 a
3116 4949 3355 5006 dextris.
3381 4950 3561 5005 Causa
3582 4966 3765 5021 quare

2140 5049 2251 5088 non
2277 5043 2672 5104 moveatur,est
2700 5036 2825 5107 quia
2846 5037 3109 5093 Dominus
3141 5054 3170 5091 a
3199 5037 3405 5093 dextris
3429 5037 3759 5108 opitulatur,

2140 5121 2364 5177 sinistra
2429 5140 2540 5181 non
2595 5125 2947 5194 praevalente.
3011 5126 3067 5181 Si
3123 5126 3268 5181 enim
3314 5142 3347 5181 a
3402 5126 3615 5182 dextris
3644 5143 3767 5183 non

2137 5208 2338 5281 fuerit,
2394 5211 2541 5266 illam
2596 5220 2807 5283 partem
2840 5213 3091 5269 diabolus
3137 5221 3405 5285 occupat,
3475 5214 3622 5272 sicut
3684 5215 3767 5271 de

2136 5299 2277 5353 Juda
2324 5299 2518 5355 dicitur
2568 5318 2582 5354 :
2633 5303 2703 5357 Et
2749 5301 3011 5359 diabobus
3058 5307 3171 5359 stet
3229 5320 3264 5357 a
3328 5303 3554 5359 dextris
3604 5306 3761 5377 ejus.

2138 5388 2314 5456 (Psal.
2348 5386 2528 5457 cvm.)

2206 5485 2374 5539 Vnus.
2409 5490 2497 5543 26.
2531 5512 2602 5527 --
2632 5489 2701 5542 Et
2730 5489 3037 5546 exultavit.
3060 5490 3122 5545 In
3141 5489 3399 5560 passione
3422 5489 3559 5545 dixit
3586 5507 3601 5544 :
3630 5491 3765 5547 Tri-

2134 5573 2261 5627 sitis
2282 5578 2367 5628 est
2387 5576 2577 5633 animo
2598 5593 2725 5633 mea
2735 5593 2907 5649 usque
2927 5577 3000 5633 ad
3018 5581 3265 5635 mortem
3284 5577 3506 5649 (Matth.
3534 5577 3709 5649 xxn)
3735 5598 3760 5635 :

2133 5668 2187 5717 et
2214 5661 2379 5733 coepit
2424 5678 2628 5735 pavere
2658 5672 2714 5721 et
2732 5665 2932 5724 aedere
2964 5681 2980 5721 :
3012 5673 3072 5723 ut
3099 5682 3159 5727 se
3205 5682 3398 5726 verum
3452 5667 3758 5728 hominem
