3948 6178
195 319 304 373 433

1095 312 1363 370 GLOSSA
1401 312 1811 370 ORDINARIA.
1845 340 1915 355 —-
1941 313 2068 368 LIB.
2100 312 2386 372 ACTUUM
2413 312 2658 371 APOST.

3402 318 3507 373 434

196 442 257 497 in
286 442 468 497 anima
498 448 554 497 et
581 456 833 512 corpore,
867 449 919 496 et
960 438 1232 496 veraciter
1277 439 1594 511 passibilem
1642 455 1804 493 mon-
1833 438 1889 500 A
1909 445 2032 505 ter;
2067 455 2187 509 quas
2216 455 2250 493 a
2278 438 2401 493 ﬁliis
2434 439 2599 494 Israel
2639 438 2803 511 longe
2835 437 3009 510 tactae,
3057 455 3157 513 per
3202 439 3504 498 invocatio-

195 537 420 586 straret.
442 530 746 587 Exsultavit
775 546 906 585 vero
935 536 1127 600 postea
1154 528 1335 584 anima
1364 535 1417 583 et
1442 528 1646 601 lingua,
1680 527 1809 600 quia
1907 543 2033 582 nem
2064 527 2299 581 nominis
2329 528 2545 583 Domini
2576 528 2853 584 salvandaa
2884 537 3056 584 erant.

194 620 459 691 passione
490 636 591 675 sua
619 636 794 693 genus
825 619 1122 673 humanum
1154 617 1476 673 salvandum
1523 625 1659 673 erat.

268 710 444 765 Vens.
478 711 569 766 27.
602 738 672 749 —
701 709 765 763 In
793 708 1041 780 inferno.
1077 708 1299 763 Constat
1316 707 1554 761 animam
1576 721 1689 760 non
1711 706 1807 761 de-

191 798 448 854 relictam
477 798 533 853 in
554 796 786 865 inferno,
820 812 958 868 quas,
983 796 1176 850 ablatis
1205 795 1312 850 illis
1332 811 1433 866 pro
1463 794 1660 867 quibus
1680 795 1807 848 des-

192 887 478 955 cenderat,
511 902 638 941 mox
667 887 736 942 ad
766 901 1004 956 superna
1050 884 1230 954 rediit,
1272 900 1376 939 nec
1406 900 1534 939 caro
1564 892 1645 938 est
1674 899 1803 940 cor-

195 983 378 1048 rupta,
410 975 511 1031 sed
543 974 720 1031 veloci
749 973 1153 1030 resurrectione
1192 971 1515 1045 gloriﬁcata.

266 1092 444 1147 Vens.
478 1094 568 1148 28.
600 1120 670 1130 -
698 1091 869 1146 Notas
900 1089 1043 1144 mihi
1076 1091 1284 1160 fecisti.
1317 1089 1442 1143 Non
1481 1088 1658 1143 solum
1686 1089 1804 1144 haec

192 1181 264 1236 de
296 1179 394 1236 illo
409 1179 808 1252 intelliguntur,
829 1177 921 1250 qui
941 1176 1111 1232 semel
1130 1185 1352 1247 accepta
1371 1176 1705 1248 plenitudine
1721 1177 1803 1231 di-

191 1269 335 1324 vina:
364 1269 582 1325 virtutis
610 1275 663 1323 et
693 1267 986 1338 sapientiae,
1018 1282 1119 1338 per
1151 1282 1210 1321 se
1238 1274 1473 1321 mortem
1511 1266 1796 1336 destruxit,

189 1373 498 1430 resurgens
528 1357 597 1412 ad
628 1355 793 1411 vitam
816 1375 831 1423 ;
854 1356 953 1411 sed
974 1355 1110 1410 etde
1134 1355 1297 1424 justis
1310 1356 1400 1427 qui
1429 1370 1529 1426 per
1558 1371 1683 1410 eum
1712 1354 1803 1411 via

191 1447 442 1505 veritatis
470 1446 693 1502 inventa
722 1446 794 1500 ad
823 1444 986 1502 vitam
1007 1443 1260 1500 redibunt
1289 1452 1342 1499 et
1354 1443 1801 1512 jucundabuntur

188 1536 445 1592 videntes
471 1534 666 1592 faciem
695 1534 811 1604 ejus
845 1552 859 1588 :
894 1533 1022 1608 quia
1048 1532 1142 1589 ille
1174 1532 1325 1590 visus
1368 1540 1451 1589 est
1481 1549 1649 1605 super
1675 1549 1798 1589 om-

186 1623 281 1681 nia
319 1631 375 1683 et
402 1623 681 1682 beatitudo
711 1621 976 1697 perfecta.

255 1739 433 1794 Vens.
460 1742 549 1794 33.
572 1768 643 1781 —-
660 1739 1042 1795 Promissione
1061 1737 1310 1811 Spiritus
1330 1739 1519 1794 sancti
1539 1741 1789 1809 accepta.

1979 617 2147 671 Vens.
2182 618 2269 671 40.
2304 647 2373 657 -
2406 618 2756 687 Testiﬁcatus
2778 622 2881 684 est,
2917 626 3043 685 etc.,
3067 618 3123 674 id
3154 626 3236 674 est
3256 618 3508 675 testiﬁca-

1906 704 1981 759 tio
2013 712 2065 759 et
2095 704 2415 760 exhortatio.
2447 706 2782 762 Salvamini.
2818 708 2947 762 Haec
2978 715 3062 762 est
3110 707 3505 764 testiﬁcationis

1907 790 2140 864 qualitas
2170 801 2222 847 et
2253 794 2660 862 exhortationis,
2702 795 2800 850 sed
2828 797 3004 851 Lucas
3055 795 3287 866 plurima
3334 797 3508 853 verba

1906 882 2053 936 Petri
2085 882 2239 936 brevi
2268 882 2536 939 conclusit
2564 883 2847 938 sententia.
2880 885 2921 939 Α
2951 887 3336 955 generatione.
3371 886 3506 943 Duas

1906 978 2030 1024 sunt
2057 971 2459 1042 generationes,
2493 988 2602 1043 una
2631 973 2919 1043 bonorum,
2953 972 3060 1027 alia
3095 974 3380 1029 malorum.

2526 1087 2749 1143 CAPUT
2788 1089 2879 1142 III.

1973 1199 2144 1253 Vens.
2168 1202 2221 1255 2.
2255 1230 2324 1239 —
2352 1201 2585 1255 Portam
2611 1203 2824 1274 templi,
2850 1210 2953 1257 etc.
2973 1202 3126 1258 Hanc
3147 1210 3359 1273 portam
3379 1202 3505 1259 aedi-

1902 1286 2084 1343 ficavit
2108 1289 2337 1343 Joathan
2368 1286 2511 1342 ﬁlius
2542 1288 2688 1345 Oziae
2718 1307 2815 1345 rex
2842 1291 2999 1361 Juda,
3034 1292 3497 1347 sublimissimam.

1902 1376 2107 1432 Omnes
2141 1376 2411 1447 siquidem
2440 1385 2612 1449 portae
2642 1380 2829 1449 templi
2858 1379 2913 1433 in
2938 1387 3087 1434 terra
3130 1380 3365 1447 fuerunt,
3399 1397 3500 1436 ex-

1899 1472 2061 1537 cepta
2093 1466 2355 1537 Speciosa
2388 1483 2509 1538 quae
2540 1467 2815 1540 pendebat
2846 1486 2859 1522 :
2893 1484 3015 1540 qua
3035 1468 3105 1523 ab
3132 1470 3376 1526 Hebraeis
3402 1484 3499 1526 vo-

1898 1562 2053 1610 catur
2081 1555 2246 1609 Porta
2272 1555 2521 1610 Joathan.

1968 1650 2189 1723 (BEDA.)
2220 1652 2384 1707 Porta
2416 1652 2603 1723 templi
2634 1652 2895 1723 Speciosa
2937 1654 3201 1710 Dominus
3248 1661 3349 1722 est,
3398 1670 3500 1727 per

1903 1755 2087 1811 quam,
2122 1748 2249 1808 etc.,
2283 1757 2456 1813 usque
2485 1742 2556 1796 ad
2584 1741 2770 1797 claves
2801 1742 2936 1825 coeli
2954 1752 3078 1797 sunt
3106 1743 3266 1799 datae.

188 1828 442 1886 Christus
471 1844 592 1883 eam
619 1827 829 1898 accepit
858 1827 995 1882 sicut
1022 1798 1186 1884 verus
1216 1827 1397 1893 homo,
1433 1835 1486 1882 et
1532 1798 1793 1897 tanquam
1819 1798 1873 1859 Β
1921 1798 1939 1811 ⁸
1973 1798 2145 1883 Vens.
2180 1798 2333 1883 6.’—
2359 1798 2689 1901 :4rgentum,
2724 1838 2827 1886 etc.
2880 1819 3089 1887 Memor
3138 1798 3255 1887 erat
3302 1832 3496 1888 Petrus

189 1918 341 1972 Deus
368 1915 602 1973 effundit
632 1916 909 1987 Spiritum,
943 1915 1081 1971 sicut
1109 1916 1228 1971 Joel
1258 1915 1389 1971 dicit
1421 1933 1434 1969 :
1468 1915 1788 1987 Eﬂ'undam,

187 2014 293 2062 etc.
328 2007 470 2061 Item
497 2005 768 2077 accipiunt
814 2004 1047 2076 apostoli
1090 2004 1157 2061 ab
1206 2004 1326 2075 ipso
1371 2003 1793 2075 promissionem

188 2094 429 2166 Spiritus
458 2094 553 2166 qui
581 2094 779 2149 dicitur
806 2110 837 2147 a
867 2095 1026 2148 Patre
1053 2093 1353 2147 mittendus
1382 2093 1437 2148 in
1464 2092 1787 2166 Evangelio.

186 2184 404 2256 Effudit
436 2183 606 2250 hunc,
630 2191 736 2239 etc.
770 2181 874 2252 Qui
896 2182 1049 2254 prius
1076 2183 1262 2238 Jesum
1282 2182 1595 2238 suscitatum
1626 2198 1655 2236 a
1675 2183 1792 2238 Deo

183 2272 342 2338 dixit,
392 2288 540 2327 nunc
587 2270 751 2327 {idem
791 2271 1097 2327 auditorum
1144 2271 1306 2326 altius
1354 2271 1594 2344 erigens,
1647 2272 1792 2329 hunc

184 2376 308 2416 esse
351 2361 650 2416 Dominum
699 2360 960 2433 assignat,
1012 2376 1174 2433 quem
1223 2359 1483 2416 effudisse
1532 2359 1789 2431 Spiritum

185 2448 474 2506 conﬁrmat
507 2468 522 2503 :
552 2450 657 2505 hoc
687 2449 829 2505 enim
861 2458 944 2504 est
975 2449 1215 2522 signum.
1245 2450 1315 2503 Et
1345 2450 1574 2521 pulchre
1618 2449 1789 2504 verbo

184 2538 467 2597 eﬁ’usionis
496 2555 630 2594 usus
660 2547 742 2594 est
776 2557 789 2594 :
823 2539 970 2610 quod
1006 2540 1328 2609 prophetam
1372 2537 1490 2593 Joel
1539 2537 1790 2609 posuisse

185 2644 352 2700 supra
381 2627 728 2693 memoravit,
775 2635 834 2682 ut
879 2643 946 2683 ex
992 2628 1096 2682 hoc
1142 2626 1305 2682 etiam
1352 2634 1563 2682 constet
1609 2626 1789 2698 ipsum

184 2733 306 2775 esse
334 2716 634 2773 Dominum
662 2717 869 2785 Jesum,
902 2715 996 2787 qui
1025 2724 1148 2770 ante
1178 2716 1607 2787 assumptionem
1658 2730 1787 2771 car-

185 2807 268 2863 nis
298 2805 450 2877 loqui
480 2804 763 2862 consuevit
790 2805 846 2859 in
890 2804 1191 2875 pr0phetis,
1227 2805 1318 2876 qui
1366 2805 1525 2878 signa
1553 2812 1604 2859 et
1651 2820 1787 2875 pro-

183 2895 331 2968 digia
361 2896 457 2951 dat
485 2894 542 2950 in
571 2894 710 2950 caalo
742 2901 795 2949 et
823 2894 879 2948 in
909 2902 1075 2963 terra,
1111 2893 1203 2968 qui
1231 2909 1422 2951 omnes
1469 2893 1787 2950 invocantes

185 2999 241 3039 se
274 2983 470 3041 salvat.
504 2984 575 3039 Et
604 2991 805 3040 caetera
836 2999 957 3057 quae
986 2984 1249 3057 propheta
1292 2982 1573 3050 describit,
1629 2982 1787 3055 quasi

182 3089 348 3128 verus
376 3074 549 3139 Deus,
590 3072 789 3143 explet.

1893 1916 2037 1971 illius
2066 1917 2327 1988 praecepti
2359 1935 2373 1972 :
2407 1919 2591 1974 Nolite
2617 1921 2902 1991 possidere
2944 1937 3152 1977 aurum
3183 1925 3240 1977 et
3286 1938 3494 1993 argen-

1895 2009 2038 2061 tum.
2073 2006 2365 2061 Pecuniam
2410 2007 2573 2061 etiam
2617 2024 2737 2078 quin
2781 2009 2849 2063 ad
2895 2009 3067 2080 pedes
3124 2009 3496 2080 apostolorum

1892 2094 2218 2165 ponebatur,
2253 2110 2364 2150 non
2394 2095 2495 2150 sibi
2526 2097 2918 2165 recondebant,
2960 2098 3057 2152 sed
3086 2098 3155 2153 ad
3193 2115 3325 2153 usus
3351 2113 3495 2170 pau-

1891 2199 2105 2254 perum,
2173 2183 2266 2255 qui
2332 2199 2431 2239 sua
2492 2185 2819 2256 patrimonia
2885 2186 3240 2259 reliquerant,
3314 2201 3506 2244 serva-

1892 2272 2042 2327 banL

1962 2361 2132 2416 Vens.
2170 2365 2222 2416 8.
2246 2391 2315 2401 —
2343 2363 2416 2417 Et
2441 2363 2717 2418 exsiliens
2746 2365 2925 2430 stetit,
2959 2372 3062 2420 etc.
3098 2363 3251 2420 Ordo
3307 2363 3492 2436 perfe-

1890 2448 2086 2505 ctionis
2120 2468 2134 2505 :
2167 2449 2346 2521 primo
2376 2450 2548 2523 surgit
2578 2451 2670 2522 qui
2693 2452 2959 2523 jacuerat,
3001 2452 3199 2509 deinde
3244 2453 3348 2509 iter
3376 2453 3494 2509 vir-

1891 2545 2065 2593 tutum
2095 2538 2306 2611 arripit,
2360 2545 2414 2594 et
2462 2539 2542 2595 sic
2584 2540 2744 2612 regni
2784 2541 3010 2610 januam
3057 2557 3181 2597 cum
3231 2541 3494 2614 apostolis

1888 2626 2066 2681 intrat.

1961 2745 2131 2800 Vens.
2168 2746 2253 2798 10.
2296 2774 2365 2784 -
2396 2744 2633 2817 Stupore
2664 2750 2723 2801 et
2749 2746 2987 2803 exstasi.
3023 2746 3082 2801 Id
3133 2753 3235 2815 est,
3284 2760 3490 2819 pavore

1889 2840 1942 2887 et
1974 2848 2204 2889 excessu
2229 2834 2447 2889 mentis.
2474 2833 2684 2890 Dicitur
2713 2835 2879 2890 etiam
2898 2835 3149 2906 exstasis,
3182 2852 3307 2892 cum
3334 2852 3493 2892 mens

1889 2936 1923 2976 a
1948 2936 2156 2993 pavore
2186 2938 2297 2978 non
2322 2922 2612 2990 alienatur,
2646 2923 2745 2980 sed
2760 2924 3112 2997 inspiratione
3142 2924 3492 2981 revelationis

1889 3011 2202 3066 assumitur.

1962 3100 2243 3166 Cucurrit,
2279 3108 2385 3157 etc.
2420 3100 2642 3172 (Bene)
2676 3100 2896 3158 Salvato
2926 3101 3125 3158 Israele
3170 3118 3271 3174 per
3320 3117 3489 3175 apos-

250 3162 441 3265 vm;
461 3164 550 3216 ³4·
583 3162 818 3265 *ιδεάθ
847 3178 881 3217 α
901 3160 1142 3265 dextri:
1175 3160 1362 3265 ςῙξλξθο)
1383 3159 1667 3265 Μδέίίθδίθ
1697 3159 1859 3224 Pe'C
1889 3188 2052 3256 tolos,
2086 3159 2327 3245 cucurrit
2356 3159 2534 3245 omnis
2564 3159 2820 3261 mundus,
2864 3199 2991 3260 etc.,
3041 3159 3215 3265 usque
3244 3192 3315 3248 ad
3346 3159 3513 3249 solus.

184 3258 299 3306 trus
327 3267 396 3305 ex
425 3251 535 3306 hoc
562 3250 771 3321 psalmo
804 3265 1036 3323 regnum
1075 3250 1276 3306 Christi
1322 3265 1432 3306 non
1479 3258 1778 3319 terrenum,

185 3340 281 3395 sed
308 3339 556 3407 cteleste,
588 3347 718 3409 etc.,
750 3356 923 3412 usque
952 3340 1025 3396 ad
1059 3339 1119 3394 in
1163 3339 1354 3407 altera,
1405 3339 1652 3410 ejusdem
1701 3346 1784 3396 est

184 3428 468 3485 Dominus.

252 3520 425 3574 Vens.
461 3520 550 3573 36.
582 3548 651 3559 —
679 3518 983 3576 Dominum
1012 3534 1160 3574 eum.
1194 3519 1408 3573 Ponens
1438 3534 1638 3575 nomen
1665 3533 1782 3576 ma-

178 3617 390 3687 jestatis
426 3624 481 3671 et
508 3616 814 3687 potestatis,
850 3616 1089 3672 ostendit
1136 3633 1263 3672 eum
1310 3632 1432 3672 esse
1472 3616 1559 3673 cui
1606 3616 1783 3673 omnis

185 3714 433 3766 creatura
464 3705 626 3761 debet
655 3705 865 3776 subjici.
899 3705 1145 3762 Christus
1192 3705 1362 3779 regiae
1409 3705 1522 3761 sive
1562 3704 1782 3777 pontiﬁ-

186 3795 310 3851 calis
339 3794 624 3868 dignitatis
653 3810 852 3850 nomen
873 3802 972 3850 est.
1008 3796 1070 3851 In
1097 3795 1222 3868 lege
1241 3794 1591 3866 angebantur
1620 3811 1783 3866 reges

186 3891 235 3939 et
258 3882 567 3956 pontiﬁces,
601 3883 657 3937 in
686 3882 858 3957 ﬁgura
886 3883 1049 3939 illius.
1082 3886 1153 3939 Et
1184 3885 1490 3940 Christum.
1528 3884 1622 3939 Ille
1653 3900 1783 3940 vere

184 3982 261 4029 est
290 3973 540 4029 Christus
572 3972 718 4028 omni
749 3972 1066 4044 plenitutine
1096 3972 1332 4043 Spiritus
1364 3972 1537 4029 sancti
1565 3981 1778 4039 unctus,

187 4062 273 4134 qui
302 4062 371 4117 de
403 4063 601 4117 eodem
632 4062 830 4133 Spiritu
860 4061 1227 4133 potentialiter
1256 4063 1404 4117 dedit
1454 4062 1651 4135 quibus
1680 4078 1782 4118 vo-

185 4151 294 4207 luit.
328 4154 525 4209 Jesum
554 4168 737 4225 quem,
772 4159 877 4207 etc.
908 4152 1066 4206 Jesus
1098 4160 1181 4207 est
1213 4152 1477 4207 Dominus
1507 4160 1560 4207 et
1591 4151 1783 4207 Chris-

185 4248 284 4307 tus,
318 4258 430 4296 una
460 4240 515 4295 in
546 4240 754 4295 duabus
782 4241 988 4295 naturis
1019 4241 1315 4296 exsistente
1356 4257 1609 4313 persona,
1658 4241 1781 4313 quia

185 4330 235 4385 in
262 4330 559 4386 Divinitate
588 4330 916 4386 aeternaliter
946 4346 1011 4411 ex
1042 4331 1203 4385 Patre
1233 4338 1388 4387 natus
1430 4331 1485 4385 in
1530 4330 1784 4385 humani-

186 4427 288 4475 tate
320 4419 696 4491 temporaliter
721 4418 914 4485 factus,
950 4434 1073 4475 cum
1101 4428 1360 4491 operante
1392 4420 1588 4492 Spiritu
1620 4436 1785 4475 sanc-

185 4516 234 4564 to
259 4509 313 4563 in
344 4516 506 4563 utero
534 4507 763 4580 virginis
792 4516 875 4563 est
902 4508 1234 4563 incarnatus.

246 4625 419 4679 Vens.
455 4624 544 4679 37.
578 4655 646 4664 —
680 4626 1033 4697 Compuncti.
1069 4624 1330 4696 Impletur
1350 4624 1638 4696 prophetia
1668 4626 1794 4681 Joe-

184 4712 261 4780 lis,
295 4714 426 4786 quia
457 4720 580 4785 post
608 4712 792 4787 ignem
824 4713 1058 4786 Spiritus
1090 4713 1266 4770 sancti
1324 4714 1571 4785 sequitur
1615 4731 1790 4786 vapor

183 4802 630 4875 compunctionis.
668 4804 867 4859 Fumus
896 4804 1172 4875 lacrymas
1205 4812 1461 4860 excutere
1512 4804 1667 4872 solet,
1703 4805 1792 4860 in-

187 4892 376 4963 cipiunt
427 4891 564 4947 ﬂere
610 4893 700 4965 qui
759 4893 1067 4959 irriserant,
1122 4895 1353 4948 tundunt
1400 4902 1608 4965 pectus,
1660 4894 1792 4950 dant

186 4981 289 5037 Deo
318 4998 547 5053 precem
579 4982 717 5037 sicut
762 4981 1114 5049 sacrificium,
1152 4991 1225 5037 'ut
1274 4982 1596 5056 sanguinem
1637 4983 1788 5038 illum

189 5081 400 5144 gustare
431 5072 669 5140 valeant,
704 5089 804 5143 per
835 5088 959 5127 eum
1006 5073 1272 5137 salvandi,
1306 5090 1468 5145 quem
1518 5089 1683 5144 super
1730 5088 1791 5130 se

189 5170 233 5215 et
260 5178 428 5233 super
457 5160 601 5217 ﬁlios
632 5178 760 5217 suos
790 5162 945 5233 prius
977 5161 1193 5217 fuerant
1220 5162 1527 5233 imprecati.

246 5251 419 5306 Vens.
456 5254 545 5306 38.
580 5281 649 5290 —
679 5252 742 5305 In
774 5253 1023 5307 nomine.
1060 5252 1119 5305 In
1169 5252 1399 5320 honore,
1450 5251 1536 5307 vel
1585 5251 1641 5306 in
1688 5252 1788 5307 hac

190 5338 369 5407 forma,
404 5340 537 5412 quia
566 5339 621 5393 in
650 5355 759 5395 uno
790 5341 952 5395 trium
1003 5338 1142 5395 fides
1173 5341 1496 5396 continetur.

251 5448 421 5503 Vens.
447 5451 536 5503 39.
560 5477 629 5487 —
648 5449 718 5503 Et
739 5449 1016 5505 omnibus.
1043 5448 1158 5504 Hoc
1179 5449 1247 5503 ad
1265 5448 1399 5503 illud
1417 5447 1786 5504 testimonium

194 5536 479 5607 prOphetia:
512 5536 817 5607 respicitur,
854 5537 998 5609 quod
1030 5538 1279 5593 ultimum
1323 5538 1522 5610 posuit,
1558 5537 1779 5595 scilicet.

199 5624 379 5681 Omnis
408 5629 725 5700 quicunque
756 5628 1096 5684 invocaverit
1125 5644 1332 5685 nomen
1353 5630 1579 5683 Domini
1594 5630 1784 5685 salvus

196 5714 297 5770 erit
324 5735 341 5771 :
370 5716 517 5789 quod
545 5715 614 5772 ad
646 5715 903 5773 Gentium
924 5716 1264 5777 vocationem
1284 5717 1520 5791 pertinet
1541 5717 1786 5792 speciali-

1883 3294 1983 3348 per
2010 3277 2201 3333 orbem
2230 3278 2521 3349 pacificum
2550 3286 2698 3335 tenet
2727 3279 3037 3351 imperium.

1954 3367 2125 3422 Vens.
2164 3370 2249 3422 13.
2283 3398 2352 3408 —
2380 3370 2527 3424 Deus
2548 3368 2848 3439 Abraham,
2884 3377 2989 3425 etc.
3014 3368 3353 3441 (RAB.)Tl‘eS
3372 3386 3488 3427 me-

1883 3462 2162 3511 morantur
2190 3456 2340 3512 nullo
2360 3456 2528 3528 impio
2557 3456 2951 3524 intercedente,
2976 3458 3063 3513 vel
3090 3466 3317 3530 propter
3334 3459 3488 3531 prin-

1883 3544 2119 3615 cipatum
2142 3544 2383 3614 justitize,
2418 3546 2525 3616 vel,
2560 3554 2687 3615 etc.,
2721 3562 2895 3619 usque
2923 3547 2995 3602 ad
3024 3547 3169 3618 quod
3214 3547 3378 3602 etiam
3431 3548 3489 3604 in

1884 3632 2117 3705 spiritali
2147 3633 2501 3707 generatione
2534 3634 2784 3690 similiter
2821 3635 3163 3690 observatur.

1953 3723 2122 3779 Vens.
2159 3725 2243 3777 15.
2277 3753 2346 3764 -—
2374 3724 2770 3796 Inter/coistis,
2804 3723 3079 3779 voluntate
3108 3731 3161 3779 et
3202 3723 3394 3792 verbo,
3428 3732 3484 3781 et

1882 3811 1993 3866 hoc
2010 3817 2197 3866 contra
2219 3811 2419 3883 legem,
2447 3828 2569 3882 quae
2591 3810 2720 3867 dicit
2752 3829 2764 3865 :
2800 3810 2905 3881 Qui
2926 3812 3189 3869 occiderit
3210 3812 3488 3869 hominem

1883 3899 2093 3970 volens,
2128 3908 2181 3955 et
2211 3901 2328 3971 ipse
2359 3901 2666 3957 occidetur.

1956 3990 2125 4044 Vens.
2162 3992 2247 4043 16.
2282 4020 2352 4030 —
2381 3991 2668 4063 Integram
2690 3992 3021 4048 sanitatem.
3046 3991 3108 4047 In
3130 3990 3344 4047 duobus
3360 4006 3482 4063 quae

1883 4077 2143 4149 praedicta
2174 4087 2318 4133 sunt.
3130 4104 3139 4111 ο

1956 4168 2128 4224 Vens.
2164 4170 2250 4223 17.
2297 4198 2367 4225 —_
2412 4171 2520 4224 Per
2565 4169 2971 4241 ignorantiam.
3022 4171 3143 4227 Duo
3188 4176 3485 4241 occperata

1886 4264 2010 4311 sunt
2042 4274 2055 4309 :
2087 4256 2396 4329 ignorantia
2424 4264 2626 4324 vestra,
2658 4266 2712 4313 et
2740 4259 3086 4329 praescientia
3115 4259 3235 4315 Dei.

1960 4346 2110 4401 Vens
2143 4350 2230 4401 18.
2266 4376 2335 4388 -—-
2363 4350 2474 4404 Per
2501 4364 2560 4405 os
2590 4335 2865 4416 omnium,
2918 4357 3022 4406 etc.
3074 4349 3203 4405 Ideo
3250 4363 3482 4404 necesse

1887 4442 2006 4489 erat
2033 4434 2266 4506 impleri,
2298 4435 2426 4508 quia
2456 4452 2567 4493 non
2597 4454 2756 4505 unus,
2790 4438 2888 4494 sed
2916 4454 3107 4493 omnes
3122 4437 3487 4509 prophetave-

1804 4528 1858 4589 D
1884 4531 2026 4580 rant.

1968 4614 2135 4669 Vens.
2171 4617 2257 4669 19.
2289 4641 2358 4655 -—
2392 4616 2456 4671 Ut
2486 4616 2788 4671 deleantur
2831 4618 3086 4688 peccata.
3131 4616 3281 4671 Tunc
3323 4613 3486 4687 plene

1893 4702 2219 4757 delebuntur
2246 4710 2490 4773 peccata,
2526 4718 2652 4759 cum
2682 4702 2878 4759 virtute
2899 4703 3316 4760 resurrectionis
3336 4719 3487 4759 mors

1892 4791 2204 4847 destruetur
2229 4790 2542 4847 novissima.

1947 4881 2115 4936 Vens.
2162 4884 2250 4938 20.
2285 4910 2354 4921 —
2389 4882 2455 4938 Ut
2509 4897 2639 4937 cum
2668 4881 2949 4948 venerint,
2969 4888 3073 4937 etc.
3109 4880 3487 4939 Continuative

1890 4969 1959 5023 ad
1984 4969 2350 5039 praecedentia
2380 4969 2496 5024 haec
2525 4969 2796 5039 dicuntur,
2826 4969 3053 5041 scilicet,
3085 4975 3150 5026 ut
3179 4987 3311 5027 cum
3332 4988 3491 5028 νεηθ-

1888 5059 2010 5113 rint
2044 5063 2297 5133 tempora
2328 5061 2612 5132 refrigerii
2639 5077 2674 5115 a
2712 5064 3016 5133 conspectu
3066 5062 3307 5127 Domini,
3360 5067 3489 5117 tunc

1887 5157 2174 5211 deleantur
2202 5164 2429 5229 peccata
2466 5167 2669 5214 vestra.

1958 5255 2126 5309 Vens.
2160 5258 2248 5311 21.
2290 5286 2359 5296 -
2390 5256 2563 5323 Quem
2601 5260 2835 5330 oportet,
2889 5263 2995 5311 etc.
3029 5256 3092 5311 Id
3136 5263 3238 5323 est,
3288 5256 3488 5314 Eccle-

1889 5350 2024 5406 siam
2054 5368 2154 5423 per
2184 5351 2367 5423 fidem,
2401 5354 2488 5410 vel
2520 5353 2577 5408 in
2607 5353 2747 5411 coelo
2777 5354 2845 5409 ad
2876 5354 3160 5410 dexteram
3190 5355 3363 5412 Patris
3394 5371 3489 5412 se-

1887 5450 2041 5506 dere.

1959 5540 2131 5595 Vens.
2166 5544 2254 5598 22.
2288 5571 2356 5581 —
2387 5541 2591 5614 Moyses
2623 5542 2865 5615 quidem.
2897 5542 3161 5614 Exempla
3187 5542 3358 5614 ponit,
3384 5555 3491 5596 non

1884 5630 1960 5685 de
1993 5630 2248 5685 omnibus
2281 5630 2373 5703 qui
2401 5631 2568 5688 locuti
2599 5639 2742 5700 sunt,
2776 5631 2863 5688 vel
2894 5649 3033 5703 quae,
3067 5632 3165 5687 sed
3195 5632 3264 5687 de
3294 5628 3495 5703 aliqui-

1890 5720 1996 5778 bus
2026 5721 2301 5779 duntaxat.
2340 5768 2345 5773 .
