3948 6178
297 289 405 343 137

1084 289 1355 347 GLOSSA
1389 291 1797 351 ΟΒΒῘΝΑΒΙΑ.
1826 324 1896 339 --
1948 292 2075 352 LIB.
2107 296 2395 357 ACTUUM
2413 300 2657 358 APOST.

3497 309 3600 363 L38

300 411 391 466 nis
435 411 700 481 ﬁdelium,
733 414 836 471 hoc
865 421 1048 471 autem
1079 415 1148 470 ad
1179 417 1523 475 suscitandas
1578 426 1791 477 mentes
1822 418 1908 475 fa-
1937 420 1996 481 A
2085 423 2255 478 Vsus.
2279 428 2330 479 9.
2353 455 2423 466 —
2445 425 2586 493 Quid
2613 428 2826 501 utique,
2850 433 2956 485 etc.
2978 428 3317 501 Increpative
3347 430 3552 488 dictum
3571 433 3602 488 τ

304 508 457 556 ctum
488 508 595 556 est.

379 589 552 645 Vnus.
587 594 674 647 32.
707 620 777 632 -—
805 592 945 647 Erat
973 609 1071 648 cor
1096 610 1298 649 unum.
1334 593 1441 662 Qui
1472 595 1734 650 mundum
1782 596 1910 652 reli-

301 685 559 750 querant,
592 694 701 734 non
715 679 783 735 de
813 680 1094 737 nobilitate
1115 683 1337 754 generis
1358 684 1659 756 gloriantes
1694 701 1754 741 se
1786 684 1909 740 aliis

304 765 697 837 praeferebant,
733 768 829 822 sed
859 769 999 825 sicut
1028 770 1187 825 unius
1215 772 1570 844 ejusdemque
1598 773 1786 829 matris
1813 774 1913 829 Ec-

301 854 487 909 clesiae
545 856 847 911 visceribus
895 858 1044 926 editi,
1096 860 1289 914 eodem
1331 859 1683 916 fraternitatis
1721 878 1910 918 amore

302 944 641 1015 gaudebant.
661 946 768 1001 Nec
793 948 1090 1020 quisquam
1116 964 1330 1004 eorum.
1359 949 1595 1005 Virtutes
1615 966 1753 1022 quas
1784 967 1910 1022 pos-

304 1031 487 1086 sident
509 1033 663 1102 justi,
697 1049 806 1088 non
839 1051 966 1089 suas
989 1036 1236 1104 judicant
1264 1054 1408 1107 esse,
1432 1039 1529 1093 sed
1559 1055 1747 1094 eorum
1769 1055 1910 1111 quo-

306 1146 424 1184 rum
457 1130 675 1185 utilitati
725 1131 1063 1202 dispensant.
1100 1134 1452 1191 Communia.
1486 1134 1676 1192 Graece
1710 1133 1858 1188 κοῖνα
1892 1151 1904 1190 :

304 1218 452 1274 unde
473 1220 780 1289 coenobitaa,
799 1220 855 1274 id
876 1230 958 1276 est
979 1222 1338 1279 communiter
1355 1224 1621 1281 viventes.
1647 1227 1908 1283 Coauobia

304 1307 616 1362 habitacula
643 1324 846 1366 eorum.

380 1396 556 1452 Vsus.
588 1400 676 1452 33.
699 1428 768 1437 —
796 1398 1115 1454 Reddebant
1144 1401 1403 1471 apostoli.
1447 1400 1721 1457 Discernit
1751 1403 1907 1459 ordi-

305 1500 435 1539 nem
457 1484 745 1540 doctorum
776 1493 829 1540 et
860 1486 1185 1541 auditorum.
1206 1489 1347 1543 Nam
1365 1488 1652 1545 multitudo
1681 1491 1910 1546 creden-

304 1572 459 1641 tium,
492 1572 657 1630 rebus
686 1575 1077 1645 temporalibus
1109 1577 1304 1646 spretis
1327 1616 1342 1647 ,
1389 1578 1586 1648 copula
1632 1579 1909 1636 charitatis

307 1660 544 1717 invicem
558 1662 951 1735 jungebantur.
975 1664 1224 1736 Apostoli
1243 1680 1404 1735 vero,
1427 1666 1623 1723 virtute
1638 1667 1909 1741 fulgentes

314 1749 578 1822 mysteria
606 1750 808 1806 Christi
836 1752 1169 1823 pandebant.

400 1857 576 1914 Vnus.
599 1860 688 1911 36.
711 1888 781 1898 —
800 1859 1017 1931 Ioseph.
1043 1859 1231 1932 (ΗΑΒ.)
1250 1861 1457 1916 Auctus
1474 1859 1754 1917 Barnabas
1772 1862 1928 1932 ﬁlius

319 1946 733 2002 consolationis
781 1946 1204 2018 interpretatur,
1254 1955 1444 2004 auctus
1490 1948 1827 2007 incremento
1873 1963 1927 2011 et

307 2032 558 2103 profectu
593 2034 890 2104 spiritualis
923 2035 1070 2090 boni.

2008 511 2095 566 vel
2126 512 2206 567 sic
2223 513 2668 587 distinguendum
2704 534 2717 571 :
2751 517 2882 589 quid
2902 519 2930 573 ?
2959 518 3116 590 quasi
3142 536 3155 574 :
3181 518 3325 588 Quid
3357 521 3598 577 esthoc:

2008 599 2204 656 deinde
2234 602 2336 656 sibi
2367 603 2483 673 ipse
2508 605 2804 675 respondet
2834 613 2886 661 et
2912 606 3043 662 dicit
3079 626 3093 662 :
3123 608 3321 679 Utique
3350 608 3603 665 convenit

2007 683 2148 739 inter
2174 701 2272 741 vos
2302 694 2506 742 tentare
2535 688 2794 759 Spiritum
2823 690 3084 746 Domini?

2085 776 2339 841 Tentare,
2372 783 2477 831 etc.
2511 777 2697 848 (ΗΑΒ.)
2727 778 2972 834 Tentatio
3004 778 3237 851 Spiritus
3267 780 3323 835 in
3352 781 3460 837 hoc
3486 788 3604 837 erat

2008 863 2155 933 quod
2182 863 2557 934 probaverunt
2586 874 2788 936 quanta
2819 866 2887 921 sit
2915 868 3033 936 ejus
3069 868 3315 925 scientia.

2081 952 2454 1023 Sepelierunt.
2479 953 2608 1023 (10.)
2631 955 2706 1008 Ex
2730 955 2832 1010 hoc
2849 956 3001 1010 multi
3023 958 3331 1028 exemplum
3361 964 3599 1024 sumunt,

2010 1045 2068 1093 ut
2095 1054 2294 1094 uxores
2319 1042 2391 1095 ad
2420 1040 2565 1096 viros
2594 1058 2724 1097 suos
2754 1044 3039 1114 sepeliant.
3073 1045 3177 1099 Alii
3204 1044 3489 1118 indignum
3513 1062 3608 1116 pu-

2011 1132 2142 1191 tant,
2166 1134 2224 1182 ut
2243 1128 2310 1183 de
2330 1129 2847 1198 praevaricatoribus
2864 1132 3115 1203 exempla
3137 1134 3384 1204 capiant,
3410 1133 3607 1205 quibus

2010 1213 2065 1268 in
2113 1215 2338 1271 crimine
2386 1217 2548 1272 simul
2594 1226 2648 1272 et
2693 1227 2868 1275 morte
2916 1229 2971 1276 et
3015 1221 3294 1293 sepultura
3328 1222 3603 1289 meritum,

2009 1304 2215 1375 aequale
2245 1303 2453 1361 fecerat
2481 1307 2835 1364 consortium.

2081 1392 2252 1448 Vnus.
2287 1396 2373 1448 11.
2404 1424 2474 1434 -
2504 1396 2575 1450 Et
2602 1397 2793 1467 factus
2824 1400 2929 1452 est.
2961 1396 3122 1451 Prius
3156 1398 3396 1453 Ananias
3424 1413 3455 1453 a
3477 1399 3613 1469 Sap-

2008 1478 2168 1549 phira
2195 1496 2251 1535 in
2280 1490 2574 1552 conspectu
2629 1484 2892 1541 Ecclesiae
2948 1484 3056 1540 cito
3116 1485 3316 1540 mortui
3357 1495 3520 1553 sunt,
3551 1494 3612 1544 ut

2014 1569 2311 1638 apostolica
2342 1572 2656 1637 auctoritas,
2692 1580 2889 1643 quanta
2920 1581 3093 1639 esset,
3126 1576 3613 1630 ostenderetur:et

2008 1674 2171 1727 quam
2215 1673 2477 1731 magnum
2522 1668 2809 1731 peccatum
2838 1670 3017 1728 esset,
3046 1662 3194 1734 quod
3230 1663 3470 1718 oblatum
3500 1671 3603 1731 est,

1931 1778 1985 1837 B
2013 1744 2206 1801 iterum
2235 1748 2305 1801 ab
2326 1742 2576 1804 Ecclesia
2597 1751 2881 1806 retrahere
2908 1759 3328 1819 monstraretur,
3353 1758 3407 1807 et
3426 1750 3614 1808 caeteri

2025 1835 2183 1904 hujus
2213 1837 2461 1907 exemplo
2490 1838 2910 1911 castigarentur.

2096 1923 2264 1979 Vens.
2300 1928 2383 1982 12.
2408 1956 2477 1965 -
2496 1927 2906 1999 Apostolorum.
2932 1928 3138 1984 Dicitur
3152 1928 3438 1999 pluraliter
3483 1944 3609 2000 apo-

2023 2012 2441 2085 stolorum,quia
2459 2030 2569 2069 non
2588 2031 2685 2085 per
2704 2031 2919 2071 manum
2942 2017 3109 2072 solius
3131 2017 3271 2072 Petri
3293 2016 3449 2083 ;licet
3468 2017 3614 2073 enim

382 2121 537 2188 Quod
571 2102 658 2177 est
684 2124 1153 2196 interpretatum.
1186 2124 1505 2198 Ubicunque
1535 2125 1814 2197 Scriptura
1833 2142 1926 2183 no-
2020 2117 2122 2173 Pm
2150 2102 2359 2159 honore
2405 2104 2525 2172 eius
2571 2105 2751 2160 θωίθτί
2778 2112 3082 2176 taceantur»
3132 2121 3241 2162 non
3265 2113 3446 2162 me“
3472 2105 3614 2162 fama

307 2209 455 2266 mina
504 2226 702 2266 rerum
748 2212 837 2266 vel
883 2228 1241 2283 personarum
1289 2228 1414 2269 cum
1473 2214 1922 2286 interpretatione

305 2297 479 2369 ponit,
515 2314 737 2354 sensum
767 2300 1120 2356 sacratiorem
1148 2301 1357 2357 eisdem
1393 2302 1579 2359 inesse
1625 2303 1914 2376 signiﬁcat.

310 2387 505 2443 Merito
536 2386 678 2443 filius
708 2388 1095 2444 consolationis
1123 2397 1369 2459 vocatur,
1404 2391 1516 2462 qui,
1560 2391 1759 2463 spretis
1774 2409 1918 2464 prae-

310 2475 578 2543 sentibus,
607 2492 704 2547 spe
733 2476 1038 2532 futurorum
1072 2494 1131 2533 se
1162 2479 1493 2535 consolatur.
1526 2479 1668 2534 Nam
1701 2488 1755 2535 et
1788 2481 1915 2551 Spi-

309 2565 443 2619 ritus
473 2573 697 2621 sanctus
717 2566 1023 2637 paracletus
1052 2566 1177 2622 ideo
1204 2575 1456 2635 vocatur,
1481 2567 1604 2639 quia
1632 2568 1687 2622 in
1707 2569 1914 2624 mundo

309 2668 622 2724 pressuram
651 2654 976 2710 habentibus
1005 2654 1279 2711 infusione
1310 2656 1421 2725 sui,
1473 2657 1823 2727 paraclesim,
1856 2657 1913 2712 id

311 2748 392 2797 est
418 2742 850 2799 consolationem
880 2742 1085 2813 tribuit,
1111 2744 1249 2799 sicut
1269 2744 1433 2799 etiam
1463 2746 1657 2800 Petrus
1687 2753 1913 2817 propter

310 2830 543 2902 gratiam
576 2830 808 2902 Spiritus
837 2832 1091 2902 Barjona,
1126 2832 1181 2888 id
1227 2840 1311 2888 est
1339 2830 1481 2888 ﬁlius
1502 2833 1790 2904 columbae,
1812 2849 1910 2890 vo-

312 2926 463 2975 catus
493 2927 598 2975 est.
860 2916 871 2921 ’

376 3009 559 3065 Filius
587 3011 1012 3068 consolationis.
1044 3009 1236 3081 (ΗΑΒ.)
1266 3009 1367 3065 Vel
1406 3017 1641 3081 pr0pter
1666 3009 1904 3065 eleemo-

2020 2204 2209 2245 eorum
2239 2198 2500 2247 tacentur.

2089 2278 2261 2334 Vens.
2297 2283 2381 2334 13.
2414 2310 2485 2321 -
2516 2281 2875 2351 Οωιθνονατη,
2897 2290 3001 2339 etc.
3025 2282 3292 2354 Exemplo
3314 2282 3540 2339 Ananiae
3559 2291 3614 2339 et

2016 2366 2202 2423 uxoris
2233 2385 2247 2421 :
2278 2383 2442 2439 poena
2471 2368 2616 2424 enim
2645 2370 2879 2425 duorum
2910 2370 3003 2442 qui
3030 2368 3404 2427 fraudulenter
3433 2372 3514 2427 eis
3551 2388 3611 2428 se

2014 2455 2408 2524 conjunxerant
2432 2499 2445 2523 ,
2479 2456 2687 2513 caeteris
2720 2458 2903 2514 tribuit
2931 2459 3258 2529 exemplum.

2084 2544 2253 2600 Vnus.
2289 2545 2372 2599 14.
2405 2575 2475 2586 -
2518 2546 2872 2619 Augebatur,
2926 2554 3029 2602 etc.
3063 2547 3251 2619 (ΗΑΒ.)
3280 2548 3454 2603 Tanta
3492 2556 3613 2603 erat

2009 2631 2293 2688 multitudo
2323 2633 2681 2702 credentium,
2715 2643 2773 2690 ut
2800 2634 2928 2691 fidei
2959 2642 3241 2691 crescente
3268 2634 3606 2703 fortitudine,

2015 2721 2130 2776 sola
2159 2718 2437 2779 sufﬁceret
2466 2723 2678 2780 umbra.
2710 2724 2812 2779 Vel
2844 2742 2858 2778 :
2889 2723 2987 2779 Tot
3016 2731 3172 2780 erant
3200 2732 3328 2779 tunc
3357 2722 3611 2781 inﬁrmia

2009 2809 2366 2866 credentibus
2397 2810 2566 2882 allati,
2600 2819 2656 2867 ut
2686 2828 2878 2869 omnes
2897 2819 3250 2883 nonpossent
3269 2812 3608 2886 contingere.

2072 2915 2242 2971 Vnus.
2277 2916 2365 2972 17.
2396 2946 2467 2959 —-
2495 2918 2753 2976 Hmresis.
2805 2920 2994 2990 (ΗΑΒ.)
3015 2918 3253 2975 Haeresis
3285 2920 3480 2976 scissio
3519 2918 3610 2974 in-

1999 3012 2357 3077 terpretatur,
2409 3006 2539 3080 quia
2583 3008 2893 3078 haereticus,
2926 3008 3126 3079 spretis
3154 3007 3385 3063 aliorum
3424 3007 3608 3077 dictis,

313 3112 507 3168 synam
526 3112 637 3169 qua
654 3113 927 3168 pauperes
947 3113 1111 3155 consc
1121 3098 1260 3154 latus
1275 3106 1378 3165 est,
1402 3098 1490 3154 vel
1508 3114 1611 3170 pro
1635 3099 1904 3154 mercedis
1934 3134 1983 3197 C
2010 3096 2159 3164 quod
2187 3096 2523 3168 sequendum
2548 3103 2695 3167 putat
2724 3096 2894 3169 eligit.

311 3185 684 3241 consolatione
713 3201 878 3257 quam
906 3187 1105 3242 meruit
1131 3202 1162 3241 a
1191 3188 1307 3243 Deo
1337 3187 1615 3258 accipere,
1663 3187 1751 3242 vel
1782 3187 1907 3260 quia

314 3273 512 3344 dignus
566 3274 784 3330 habitus
814 3283 898 3330 est
926 3275 1018 3347 qui
1048 3291 1149 3347 pro
1177 3275 1313 3330 Juda
1344 3275 1721 3332 consolaretur
1768 3290 1907 3348 apo-

325 3361 517 3417 stolos.

979 3477 1205 3535 CAPUT
1226 3478 1291 3535 V.

384 3612 555 3667 Vnus.
589 3613 640 3666 3.
673 3639 743 3651 —
776 3611 1053 3666 Tentavit.
1086 3611 1273 3682 (ΚΑΒ.)
1301 3611 1637 3667 Praeteritum
1668 3613 1915 3668 tentavit

315 3700 494 3772 ponit,
529 3699 657 3771 quia
682 3698 929 3770 perfecta
958 3707 1071 3755 erat
1101 3700 1343 3755 tentatio.
1376 3700 1761 3756 Tribusmodis
1792 3708 1914 3755 ten-

312 3789 441 3844 tatio
471 3783 670 3861 agitur,
706 3788 983 3854 suasione,
1018 3788 1399 3857 delectatione,
1432 3804 1702 3845 consensu
1729 3806 1743 3842 :
1769 3789 1915 3861 quod

312 3885 481 3932 totum
503 3876 786 3947 impletum
816 3883 899 3932 est
927 3876 984 3930 in
1002 3876 1227 3931 Anania.
1254 3879 1324 3933 Et
1350 3878 1645 3949 fraudare.
1681 3876 1812 3949 (11).)
1855 3878 1913 3933 In

314 3967 414 4021 hoc
442 3965 660 4021 videtur
688 3965 1027 4021 mendacium
1050 3964 1242 4033 fuisse,
1293 3965 1417 4031 quia
1463 3973 1632 4022 totum
1661 3974 1908 4023 voverat.

315 4055 503 4111 Melius
549 4042 634 4109 est
683 4062 862 4109 autem
910 4070 1017 4109 non
1066 4070 1266 4111 vovere
1328 4069 1492 4126 quam
1548 4062 1673 4126 post
1728 4062 1912 4111 votum

318 4159 423 4200 non
454 4143 668 4199 solvere
701 4142 925 4214 Spiritui
956 4150 1168 4198 sancto.

402 4242 575 4297 Vsus.
624 4242 675 4295 4.
707 4271 776 4281 -
807 4240 911 4298 Sed
956 4243 1085 4298 Deo.
1139 4241 1315 4313 Supra
1362 4239 1577 4296 dixerat
1614 4259 1627 4296 :
1670 4241 1912 4314 Spiritui

322 4334 518 4387 sancto
540 4350 558 4385 :
584 4336 731 4401 patet
760 4344 897 4401 ergo
927 4328 1186 4400 Spiritum
1212 4336 1458 4384 sanctum
1488 4344 1611 4384 esse
1641 4330 1835 4385 Deum.

386 4437 556 4492 Vsus.
591 4439 643 4491 5.
665 4465 735 4476 -
760 4435 988 4492 Cecidit.
1014 4435 1202 4506 (ΒΑΕ.)
1242 4436 1452 4508 Legum
1492 4435 1645 4490 initia
1686 4451 1912 4507 semper

321 4525 567 4581 vindictis
596 4525 1061 4581 commendantur.
1096 4526 1215 4580 Duo
1238 4524 1331 4578 ﬁlii
1348 4526 1529 4580 Aaron
1555 4524 1741 4598 ignem
1770 4524 1910 4581 offe-

320 4622 510 4671 rentes
547 4620 975 4670 consumuntur:
998 4612 1111 4668 Oza
1150 4613 1425 4669 sustinens
1462 4628 1651 4670 orcam
1668 4621 1912 4669 mortuus

319 4712 419 4760 est.
453 4702 664 4759 Cecidit
693 4702 783 4758 ille
805 4745 818 4769 ,
867 4709 925 4757 ut
954 4702 1135 4759 caeteri
1162 4702 1618 4773 praevaricatores
1663 4702 1911 4773 exemplo

318 4793 430 4862 ejus
459 4798 793 4848 terreantur.

380 4883 453 4936 Et
472 4883 666 4953 factus
688 4884 773 4936 est
794 4880 986 4949 timor,
1018 4887 1123 4936 etc.
1148 4880 1370 4953 (BEDA.)
1391 4879 1717 4952 Anticipatio
1740 4896 1753 4936 :
1779 4895 1909 4952 quo-

318 4969 466 5024 niam
500 4968 672 5041 solius
693 4968 796 5023 viri
824 4976 1001 5025 morte
1030 4976 1154 5024 ante
1181 4968 1364 5025 uxoris
1384 4969 1585 5025 exitum
1639 4969 1801 5041 pauci
1820 4985 1912 5026 au-

314 5032 567 5124 dierant?
596 5056 844 5130 quamvis
889 5058 960 5114 de
1005 5057 1195 5129 paucis
1261 5058 1368 5116 dici
1431 5032 1704 5130 potuerit,
1763 5057 1910 5130 quod

316 5146 634 5203 timuerunt.

382 5237 556 5291 Vsus.
581 5238 635 5290 7.
659 5265 729 5276 —
748 5236 1044 5301 Horarum,
1075 5243 1177 5291 etc.
1212 5234 1400 5306 (ΗΑΒ.)
1431 5236 1662 5292 Parvum
1693 5243 1908 5308 tempus

315 5323 646 5394 poenitentiae
692 5322 854 5377 datur
882 5323 1064 5389 uxori,
1112 5324 1267 5393 cujus
1296 5323 1460 5395 culpa
1486 5323 1665 5396 magis
1694 5330 1778 5380 est
1805 5339 1906 5381 ve—

314 5412 471 5468 nialis
501 5428 662 5483 quam
692 5412 893 5479 mariti,
938 5420 1122 5483 utpote
1151 5429 1272 5485 quae
1300 5412 1574 5468 consensit
1612 5412 1795 5484 capiti.

382 5501 556 5556 Vsus.
591 5505 644 5555 8.
676 5530 746 5541 —
775 5503 874 5557 Dic
901 5501 1065 5566 mihi,
1099 5509 1202 5557 etc.
1238 5501 1369 5574 (Ιυ.)
1420 5503 1646 5573 Culpam
1696 5500 1902 5572 uxoris,

317 5588 679 5662 interrogans,
713 5588 954 5645 declarat
1001 5607 1065 5645 ex
1096 5589 1268 5662 ipsius
1314 5590 1690 5661 confessione,
1740 5605 1905 5662 quam

319 5678 543 5734 maritus
572 5693 731 5735 suam
758 5685 1161 5735 monstraverat
1185 5678 1243 5734 in
1289 5694 1474 5752 opere.

2085 3185 2518 3242 Sadducceorum
2538 3186 2759 3258 repleti,
2800 3192 2903 3241 etc.
2929 3183 3213 3241 Sadducaei
3232 3183 3607 3257 interpretan-

2018 3279 2102 3326 tur
2111 3275 2277 3345 justi,
2298 3272 2428 3354 dicti
2444 3289 2477 3330 a
2494 3274 2708 3329 Sadoch
2737 3273 3042 3343 sacerdote,
3065 3273 3152 3329 vel
3172 3280 3396 3345 propter
3409 3290 3605 3347 genus,

2015 3362 2103 3416 vel
2131 3370 2357 3434 propter
2385 3378 2603 3430 mores;
2628 3360 2985 3431 justiﬁcantes
3016 3368 3196 3418 autem
3239 3361 3451 3434 seipsos
3492 3361 3613 3418 vin-

2015 3449 2272 3506 dicabant
2297 3450 2400 3505 sibi
2428 3450 2576 3525 quod
2617 3465 2725 3505 non
2756 3457 2912 3506 erant
2945 3468 2958 3505 :
2990 3465 3282 3521 corporum
3322 3465 3608 3507 resurrec-

2014 3537 2216 3594 tionem
2236 3547 2523 3613 negantes,
2548 3538 2757 3595 animas
2777 3553 2901 3594 cum
2929 3553 3095 3594 carne
3115 3539 3294 3610 perire
3314 3539 3570 3595 dicebant
3592 3556 3607 3594 :

2015 3626 2113 3681 sed
2140 3642 2242 3684 nec
2271 3626 2546 3700 angelum,
2578 3642 2757 3700 neque
2787 3625 3075 3698 spirituum
3100 3625 3271 3682 ullum
3317 3642 3441 3683 esse
3487 3641 3609 3682 cre—

2014 3714 2230 3782 debant,
2280 3731 2472 3773 omnes
2518 3715 2823 3787 Scripturas
2870 3723 3067 3787 praeter
3110 3714 3281 3771 libros
3310 3715 3483 3786 Moysi
3510 3730 3606 3771 re-

2014 3804 2308 3875 spuebant:
2329 3811 2381 3860 et
2400 3803 2524 3859 ideo
2544 3803 2778 3859 maxime
2796 3802 3131 3875 principibus
3144 3803 3201 3858 in
3219 3803 3601 3874 persecutione

2012 3892 2382 3963 apostolorum
2411 3891 2823 3949 consentiebant
2850 3891 2941 3963 qui
2969 3890 3161 3947 virtute
3190 3898 3244 3948 et
3271 3890 3445 3964 signis
3473 3891 3603 3947 red-
3706 3952 3715 3958 ι

2010 3982 2211 4037 debant
2240 3981 2608 4039 testimonium
2634 3979 3051 4038 resurrectionis
3078 3978 3294 4035 Christi.

2082 4098 2251 4154 Vnus.
2280 4101 2369 4155 20.
2420 4126 2489 4137 —
2542 4097 2675 4155 Vitas
2706 4095 2893 4170 hujus.
2926 4097 3113 4168 (ΗΑΒ.)
3142 4094 3483 4163 Christianae,
3515 4095 3605 4153 vel

2009 4193 2248 4242 aeternae.
2283 4186 2399 4242 Hoc
2427 4192 2608 4243 autem
2636 4184 2760 4241 ideo
2788 4200 2897 4242 non
2943 4183 3181 4251 additur,
3232 4184 3357 4271 quia
3392 4183 3603 4241 famosa

2010 4281 2127 4329 erat
2173 4283 2324 4331 secta
2369 4272 2834 4341 Christianorum,
2892 4288 2994 4346 pro
3043 4288 3152 4347 qua
3207 4272 3389 4329 traditi
3442 4280 3600 4329 erant

2009 4376 2238 4419 carceri.

1941 4493 1991 4553 ι)
2085 4480 2253 4535 Vsus.
2284 4483 2374 4539 23.
2399 4509 2469 4522 -
2491 4450 2784 4537 carcerem
2811 4479 3053 4552 quidem,
3078 4485 3181 4534 etc.
3214 4476 3392 4532 Insani
3425 4474 3599 4531 Judaei

2010 4568 2102 4640 qui
2148 4567 2454 4624 stimulante
2501 4567 2700 4624 invidia
2747 4567 2935 4624 dicunt
2979 4566 3282 4621 furentibus
3334 4563 3596 4636 apostolis

2005 4659 2133 4713 Jesu
2182 4658 2251 4713 de
2297 4665 2648 4712 monumento
2679 4655 2977 4723 sublatum,
3029 4655 3183 4725 cujus
3227 4652 3371 4710 furto
3418 4652 3598 4709 dicant

2007 4746 2282 4819 apostolos
2312 4746 2381 4801 de
2408 4761 2630 4801 carcere
2658 4743 2843 4801 clauso
2871 4743 3099 4800 ablatos.

2078 4861 2248 4919 Vsus.
2271 4863 2359 4919 24.
2384 4890 2454 4901 -
2473 4860 2853 4933 Magistratus.
2877 4858 3185 4916 Secundum
3206 4859 3460 4915 Graacum
3478 4873 3599 4914 ma-

2006 4952 2281 5023 gistratus
2329 4949 2623 5023 legendum
2659 4956 2744 5004 est
2789 4947 3053 5021 singulari
3082 4962 3329 5011 numero,
3372 4946 3512 5003 sicut
3544 4954 3598 5002 et

2006 5039 2065 5096 in
2095 5038 2343 5110 sequenti
2372 5037 2464 5092 ubi
2493 5036 2689 5093 dicitur
2711 5054 2725 5091 :
2746 5037 2896 5092 Tunc
2920 5036 3051 5091 abiit
3093 5036 3441 5109 magistratus
3471 5051 3596 5092 cum

2004 5126 2287 5182 ministris.
2312 5128 2694 5200 Ambigebant,
2714 5126 2831 5181 Nec
2852 5125 2932 5181 sic
2951 5125 3207 5181 credunt:
3224 5124 3426 5180 malitia
3447 5124 3594 5180 enim

2004 5216 2229 5273 interior
2250 5232 2347 5272 cor
2365 5213 2633 5286 perfidum
2655 5213 2826 5288 signis
2846 5213 3007 5270 etiam
3026 5212 3327 5268 manifestis
3344 5213 3596 5270 obdurat.

2076 5322 2246 5379 Vnus.
2276 5326 2366 5381 28.
2398 5351 2468 5362 —
2496 5321 2896 5394 Prwcipieudo,
2929 5329 3032 5376 etc.
3066 5321 3127 5376 In
3155 5319 3350 5377 Graeco
3373 5338 3387 5375 :
3409 5321 3604 5377 Nonus

2002 5411 2379 5485 praecipiendo
2406 5410 2768 5483 prwcipimus
2786 5410 2932 5467 vobis
2956 5414 2979 5465 1?
3006 5410 3149 5465 Nam
3177 5409 3256 5465 sic
3275 5408 3422 5480 loqui
3443 5451 3469 5480 ,ι
3488 5424 3606 5463 ma-

2005 5500 2091 5574 gis
2120 5499 2373 5556 convenit
2402 5497 2783 5572 interroganti.
2807 5499 3078 5571 Replestis
3097 5498 3427 5555 Jerusalem.
3448 5495 3605 5551 Priu-

2004 5589 2183 5660 cipem
2211 5588 2508 5655 civitatum,
2540 5587 2596 5643 in
2625 5602 2733 5660 qua
2761 5586 2920 5643 etiam
2950 5603 3059 5642 non
3100 5599 3506 5643 conversamur.
3541 5585 3603 5638 In

2002 5679 2108 5735 hoc
2133 5677 2453 5750 ignoranter
2479 5676 2697 5732 laudant
2723 5675 3019 5749 apostolos,
3052 5674 3143 5748 qui
3169 5687 3271 5727 nec
3300 5671 3470 5728 territi
3499 5672 3605 5728 mi-
