3948 6178
310 262 413 319 439

806 255 1211 314 WALAFRIDI
1244 254 1487 312 STRABI
1518 253 1719 309 FULD.
1752 251 1925 309 MON.
1956 253 2109 313 OPP.
2142 258 2319 315 PARS
2347 259 2390 314 Ι.
2419 289 2489 301 -——
2516 257 2989 316 THEOLOGICA.

3516 263 3618 320 440

307 402 395 459 nis
422 407 643 458 cessant
669 399 982 472 praedicare.
1011 401 1189 473 Super
1208 414 1309 455 nos
1339 396 1696 469 sanguinem.
1719 394 1907 467 (ΚΑΒ.)
1929 394 1986 458 Α
2086 385 2254 441 VEns.
2278 384 2327 438 ι.
2356 413 2449 473 ﬂ—
2476 384 2598 473 ilVos
2626 401 2773 453 vero,
2825 392 2932 442 etc.
2963 386 3047 442 De
3074 385 3271 457 seipsis
3299 400 3414 443 non
3439 386 3613 444 inter-

304 492 458 548 Patet
502 504 604 563 per
643 489 1009 563 antiphrasim
1060 488 1263 544 dictum
1315 501 1441 543 esse
1480 501 1492 541 :
1524 484 1769 558 Sanguis
1799 487 1920 557 ejus

314 594 486 654 super
517 595 643 637 nos.

382 666 695 723 Temeraria
722 665 1081 740 interrogatio
1109 662 1381 737 pontiﬁcis
1407 663 1665 721 refutatur
1690 677 1919 735 respon-

304 756 459 814 sione
485 754 767 829 prudenti.

384 844 520 917 (ln.)
550 845 920 917 Interrogant,
952 838 1092 899 solet
1118 841 1263 897 enim
1290 840 1347 899 in
1368 840 1552 897 verbis
1580 855 1703 897 esse
1730 839 1918 896 dubie-

302 950 364 993 as
387 975 401 1002 ,
435 948 561 990 cum
590 932 645 987 in
675 931 863 988 corde
895 929 1055 986 ﬁrma
1082 938 1329 986 teneatur
1360 929 1644 987 sententia.

375 1021 545 1078 Vens.
576 1023 664 1076 30.
688 1049 759 1063 --
798 1021 945 1077 Deus
963 1025 1220 1093 patrum.
1245 1019 1579 1093 (Ran.)Non
1604 1033 1777 1075 novus
1814 1032 1919 1073 nec

305 1125 341 1166 a
370 1107 528 1166 nobis
559 1123 737 1180 nuper
768 1107 1020 1164 inventus
1048 1123 1063 1164 :
1096 1109 1203 1165 hoc
1233 1115 1417 1165 autem
1447 1104 1594 1174 dicit,
1641 1114 1700 1161 ut
1729 1120 1916 1163 eorum

304 1195 672 1254 inobedientia
706 1195 777 1252 sit
805 1194 1211 1253 inexcusabilis.

363 1285 536 1342 Vens.
560 1288 649 1343 32.
674 1316 745 1328 -
762 1284 1011 1359 Spiritus
1031 1290 1288 1343 sanctus.
1311 1285 1428 1341 Nos
1449 1282 1673 1356 spiritus
1694 1289 1915 1340 sanctus

305 1373 594 1442 roboravit,
626 1380 685 1430 ut
712 1374 869 1431 vobis
901 1374 1060 1431 etiam
1090 1372 1464 1432 resistentibus
1494 1371 1769 1444 magnalia
1812 1371 1913 1427 Dei

300 1460 528 1520 ﬁrmiter
573 1462 955 1535 praedicemus,
987 1462 1044 1519 in
1077 1462 1237 1521 nobis
1267 1463 1497 1536 loquens
1528 1461 1720 1518 format
1748 1459 1916 1517 verba

310 1567 431 1624 quae
458 1550 675 1608 auditis.

377 1640 666 1697 Omnibus.
715 1637 904 1712 (ΗΑΒ.)
948 1639 1074 1695 Non
1123 1638 1282 1696 nobis
1328 1635 1481 1706 solis,
1532 1637 1631 1695 sed
1661 1634 1914 1693 omnibus

2023 481 2242 547 rogant,
2275 472 2373 528 sed
2395 471 2659 542 judicant.

2092 589 2263 644 Vens.
2295 587 2348 642 5.
2381 616 2451 627 —
2478 589 2550 643 Et
2576 587 2900 659 elegerunt,
2951 594 3058 644 etc.
3108 587 3300 660 (ΗΑΒ.)
3347 588 3448 644 Hic
3478 590 3616 647 ordo

2021 675 2327 735 servandus
2354 682 2437 732 est
2463 674 2522 731 in
2550 675 2869 732 ordinandis
2891 692 2905 730 :
2924 675 3094 750 eligat
3108 675 3364 749 papulus,
3400 676 3619 736 ordinet

2022 765 2334 839 episcopus.

2093 855 2465 927 Stephanum.
2492 850 2594 908 Hic
2623 851 2833 924 primus
2850 851 3092 924 ponitur,
3105 861 3160 910 et
3170 850 3321 910 solus
3335 852 3613 927 laudatur,

2019 951 2077 999 ut
2104 942 2161 998 in
2188 957 2297 997 uno
2345 957 2538 998 omnes
2566 939 2884 1008 laudentur,
2920 949 3014 996 aut
3031 940 3209 1013 primo
3235 944 3480 1016 martyrii
3510 944 3617 1002 ho-

2021 1046 2125 1088 nor
2151 1030 2379 1087 feratur.

2088 1138 2258 1194 Vens.
2290 1138 2343 1193 6.
2364 1166 2435 1177 —
2450 1137 2519 1193 Et
2536 1139 2785 1193 orantes.
2819 1134 3135 1191 Communis
3155 1137 3491 1210 dispensatio
3506 1140 3618 1195 exi-

2016 1226 2184 1301 gebat
2226 1233 2287 1281 ut
2325 1222 2559 1280 ministri
2590 1223 2957 1297 eligerentur,
3004 1224 3097 1297 qui
3143 1233 3201 1280 ut
3229 1226 3381 1299 digni
3409 1226 3618 1283 inventi

2017 1320 2160 1383 sunt,
2194 1319 2478 1370 crescente
2503 1311 2777 1386 gradatim
2805 1311 3150 1384 providentia
3181 1312 3392 1370 consilii
3421 1314 3621 1372 saluta-

2014 1403 2121 1470 ris,
2171 1401 2376 1474 placuit
2423 1400 2651 1458 eosdem
2679 1400 2829 1473 ipsos
2875 1400 3018 1458 sacri
3047 1400 3233 1457 altaris
3263 1410 3315 1459 et
3344 1404 3619 1462 Dominici

2014 1489 2293 1565 sanguinis
2316 1533 2330 1559 ,
2380 1490 2521 1547 sicut
2567 1488 2917 1560 refectionis,
2968 1497 3023 1546 et
3066 1506 3272 1548 mensae
3310 1492 3619 1550 communis

2011 1579 2293 1636 ministros
2319 1577 2585 1635 ordinari.
2607 1577 2766 1647 Quod
2784 1578 3051 1650 probatur
3075 1579 3231 1650 inde,
3256 1579 3382 1653 quia
3411 1580 3620 1639 dictum

2027 1676 2111 1726 est
2145 1687 2159 1724 :
2198 1669 2439 1725 Orontes
2467 1669 2867 1742 imposuerunt
2896 1670 2978 1724 eis
2996 1684 3205 1726 manus
3229 1687 3243 1723 :
3267 1670 3375 1727 hoc
3402 1678 3487 1725 est
3499 1686 3628 1743 pro-

310 1726 711 1830 obedientibus,
736 1726 901 1784 etiam
922 1727 1097 1796 vobis,
1121 1727 1169 1783 si
1207 1726 1383 1784 velitis
1422 1726 1692 1799 accipere.
1715 1726 1780 1781 In
1808 1725 1913 1782 hoc
1940 1759 1993 1821 B
2016 1758 2199 1830 prium
2245 1772 2435 1814 eorum
2467 1725 2564 1828 qui
2596 1725 2678 1813 δά
2708 1756 3045 1813 sacrosancti
3074 1725 3263 1812 auaris
3290 1725 3622 1830 ᾐτοωοςτθιί,

313 1817 382 1875 ad
408 1815 783 1890 paenitentiam
809 1825 1091 1889 provocat.

387 1904 559 1963 Vsus.
589 1906 677 1963 δι.
710 1936 781 1947 -
813 1906 1109 1963 Ganzah'el.
1141 1905 1241 1963 Hic
1272 1913 1386 1961 erat
1418 1903 1717 1978 discipulus
1747 1915 1913 1975 apos-

317 1992 573 2066 tolorum,
602 2001 664 2050 ut
686 2001 923 2068 putatur,
956 2009 1247 2052 remanens
1272 1994 1413 2068 apud
1436 1994 1655 2052 Iudaeos
1681 1989 1911 2053 consilio

307 2081 713 2156 Apostolorum,
743 2090 804 2141 ut
832 2083 1073 2156 pessima
1100 2083 1405 2140 destrueret
1435 2081 1661 2140 consilia
1679 2125 1694 2156 ,
1747 2093 1798 2141 et
1826 2086 1909 2144 fu-

298 2196 491 2240 rorem
520 2197 712 2239 corum
737 2182 1029 2255 mitigaret.

366 2266 539 2325 Vens.
573 2270 663 2323 36.
687 2297 757 2309 -
782 2267 1044 2325 Theodas.
1078 2267 1301 2340 (ΒευΑ.)
1333 2266 1583 2325 Theodas
1632 2271 1907 2342 persuasit

294 2356 478 2414 multis
509 2355 732 2413 sublatis
763 2372 830 2412 ex
845 2356 980 2412 urbe
1003 2355 1346 2413 facultatibus
1379 2355 1495 2412 suis
1525 2356 1678 2430 ripas
1706 2358 1908 2416 Jorda-

294 2445 381 2503 nis
409 2442 685 2516 obsidere,
717 2453 770 2503 et
798 2460 924 2502 cum
952 2451 1099 2503 esset
1125 2461 1341 2519 magus,
1372 2446 1702 2519 prophetam
1723 2463 1783 2504 se
1815 2448 1905 2504 di-

295 2534 482 2603 cebat,
516 2541 570 2592 et
594 2532 770 2592 diviso
798 2532 962 2591 ﬂuvio
990 2549 1050 2590 se
1077 2535 1323 2607 praebere
1349 2535 1632 2591 transitum
1660 2537 1901 2609 promit-

291 2622 457 2681 tebat.
505 2622 605 2680 Cui
643 2622 803 2694 jussu
843 2623 974 2680 Fadi
1022 2623 1391 2695 procuratoris
1442 2622 1686 2698 equitum
1743 2626 1902 2683 turba

292 2710 684 2786 superveniens
704 2753 721 2782 ,
766 2710 950 2768 multis
1001 2712 1307 2785 peremptis
1352 2718 1444 2769 aut
1492 2712 1691 2786 captis,
1732 2714 1903 2787 ipsius

292 2809 451 2876 caput
477 2799 915 2874 Hierosolymam
943 2798 1175 2859 revexit.

359 2889 533 2948 Vsus.
565 2892 654 2947 37.
686 2890 861 2949 ludas
895 2888 1191 2961 Galilwus,
1240 2895 1346 2947 etc.
1380 2889 1462 2948 De
1490 2888 1598 2947 hoc
1626 2890 1901 2965 Iosephus

288 2978 455 3050 dicit,-
490 2977 619 3052 quia
665 2976 897 3051 cogebat
942 2976 1202 3051 populum
1244 2993 1317 3034 ne
1368 2976 1571 3036 tributa
1626 2979 1892 3038 solvendo

292 3065 558 3126 Romanis
596 3064 907 3124 libertatem
951 3065 1224 3124 amitteret
1270 3082 1283 3121 :
1330 3065 1617 3139 proferens
1664 3084 1733 3126 ex
1774 3069 1900 3143 lege

291 3154 395 3213 soli
444 3156 561 3215 Deo
607 3153 958 3212 serviendum
979 3195 997 3225 ,
1045 3162 1101 3213 et
1148 3169 1245 3211 eos
1275 3153 1366 3229 qui
1395 3154 1638 3215 decimas
1666 3157 1895 3228 dabant,

290 3243 490 3300 tributa
514 3257 626 3301 non
653 3241 791 3300 dare
817 3244 1041 3301 debere.
1063 3241 1202 3313 Quae
1241 3243 1466 3300 haeresis
1496 3243 1766 3304 intentum
1795 3261 1913 3305 cre-

291 3332 407 3401 vit,
455 3338 515 3388 ut
554 3330 814 3388 Pharisaei
855 3337 912 3390 et
935 3330 1101 3387 multa
1128 3347 1257 3404 pars
1284 3332 1472 3405 populi
1501 3333 1775 3392 Christum
1804 3336 1887 3392 in-

295 3428 597 3507 tarrogant,
625 3433 697 3476 an
722 3418 911 3478 liceret
936 3421 1135 3477 tributa
1163 3419 1299 3478 dare
1335 3420 1557 3478 Caesari.

363 3516 536 3576 Vrsas.
587 3516 675 3576 ιο.
723 3547 795 3564 —-
841 3518 1027 3585 Ctesis,
1059 3525 1163 3576 etc.
1214 3519 1401 3593 (ΗΑΒ.)
1454 3519 1601 3577 Ecce
1636 3516 1910 3578 fortitudo

276 3612 422 3701 -ﬁdei
448 3620 618 3688 patet,
652 3632 773 3690 qua
800 3629 908 3673 nec
934 3616 1116 3673 verbis
1146 3615 1390 3675 cohiberi
1414 3625 1648 3691 poterat,
1681 3635 1784 3677 nec
1806 3619 1910 3676 ﬂa-

296 3702 477 3807 gellis.
507 3702 664 3762 Prius
689 3713 816 3763 sunt
843 3719 1098 3763 sermone
1124 3705 1423 3779 prohibiti,
1477 3707 1643 3765 modo
1676 3708 1911 3781 ﬂagellis

311 3807 461 3853 cast.

369 3900 541 3959 Vm.
575 3902 662 3957 41.
692 3931 763 3944 -—
796 3902 1075 3970 Quoniam
1102 3903 1279 3976 digni.
1313 3904 1436 3960 Non
1474 3903 1734 3976 putabant
1760 3919 1822 3961 se
1839 3904 1913 3961 la-

302 4000 517 4068 borare,
549 3998 646 4057 sed
673 3996 968 4056 maximum
992 4015 1187 4057 munus
1214 4001 1498 4073 percipere
1530 4020 1543 4056 :
1576 4001 1706 4074 quia
1734 4006 1896 4060 Beati

302 4100 399 4172 qui
421 4097 874 4171 persecutionem
897 4099 1206 4171 patiuntur
1233 4104 1462 4172 pr0pter
1478 4100 1653 4156 Deum
1674 4100 1899 4171 (Matth.

319 4185 426 4260 vr.)
1016 4208 1023 4215 ο

376 4283 547 4341 Vana.
578 4285 667 4342 42.
690 4314 759 4326 -
783 4284 950 4342 Omni
978 4288 1170 4342 autem
1188 4284 1294 4354 die,
1331 4292 1437 4342 etc.
1470 4285 1626 4358 Saepe
1653 4285 1778 4342 talia
1811 4287 1903 4343 in-

308 4388 665 4455 terponuntur
700 4381 930 4455 capitula
948 4424 962 4453 ,
1010 4380 1248 4440 breviter
1294 4381 1458 4438 multa
1486 4381 1816 4457 colligentia,
1850 4392 1913 4440 ut

313 4470 470 4544 quasi
497 4468 621 4527 ﬁnis
648 4470 923 4544 praterito
955 4470 1231 4539 sermoni,
1280 4479 1334 4530 et
1362 4469 1771 4529 fundamentum
1798 4482 1912 4530 sta-
1936 4489 1989 4549 D

307 4567 497 4617 tuatur
522 4562 787 4634 sequenti.

912 4699 1138 4758 CAPUT
1181 4700 1272 4757 VI.

2012 1855 2101 1904 tur
2128 1845 2388 1904 ofﬁcium.
2420 1845 2539 1902 Hoc
2566 1843 2818 1917 exemplo
2847 1846 3121 1902 orationes
3150 1844 3289 1901 ﬁunt
3315 1846 3375 1902 in
3399 1847 3615 1904 ordini-

2012 1936 2139 2006 bus,
2170 1934 2297 1991 licet
2325 1933 2499 1990 oratio
2530 1932 2907 2005 apostolorum
2935 1948 3047 1990 non
3066 1933 3145 1991 sit
3172 1934 3399 2007 scripta.

2084 2071 2256 2127 Vens.
2288 2071 2343 2126 '7.
2375 2099 2445 2109 —
2473 2070 2543 2125 Et
2568 2067 2814 2135 verbum,
2849 2074 2956 2125 etc.
2987 2068 3178 2142 (nam)
3207 2066 3381 2139 Quasi
3410 2068 3618 2141 recapi-

2015 2159 2205 2216 tulatio
2233 2158 2467 2229 videtur,
2501 2157 2632 2232 quia
2660 2156 2873 2216 dixerat
2904 2175 2917 2213 :
2954 2157 3121 2214 Omni
3146 2158 3235 2217 die
3262 2174 3381 2216 non
3425 2174 3618 2216 cessa-

2011 2250 2150 2306 bant
2178 2249 2464 2317 docentes,
2496 2255 2598 2303 etc.
2627 2289 2642 2319 ,
2675 2253 2730 2302 et
2758 2245 2817 2302 in
2845 2246 2953 2303 hoc
2980 2243 3161 2319 ipsum
3190 2247 3351 2319 redit,
3387 2246 3611 2303 dicens:

2013 2340 2083 2395 Et
2108 2339 2335 2395 verbum
2364 2337 2587 2393 Domini
2616 2333 2926 2394 crescebat.

2082 2426 2213 2500 (Ιο.)
2244 2426 2401 2498 Saepe
2428 2426 2485 2481 in
2500 2427 2607 2482 hoc
2622 2423 2783 2497 libro,
2804 2431 2858 2480 et
2888 2424 2946 2480 in
2960 2422 3268 2499 Evangelio
3294 2425 3463 2482 etiam
3483 2425 3616 2482 talia

2011 2516 2426 2587 interponuntur
2471 2513 2746 2587 capitula,
2798 2521 2902 2572 etc.
2929 2556 2944 2585 ,
2994 2529 3169 2588 usque
3201 2515 3275 2571 ad
3306 2514 3438 2588 quia
3463 2515 3617 2586 prius

2012 2612 2297 2663 crescente
2322 2603 2486 2677 plebe
2514 2602 2665 2659 zelus
2693 2602 2868 2659 fuerat
2898 2602 3223 2660 concitatus.

2083 2712 2255 2768 Vens.
2289 2716 2341 2768 8.
2374 2741 2443 2752 —
2471 2710 2830 2784 Stephanus,
2862 2709 3092 2779 Graece;
3122 2709 3334 2778 Latine,
3366 2727 3575 2768 corona
3596 2732 3617 2769 :

2015 2801 2109 2875 qui
2137 2800 2283 2875 quod
2311 2806 2688 2872 praecepturus
2716 2806 2834 2856 erat
2863 2798 2920 2856 in
2949 2814 3010 2855 re
3030 2841 3045 2870 ,
3077 2798 3351 2873 praesagio
3381 2800 3617 2856 nominis

2012 2888 2432 2962 praeoccupabat
2462 2906 2475 2944 :
2508 2886 2638 2963 quia
2691 2895 2817 2961 post
2873 2903 3099 2946 crucem
3154 2888 3357 2945 Christi
3407 2887 3616 2961 primus

2013 2978 2279 3051 martyrio
2308 2984 2602 3035 coronatus
2632 2984 2716 3033 est
2746 2975 3069 3046 sublimiter,
3104 2977 3197 3050 qui
3222 2976 3495 3050 lapidatus
3537 2986 3621 3035 est

2013 3066 2308 3124 humiliter.
2341 3064 2609 3123 Hebraice
2637 3066 3029 3139 interpretatur
3057 3066 3362 3139 Stephanus
3406 3085 3609 3125 norma

2010 3160 2209 3215 nostra
2227 3198 2243 3227 ,
2294 3155 2387 3229 qui
2415 3154 2596 3227 primo
2623 3170 2852 3227 passus,
2885 3155 3240 3228 sequentibus
3278 3155 3610 3228 martyribus

2010 3244 2188 3302 factus
2217 3252 2301 3302 est
2332 3244 2508 3302 forma
2536 3244 2677 3301 mori
2704 3260 2807 3318 pro
2836 3243 3079 3301 Christo.

2080 3360 2252 3416 Vens.
2287 3364 2375 3416 13.
2399 3389 2470 3401 -
2490 3361 2657 3419 Homo
2682 3362 2811 3417 iste.
2843 3359 2925 3415 Ex
2955 3359 3239 3433 despectu,
3272 3375 3384 3417 non
3414 3368 3610 3418 vocant

2012 3465 2139 3506 eum
2166 3449 2393 3521 proprio
2422 3448 2643 3505 nomine
2663 3491 2676 3516 ,
2710 3448 2811 3506 sed
2840 3448 3118 3506 hominem
3149 3449 3306 3522 quasi
3334 3450 3612 3508 carnalem

2012 3546 2066 3595 et
2094 3536 2341 3595 infimum
2371 3536 2666 3612 appellant.

2572 3698 2575 3703 ”
2614 3723 2848 3782 CAPUT
2882 3723 3000 3782 vu.

2085 3895 2256 3951 Vens.
2288 3898 2342 3953 2.
2367 3924 2437 3935 -
2460 3894 2573 3952 Viri
2593 3898 2807 3967 fratres
2836 3900 2895 3953 et
2905 3899 3121 3968 patres.
3142 3894 3280 3966 Quia
3311 3895 3621 3969 Stephanus

2013 3982 2424 4039 insimulabatur
2452 3982 2862 4057 blasphemasse
2893 3983 2949 4038 in
2981 3985 3208 4056 Moysen
3238 3993 3293 4041 et
3330 3986 3537 4056 Deum,
3569 3986 3623 4042 in

2013 4072 2280 4145 principio
2309 4072 2392 4128 sui
2437 4073 2705 4129 sermonis
2748 4072 2970 4128 illorum
3015 4073 3301 4129 calumnia:
3348 4075 3619 4131 occurrit,

2013 4161 2203 4217 dicens
2231 4162 2407 4217 Deum
2458 4161 2549 4234 qui
2594 4160 2919 4235 loquebatur
2964 4162 3215 4234 patribus
3247 4170 3302 4219 et
3337 4164 3623 4235 prophetis

2015 4251 2190 4306 Deum
2209 4266 2330 4306 esse
2347 4250 2645 4320 majestatis
2663 4259 2715 4304 et
2731 4249 2946 4324 gloriae.
2965 4251 3191 4323 Moysen
3209 4251 3369 4308 etiam
3397 4250 3583 4307 laudat
3607 4270 3621 4307 :

2015 4341 2113 4396 sed
2143 4340 2268 4395 illos
2287 4340 2523 4395 rebelles
2554 4348 2841 4412 etsemper
2869 4339 3247 4397 inobedicntes
3280 4341 3619 4412 comprobat,

2019 4428 2128 4485 Sed
2171 4437 2286 4484 arte
2333 4428 2592 4501 loquendi
2641 4445 2775 4485 usus
2818 4437 2902 4484 est
2942 4429 3011 4485 ad
3056 4429 3313 4499 rebelles,
3346 4429 3625 4501 incipiens

2027 4518 2181 4591 quasi
2198 4518 2413 4572 timeret
2432 4532 2526 4573 eos
2550 4535 2564 4584 ;
2589 4517 2701 4589 sic,
2748 4519 2861 4575 Viri
2889 4521 3105 4590 fratres
3137 4522 3194 4573 et
3219 4522 3417 4592 patres
3441 4539 3459 4575 :
3485 4518 3624 4573 lenis

2031 4621 2211 4662 sermo
2239 4614 2292 4661 ct
2320 4606 2562 4662 clemens
2592 4605 2841 4663 conciliat
2867 4606 3171 4663 auditorem
3190 4648 3206 4678 ,
3250 4614 3310 4661 ut
3338 4622 3625 4664 commen-

2026 4696 2115 4751 det
2141 4702 2403 4752 actorem.
2437 4696 2641 4751 Blande
2672 4696 2855 4768 coepit,
2887 4704 2946 4750 ut
2975 4695 3067 4752 diu
3098 4695 3414 4763 audiretur,
3449 4704 3504 4752 et
3533 4698 3627 4769 qui

1905 4798 1919 4804 ·
2026 4785 2312 4841 recusabat
2341 4794 2533 4842 contra
2564 4787 2755 4854 Deum,
2776 4785 3025 4858 etlegem
3042 4783 3211 4858 loqui,
3236 4801 3428 4841 verum
3449 4785 3626 4841 Deum

376 4858 548 4914 Vnus.
584 4859 634 4913 1.
668 4886 737 4898 —-
769 4859 1087 4917 Graecorum
1129 4860 1316 4932 (ΗΑΒ.)
1364 4860 1489 4917 Sive
1534 4861 1870 4917 advenarum

307 4946 590 5020 gentilium
612 4944 668 5001 in
685 4944 896 5002 civitate
933 4948 1395 5004 conversantium:
1446 4949 1579 5020 sive,
1604 4957 1732 5017 etc.,
1756 4967 1927 5023 usque

302 5036 375 5092 ad
394 5034 706 5109 quotidiano
753 5034 1054 5092 ministerio
1082 5039 1465 5109 gravabantur.

372 5126 824 5197 Despicerentur.
853 5125 989 5197 (ῐυ.)
1015 5127 1098 5182 Ex
1125 5126 1340 5183 defectu
1370 5128 1492 5199 plus
1520 5136 1908 5202 gravarentur.

373 5213 542 5268 Vnus.
576 5216 629 5271 2.
661 5242 732 5254 -
759 5214 878 5270 Non
926 5219 1011 5271 est
1049 5232 1270 5289 aequum
1298 5233 1417 5283 nos,
1454 5224 1557 5273 etc.
1593 5216 1902 5273 Ostendunt

297 5301 544 5376 Apostoli
590 5301 880 5375 episcOpos
928 5312 983 5359 et
1009 5304 1260 5361 doctores
1290 5305 1520 5363 Ecclsiae
1548 5320 1659 5362 non
1696 5308 1907 5363 debere

296 5390 673 5464 corporalibus
703 5391 868 5447 rebus
896 5392 1190 5464 implicari.

368 5498 539 5554 Vens.
563 5502 615 5553 3.
640 5528 709 5540 —
731 5498 1110 5571 Considerate,
1136 5509 1238 5558 etc.
1263 5502 1486 5574 (ΒεθΑ.)
1508 5501 1648 5558 Hinc
1668 5502 1780 5571 jam
1803 5502 1914 5558 de-

301 5597 595 5645 creverunt
624 5587 873 5661 apostoli,
905 5597 1010 5646 etc.
1030 5634 1042 5658 ,
1066 5608 1238 5665 usque
1260 5592 1330 5649 ad
1359 5607 1466 5648 non
1498 5592 1613 5647 sine
1645 5599 1910 5664 septena-

292 5676 361 5733 rii
402 5677 617 5737 numeri
647 5677 929 5752 mysterio.

2025 4874 2286 4947 praedicat
2313 4875 2368 4929 in
2386 4874 2656 4947 principio
2687 4872 2971 4930 orationis.
2996 4874 3200 4947 Legem
3230 4874 3391 4931 etiam
3423 4874 3505 4930 sic
3532 4891 3630 4931 ex-

2026 4964 2236 5035 posuit,
2270 4972 2328 5019 ut
2358 4965 2472 5033 ejus
2502 4970 2648 5020 esset
2689 4963 3015 5034 praedicator
3059 4964 3215 5033 cujus
3271 4964 3633 5021 accusabatur

2026 5054 2335 5109 destructor
2369 5070 2382 5108 :
2413 5052 2469 5108 in
2497 5068 2762 5125 processu
2792 5053 2953 5107 etiam
2981 5052 3251 5108 sermonis
3281 5068 3503 5109 errores
3533 5070 3629 5110 eo-

2026 5159 2147 5197 rum
2176 5143 2549 5215 redarguens,
2580 5141 2829 5215 vigorem
2859 5141 3056 5213 animi,
3087 5150 3141 5197 et
3163 5142 3309 5215 quod
3340 5141 3481 5199 liber
3513 5152 3629 5199 erat

2025 5247 2055 5285 a
2082 5232 2274 5287 timore
2304 5229 2511 5286 inimici
2541 5230 2849 5301 perdocuit.

2096 5323 2241 5376 Deus
2260 5322 2471 5392 glorias,
2498 5328 2603 5375 etc.
2624 5321 2833 5376 Memor
2849 5320 3153 5392 Stephanus
3164 5321 3426 5393 praecepti
3445 5320 3624 5377 illius:

2025 5410 2253 5481 Diligite
2274 5411 2536 5465 inimicos
2552 5414 2762 5465 vestros
2783 5409 2939 5481 (Luc.
2961 5409 3062 5482 vr),
3086 5419 3195 5466 etc.
3210 5455 3224 5476 ,
3248 5411 3624 5482 persecutori-

2025 5499 2125 5554 bus
2159 5499 2271 5553 suis
2305 5499 2535 5553 salutem
2557 5498 2846 5555 nuntiavit.

2096 5589 2159 5643 In
2207 5590 2619 5662 MesOpotamia.
2674 5588 3065 5661 Mesopotamia
3130 5589 3186 5644 in
3232 5588 3407 5663 capite
3452 5590 3626 5663 Syriae

2025 5679 2313 5735 constituta
2341 5679 2411 5736 ad
2440 5677 2772 5753 aquilonem.
