3948 6178
200 313 286 368 Hi

1001 301 1274 361 GLOSSA
1302 299 1711 359 ORDINARIA.
1745 327 1814 340 —
1842 296 1974 354 LIB.
2014 298 2303 357 ACTUUM
2334 298 2575 355 APOST.

3381 301 3484 359 442

262 432 441 507 (ΗΑΒ.)
469 428 864 503 Mesopotamia
893 437 945 485 et
973 428 1236 484 Charram
1265 428 1321 482 in
1349 426 1607 484 Chaldaaa
1636 432 1783 497 sunt,
1811 426 1943 488 Aet
1988 425 2115 498 quia
2164 424 2404 480 libertati
2453 431 2797 481 successerat
2845 424 3098 493 servitus,
3147 426 3314 483 Iacob
3362 440 3488 483 cum

201 527 261 583 de
286 521 676 594 Mesopotamia
705 519 1113 592 transmigravit
1139 518 1196 573 in
1227 516 1511 573 Charram.

259 638 420 694 Vens.
445 639 499 691 3.
520 665 593 677 —
622 638 693 692 Et
719 634 893 701 dixit,
932 641 1036 689 etc.
1084 635 1146 689 In
1175 631 1377 689 Genesi
1407 631 1623 689 videtur
1651 646 1782 687 con-

199 725 344 783 tineri
373 725 521 797 quod
547 730 675 796 post
701 730 937 779 mortem
951 722 1122 794 patris
1143 721 1226 777 sui
1257 722 1470 778 locutus
1492 726 1575 776 est
1595 719 1781 775 Domi-

198 831 289 872 nus
314 812 546 869 Abrahaa
577 813 671 884 qui
699 813 754 866 in
787 811 994 867 Charra
1024 818 1271 866 mortuus
1302 817 1404 880 est,
1438 809 1531 864 ubi
1561 824 1685 865 cum
1713 824 1781 865 eo

198 904 324 959 ﬁlius
344 901 631 956 habitavit.
666 901 774 956 Sed
805 900 1128 972 priusquam
1154 899 1211 953 in
1240 898 1457 954 civitate
1487 897 1774 967 habitaret,

198 1007 307 1050 cum
333 998 477 1046 esset
505 989 564 1043 in
595 990 1007 1061 Mesopotamia,
1044 989 1250 1043 dictum
1278 995 1361 1043 est
1389 987 1439 1042 ei
1464 1004 1478 1042 :

259 1082 361 1136 Exi
389 1079 455 1135 de
489 1082 649 1135 terra
701 1082 819 1148 tua,
871 1085 976 1133 etc.
1024 1077 1248 1131 Terram
1298 1083 1351 1130 et
1399 1076 1780 1148 cognationem

196 1168 411 1225 Abrahae
458 1166 845 1222 Chaldaeorum
889 1165 1138 1237 patriam,
1191 1180 1476 1237 genusque
1522 1165 1773 1236 appellat,

197 1257 320 1313 unde
337 1256 452 1326 jam
481 1255 708 1323 exierat,
732 1255 943 1327 degens
963 1254 1128 1309 modo
1147 1254 1203 1308 in
1220 1253 1647 1324 Mesopotamia;
1681 1252 1779 1308 sed

194 1346 350 1401 adhuc
380 1343 672 1399 tenebatur
703 1359 801 1415 spe
834 1351 887 1399 et
918 1342 1193 1399 desiderio
1222 1342 1508 1409 redeundi,
1555 1349 1608 1397 et
1653 1341 1778 1397 ideo

197 1434 328 1491 audit
357 1451 370 1489 :
403 1435 514 1489 Exi
544 1433 613 1489 de
646 1437 802 1490 terra
833 1436 890 1489 et
937 1433 1002 1489 de
1051 1433 1384 1504 cognatione
1415 1435 1555 1500 tua;
1583 1446 1694 1486 non
1720 1437 1779 1485 ut

197 1538 373 1594 corpus
403 1522 722 1577 extraheret
766 1520 939 1593 (quod
961 1520 1072 1590 jam
1102 1519 1347 1592 fecerat),
1398 1520 1496 1576 sed
1533 1535 1776 1577 amorem

196 1611 357 1669 cordis
385 1609 660 1667 evelleret.

257 1699 431 1773 (ΗΑΒ.)
461 1698 712 1754 Tertium
744 1698 1051 1769 Stephanus
1089 1697 1454 1770 praetermisit,
1485 1697 1542 1753 id
1570 1705 1671 1767 est,
1720 1701 1776 1754 et

1882 515 2147 588 progenie
2176 514 2528 571 descendisse
2559 514 2617 569 in
2644 515 2937 588 .tEgyptum
2965 514 3182 571 dicitur.

1952 631 2123 685 Vens.
2161 634 2246 685 16.
2280 661 2350 671 -
2389 632 2693 687 Translati.
2741 630 2925 704 (ΗΑΒ).
2960 631 3067 687 Per
3095 629 3481 704 synecdochen

1882 718 2136 775 dicuntur
2167 719 2411 774 translati
2457 728 2685 791 propter
2723 719 2945 791 Ioseph,
2995 720 3083 777 cui
3110 719 3298 790 Iacob,
3349 726 3477 787 etc.,

1881 824 2054 881 usque
2090 808 2181 875 ad,
2211 810 2371 864 Ferte
2402 826 2527 864 ossa
2555 825 2682 864 mea
2711 808 2843 865 hinc
2886 808 3166 865 vobiscum
3205 807 3365 879 (Gen.
3399 808 3475 879 ι).

1952 897 2172 969 (Βεω.)
2201 897 2282 952 De
2314 897 2430 953 solo
2460 898 2665 968 Ioseph
2709 898 2991 968 Scriptura
3039 905 3285 965 testatur,
3334 897 3481 968 quod

1881 999 2005 1040 ossa
2035 987 2168 1055 ejus,
2205 994 2331 1055 etc.,
2361 1002 2535 1058 usque
2563 986 2637 1042 ad
2666 985 2951 1042 duodecim
2999 986 3324 1057 patriarchae
3361 1000 3472 1040 non

1880 1072 2230 1145 suntsepulti
2257 1075 2312 1128 in
2341 1075 2507 1142 Arbe,
2542 1075 2640 1130 sed
2669 1075 2725 1129 in
2762 1075 2998 1131 Sichem.

1951 1166 2022 1219 Et
2032 1166 2208 1236 positi
2227 1167 2382 1232 sunt,
2408 1171 2512 1218 etc.
2538 1164 2722 1235 (ΒΑΗ.)
2744 1164 2915 1219 Docet
2937 1163 3168 1220 Genesis
3187 1162 3464 1219 Abraham

1879 1251 1948 1306 ab
1980 1251 2205 1323 Ephron
2226 1250 2335 1306 ﬁlio
2357 1252 2491 1307 Seor
2511 1252 2704 1321 Ethaai,
2731 1260 2857 1322 etc.,
2883 1268 3057 1325 usque
3078 1251 3149 1309 ad
3164 1267 3266 1309 nec
3280 1251 3475 1323 Moysi,

1879 1354 1982 1397 nec
2012 1341 2245 1395 Domino
2276 1341 2484 1396 servire
2515 1340 2820 1397 voluerunt.

1948 1431 2014 1485 In
2045 1430 2321 1503 sepulcro,
2357 1437 2460 1485 etc.
2496 1430 2610 1485 Hoc
2640 1430 2708 1484 de
2739 1429 2857 1485 solo
2885 1430 3075 1498 Iacob,
3097 1432 3246 1501 cujus
3277 1445 3479 1504 corpus

1878 1516 1974 1574 ﬁlii
2001 1517 2069 1574 de
2096 1519 2328 1590 IEgypto
2356 1519 2607 1574 tollentes
2636 1519 2971 1589 sepelierunt
2999 1519 3055 1573 in
3085 1519 3343 1591 spelunca
3372 1521 3479 1575 du-

1877 1606 2024 1679 plici,
2054 1606 2148 1662 ubi
2177 1608 2446 1662 Abraham
2475 1624 2599 1663 cum
2632 1608 2768 1663 Sara
2798 1608 3043 1678 sepultus
3074 1617 3176 1678 est,
3228 1617 3281 1665 et
3329 1609 3480 1666 Isaac

1879 1711 2002 1752 cum
2032 1696 2286 1752 Rebecca
2320 1713 2333 1750 :
2367 1703 2419 1751 et
2442 1696 2517 1751 ibi
2548 1697 2643 1752 Lia
2692 1697 2910 1752 condita
2939 1705 3023 1753 est
3051 1716 3063 1753 :
3100 1697 3244 1754 unde
3290 1697 3478 1755 civitas

198 1789 251 1847 de
278 1789 423 1845 domo
446 1789 637 1860 patris
660 1789 790 1843 tui:
812 1786 960 1859 quod
979 1786 1179 1842 factum
1209 1794 1291 1842 est
1310 1794 1533 1858 propter
1548 1785 1770 1841 nimiam
1794 1785 1847 1846 B
1874 1783 1965 1839 illa
1992 1792 2217 1840 vocatur
2248 1785 2488 1855 Hebron,
2536 1785 2591 1840 id
2621 1794 2704 1840 est
2733 1785 3067 1859 conjugium,
3120 1786 3244 1858 quia
3289 1794 3475 1858 patres

196 1876 356 1949 populi
378 1876 635 1947 peritiam
663 1875 753 1935 vel
781 1876 1130 1948 imperitiam.

252 1992 406 2047 Vens.
439 1992 491 2046 4.
525 2019 599 2035 -ν
636 1992 789 2048 Tunc
821 1994 988 2061 exiit,
1024 1998 1128 2047 etc.
1162 1990 1349 2063 (ΗΑΒ.)
1380 1990 1461 2046 De
1490 1990 1569 2048 Ur
1598 1989 1764 2046 Chal-

196 2081 407 2136 daeorum
436 2079 716 2135 Abraham
746 2079 929 2136 exivit.
966 2081 1062 2147 Ur,
1097 2087 1228 2150 etc.,
1259 2095 1433 2153 usque
1465 2080 1537 2136 ad
1550 2086 1766 2135 mortuo

194 2177 325 2241 patre
351 2168 549 2225 dictum
579 2175 667 2224 est
697 2168 749 2224 ei
781 2187 795 2223 :
825 2170 937 2226 Exi
966 2169 1033 2225 de
1067 2174 1219 2227 terra
1251 2173 1369 2238 tua,
1405 2176 1510 2225 etc.

251 2261 407 2315 Pater
434 2262 576 2331 ejus,
609 2265 717 2315 etc.
750 2257 880 2331 (11).)
911 2258 1069 2315 Redit
1111 2259 1181 2315 ad
1226 2258 1495 2333 originem
1542 2258 1763 2333 generis

193 2347 353 2415 Israel,
388 2354 438 2403 et
467 2346 728 2405 amicitiae
757 2347 954 2404 divinae
984 2348 1285 2415 exordium,
1342 2355 1399 2403 ut
1435 2347 1569 2403 nihil
1613 2365 1761 2420 pra:-

192 2437 420 2501 termittat
447 2437 503 2491 in
533 2452 646 2509 quo
678 2436 1057 2509 blasphemare
1088 2437 1358 2494 videatur.

254 2527 337 2584 Vos
365 2525 655 2583 habitatis.
689 2527 833 2581 Dixit
860 2541 978 2596 νος,
1010 2542 1119 2582 non
1147 2542 1282 2582 vero
1329 2541 1450 2595 nos,
1502 2527 1627 2599 quia
1649 2526 1761 2596 jam

194 2615 562 2687 quodammodo
589 2615 825 2687 apostoli
854 2624 1053 2671 terram
1080 2615 1429 2688 reliquerant,
1455 2622 1508 2672 et
1537 2616 1761 2688 Stepha-

191 2720 292 2774 nus,
323 2704 407 2777 qui
430 2705 547 2774 jam
577 2705 741 2777 quasi
770 2704 828 2760 in
853 2713 1028 2762 morte
1055 2705 1267 2777 positus
1299 2713 1435 2761 erat.

248 2821 401 2876 Vens.
432 2822 483 2876 6.
508 2851 579 2861 —
612 2820 757 2888 Quia
787 2821 898 2877 erit
927 2837 1136 2890 semen,
1172 2827 1277 2877 etc.
1305 2821 1525 2893 (ΒευΑ.)
1545 2822 1668 2878 Non
1687 2821 1758 2877 ita

190 2907 566 2982 intelligendum
596 2918 703 2980 est,
738 2909 896 2982 quasi
923 2910 1067 2966 male
1099 2910 1462 2980 tractandum,
1496 2918 1626 2979 etc.,
1657 2929 1757 2969 us—

191 2999 355 3070 quead
383 2999 513 3068 sive,
546 2999 605 3053 in
637 3006 787 3054 terra
816 2998 1094 3069 Chanaan,
1128 3000 1243 3055 sive
1273 2999 1330 3055 in
1359 3000 1612 3072 Egypto.

245 3087 405 3143 Annis
434 3087 889 3161 quadringentis.
913 3088 1101 3161 (ΗΑΒ.)
1130 3088 1218 3144 Sic
1248 3096 1331 3143 est
1356 3087 1699 3160 jungendum
1733 3109 1747 3147 :

191 3176 379 3246 Accola,
412 3183 537 3247 etc.,
571 3193 749 3250 usque
778 3176 850 3233 ad
881 3176 951 3233 ad
971 3176 1409 3233 distributionem
1438 3186 1597 3234 terrae
1625 3194 1754 3250 pro-

191 3264 432 3320 missionis
462 3265 769 3337 completus
799 3273 899 3321 est.

249 3369 399 3427 Vens.
441 3374 495 3428 '7.
534 3400 607 3413 -—
635 3371 919 3430 Judicabo.
965 3372 1095 3445 (10.)
1140 3372 1411 3429 Iudicium
1455 3373 1750 3446 aliquando

190 3456 540 3518 discretionem
570 3461 867 3535 signiﬁcat,
890 3468 947 3517 ut
976 3461 1050 3517 ibi
1084 3480 1098 3517 :
1131 3464 1330 3519 Judica
1357 3479 1463 3530 me,
1497 3466 1661 3535 Deus,
1695 3470 1753 3522 et

190 3547 408 3606 discerne
434 3567 667 3608 causam
695 3567 882 3608 meam
909 3551 1083 3621 (Psal.
1107 3552 1266 3624 xui).
1301 3553 1607 3625 Aliquando
1636 3568 1754 3626 poe-

190 3651 311 3708 nam,
340 3647 393 3694 ut
426 3658 439 3695 :
469 3641 675 3700 Indica
700 3642 851 3709 illos,
884 3642 1030 3698 Deus
1061 3642 1238 3714 (Psal.
1269 3644 1345 3721 v).

246 3754 397 3811 Vens.
434 3761 484 3813 8.
524 3787 596 3799 —
645 3759 1066 3815 Testamentum
1101 3759 1573 3817 circumcisionis.
1619 3760 1750 3834 (Ιυ.)

192 3840 359 3898 liuidus
387 3844 498 3901 sive
528 3847 750 3920 signum
777 3847 902 3903 ideo
931 3849 1150 3914 factum,
1183 3856 1241 3902 ut
1269 3847 1504 3920 populus
1552 3850 1743 3918 Israel,

190 3937 296 4001 etc.,
326 3950 488 4008 usque
517 3936 590 3992 ad
630 3936 879 4008 signatur
908 3935 1183 3992 vitandam
1231 3954 1355 3993 esse
1395 3937 1748 4007 jactationem

189 4018 351 4091 gloriae
373 4022 427 4078 in
454 4024 873 4082 circumcisione
905 4026 1156 4097 spiritali.

243 4111 330 4167 Die
354 4118 553 4170 octavo.
588 4114 777 4187 (ΗΑΒ.)
799 4114 936 4171 Octo
964 4115 1156 4171 diebus
1171 4116 1490 4188 mysterium
1519 4116 1750 4174 circum-

188 4196 377 4255 cisionis
406 4210 606 4259 nostrae
655 4203 978 4270 ostenditur,
1029 4205 1120 4275 qui
1168 4222 1268 4276 per
1314 4214 1555 4261 octavam
1605 4208 1746 4263 Novi

187 4282 478 4345 Testamenti
507 4292 654 4364 (quae
682 4292 737 4347 in
786 4293 1187 4348 resurrectione
1232 4294 1468 4361 Domini,
1521 4303 1574 4351 et
1621 4303 1745 4353 octo

186 4371 568 4436 beatitudinibus
598 4380 929 4453 continetur)
950 4397 983 4436 a
1010 4381 1153 4437 vitiis
1183 4390 1374 4440 octava
1398 4384 1486 4439 die
1517 4384 1748 4441 circum-

186 4461 400 4521 cidimur.

1868 1873 1944 1928 ibi
1971 1889 2096 1930 cum
2128 1874 2455 1947 conjugibus
2486 1874 2680 1945 sepulti
2712 1884 2857 1931 sunt.
2899 1875 3050 1930 Duas
3078 1884 3258 1931 autem
3287 1875 3465 1931 histo-

1868 1961 1982 2017 rias
2012 1961 2310 2029 confundit,
2344 1971 2396 2017 et
2427 1963 2655 2017 alteram
2682 1963 2837 2018 alteri
2867 1963 3125 2035 implicat.
3165 1964 3290 2020 Non
3319 1963 3466 2019 enim

1867 2067 1900 2106 a
1928 2049 2057 2106 ﬁliis
2085 2052 2256 2107 Emor
2285 2050 2410 2106 ﬁliis
2440 2052 2655 2107 Sichem
2685 2052 2814 2108 emit
2842 2052 3139 2123 Abraham,
3174 2053 3273 2108 sed
3302 2053 3475 2108 Iacob

1865 2140 1935 2195 ab
1965 2140 2071 2195 illis
2089 2141 2218 2196 emit
2243 2141 2458 2196 Sichem
2481 2160 2495 2210 ;
2527 2141 2653 2196 ideo
2676 2142 2753 2197 sic
2769 2142 3108 2215 jungendum
3131 2149 3214 2198 est
3238 2160 3251 2197 :
3278 2141 3476 2198 Trans-

1855 2229 1957 2301 ,lati
1989 2237 2111 2285 sunt
2140 2230 2197 2285 in
2225 2230 2443 2286 Sichem
2472 2246 2505 2285 a
2535 2229 2659 2285 ﬁliis
2688 2231 2856 2285 Emor
2885 2229 2981 2285 ﬁlii
3014 2231 3235 2287 Sichem
3268 2249 3280 2285 :
3314 2230 3468 2303 quasi

1864 2318 2159 2389 diceretur,
2193 2318 2250 2373 in
2281 2319 2499 2375 Sichem
2529 2319 2677 2373 illam
2716 2334 2883 2391 quam
2911 2319 3040 2375 emit
3081 2319 3253 2375 Iacob
3282 2336 3313 2375 a
3343 2318 3469 2375 ﬁliis

1862 2407 2033 2464 Emor
2060 2406 2154 2462 ﬁlii
2186 2407 2424 2463 Sichem.
2478 2409 2538 2463 In
2571 2408 2774 2465 Genesi
2813 2408 3013 2481 legitur
3061 2408 3278 2465 Sichem
3320 2407 3465 2465 ﬁlius

1861 2496 2031 2552 fuisse
2061 2497 2250 2564 Emor,
2270 2497 2414 2552 unde
2431 2504 2619 2568 putant
2641 2497 2859 2569 quidam
2875 2497 3013 2553 duos
3035 2497 3201 2553 fuisse
3224 2498 3466 2568 Sichem,

1863 2600 2094 2657 quorum
2141 2586 2277 2641 alter
2321 2602 2353 2641 a
2399 2586 2542 2642 Luca
2578 2586 2777 2642 dicitur
2825 2594 2978 2657 pater
3019 2587 3207 2656 Emor,
3259 2586 3397 2642 alter
3435 2602 3471 2643 a

1863 2674 2065 2731 Genesi
2095 2673 2263 2730 filius.
2321 2674 2551 2745 Quidam
2576 2676 2811 2749 jungunt
2840 2674 3165 2746 principium
3214 2684 3267 2730 et
3298 2674 3464 2733 ﬁnem

1861 2764 2153 2831 sermonis,
2186 2764 2453 2831 dicentes,
2487 2780 2520 2819 a
2550 2762 2674 2818 ﬁliis
2707 2764 2945 2831 Sichem,
2970 2771 3023 2820 et
3052 2770 3176 2835 post
3196 2764 3459 2835 inferunt,

1858 2854 2028 2909 Emor
2056 2852 2169 2919 ﬁlii,
2204 2861 2260 2908 ut
2288 2853 2376 2909 hic
2407 2853 2560 2909 locus
2591 2860 2857 2926 congruat
2886 2852 3108 2909 Genesi.

1929 2968 2100 3055 Vens.
2131 2971 2217 3023 18.
2248 2998 2317 3009 -
2346 2970 2465 3025 Rea:
2491 2969 2657 3024 alius.
2684 2968 2798 3024 Rex
2825 2968 2929 3023 iste
2957 2967 3206 3023 diabolus
3235 2974 3344 3037 est,
3369 2967 3464 3039 qui

1859 3055 2197 3113 effeminatos
2226 3057 2422 3131 diligit,
2444 3057 2716 3113 masculos
2745 3057 2878 3114 odit.

1778 3151 1827 3215 α
1930 3147 2102 3202 Vens.
2154 3151 2240 3203 19.
2270 3176 2340 3187 --
2371 3147 2553 3203 Genus
2584 3152 2865 3216 nostrum,
2900 3154 3004 3205 etc.
3037 3147 3224 3202 Patres
3240 3153 3458 3204 nostros
3502 3164 3511 3167 '

1858 3234 2006 3305 dicit,
2036 3244 2109 3306 et,
2141 3252 2316 3309 genus
2345 3244 2613 3307 nostrum,
2645 3252 2714 3292 ne
2744 3244 2929 3309 patres
2958 3237 3341 3309 blasphemare
3372 3235 3459 3294 vi-

1856 3325 2069 3382 deatur.
2589 3338 2592 3342 ’

1926 3414 2095 3469 Vens.
2128 3417 2217 3472 20.
2240 3396 2310 3455 -—‘
2341 3415 2545 3473 Gratus
2572 3417 2703 3482 Deo,
2728 3423 2833 3472 etc.
2859 3414 3111 3472 Ostendit
3130 3415 3324 3472 beatus
3345 3415 3460 3472 Ste-

1853 3504 2070 3575 phanus
2100 3504 2245 3575 quod
2274 3504 2490 3576 Moyses
2519 3520 2629 3560 non
2655 3504 3136 3576 blasphemaverit.

1924 3594 2094 3649 Vens.
2134 3596 2223 3650 22.
2257 3623 2326 3633 —
2356 3594 2578 3666 Moyses.
2627 3594 2812 3664 (ΒΑΒ.)
2855 3593 3072 3665 Moyses
3118 3593 3263 3649 idem
3306 3592 3453 3652 valet

1853 3681 2000 3753 quod
2028 3682 2345 3754 aquaticus,
2396 3683 2521 3753 quia
2569 3682 2636 3737 de
2665 3697 2804 3754 aqua
2852 3689 2935 3736 est
2980 3690 3310 3753 assumptus,
3360 3682 3449 3739 vel

1855 3772 2082 3839 liniens,
2115 3770 2241 3842 quia
2267 3770 2517 3826 inventus
2548 3776 2631 3825 est
2660 3771 2711 3824 in
2764 3768 2995 3837 ﬁscella,
3044 3769 3307 3825 bitumine
3336 3770 3449 3826 lita.

1850 3860 2067 3930 Moyses
2099 3865 2259 3930 typus
2289 3867 2370 3919 est
2401 3858 2717 3925 Salvatoris,
2754 3858 2864 3931 qui,
2915 3873 3180 3931 percusso
3209 3858 3447 3930 diabolo,

1850 3964 2027 4021 genus
2058 3963 2216 4002 suum
2246 3947 2517 4004 liberavit.

1922 4038 2089 4092 Vens.
2122 4039 2211 4094 24.
2237 4066 2306 4076 --
2338 4036 2650 4094 Vindicavit
2678 4037 2867 4105 illum,
2891 4044 2997 4094 etc.
3017 4036 3268 4093 Ostendit
3294 4035 3449 4093 illum

1850 4126 1943 4198 qui
1973 4126 2225 4195 injuriam
2256 4125 2488 4182 faciebat
2518 4143 2627 4181 non
2658 4143 2780 4183 esse
2810 4126 2878 4181 de
2907 4143 3114 4200 genere
3144 4142 3264 4182 suo.

1922 4216 2090 4270 Vens.
2124 4217 2213 4271 26.
2250 4245 2319 4255 —
2349 4216 2629 4287 Apparuit
2674 4216 2812 4271 illis.
2847 4215 3033 4288 (ΗΑΒ.)
3078 4216 3170 4272 Sic
3200 4215 3448 4270 Christus

1847 4312 1971 4375 post
2003 4303 2381 4359 ascensionem
2402 4304 2648 4375 apparuit
2667 4322 2768 4375 per
2786 4305 3081 4375 apostolos,
3107 4304 3445 4377 litigantibus

1846 4391 2047 4448 Iudaeis
2079 4400 2131 4448 et
2159 4391 2468 4448 inﬁdelibus
2500 4393 2590 4464 qui
2621 4394 2950 4449 resistebant
2978 4393 3257 4465 apostolis.

1757 4521 1811 4582 D
1923 4507 2091 4562 Vens.
2113 4510 2201 4566 2'7.
2226 4540 2295 4549 —
2313 4510 2445 4577 Quis
2467 4512 2521 4565 te
2542 4511 2861 4576 constituit,
2886 4517 2990 4565 etc.
3015 4508 3183 4579 Quasi
3211 4524 3442 4581 respon-

242 4578 391 4638 Vens.
424 4588 474 4639 9.
506 4615 574 4626 —
608 4586 990 4644 Vendiderunt
1016 4588 1079 4643 in
1120 4590 1438 4661 Ai‘gyptum.
1490 4589 1734 4646 Breviter
1757 4578 1799 4582 _
1842 4595 1965 4651 deat
1994 4598 2211 4669 Moyses
2246 4616 2258 4652 :
2290 4598 2506 4662 Nullus,
2540 4599 2672 4654 sed:
2698 4598 2857 4653 Solus
2886 4578 3053 4653 Deus.
3076 4600 3199 4653 Non
3231 4578 3322 4655 est
3341 4614 3440 4672 po-

184 4680 377 4752 narrans
405 4675 591 4729 transit
622 4676 690 4730 ad
712 4675 895 4746 ﬁnem,
920 4694 1029 4732 non
1062 4678 1204 4733 enim
1234 4678 1413 4749 primo
1443 4679 1731 4752 Egyptiis,

1839 4693 2006 4741 testas
2058 4686 2219 4742 nisia
2247 4687 2382 4742 Deo.
2436 4687 2573 4743 Hinc
2619 4687 2728 4743 tale
2778 4704 2809 4742 a
2856 4688 3069 4743 Christo
3112 4704 3440 4759 responsum

184 4756 261 4809 sed
286 4748 554 4851 Ismaelitis
583 4765 1028 4836 negotiatoribus,
1062 4774 1115 4821 et
1146 4748 1454 4823 Madianitis
1485 4748 1736 4824 venditus
1840 4775 2064 4847 quidam
2094 4783 2379 4847 acceperat
2405 4794 2416 4830 :
2445 4776 2484 4832 0
2507 4778 2686 4846 homo,
2721 4778 2844 4850 quis
2860 4793 2950 4833 me
2966 4748 3271 4833 constituit
3278 4778 3436 4851 judi-

187 4852 269 4909 εει,
296 4848 439 4938 etilli
474 4852 835 4908 vendiderunt
883 4870 1007 4910 eum
1048 4855 1103 4909 in
1152 4857 1442 4929 Egyptum
1473 4857 1734 4929 Putiphar
1837 4881 1958 4921 cem
1991 4870 2095 4921 aut
2124 4867 2424 4922 divisorem
2463 4882 2632 4938 super
2680 4848 2771 4922 vos
2820 4867 2979 4938 (Luc.
3032 4868 3167 4937 xu)?
3219 4848 3350 4935 Quis
3383 4872 3436 4924 te

187 4936 439 4993 sacerdoti.

1839 4956 2158 5022 constituit,
2196 4962 2301 5011 etc.
2352 4956 2413 5009 In
2444 4955 2791 5011 contentione
2840 4972 2937 5011 sua
2984 4955 3107 5011 illos
3150 4956 3432 5030 redarguit

241 5047 387 5107 Vens.
414 5057 576 5110 14.-
605 5058 669 5113 In
699 5060 1016 5116 animabus.
1052 5061 1167 5118 Hoc
1200 5064 1500 5119 secundum
1532 5064 1731 5120 editio-

1885 5060 1944 5097 m
1974 5051 2102 5099 tunc
2130 5044 2242 5115 legi
2270 5052 2323 5099 et
2352 5044 2524 5115 Moysi
2555 5043 2720 5099 fuisse
2752 5044 3075 5100 contrarios.

185 5150 284 5192 nem
322 5140 656 5219 Septuaginta
710 5148 1066 5220 interpretum
1115 5152 1333 5208 dicitur.
1394 5155 1454 5207 In
1500 5154 1731 5210 Hebraeo

187 5232 485 5302 septuaginta
512 5243 710 5291 tantum
741 5240 1106 5308 reperiuntur.

239 5316 399 5389 (ΒΑΕ.)
435 5323 489 5379 Si
515 5326 681 5382 Iacob
713 5336 765 5382 et
795 5328 999 5400 Ioseph
1048 5346 1172 5386 cum
1219 5332 1433 5387 duobus
1466 5331 1592 5387 ﬁliis
1622 5349 1733 5389 non

186 5416 511 5498 numerantur,
544 5422 670 5482 etc.,
703 5434 877 5490 usque
907 5420 979 5474 ad
1010 5435 1173 5490 quam
1203 5437 1301 5491 pro
1345 5422 1610 5479 Hebraica
1640 5440 1732 5480 ve-

186 5499 313 5549 ritate
336 5514 631 5559 sermonem
662 5523 819 5561 suum
851 5516 1165 5580 suspectum
1198 5510 1397 5566 facere.

1913 5160 2082 5215 Vens.
2106 5164 2194 5217 28.
2229 5191 2297 5201 -—
2327 5161 2611 5235 Nunquid,
2647 5168 2749 5217 etc.
2783 5160 3015 5230 Quidam
3062 5168 3253 5234 putant
3280 5162 3430 5220 illum

1836 5249 1928 5323 qui
1958 5248 2217 5305 defensus
2246 5257 2329 5304 est
2358 5266 2424 5305 ex
2453 5250 2529 5304 ira
2560 5266 2678 5305 rem
2709 5250 3022 5322 protulisse.

1906 5340 2074 5395 Vens.
2092 5343 2179 5396 29.
2204 5370 2273 5380 —
2294 5342 2477 5412 Fugit.
2498 5341 2713 5411 Moyses
2739 5339 2877 5414 fugit
2905 5341 2959 5397 in
2989 5340 3227 5410 Madian,
3251 5341 3308 5398 id
3324 5348 3426 5411 est,

1835 5428 2082 5485 Christus
2112 5429 2166 5484 in
2195 5436 2407 5503 gentes.

1905 5546 2075 5601 Vens.
2110 5549 2197 5600 30.
2230 5575 2298 5585 -—
2318 5546 2381 5600 In
2412 5546 2543 5617 igne
2567 5545 2832 5615 ﬂammas,
2866 5553 2968 5601 etc.
3016 5546 3166 5619 Ignis
3194 5545 3250 5601 in
3281 5546 3419 5601 rubo

241 5608 665 5706 Vsus.15.—Et
701 5624 1006 5681 descendit.
1043 5626 1353 5681 Secundum
1383 5627 1543 5682 situm
1575 5627 1729 5683 loco-
1832 5634 2062 5705 Spiritus
2093 5641 2326 5703 sanctus,
2378 5608 2598 5705 peccata
2636 5608 2828 5706 populi
2872 5634 3024 5706 quasi
3042 5608 3250 5705 vspinze,
3302 5633 3425 5703 quia

189 5709 283 5753 mm
297 5702 574 5767 descensus
594 5712 761 5772 estde
779 5722 929 5771 terra
943 5716 1324 5790 promissionis
1344 5718 1728 5793 inEgyptum,
1831 5702 1997 5780 ardor
2028 5724 2260 5797 Spiritus
2291 5702 2465 5782 sancti
2491 5702 2729 5798 peccata
2746 5702 2905 5781 illius
2929 5702 3117 5796 populi
3146 5736 3257 5779 non
3283 5702 3420 5778 con-
