3948 6178
393 306 497 363 443

997 296 1403 356 WALAFRIDI
1430 291 1674 350 STRABI
1700 288 1916 349 FULD.’
1933 286 2109 346 MON.
2139 285 2294 343 OPP.
2324 283 2504 341 PARS
2527 284 2570 339 Ι.
2600 280 3144 341 -THEOLOGIGA.

3579 284 3686 339 444

403 428 632 501 sumpsit
678 427 769 501 qui
818 426 1021 484 densas
1067 421 1323 496 nequitiae
1363 420 1546 491 spinas
1592 415 1873 473 beneﬁciis
1901 415 2003 471 Dei
2029 414 2085 475 A
2098 412 2298 501 posuit,
2329 410 2457 483 quia
2483 417 2637 464 trans
2683 409 3012 464 Damascum
3038 406 3187 464 ducti
3216 414 3340 463 sunt
3368 405 3427 463 in
3454 406 3703 478 Babylo-

407 518 680 576 onnosuit.

442 535 680 679 Ρῗὲῗὲ).
698 606 825 661 Ideo
860 603 1040 659 forma
1069 599 1213 671 ignis
1255 599 1400 670 (qum
1429 612 1540 651 non
1576 602 1659 651 est
1709 592 2007 663 imitabilis)

409 703 627 753 ostensa
658 702 740 750 est
768 693 892 766 illis,
936 708 1005 747 ne
1035 689 1291 759 aliquam,
1344 694 1473 751 etc.,
1523 700 1697 756 usque
1727 684 1799 739 ad
1845 697 2006 755 quam

409 792 715 858 promptum
742 780 949 837 homini
977 779 1407 835 calceamentum
1436 774 1647 829 tollere.

485 892 650 946 Vens.
677 893 765 945 32.
785 918 855 927 —
876 889 986 959 Ego
1006 902 1152 941 sum.
1186 885 1341 948 Sum,
1365 880 1647 952 preprium
1667 877 1767 933 Dei
1784 877 2009 933 verbum

413 987 513 1045 est,
549 977 849 1033 secundum
879 975 1012 1029 illud
1037 992 1050 1028 :
1074 976 1181 1045 Ego
1219 990 1346 1027 sum
1391 972 1486 1043 qui
1515 986 1662 1035 sum,
1714 975 1820 1023 etc.
1852 984 1865 1020 :
1904 967 2009 1033 Qui

412 1072 515 1134 est,
548 1068 711 1123 misit
732 1082 822 1120 me
848 1065 919 1120 ad
946 1080 1058 1119 vos.
1109 1062 1404 1132 Serpentes
1451 1074 1563 1113 non
1606 1064 1730 1112 sunt
1756 1054 2003 1121 timendi,

412 1156 506 1212 ubi
538 1157 685 1210 Deus
712 1169 954 1225 praesens
983 1151 1238 1222 loquitur.

483 1246 658 1300 Vens.
690 1247 778 1298 33.
809 1274 879 1282 —
908 1243 1063 1298 Solve
1094 1240 1564 1295 caleeamentum.
1615 1234 1731 1289 Hoc
1774 1247 1876 1287 nos
1904 1231 2007 1286 ad-

412 1341 617 1401 monet,
649 1340 709 1386 ut
740 1339 946 1386 stantes
974 1330 1029 1384 in
1044 1328 1291 1383 Ecclesia
1320 1326 1464 1398 (quae
1491 1332 1574 1379 est
1604 1329 1788 1378 sancta
1817 1319 2004 1391 terra),

414 1422 646 1478 mortuis
675 1420 935 1491 operibus
965 1417 1358 1473 renuntiemus.

488 1512 659 1565 Vens.
693 1512 781 1564 34.
805 1538 873 1547 -
910 1507 1126 1573 Videns,
1161 1513 1263 1560 etc.
1298 1502 1485 1573 (ΗΑΒ.)
1506 1502 1653 1555 Deus
1673 1505 1815 1554 totus
1835 1504 1917 1553 est
1936 1496 2012 1553 vi-

418 1616 531 1668 sus,
563 1606 708 1654 totus
734 1604 815 1653 est
844 1595 1078 1660 auditus,
1112 1593 1295 1649 omnia
1321 1592 1488 1657 videt,
1508 1589 1692 1644 omnia
1719 1587 1886 1654 audit,
1912 1586 2011 1641 sed

416 1687 605 1744 videre
636 1694 688 1741 et
715 1685 901 1741 audire
930 1684 1129 1739 dicitur
1156 1681 1372 1754 quando
1397 1678 1704 1733 miseretur.

2102 496 2247 566 nem,
2282 500 2397 554 sive
2427 507 2574 553 trans
2604 497 2955 568 Babylonem.

2175 616 2327 670 Vaas
2365 617 2452 669 44.
2484 644 2553 654 -
2586 614 3047 670 Tabernaculum.
3100 609 3239 679 Quia
3277 611 3537 668 dicebant
3581 627 3712 667 eum

2105 711 2287 761 contra
2317 711 2560 758 sanctum
2589 703 2770 757 locum
2799 717 2986 773 agere,
3022 701 3261 756 ostendit
3290 701 3435 771 quod
3461 700 3518 756 in
3548 717 3719 757 sanc-
3744 762 3753 769 ο

2105 801 2218 847 tum
2248 793 2428 847 locum
2459 807 2567 846 non
2597 798 2681 845 est
2708 790 2920 846 locutus
2947 789 3366 860 blasphemiam.

2178 882 2497 937 Secundum
2525 882 2790 951 formam.
2819 879 3006 949 (ΕΑΒ.)
3027 877 3201 946 Quam
3223 878 3272 933 ei
3294 877 3347 931 in
3370 877 3499 932 Sina
3528 885 3723 933 osten-

2106 970 2277 1033 derat,
2311 969 2433 1041 quia
2464 976 2516 1023 et
2546 968 2848 1023 secundum
2880 966 3110 1022 formam
3141 968 3360 1035 factum,
3403 966 3718 1021 ostenditur

2106 1059 2283 1129 ipsum
2315 1057 2725 1113 tabernaculum
2754 1055 2983 1111 formam
3014 1055 3204 1110 fuisse.

2176 1147 2307 1217 (Ιο.)
2338 1146 2606 1201 Historice
2627 1161 2750 1201 cum
2778 1145 2909 1201 Jesu
2939 1143 3156 1211 dicitur,
3190 1143 3315 1215 quia
3342 1143 3562 1214 Moyses
3595 1149 3720 1199 erat

2107 1234 2414 1291 defunctus.

2178 1350 2350 1405 Vens.
2382 1351 2469 1403 46.
2504 1378 2573 1388 -
2608 1350 2675 1405 Ut
2702 1346 2989 1402 inveniret
3036 1346 3486 1401 tabernaculum.
3540 1344 3602 1399 Id
3635 1352 3722 1399 est

2107 1453 2295 1493 verum
2319 1436 2599 1508 templum,
2623 1436 2778 1504 cujus
2798 1435 2927 1489 illud
2946 1434 3139 1506 ﬁgura,
3164 1435 3309 1505 quod
3330 1434 3450 1489 loco
3471 1449 3585 1488 non
3605 1450 3724 1487 mu-

2110 1534 2332 1596 taretur,
2367 1527 2423 1581 id
2453 1534 2534 1580 est
2564 1523 2868 1580 Ecclesiam
2896 1539 3054 1595 quam
3086 1522 3423 1593 prmvidebat
3480 1521 3721 1577 futuram

2109 1615 2320 1670 firmam
2348 1623 2399 1670 et
2427 1612 2834 1680 immutabilem,
2869 1612 2937 1666 de
2967 1628 3070 1683 qua
3101 1611 3392 1682 Apostolus
3417 1629 3430 1665 :
3455 1613 3719 1666 Firmum

2114 1692 2557 1777 fundamentum
2588 1703 2817 1758 Domini
2846 1704 2963 1756 stat
2994 1700 3069 1769 (ΙΙ
3101 1702 3238 1755 Tim.
3260 1716 3319 1765 ιι,
3339 1699 3416 1769 9).
3450 1701 3519 1754 Et
3539 1699 3672 1753 alibi
3701 1717 3717 1754 :

496 1776 640 1833 Vidit
667 1775 1055 1848 afﬂictione”
1089 1772 1223 1844 (10')
1253 1769 1358 1862 qu
1386 1768 1513 1823 licet
1540 1767 1779 1862 aliqu?!“
1818 1762 2013 1862 minari
2034 1774 2087 1833 B
2114 1762 2575 1849 'Fundamentum
2590 1790 2749 1845 aliud
2760 1806 2923 1845 nemo
2930 1762 3117 1862 potest
3126 1762 3333 1860 ponere
3343 1762 3557 1860 praeter
3568 1786 3722 1843 illud

418 1865 746 1935 permittam,
781 1878 891 1917 non
921 1870 1101 1916 tamen
1131 1858 1431 1930 putandum
1460 1864 1543 1911 est
1573 1854 1719 1926 quod
1748 1853 2011 1908 nesciam.

491 1971 663 2025 Vnus.
681 1973 767 2023 35.
789 1998 858 2008 —-
882 1968 1054 2035 Quem
1077 1967 1447 2038 negaverunt.
1470 1960 1844 2033 Synecdoche.
1864 1958 2015 2013 Multi

422 2060 676 2115 dicuntur
696 2072 952 2130 negasse,
976 2071 1100 2111 cum
1132 2070 1272 2108 unus
1302 2052 1548 2117 dixisset,
1573 2051 1660 2107 vel
1680 2048 1866 2104 forsan
1889 2046 2017 2119 quia

422 2148 611 2220 plures
639 2152 1033 2202 consenserunt
1064 2144 1154 2197 uni
1186 2141 1430 2214 neganti.

494 2237 841 2308 Principem.
864 2236 1059 2306 Magna
1078 2231 1213 2300 laus,
1240 2230 1384 2301 quod
1415 2227 1673 2299 princeps
1732 2233 1786 2281 et
1815 2224 2023 2280 redem-

430 2331 556 2396 ptor
585 2332 639 2379 et
668 2324 895 2379 eductor
924 2320 1109 2392 pepuli
1140 2319 1358 2374 dicitur.

496 2414 667 2469 Vnus.
702 2414 790 2467 37.
814 2443 883 2451 —
902 2412 1002 2466 Hic
1022 2412 1110 2465 est
1138 2410 1363 2480 Moyses.
1387 2406 1449 2460 In
1477 2420 1574 2460 eos
1602 2404 1820 2474 culpam
1848 2409 2019 2457 retor-

425 2509 572 2575 quet,
605 2516 768 2573 quam
798 2498 903 2571 ipsi
930 2496 1306 2554 inobedientes
1334 2502 1388 2550 et
1414 2493 1681 2549 increduli
1708 2492 1765 2547 in
1794 2492 2018 2562 Moysen

424 2590 802 2648 refundebant.

494 2689 666 2744 Vens.
701 2691 788 2742 38.
812 2717 881 2727 —
921 2685 1085 2743 Verba
1114 2685 1264 2739 vitae.
1288 2679 1556 2755 (RAB.)Id
1571 2687 1673 2745 est,
1697 2678 1832 2733 duas
1861 2677 2019 2731 tabu-

425 2777 507 2832 las
534 2793 660 2833 cum
688 2775 985 2846 Decalogo,
1010 2781 1063 2829 et
1093 2772 1346 2826 mandata
1376 2777 1591 2839 caetera,
1614 2768 1683 2823 de
1711 2766 1909 2838 quibus
1939 2765 2020 2819 di-

426 2866 566 2924 citur
598 2883 612 2921 :
647 2865 752 2933 Qui
778 2865 980 2936 fecerit
1009 2879 1095 2932 ea,
1128 2862 1275 2917 vivet
1303 2862 1368 2915 in
1397 2860 1497 2915 eis.

496 2980 667 3037 Vnus.
700 2981 788 3035 40.
812 3009 881 3019 -
900 2978 983 3033 Ad
1012 2978 1221 3033 Aaron.
1244 2974 1374 3045 (1ο.)
1396 2971 1563 3042 Quasi
1594 2972 1665 3027 ad
1691 2968 2016 3042 principem.

426 3070 596 3140 Quasi
623 3069 799 3142 ignari
828 3065 1133 3121 Divinitatis
1161 3064 1477 3135 loquuntur.
1504 3062 1654 3117 Deus
1682 3059 1827 3115 enim
1856 3073 2021 3113 verus

425 3174 537 3214 non
564 3165 647 3212 est
674 3156 863 3225 factus,
889 3155 986 3210 sed
1016 3153 1195 3209 omnia
1215 3151 1361 3218 fecit,
1386 3166 1490 3207 nec
1510 3157 1762 3207 creatura
1792 3154 1894 3215 est,
1920 3145 2017 3201 sed

427 3247 650 3302 Creator
678 3245 940 3300 omnium.

497 3337 606 3392 Fac
634 3334 791 3390 nobis
819 3333 964 3389 deos.
999 3332 1131 3403 (10.)
1178 3331 1325 3385 Deos
1367 3328 1572 3395 dicunt,
1615 3333 1841 3397 propter
1883 3323 2018 3378 duas

426 3423 727 3491 columnas,
765 3428 893 3490 etc.,
928 3436 1101 3493 usque
1121 3419 1192 3475 ad
1223 3417 1473 3474 columna
1502 3415 1646 3489 ignis
1666 3414 1721 3469 in
1749 3419 1909 3469 nocte
1929 3427 2020 3483 po-

426 3512 614 3584 pulum
644 3510 1003 3583 praecedebat.

496 3618 665 3675 Vens.
700 3619 787 3674 42.
810 3647 879 3657 -
911 3616 1125 3672 Militia:
1155 3615 1299 3670 caeli.
1348 3610 1536 3667 Militia
1573 3609 1697 3665 coeli
1726 3606 2019 3678 aliquando

427 3707 625 3764 dicitur
654 3706 923 3762 exercitus
949 3703 1291 3778 angelorum,
1318 3701 1415 3756 sed
1446 3700 1500 3754 in
1530 3700 1636 3754 hoc
1664 3697 1806 3763 loco,
1840 3694 2024 3749 sidera

427 3796 672 3853 militiam
715 3795 841 3851 caeli
870 3793 1130 3859 nominat,
1181 3807 1304 3847 cum
1350 3788 1599 3860 protinus
1637 3786 1818 3853 addat,
1868 3783 2023 3838 sidus

427 3888 527 3944 Dei
554 3887 746 3942 vestri.
781 3884 845 3939 In
878 3884 1034 3954 libro,
1059 3889 1162 3937 etc.
1188 3878 1450 3948 Quamvis
1477 3875 1632 3932 multi
1652 3875 1761 3929 sint
1789 3873 2027 3943 prophe-

430 3984 520 4042 tas,
554 3991 694 4030 unus
725 3981 904 4027 tamen
933 3972 1074 4026 liber
1103 3969 1299 4025 dicitur
1326 3982 1470 4036 esse,
1504 3973 1557 4021 et
1591 3963 1734 4035 apud
1767 3962 2025 4016 Hebraeos

429 4079 571 4118 unus
601 4070 684 4117 est
712 4061 872 4116 liber.

501 4150 766 4223 Nunquid
780 4149 1059 4205 victimas.
1083 4143 1268 4214 (ΗΑΒ.)
1290 4141 1551 4211 Quamvis
1573 4138 1892 4196 necessitate
1914 4153 2028 4192 ser-

432 4239 615 4297 viendi
642 4239 758 4294 Deo
787 4237 1039 4301 libarent,
1089 4241 1272 4288 mente
1325 4240 1528 4297 tamen,
1575 4238 1703 4299 etc.,
1753 4243 1926 4301 usque
1957 4226 2029 4282 ad

432 4346 651 4400 semper
679 4327 848 4384 corde
876 4326 930 4379 in
958 4325 1245 4396 Egyptum
1278 4328 1401 4375 sunt
1429 4319 1663 4375 reversi.

505 4416 781 4487 Quaeritur
810 4413 1083 4487 quomodo
1103 4426 1212 4466 non
1245 4408 1540 4466 obtulerint
1571 4410 1707 4477 Deo,
1731 4422 1856 4463 cum
1883 4405 2033 4476 lega-

433 4517 520 4563 tur
547 4508 663 4563 Deo
693 4521 789 4562 eos
820 4503 1067 4576 quaedam
1097 4499 1379 4565 obtulisse,
1431 4513 1539 4553 non
1587 4497 1881 4564 voluntate,

431 4605 581 4652 metu
610 4593 939 4667 poenarum?
980 4593 1127 4646 Deus
1172 4597 1348 4644 autem
1389 4603 1497 4642 non
1541 4602 1662 4658 quze
1706 4583 2025 4648 offeruntur,

437 4686 538 4741 sed
565 4684 897 4739 voluntatem
925 4680 1270 4737 offerentium
1302 4676 1522 4747 accipit.

510 4800 679 4854 Vens.
712 4800 799 4852 43.
835 4827 905 4836 -
933 4797 1190 4868 Figuras,
1219 4802 1323 4850 etc.
1344 4791 1532 4862 (It/tn.)
1553 4790 1712 4846 Sidus
1744 4789 1844 4843 Dei
1867 4789 2031 4845 vestri

436 4896 520 4945 est
550 4885 783 4949 Lucifer,
832 4884 929 4940 cui
964 4884 1376 4957 assignaverunt
1404 4879 1630 4953 ﬁguras.
1664 4878 1833 4933 Iidem
1877 4878 1951 4933 dii
1977 4879 2034 4933 in

438 4976 630 5051 ﬁguris
658 4984 711 5031 et
741 4973 914 5028 stellis
942 4973 1329 5027 adorabantur.

511 5064 653 5137 (11).)
683 5063 920 5132 Quidam
964 5061 1043 5117 sic
1073 5060 1258 5116 dicunt
1288 5058 1439 5113 sidus
1485 5056 1586 5113 Dei
1624 5055 1808 5128 vestri,
1861 5065 1918 5111 ut
1965 5056 2033 5111 ad

442 5155 618 5209 Deum
646 5151 913 5224 pertineat
942 5150 1191 5217 verbum,
1222 5148 1349 5219 quia
1377 5163 1484 5202 non
1514 5147 1693 5218 ipsum
1722 5145 2032 5214 Dominum,

443 5244 542 5300 sed
571 5242 692 5311 ejus
718 5240 867 5295 sidus
898 5245 1270 5309 susceperunt.

513 5334 583 5388 Et
615 5331 983 5400 transferam.
1017 5328 1244 5397 Propter
1276 5327 1392 5381 haec
1423 5324 1715 5397 sacrilegia
1752 5332 1901 5378 trans
1936 5324 2037 5378 Ba-

442 5420 699 5494 bylonem
728 5417 1000 5472 ducemini
1030 5415 1246 5485 captivi.
1266 5415 1389 5469 Non
1417 5421 1500 5468 est
1528 5413 1804 5484 putandus
1830 5412 2038 5483 primus

444 5518 657 5581 martyr
684 5520 919 5569 errasse,
953 5504 1046 5576 qui
1070 5518 1171 5575 pro
1200 5518 1265 5558 eo
1295 5502 1442 5574 quod
1478 5502 1534 5555 in
1564 5503 1833 5572 propheta
1862 5500 2037 5571 scrip-

447 5608 563 5655 tum
594 5605 695 5653 est.
727 5597 901 5650 Trans
929 5595 1252 5649 Damascum
1299 5591 1446 5647 ducti
1494 5598 1638 5659 sunt,
1690 5590 1839 5659 dixit,
1890 5598 2039 5643 trans

447 5687 780 5759 Babylonem
804 5701 816 5738 :
838 5682 1021 5758 magis
1038 5681 1182 5739 enim
1201 5678 1614 5750 intelligentiam
1633 5693 1795 5750 quam
1812 5678 2040 5734 verbum

2115 1882 2256 1955 quod
2272 1882 2520 1954 positum
2541 1884 2645 1947 est,
2666 1880 2807 1951 quod
2829 1882 2914 1933 est
2940 1878 3196 1933 Christus
3213 1879 3373 1933 Iesus
3389 1877 3442 1947 (Ι
3460 1877 3582 1933 Cor.
3608 1876 3719 1947 ιῐι).

2191 1997 2355 2052 Vnus.
2392 1996 2476 2049 48.
2500 2025 2569 2035 -
2598 1994 2703 2049 Sed
2724 2011 2840 2050 non
2860 1993 3152 2048 Excelsus.
3178 1992 3366 2062 (ΗΑΒ.)
3386 1992 3470 2045 Ex
3486 1998 3719 2047 senten-

2116 2085 2192 2141 tia
2222 2082 2526 2140 Salomonis
2553 2083 2770 2137 Iudaeos
2801 2080 3093 2146 convincit,
3127 2088 3257 2149 etc.,
3288 2096 3463 2152 usque
3494 2080 3570 2135 ad
3606 2094 3718 2135 non

2115 2175 2170 2229 in
2200 2175 2318 2229 solo
2348 2172 2549 2243 templo
2575 2171 2884 2225 Judaeorum
2915 2184 3042 2224 eum
3069 2167 3336 2223 habitare.

2189 2282 2346 2338 Sicut
2373 2296 2473 2352 per
2498 2278 2853 2351 praphetam,
2888 2283 2992 2331 etc.
3027 2275 3107 2331 De
3138 2275 3486 2330 tabernaculo
3513 2273 3715 2346 primo,

2117 2370 2261 2442 quod
2290 2368 2389 2423 fuit
2415 2367 2607 2422 umbra
2636 2374 2690 2421 et
2719 2381 2824 2420 non
2855 2364 3073 2431 veritas,
3123 2363 3275 2433 prius
3321 2363 3474 2431 dixit,
3527 2370 3721 2434 postea

2118 2456 2483 2514 testimonium
2517 2454 2695 2526 posuit
2724 2453 2953 2510 dicentis
2982 2453 3051 2507 de
3082 2451 3429 2506 tabernaculo
3447 2451 3597 2523 quod
3628 2467 3726 2506 ve-

2119 2547 2231 2601 rius
2259 2545 2373 2600 fuit.
2398 2546 2457 2601 Si
2488 2546 2761 2600 introiere
2781 2545 2844 2598 in
2869 2542 3298 2597 tabernaculum
3318 2542 3569 2606 Domini,
3588 2546 3721 2609 etc.,

2118 2635 2186 2690 ad
2214 2634 2455 2690 ultimam
2483 2631 2803 2688 sententiam
2836 2630 3016 2702 posuit
3045 2631 3238 2685 Deum.
3270 2630 3339 2685 Ut
3367 2630 3430 2684 in
3459 2644 3556 2684 ore
3587 2627 3727 2683 duo-

2118 2741 2251 2780 rum
2279 2724 2366 2778 vel
2399 2725 2576 2778 trium
2607 2722 2840 2777 testium
2868 2723 2981 2775 stet
3010 2734 3175 2774 omne
3205 2718 3454 2773 verbum.

2190 2835 2360 2890 Vens.
2393 2836 2480 2888 49.
2506 2864 2575 2872 -
2608 2833 2818 2889 Caelum
2846 2831 3008 2886 mihi.
3040 2828 3131 2884 Sic
3159 2829 3494 2884 demonstrat
3522 2843 3586 2884 se
3615 2826 3725 2883 cir-

2121 2923 2374 2980 cumdare
2405 2920 2582 2977 omnia
2606 2940 2620 2987 ;
2654 2920 2798 2974 unde
2826 2918 2972 2987 alibi,
2997 2917 3194 2974 coelum
3221 2933 3281 2972 se
3307 2916 3493 2989 palmo
3513 2915 3715 2982 metiri,

2122 3020 2175 3069 et
2205 3020 2400 3067 terram
2428 3008 2638 3083 pugillo
2669 3023 2729 3063 se
2759 3006 3085 3063 concludere
3115 3005 3325 3061 asserit.

2042 3131 2090 3196 C
2200 3103 2367 3156 Terra
2415 3102 2628 3154 autem.
2683 3097 2865 3152 Terrae
2903 3093 3152 3166 exemplo
3198 3093 3453 3166 designat
3499 3107 3724 3148 omnem

2120 3197 2426 3246 creaturam
2455 3184 2752 3241 Creatoris.

2190 3288 2360 3342 Vens.
2390 3288 2476 3339 51.
2501 3316 2571 3325 -
2598 3286 2751 3339 Dura
2780 3283 3011 3337 cervice.
3046 3279 3232 3352 (ΕΑΒ.)
3252 3279 3524 3352 Purgatus
3553 3294 3585 3332 a
3615 3277 3725 3334 cri—

2118 3375 2284 3442 mine,
2319 3374 2388 3429 de
2428 3388 2536 3445 quo
2567 3371 2685 3426 falsi
2717 3378 2882 3426 testes
2909 3385 3032 3425 eum
3061 3368 3374 3439 arguebant,
3407 3367 3597 3438 incipit
3623 3368 3726 3421 Ju-

2121 3466 2271 3521 dazos
2300 3476 2551 3535 arguere,
2588 3458 2712 3531 quia
2742 3458 2834 3531 qui
2863 3458 2982 3512 sine
3011 3457 3237 3513 crimine
3267 3462 3368 3523 est,
3406 3455 3611 3528 dignus
3639 3461 3726 3511 est

2123 3552 2365 3609 doctoris
2392 3550 2590 3606 otiicio.

2193 3652 2265 3705 Et
2292 3646 2729 3712 incircumcisis,
2762 3653 2871 3701 etc.
2930 3642 3182 3700 Ostendit
3210 3641 3290 3697 eis
3339 3639 3719 3696 circumcisio-

2124 3754 2268 3809 nem,
2294 3738 2362 3792 de
2393 3751 2501 3808 qua
2529 3742 2716 3791 contra
2746 3722 3288 3805 gratiam‘Evangelii
3316 3728 3718 3800 gloriabantur,

2125 3842 2235 3883 non
2263 3826 2443 3883 valere
2471 3824 2543 3880 ad
2574 3823 2802 3877 salutem
2830 3822 2898 3877 iis
2930 3822 3023 3895 qui
3051 3817 3437 3894 cogitationem
3482 3824 3536 3872 et
3562 3816 3723 3872 audi-

2126 3925 2240 3972 tum
2269 3914 2543 3970 habebant
2569 3911 2928 3966 immundum.

2198 4031 2368 4085 Vens.
2402 4032 2487 4086 52.
2518 4057 2588 4067 -
2616 4029 2816 4082 Patres
2847 4026 3039 4082 vestri.
3074 4022 3262 4095 (ΗΑΒ.)
3308 4021 3486 4093 Supra
3530 4023 3724 4092 patres

2126 4120 2312 4177 nostri
2359 4117 2591 4181 dicebat,
2638 4114 3020 4185 persuadendo
3063 4112 3312 4184 loquens,
3345 4123 3493 4165 nunc
3535 4108 3722 4163 incre-

2126 4208 2326 4280 pando,
2356 4215 2537 4278 patres
2566 4203 2780 4258 illorum
2810 4211 3020 4259 tantum
3051 4207 3229 4266 vocat,
3278 4197 3475 4270 quibus
3514 4195 3725 4251 similes

2129 4304 2254 4352 sunt
2283 4296 2339 4350 in
2367 4293 2583 4350 malitia.

2199 4387 2270 4441 Et
2299 4385 2646 4443 occiderunt.
2676 4380 2863 4456 (ΒΑΕ.)
2891 4381 3027 4436 Tres
3056 4377 3264 4453 gradus
3286 4374 3505 4431 malitiae
3534 4387 3722 4429 eorum

1933 4466 2099 4560 gedD
2130 4474 2282 4546 ponit
2316 4492 2329 4527 :
2361 4473 2570 4544 primus
2601 4480 2702 4539 est,
2732 4471 2878 4544 quod
2907 4468 3119 4540 spiritui
3145 4466 3500 4530 resisterent;
3533 4476 3727 4518 secun-

2131 4563 2233 4618 dus
2261 4563 2406 4634 quod
2434 4562 2731 4633 prophetas
2776 4557 3050 4630 persecuti
3099 4563 3263 4622 sunt;
3312 4552 3524 4617 tertius,
3578 4548 3725 4622 quod

2130 4659 2411 4708 crescente
2441 4650 2642 4705 malitia
2671 4664 2766 4705 eos
2796 4647 3130 4704 occiderunt.

2204 4750 2370 4804 Vens.
2405 4750 2492 4803 55.
2515 4778 2584 4788 —
2610 4747 2888 4804 Stantem.
2923 4740 3291 4808 Immobiliter,
3325 4737 3450 4811 quia
3478 4751 3593 4791 non
3627 4735 3731 4791 ite-

2131 4855 2253 4893 rum
2283 4853 2527 4901 casurus,
2560 4836 2645 4891 vel
2676 4834 2940 4889 indicatur
2968 4831 3182 4886 habitus
3214 4824 3541 4891 auxiliantis,
3575 4831 3631 4880 et
3661 4824 3734 4879 in-

2126 4927 2295 4997 jurias
2316 4924 2628 4995 judicantis,
2663 4932 2715 4978 et
2744 4938 2841 4993 pro
2872 4935 3034 4975 servo
3063 4917 3376 4991 pugnantis.

2211 5030 2369 5087 Video
2398 5030 2580 5084 caelos.
2615 5024 2800 5097 (ΗΑΒ.)
2827 5023 3161 5096 Migraturus
3191 5036 3224 5075 a
3253 5028 3410 5082 terra,
3442 5014 3617 5071 oculos
3648 5013 3733 5070 vi-

2135 5117 2211 5173 dit
2241 5125 2478 5188 apertos,
2509 5123 2566 5170 ut
2596 5113 2687 5186 qui
2716 5122 2983 5168 terrenam
3013 5110 3177 5165 vitam
3202 5124 3301 5179 pro
3333 5104 3546 5162 Christo
3594 5118 3732 5159 con-

2135 5206 2370 5277 tempsit,
2402 5211 2673 5259 mereatur
2700 5201 3069 5258 haereditatem
3100 5197 3244 5264 coeli,
3278 5204 3332 5253 et
3361 5195 3483 5250 ideo
3525 5192 3584 5247 in
3614 5192 3730 5263 ipsa

2135 5295 2388 5368 passione
2417 5294 2564 5350 videt
2593 5291 2894 5364 praemium.

2206 5409 2417 5463 Filium
2448 5406 2716 5461 hominis.
2741 5403 2875 5458 Cum
2906 5399 3148 5455 Christus
3178 5397 3249 5453 sit
3275 5396 3443 5451 Filius
3472 5394 3597 5459 Dei,
3621 5410 3737 5449 ma-

2135 5496 2232 5551 luit
2258 5504 2435 5551 tamen
2464 5493 2737 5566 appellare
2780 5490 2973 5546 Filium
3003 5487 3256 5552 hominis,
3290 5493 3347 5541 ut
3375 5483 3740 5540 confundatur

2136 5589 2442 5645 Judazorum
2472 5582 2891 5656 infidelitas,qui
2921 5598 3047 5637 eum
3093 5588 3152 5635 ut
3199 5595 3393 5650 purum
3434 5577 3714 5633 hominem

2137 5675 2539 5743 crucifixerunt,
2575 5689 2739 5747 quem
2767 5674 2943 5729 Deum
2972 5669 3198 5727 credere
3224 5667 3536 5726 noluerunt.
