3948 6178
319 315 426 370 445

1092 312 1364 370 GLOSSA
1392 313 1801 371 ORDINARIA.
1827 345 1893 359 —
1928 313 2057 369 LIB.
2089 311 2375 369 ACTUUM
2403 311 2644 369 APOST.

3500 317 3607 371 446

390 437 565 493 Vens.
595 439 683 493 57.
716 468 786 481 —-
843 433 912 494 Et
927 439 1216 510 ejicientes
1257 439 1444 509 (ΗΑΒ.)
1476 440 1535 494 In
1587 440 1691 495 hoc
1715 456 1772 495 se
1803 439 1910 494 im-

2091 438 2261 493 Vens.
2296 440 2385 494 11.
2414 469 2484 479 -
2512 438 2703 509 Magis.
2736 437 2922 511 (ΗΑΒ.)
2951 438 3094 511 Magi
3137 438 3206 493 de
3235 436 3466 511 singulis
3484 438 3611 511 phi-

318 527 474 599 plere
505 527 690 600 legem
719 526 1116 599 glorificabant.
1148 527 1364 598 Moyses
1384 528 1529 583 enim
1558 529 1627 583 de
1658 528 1917 599 blasphe-

317 622 503 670 mante
531 615 665 670 dixit
696 632 710 669 :
745 615 898 671 Educ
929 631 1060 671 eum
1079 618 1234 687 foras
1265 620 1434 672 extra
1456 620 1665 684 castra,
1689 621 1748 672 et
1772 618 1917 689 lapi-

319 704 419 761 det
449 720 580 760 eum
605 706 848 778 populus
877 704 1025 774 (Lev.
1050 703 1238 774 xxrv).

393 793 565 848 Vens.
627 795 714 847 58.
764 823 834 834 —
878 792 1115 848 Domine
1169 795 1318 861 Iesu,
1382 795 1599 866 suscipe
1646 796 1916 866 spiritum

321 897 534 947 meum,
576 880 632 935 in
660 880 861 936 caelum
919 881 1065 952 quod
1120 881 1281 936 video
1341 890 1608 952 apertum.
1669 883 1915 938 Christus

320 969 452 1025 dixit
483 969 663 1024 Patri:
695 972 867 1025 Pater
883 971 948 1024 in
978 985 1185 1025 manus
1220 975 1348 1026 tuas
1378 971 1701 1027 commendo
1756 974 1919 1044 spiri-

322 1062 444 1114 tum
472 1066 685 1113 meum.
717 1058 1041 1128 Stephanus,
1093 1058 1248 1130 quasi
1288 1075 1479 1115 servus
1525 1059 1777 1116 Domino.
1810 1062 1915 1117 Do-

319 1147 498 1215 mine,
523 1154 629 1202 etc.
1248 1188 1251 1197 ,

396 1236 540 1304 Quia
558 1236 847 1292 nesciunt.
910 1236 1098 1309 (ΗΑΒ.)
1161 1236 1312 1292 Multi
1343 1252 1554 1304 eorum,
1612 1237 1914 1294 occidendo

320 1323 675 1394 Stephanum,
726 1324 1062 1379 aestimabant
1115 1341 1175 1379 se
1233 1325 1461 1396 implere
1527 1325 1727 1396 legem,
1790 1327 1914 1399 quia

316 1411 697 1482 blasphemum
718 1429 845 1467 eum
896 1413 1211 1469 credebant.
1246 1415 1362 1470 Hoc
1391 1423 1444 1469 et
1490 1416 1736 1470 Christus
1765 1432 1913 1486 pree-

318 1500 565 1555 dixerat:
592 1502 800 1567 Veniet,
833 1501 1023 1573 inquit,
1049 1502 1203 1567 hora,
1237 1508 1303 1559 ut
1332 1504 1515 1559 omnis
1529 1505 1917 1576 quiinterﬁcit

316 1605 408 1644 vos
427 1588 745 1645 arbitretur
763 1606 822 1645 se
838 1591 1160 1662 obsequium
1174 1595 1448 1663 praestare
1463 1593 1909 1663 Deo(Joan.xv1).

385 1676 558 1731 Vens.
592 1680 680 1731 59.
704 1708 774 1718 —
826 1678 1183 1735 Obdormivit.
1231 1679 1525 1735 Pulchrum
1571 1680 1775 1737 dictum
1806 1689 1908 1752 est,

2017 526 2391 597 lOSOphantur,
2435 528 2504 581 de
2533 536 2725 582 natura
2786 528 2992 597 mundi,
3037 543 3203 583 cursu
3263 528 3525 594 siderum,
3559 535 3613 583 et

2016 616 2269 670 motibus.
2327 615 2624 672 Seducens.
2677 616 2938 671 Seorsum
2968 624 3021 671 et
3049 633 3079 671 a
3109 617 3336 672 veritate
3378 616 3605 681 ducens,

2016 704 2104 760 vel
2132 704 2188 758 in
2243 720 2548 773 excessum,
2610 705 2725 760 sive
2770 713 3049 776 stuporem
3106 713 3158 760 et
3192 705 3608 760 admirationem

2016 800 2360 858 convertens,
2396 808 2496 863 per
2524 793 2831 866 praestigias
2860 810 3003 848 suas.
3039 796 3443 850 Dementasset.
3494 794 3608 848 De-

2016 888 2259 935 mentare
2290 889 2373 935 est
2402 881 2719 935 rationalem
2745 890 2982 936 mentem
3013 882 3321 937 absentare.

2086 970 2258 1023 Vens.
2292 972 2378 1026 12.
2411 1000 2481 1009 -
2518 970 2794 1042 Philippo.
2837 970 3021 1040 (ΗΑΒ.)
3053 970 3249 1026 Dicunt
3279 970 3498 1041 quidam
3528 970 3609 1024 is-

2016 1065 2130 1112 tum
2158 1057 2463 1128 Philippum
2492 1057 2661 1111 fuisse
2744 1059 3071 1128 apostolum,
3105 1066 3159 1113 et
3186 1076 3352 1113 unum
3381 1060 3449 1114 de
3480 1060 3612 1114 duo-

2015 1145 2212 1211 decim,
2246 1146 2344 1201 sed
2399 1162 2510 1200 non
2539 1146 2753 1201 videtur
2809 1163 3002 1202 verum
3059 1148 3359 1203 secundum
3407 1147 3608 1202 seriem

2013 1234 2173 1303 hujus
2204 1232 2348 1289 libri.

2083 1324 2216 1379 Jesu
2248 1323 2475 1379 Christi.
2511 1324 2642 1395 (10.)
2671 1324 2837 1393 Cujus
2854 1332 3009 1379 erant
3039 1325 3218 1397 ignari
3245 1324 3335 1382 vel
3363 1325 3444 1392 (ut
3474 1341 3611 1396 pra:-

2013 1412 2218 1467 dictum
2235 1414 2340 1481 est)
2371 1413 2429 1467 in
2458 1413 2675 1469 nomine
2722 1414 2851 1469 Jesu
2908 1414 3224 1470 Trinitatem
3269 1413 3604 1485 prazdicavit,

2014 1507 2067 1554 et
2097 1501 2187 1571 qui
2216 1508 2420 1555 tantum
2449 1518 2611 1556 unam
2640 1518 2933 1572 personam
2977 1504 3047 1558 de
3078 1504 3335 1558 Trinitate
3365 1502 3608 1574 perfecte

2011 1589 2203 1658 credit,
2219 1590 2537 1645 credulitate
2551 1591 2778 1646 aliarum
2796 1592 3027 1646 duarum
3057 1607 3247 1647 carere
3265 1606 3374 1647 non
3401 1598 3602 1662 potest.

2085 1695 2254 1750 Vens.
2290 1699 2374 1750 13.
2408 1727 2478 1738 -
2520 1699 2671 1753 Tunc
2699 1698 2912 1753 Simon.
2946 1700 3078 1768 (10.)
3117 1698 3215 1754 Vel
3245 1698 3477 1753 credidit
3505 1698 3609 1752 Do-

318 1763 923 1859 ρὺξῖονηξξρίιηθιροη,
955 1767 1205 1859 Mortuus
1234 1771 1337 1859 est.
1362 1768 1486 1859 (alia
1515 1768 1708 1824 obtulit
1736 1770 1910 1826 sacri-
1939 1794 1992 1854 Β
2013 1782 2180 1853 mino,
2212 1784 2396 1839 verbis
2428 1785 2658 1856 Philippi
2693 1793 2746 1840 et
2774 1763 2993 1853 virtute,
3026 1763 3156 1856 etc.,
3197 1803 3371 1859 usque
3401 1787 3472 1841 ad
3502 1787 3609 1842 Ec-

315 1852 500 1909 ﬁcium
518 1853 845 1923 dilectionis,
907 1862 961 1908 et
1011 1855 1341 1912 obdormivit
1397 1856 1453 1911 in
1501 1873 1598 1927 spe
1628 1873 1912 1914 resurrec-

312 1941 495 1997 tionis.
530 1941 713 1998 Sancti
768 1959 879 1997 non
932 1942 1256 2014 moriuntur,
1321 1944 1448 2016 quia
1494 1945 1548 1999 in
1570 1946 1766 2000 melius
1794 1963 1913 2002 mu-

313 2036 518 2099 tantur,
553 2037 608 2086 et
638 2031 744 2086 vita
774 2032 1087 2103 temporalis
1117 2032 1173 2087 in
1203 2040 1469 2089 aeternum
1498 2034 1746 2090 vertitur.

385 2119 599 2176 Saulus
618 2124 830 2186 autem,
854 2128 959 2176 etc.
981 2121 1106 2176 Non
1137 2121 1358 2193 quidem
1387 2121 1662 2194 lapidavit,
1698 2123 1796 2179 sed
1826 2123 1911 2180 la-

310 2206 623 2279 pidantibus
650 2207 947 2265 consensit.
970 2209 1127 2267 Unde
1147 2210 1374 2281 periret,
1398 2211 1503 2267 nisi
1534 2213 1707 2285 gratia
1737 2212 1838 2269 Dei
1859 2220 1914 2269 et

311 2295 630 2367 prenitentia
678 2297 729 2352 ei
760 2297 1076 2354 subveniret
1108 2318 1123 2366 ;
1157 2299 1283 2371 quia
1332 2300 1424 2373 qui
1455 2299 1660 2357 faciunt
1689 2309 1743 2356 et
1770 2316 1909 2359 con-

312 2384 572 2456 sentiunt,
603 2384 758 2459 digni
787 2393 913 2444 sunt
942 2394 1141 2444 morte.

880 2531 1107 2590 CAPUT
1136 2534 1275 2590 VIII.

378 2675 549 2733 Vens.
586 2679 636 2731 1.
670 2706 741 2719 -
761 2678 828 2734 1η
856 2678 964 2735 illa
983 2678 1074 2736 die
1103 2679 1290 2751 (ΗΑΒ.)
1319 2678 1441 2750 Qua
1468 2680 1779 2753 Stephanus
1806 2696 1908 2739 oc-

311 2765 457 2822 cisus
477 2774 582 2835 est,
605 2780 717 2822 non
747 2766 872 2838 quia
900 2774 1030 2824 tunc
1058 2768 1235 2824 solum
1248 2767 1408 2835 facta,
1441 2770 1540 2826 sed
1560 2770 1686 2842 quia
1713 2770 1782 2825 ab
1813 2771 1911 2828 illa

307 2853 395 2910 die
423 2854 594 2926 coepit
624 2854 941 2925 persecutio
956 2872 1173 2930 magna,
1188 2857 1372 2914 occiso
1402 2873 1511 2915 uno
1540 2859 1609 2915 de
1638 2859 1906 2932 principi-

309 2942 409 2997 bus
436 2942 728 2999 Ecclesiae.

378 3032 652 3088 Ecclesia.
686 3030 945 3088 Collectio
973 3032 1061 3089 vel
1087 3034 1465 3107 congregatio,
1523 3035 1638 3093 sive
1668 3036 1902 3095 vacatio.

308 3120 560 3192 Dispersi
605 3122 763 3175 sunt.
796 3121 912 3177 Hoc
958 3129 1042 3176 est
1096 3121 1253 3213 quod,
1297 3123 1561 3213 Dominus
1589 3128 1853 3198 praecepit
1886 3144 1976 3213 ια

317 3207 453 3264 Cum
481 3211 895 3280 persequentur
937 3226 1030 3266 vos
1087 3210 1152 3265 in
1198 3210 1431 3268 civitate
1476 3215 1607 3279 ista,
1640 3215 1821 3286 fugite
1843 3216 1906 3272 in

308 3295 485 3352 aliam
515 3295 737 3365 (Matth.
779 3296 861 3367 χ).
921 3297 1055 3368 Ejus
1099 3297 1246 3354 enim
1283 3306 1415 3355 nutu
1464 3300 1757 3373 gerebatur
1790 3320 1803 3357 :
1849 3311 1908 3360 ut

308 3383 595 3439 occasione
623 3384 987 3441 tribulationis
1016 3384 1173 3442 ﬁeret
1202 3388 1551 3444 seminarium
1597 3390 1902 3464 Evangelii.

376 3472 550 3528 Vens.
581 3476 637 3531 2.
670 3502 740 3514 —
792 3475 1148 3531 Curaverunt
1192 3480 1386 3533 autem
1418 3477 1767 3550 Stephanum
1794 3482 1906 3536 viri

313 3562 588 3627 timorati,
621 3560 676 3616 id
708 3570 808 3632 est,
872 3564 1045 3619 Deum
1098 3563 1371 3635 timentes,
1433 3565 1548 3622 sive
1589 3567 1901 3636 Christiani,

309 3649 399 3721 qui
428 3657 619 3721 postea
648 3658 775 3706 sunt
810 3651 1061 3723 dispersi,
1096 3653 1211 3709 sive
1239 3653 1414 3711 Judmi
1445 3654 1699 3711 timentes
1729 3656 1902 3712 Deum

312 3738 412 3793 etsi
441 3739 687 3794 nondum
707 3739 1013 3796 Christiani.

372 3826 543 3882 Vens.
575 3830 629 3881 3.
662 3828 978 3886 -—Saulus.
1035 3829 1221 3901 (ΗΑΒ.)
1267 3833 1313 3885 Α
1358 3831 1518 3887 Saule
1551 3841 1905 3903 persecutore

308 3914 397 3987 qui
410 3930 509 3970 rex
542 3915 709 3971 Israel
739 3915 838 3972 fuit
865 3918 934 3973 de
964 3917 1105 3974 tribu
1136 3919 1434 3990 Benjamin,
1466 3921 1535 3977 de
1566 3938 1672 3994 qua
1702 3930 1754 3977 et
1774 3923 1908 3978 Pau-

308 4002 428 4071 lus;
463 4004 667 4059 etenim
691 4005 842 4075 juxta
864 4007 1212 4078 antiquorum
1244 4010 1698 4066 consuetudinem
1725 4027 1756 4067 a
1781 4027 1903 4067 ma-

303 4091 516 4161 joribus
537 4094 744 4164 posteri
764 4095 988 4150 nomina
1008 4097 1243 4152 trahunt.

372 4179 729 4235 Devastabat.
769 4179 902 4252 (10.)
935 4180 1101 4249 Quasi
1131 4181 1293 4254 lupus
1310 4199 1560 4255 gregem,
1588 4186 1741 4254 juxta
1768 4202 1903 4257 pro-

303 4267 541 4337 phetiam
559 4267 771 4324 Iacob:
819 4272 1117 4342 Benjamin
1166 4273 1331 4344 lupus
1384 4290 1571 4345 rapax
1612 4291 1782 4331 mane
1823 4291 1905 4331 co-

302 4354 486 4411 medet
507 4358 780 4428 praedam,
814 4373 937 4414 sero
970 4358 1184 4415 dividet
1201 4363 1384 4432 spolia
1412 4362 1573 4432 (Gen.
1611 4363 1779 4433 xmx).

379 4443 644 4499 Trahens.
678 4445 966 4514 Trahebat,
1010 4462 1120 4502 non
1159 4448 1462 4519 occidebat,
1515 4449 1638 4522 quia
1670 4450 1903 4508 fortasse

2013 1870 2237 1927 clesiam
2266 1871 2637 1927 fraudulenter
2666 1874 2920 1947 ingressi,
2953 1874 3217 1945 baptisma
3244 1874 3510 1931 furantur.

2085 1960 2252 2015 Vens.
2288 1962 2375 2014 14.
2406 1991 2476 2001 —
2513 1962 2804 2017 Miserunt.
2872 1964 3065 2017 Petrus
3129 1965 3393 2018 Joannem
3440 1962 3610 2019 sociat

2013 2046 2138 2117 sibi,
2170 2047 2294 2119 quia
2320 2048 2604 2121 virginitas
2634 2050 2899 2106 Ecclesiae
2929 2058 3083 2121 grata
3110 2059 3213 2121 est,
3247 2058 3301 2107 et
3320 2052 3518 2122 placet.

2082 2136 2250 2191 Vens.
2287 2139 2372 2191 16.
2397 2167 2466 2177 -
2496 2138 2561 2193 In
2581 2140 2832 2196 nomine.
2890 2140 3014 2194 Non
3073 2140 3256 2196 estsic
3283 2139 3601 2212 legendum,

2010 2224 2074 2279 in
2090 2226 2319 2290 nomine
2353 2227 2486 2281 Iesu
2508 2230 2756 2296 tantum,
2792 2235 2850 2282 ut
2878 2227 2998 2283 alim
3026 2244 3279 2298 persona:
3313 2229 3607 2285 excludan-

2011 2319 2119 2382 tur,
2153 2313 2250 2368 sed
2278 2313 2359 2370 sic
2389 2331 2403 2368 :
2439 2318 2666 2370 tantum
2711 2317 2983 2388 baptizati
3027 2321 3213 2382 erant,
3250 2324 3379 2388 etc.,
3439 2318 3495 2373 id
3525 2324 3610 2374 est

2011 2401 2246 2456 necdum
2274 2400 2597 2457 conﬁrmati.
2656 2405 2806 2460 Jesu.
2869 2404 3072 2460 Tamen
3113 2412 3256 2475 ante,
3303 2406 3362 2462 in
3390 2407 3607 2462 Patrem

2011 2488 2308 2544 credebant
2336 2497 2390 2545 et
2409 2489 2465 2545 in
2496 2490 2756 2562 Spiritum
2785 2499 3050 2562 sanctum,
3102 2493 3241 2549 sicut
3274 2492 3366 2549 alii
3406 2493 3601 2550 Judaei.

2012 2584 2130 2652 Vel,
2161 2585 2324 2657 plena
2352 2585 2492 2643 ﬁdes
2513 2587 2672 2644 unius
2688 2604 2937 2660 personae
2967 2587 3132 2645 tidem
3160 2589 3433 2646 Trinitatis
3461 2604 3600 2647 con-

2012 2671 2206 2730 ﬁrmat.

2081 2762 2250 2819 Vens.
2275 2765 2362 2819 17.
2382 2793 2452 2805 -
2481 2766 2846 2838 Imponebant
2871 2781 3104 2823 manus.
3139 2766 3357 2838 (Benx.)
3387 2766 3596 2840 Philip-

2008 2867 2131 2922 pus,
2162 2851 2254 2924 qui
2285 2853 2544 2909 Samariae
2588 2854 3011 2928 evangelizabat,
3069 2872 3208 2911 unus
3251 2856 3321 2912 de
3368 2862 3597 2928 septem,

2010 2948 2137 3005 etc.,
2169 2958 2344 3016 usque
2370 2943 2443 2999 ad
2472 2958 2599 3000 cum
2624 2943 2787 3000 tradit
2808 2944 3065 3016 Spiritum
3097 2944 3429 3016 paracletum
3464 2945 3601 3016 bap-

2009 3028 2202 3086 tizatis.

2082 3119 2250 3175 Vens.
2277 3122 2364 3176 l9.
2387 3149 2456 3163 -—
2482 3122 2848 3178 Potestatem.
2908 3122 3094 3194 (ΗΑΒ.)
3120 3123 3245 3179 Non
3293 3121 3604 3195 baptizandi

2005 3214 2208 3262 tantum
2235 3208 2290 3262 in
2318 3224 2458 3281 aqua
2478 3217 2532 3265 et
2560 3209 2909 3281 praedicandi,
2958 3211 3072 3267 sive
3103 3212 3331 3267 virtutes
3370 3210 3606 3267 faciendi

2006 3311 2169 3367 quam
2197 3296 2433 3353 habebat
2477 3297 2776 3370 Philippus,
2826 3299 2923 3355 sed
2953 3299 3257 3373 cuicunque
3285 3300 3602 3373 imponendi

2005 3399 2217 3456 manus,
2249 3393 2352 3441 etc.

2076 3468 2247 3524 Vens.
2271 3472 2362 3526 20.
2393 3499 2462 3510 —
2515 3472 2766 3529 Pecunia
2797 3476 2919 3529 tua.
2953 3472 3076 3528 Non
3106 3480 3310 3543 nostra,
3370 3473 3462 3545 qui
3492 3489 3602 3530 non

2006 3556 2270 3628 cupimus,
2298 3557 2396 3612 sed
2412 3565 2520 3626 tua,
2556 3574 2719 3631 quam
2767 3559 2988 3632 Spiritui
3022 3576 3326 3633 comparas,
3370 3569 3429 3617 ut
3457 3561 3604 3617 illam

2004 3660 2103 3715 pro
2130 3660 2196 3700 eo
2223 3646 2450 3712 vendas,
2487 3654 2540 3702 et
2568 3648 2713 3702 illam
2747 3648 2945 3718 Spiritu
2977 3665 3147 3704 emas.
3184 3650 3314 3705 Ideo
3343 3648 3600 3721 Spiritum

2005 3749 2186 3789 emere
2209 3734 2443 3801 volebat,
2495 3743 2551 3789 ut
2600 3736 2722 3790 aliis
2749 3737 2993 3793 vendens
3025 3753 3171 3805 eum,
3199 3738 3323 3809 plus
3351 3737 3601 3810 accipere

2004 3829 2210 3893 posset.

2075 3912 2343 3967 Pecunia.
2393 3910 2581 3982 (ΗΑΒ.)
2634 3913 2715 3967 Ex
2760 3913 2866 3969 hoc
2896 3912 3205 3985 exemplum
3252 3913 3483 3987 capitur,
3544 3922 3603 3970 ut

2002 3999 2338 4070 perditorum
2373 3998 2719 4073 eelemosyna
2745 4017 2855 4057 non
2884 4001 3192 4073 recipiatur.

2075 4087 2584 4158 Apostolinolentes
2614 4090 2901 4160 pecuniam
2955 4091 3161 4158 dicunt,
3184 4093 3262 4148 sit
3295 4096 3501 4159 tecum,
3545 4091 3600 4148 id

2005 4183 2087 4230 est
2114 4183 2260 4241 tuam
2284 4176 2474 4243 retine,
2499 4185 2551 4233 et
2580 4178 2705 4244 hoc,
2738 4179 2794 4233 in
2837 4179 3218 4250 perditionem,
3270 4188 3328 4236 ut
3371 4180 3601 4252 pecunia

2002 4263 2201 4333 injuste
2228 4273 2581 4338 congregata,
2614 4282 2832 4338 poenam
2859 4275 3116 4323 aeternam
3148 4269 3285 4324 luas.

2074 4352 2243 4408 Vens.
2278 4357 2364 4410 22.
2389 4385 2459 4395 -—
2483 4357 2895 4413 Paenitentiam
2914 4374 3031 4429 age.
3077 4358 3181 4413 Pro
3210 4356 3521 4429 cupiditate,
3546 4366 3599 4415 et

2002 4456 2171 4511 pravo
2229 4458 2392 4497 sensu
2445 4459 2553 4515 quo
2600 4445 2803 4515 putasti
2859 4445 2928 4500 de
2973 4446 3175 4518 Spiritu
3211 4446 3596 4503 commercium

303 4546 498 4585 manus
521 4532 639 4601 ejus
659 4534 999 4589 custodiebat
1029 4536 1314 4605 Dominus,
1339 4553 1411 4594 ne
1439 4539 1705 4610 sanguine
1739 4540 1903 4597 inno-
1934 4511 1987 4572 D
2005 4527 2119 4584 ﬁeri
2149 4546 2331 4601 P0539-

310 4628 523 4674 centum
554 4620 944 4691 polluerentur.

376 4710 643 4781 Dispersi.
669 4710 856 4781 (ΚΑΒ.)
908 4711 1168 4780 Quamvis
1206 4713 1400 4770 timore
1430 4716 1686 4787 dispersi,
1720 4725 1903 4774 tamen

303 4796 528 4852 stabiles
557 4798 781 4853 erantin
812 4801 1197 4871 praedicatione
1218 4803 1522 4877 Evangelii.

368 4885 537 4941 Vens.
572 4889 624 4941 5.
658 4880 727 4928 ὲ
754 4890 1072 4962 Philippus.
1131 4891 1214 4947 De
1254 4908 1483 4949 numero
1531 4895 1898 4952 disseminato-

301 4988 417 5028 rum
447 4973 569 5044 fuit,
603 4976 695 5048 qui
713 4976 924 5047 primus
956 4978 1233 5035 Christum
1281 4982 1596 5053 praedicavit
1618 4984 1896 5042 Samaria).

298 5061 570 5118 Diaconus
616 5066 891 5121 secundus
922 5083 952 5120 a
981 5067 1277 5139 Stephano.
1326 5070 1611 5127 Secundus
1660 5081 1786 5144 post
1823 5074 1903 5146 ip-

300 5167 413 5206 sum
445 5160 703 5208 narratur
733 5154 888 5227 quasi
919 5156 1098 5212 hieres
1128 5165 1181 5213 et
1211 5159 1455 5227 ejusdem
1475 5161 1704 5231 gradus.

364 5241 534 5297 Vens.
561 5244 612 5296 6.
645 5269 718 5286 -
745 5245 1137 5301 Intendebant.
1189 5248 1376 5319 (ΗΑΒ.)
1439 5248 1752 5306 Credebant
1801 5267 1897 5307 au-

297 5327 506 5384 dientes
535 5330 722 5397 verba,
759 5339 813 5388 et
859 5333 1108 5389 videntes
1155 5336 1329 5408 signa.
1363 5338 1496 5393 Duae
1511 5354 1689 5395 causa:
1718 5338 1845 5396 fidei
1879 5357 1893 5395 :

299 5417 469 5473 Verba
522 5419 948 5490 praedicationis,
1013 5431 1065 5478 et
1114 5424 1269 5497 signa
1312 5425 1588 5481 virtutum.
1642 5429 1723 5483 Ex
1752 5445 1894 5499 prae-

2076 4618 2263 4689 (ΗΑΒ.)
2293 4619 2363 4674 Ut
2383 4634 2575 4675 omnes
2605 4619 2821 4675 videant
2850 4621 2996 4692 quod
3018 4620 3233 4676 es.Non
3255 4621 3401 4693 quod
3429 4622 3596 4696 igno-

2003 4713 2085 4762 ret
2113 4706 2304 4762 Petrus
2323 4723 2447 4762 eum
2471 4707 2848 4778 pmnitentiam
2878 4725 2988 4763 non
3016 4716 3282 4780 acturum,
3342 4712 3441 4767 sed
3472 4712 3597 4784 quia

2004 4795 2257 4849 omnibus
2278 4795 2483 4864 justum
2505 4804 2586 4851 est
2619 4797 2935 4867 praedicare,
2995 4813 3151 4853 suum
3187 4797 3309 4855 facit
3338 4798 3594 4868 ofﬁcium,

2003 4891 2061 4938 ut
2088 4883 2178 4939 ille
2210 4884 2278 4938 sit
2306 4884 2710 4940 inexcusabilis.
2773 4886 2967 4941 Coram
3023 4886 3275 4943 omnibus
3310 4888 3472 4945 etiam
3500 4905 3594 4944 ar-

2001 4972 2187 5044 guitur
2215 4989 2286 5028 ne
2306 4972 2538 5043 amplius
2557 4973 2626 5027 ab
2655 4989 2719 5029 eo
2747 4972 3019 5030 fallantur.

2074 5063 2215 5132 Baga
2244 5063 2437 5117 Deum.
2485 5061 2582 5116 Cui
2638 5069 2782 5133 patet
2820 5078 2945 5129 cor,
2990 5064 3059 5120 de
3116 5079 3223 5137 quo
3275 5065 3545 5137 Propheta
3579 5083 3596 5123 :

2003 5147 2181 5215 Quam
2237 5150 2413 5206 bonus
2473 5151 2649 5206 Israel
2696 5152 2843 5206 Deus
2895 5152 3133 5222 (Psalm.
3185 5154 3596 5227 Lxxn);quem

1998 5234 2187 5292 fallere
2202 5253 2362 5293 nemo
2391 5239 2720 5311 potest,quia
2746 5240 2992 5310 Spiritus
3010 5243 3254 5299 Sanctus
3279 5244 3598 5318 disciplina:

1999 5325 2227 5397 eﬂ’ugiet
2254 5328 2456 5395 ﬁctum
2486 5328 2633 5401 (Sap.
2668 5328 2729 5399 ι).

2067 5432 2236 5487 Vens.
2267 5435 2355 5489 24.
2386 5463 2456 5474 —-
2476 5436 2820 5492 Precamini.
2856 5435 3031 5492 Causa
3061 5437 3458 5509 desperationis
3485 5454 3594 5496 non

300 5506 432 5561 senti
463 5507 697 5577 capitulo
730 5516 782 5565 et
811 5511 1147 5567 samaritanm
1176 5514 1422 5569 mulieris
1442 5515 1667 5571 historia
1686 5518 1893 5587 proba-
1997 5520 2161 5575 audet
2199 5521 2315 5593 ipse
2368 5523 2601 5593 precari,
2636 5524 2732 5579 sed
2792 5526 3070 5598 apostolos
3110 5506 3283 5600 rogat,
3317 5535 3376 5581 ut
3400 5542 3502 5598 pro
3531 5543 3593 5584 se

408 5595 619 5691 animos
656 5596 819 5665 hujus
873 5599 1052 5671 gentis
1110 5601 1180 5658 ad
1224 5603 1557 5659 credendum
1609 5613 1893 5677 promptos
1993 5617 2306 5691 precentur,
2340 5626 2442 5667 nec
2470 5627 2569 5683 pro
2596 5628 2657 5669 se
2700 5595 2865 5669 audet
2906 5631 3082 5684 orare,
3141 5595 3233 5687 qui
3279 5595 3590 5672 non-credit

299 5679 481 5754 fuisse,
504 5683 582 5741 ait
610 5684 775 5743 Beda.

1994 5713 2054 5754 se
2084 5698 2482 5757 exaudiendum
2511 5717 2654 5760 esse.
2678 5701 2955 5774 Apostolis
2983 5703 3145 5759 etiam
3168 5701 3294 5761 ﬁcte
3322 5701 3580 5776 loquitur.
