3964 6180
343 303 449 358 H7

345 515 424 572 eis
454 517 679 587 imputat
710 533 832 588 quae
852 524 1075 574 ventura
1104 522 1245 570 sunt.

413 605 583 660 Vens.
618 608 708 663 26.
740 637 811 647 —
849 607 1096 677 Angelus
1118 608 1330 660 autem.
1363 604 1492 659 Post
1528 603 1758 659 reditum
1802 619 1931 675 apo-

348 693 629 765 stolorum,
658 694 727 749 de
782 694 1029 765 Philippo
1084 692 1310 747 historia
1356 692 1572 748 texitur.
1623 692 1706 749 Ad
1758 693 1928 761 viam,

345 789 453 839 etc.
486 783 624 838 Nam
642 782 1044 856 viajdescendit,
1083 789 1135 837 et
1155 797 1256 854 per
1308 782 1451 840 viam
1490 782 1843 839 descenditur
1865 798 1930 838 ex

344 880 531 928 natura
560 872 684 928 loci.

415 960 583 1015 Vnus.
617 962 707 1017 27.
740 990 810 1001 --
832 960 1105 1034 ίΕιΙιὶορε.
1135 960 1339 1016 Natura
1368 967 1422 1016 et
1448 959 1933 1033 merito.[Ethiops

342 1049 484 1106 enim
513 1049 852 1105 tenebrosus.
881 1050 1068 1105 Unde:
1089 1049 1372 1123 [EthiOpia
1397 1052 1709 1124 praeveniet
1726 1066 1931 1107 manus

345 1140 465 1210 ejus
493 1140 602 1194 Deo
621 1138 853 1209 (Psalm.
889 1139 1082 1210 van).

412 1228 639 1293 Potens,
674 1234 784 1282 etc.
825 1227 1048 1299 (ΒΕυΑ.)
1077 1228 1288 1302 Regina
1323 1228 1632 1299 Ethiopum
1658 1229 1932 1284 thesaura-

341 1313 482 1369 rium
510 1316 861 1385 praemittens,
895 1324 1023 1386 etc.,
1056 1334 1229 1389 usque
1266 1317 1356 1387 ad,
1388 1317 1550 1383 Audi,
1575 1318 1716 1387 ﬁlia,
1738 1321 1795 1373 et
1810 1318 1933 1374 vide

343 1407 399 1459 et
418 1405 642 1460 inclina
657 1421 855 1461 aurem
877 1410 1037 1462 tuam
1054 1405 1289 1477 (Psalm.
1312 1406 1483 1478 xuv),
1507 1414 1610 1462 etc.

414 1492 687 1549 Candacis
715 1497 946 1566 reginae.
980 1496 1098 1550 Mos
1128 1502 1246 1550 erat
1274 1494 1418 1551 illius
1447 1495 1692 1569 regionis
1723 1511 1755 1549 a
1778 1494 1933 1552 femi—

341 1580 427 1636 nis
448 1581 584 1653 regi,
618 1590 672 1637 et
691 1598 786 1638 eas
806 1583 1086 1640 Candaces
1115 1584 1318 1640 vocari.

413 1669 583 1725 Vnus.
616 1674 706 1728 28.
737 1702 808 1714 —-
836 1674 1253 1730 Revertebatur.
1285 1673 1582 1745 Incipiebat
1620 1674 1820 1730 reverti
1846 1673 1932 1730 le-

342 1774 480 1832 gens
512 1759 726 1815 Isaiam.
760 1761 1081 1834 Ubicunque
1112 1762 1167 1816 in
1195 1762 1352 1818 Novo
1400 1764 1748 1819 Testamento
1778 1762 1929 1820 salu-

340 1848 408 1902 tis
436 1857 683 1904 narratur
710 1849 1056 1921 principium,
1100 1852 1169 1906 de
1219 1851 1369 1923 Isaia
1418 1852 1646 1908 sumitur
1682 1852 1930 1911 testimo-

337 1936 508 2004 nium,
541 1938 634 2009 qui
661 1939 1042 2009 interpretatur
1070 1942 1226 1997 salus
1255 1941 1501 1998 Domini.

418 2055 586 2110 Vnus.
612 2059 699 2111 30.
724 2086 794 2099 -—
820 2059 1071 2113 Putasne
1116 2060 1415 2130 intelligis,
1459 2064 1564 2114 etc.
1589 2056 1774 2130 (ΗΑΒ.)
1796 2057 1934 2113 Suas

345 2143 580 2199 invicem
599 2144 813 2218 linguas
877 2155 1199 2219 agnoscunt,
1259 2146 1346 2204 vel
1384 2163 1483 2219 per
1510 2145 1810 2204 doctrinam
1840 2162 1935 2201 eu-

332 2233 496 2289 nuchi
538 2232 624 2289 vel
653 2251 750 2305 per
779 2234 1029 2305 spiritum
1060 2236 1307 2309 Philippi.

409 2322 577 2378 Vnus.
604 2326 768 2378 3t.—
790 2324 1083 2395 Quomodo,
1120 2333 1224 2382 etc.
1259 2325 1359 2382 Hic
1389 2325 1563 2398 arguit
1600 2324 1814 2382 illorum
1833 2341 1934 2380 au-

344 2410 555 2467 daciam
577 2412 668 2484 qui
696 2413 1001 2468 existimant
1024 2414 1140 2472 sine
1171 2414 1769 2488 doctoreKScripturam
1797 2414 1927 2472 divi-

350 2515 477 2556 nam
504 2500 828 2575 intelligere.

417 2608 590 2664 Vnas.
624 2612 711 2664 33.
744 2640 814 2650 —
844 2610 911 2665 In
927 2609 1275 2668 humilitate.
1340 2610 1557 2683 (BEDA).
1602 2611 1818 2667 Etenim
1842 2612 1934 2681 ju—

339 2696 444 2752 dex
471 2697 733 2765 omnium,
767 2698 1254 2769 veritatemjudicii
1296 2715 1408 2756 non
1438 2700 1658 2772 reperit,
1696 2702 1794 2757 sed
1818 2700 1937 2756 sine

339 2785 449 2841 ulla
479 2803 576 2841 sua
598 2787 774 2859 culpa,
812 2788 1078 2845 seditione
1109 2789 1437 2856 Judzeorum,
1486 2796 1540 2845 et
1586 2805 1719 2845 voce
1760 2789 1933 2857 Pilati,

341 2874 628 2931 damnatus
648 2883 748 2930 est.

401 2966 753 3022 Humilitate.
782 2964 969 3038 (ΗΑΒ.)
1000 2965 1256 3022 Passione
1278 2983 1384 3039 qua
1414 2968 1753 3024 humiliavit
1770 2983 1829 3024 se
1847 2972 1938 3040 fa-

341 3056 467 3110 ctus
488 3054 745 3111 obediens
789 3070 964 3127 usque
980 3055 1053 3111 ad
1068 3059 1306 3112 mortem
1320 3055 1553 3129 (Philip.
1588 3057 1670 3128 ιι).

417 3143 682 3198 Tolletur.
714 3143 996 3198 Secundus
1028 3145 1190 3199 homo
1226 3144 1294 3200 de
1331 3145 1470 3201 caelo
1510 3145 1769 3216 caelestis,
1818 3161 1934 3202 san-
1961 3158 2010 3221 α

341 3230 524 3287 ctitate
540 3239 860 3305 segregatus
890 3249 920 3287 a
950 3233 1196 3301 terrenis,
1241 3233 1346 3302 vel,
1380 3234 1449 3291 de
1480 3233 1590 3291 vita
1629 3234 1686 3290 in
1709 3243 1938 3292 mortem

344 3320 615 3376 transibit.

413 3408 582 3465 Vens.
620 3411 709 3465 35.
742 3440 811 3450 —
841 3412 1098 3484 Aperuit.
1122 3411 1309 3483 (ΗΑΒ.)
1347 3411 1680 3468 Thesaurum
1700 3413 1939 3471 scientiae

339 3497 570 3569 aperuit.
604 3499 705 3554 Vel
730 3500 938 3571 aperuit
992 3516 1072 3567 os,
1108 3508 1166 3556 ut
1214 3500 1447 3572 Spiritus
1496 3501 1749 3575 loquatur
1766 3503 1820 3558 in
1848 3519 1934 3575 eo,

342 3587 643 3643 secundum
671 3586 801 3644 illud
837 3606 852 3645 :
901 3590 1094 3647 Dilata
1124 3607 1181 3647 os
1216 3594 1398 3658 tuum,
1433 3595 1489 3647 et
1518 3592 1757 3665 implebo
1788 3593 1938 3650 illud

341 3677 576 3749 (Psalm.
603 3677 804 3749 Lxxx).

409 3765 656 3837 Mystice,
688 3783 751 3822 os
778 3767 1045 3825 Ecclesia:
1075 3768 1355 3842 Philippus
1401 3769 1627 3841 aperuit,
1663 3778 1722 3826 ut
1736 3787 1804 3827 ex
1834 3772 1939 3829 hoc

342 3852 607 3913 Gentibus
636 3856 684 3910 is
714 3856 1039 3927 praedicetur
1067 3875 1230 3929 quem
1258 3857 1409 3929 prius
1437 3859 1774 3915 nesciebant.

392 3945 830 4015 Evangelizavit.
849 3946 1018 4001 Solvit
1040 3946 1398 4017 quaestionem
1418 3946 1561 4001 illius
1585 3948 1937 4022 interrogan-

339 4030 441 4090 tis:
496 4035 574 4088 De
600 4049 703 4106 quo
754 4034 1031 4106 prapheta
1079 4034 1232 4090 dixit
1271 4039 1294 4090 ?
1350 4036 1698 4092 Demonstrat
1759 4045 1937 4093 autem

342 4120 491 4197 quod
519 4121 589 4175 de
617 4121 748 4176 Jesu
778 4124 1161 4193 prophetatum
1189 4131 1291 4178 est.

404 4235 573 4292 Vens.
599 4238 686 4291 36.
710 4266 780 4278 —
810 4218 892 4293 Ad
921 4238 1224 4311 quamdam
1273 4254 1500 4312 aquam.
1534 4239 1619 4295 Ad
1657 4241 1762 4296 hoc
1792 4241 1938 4297 enim

340 4325 655 4397 praedicatio
684 4326 930 4396 duxerat,
967 4335 1024 4381 ut
1046 4343 1190 4399 aqua
1215 4326 1504 4401 indigeret,
1551 4345 1672 4401 quae
1702 4330 1770 4386 de
1798 4330 1937 4402 bap-

339 4414 502 4472 tismo
532 4414 588 4469 in
619 4413 705 4471 via
725 4416 991 4471 audierat.

874 299 1279 356 WALAFRIDI
1306 299 1549 357 STRABI
1577 299 1779 357 FULD.
1810 298 1983 356 MON.
2018 298 2171 356 OPP.
2202 299 2379 357 PARS
2405 299 2448 357 Ι.
2479 330 2548 344 -
2572 298 2996 357 THOLOGICA.

347 427 477 494 Quae
505 426 757 483 dixistis.
790 426 914 483 Non
936 443 1057 498 quae
1104 425 1330 497 credidi,
1383 425 1481 481 sed
1512 424 1670 498 quasi
1698 423 1934 482 inﬁdelis
1961 425 2018 488 A

3524 303 3620 359 448

2569 465 2793 522 CAPUT
2822 467 2919 521 IX.

2093 591 2262 646 Vsus.
2304 594 2353 646 1.
2387 621 2456 651 -τ
2493 592 2699 647 Saulus
2740 596 2953 648 autem.
3013 591 3174 647 Redit
3228 592 3297 648 ad
3349 593 3456 650 hoc
3480 593 3623 666 quod

2032 695 2193 751 supra
2223 679 2432 735 dixerat
2460 698 2473 734 :
2506 680 2713 737 Saulus
2736 681 2918 736 adhuc
2940 680 3263 738 devastabat
3289 682 3617 739 Ecclesiam.

2036 769 2334 839 Minarum,
2355 777 2460 825 etc.
2491 769 2650 824 Minis
2670 776 2880 825 terrens
2901 770 3050 826 caede
3081 769 3350 826 afﬁciebat
3386 787 3621 841 praesen-

2032 864 2114 913 tes
2148 876 2160 912 :
2195 857 2467 913 dubitatur
2498 867 2679 913 utrum
2727 859 2999 915 occideret
3045 875 3142 914 seu
3171 858 3496 931 ﬂagellaret,
3531 860 3616 916 vel

2031 954 2321 1018 utrumque
2352 946 2575 1003 faceret.
2605 948 2857 1020 Spirans.
2908 947 3093 1018 Spirat
3137 947 3192 1002 in
3229 947 3452 1004 modum
3478 947 3621 1022 ignis

2032 1051 2141 1091 non
2170 1036 2239 1090 ab
2259 1036 2367 1091 alio
2391 1036 2638 1091 incitatus
2656 1037 2774 1108 ipse
2795 1036 2933 1092 alios
2948 1036 3297 1093 accendebat.

2104 1153 2271 1207 Vsus.
2308 1153 2359 1207 4.
2394 1154 2554 1208 -Ει
2612 1153 2837 1209 cadens.
2878 1152 3124 1208 Territus
3165 1153 3236 1208 ad
3293 1159 3497 1208 terram
3527 1168 3618 1209 re-

2042 1239 2196 1314 fugit,
2214 1242 2299 1296 vel
2331 1240 2489 1313 quasi
2516 1241 2751 1297 adorans
2795 1242 2850 1296 in
2888 1241 3082 1298 faciem
3110 1241 3268 1297 cadit.

2106 1330 2248 1397 Quid
2269 1346 2379 1401 me,
2402 1337 2509 1386 etc.
2542 1329 2762 1403 (BEDA.)
2784 1330 2908 1387 Non
2950 1330 3056 1386 ait:
3089 1332 3199 1387 Cur
3252 1331 3623 1403 persequeris,

2033 1425 2162 1487 etc.,
2195 1435 2369 1492 usque
2390 1419 2479 1486 ad,
2506 1419 2769 1487 Quandiu
2788 1420 2891 1475 uni
2919 1436 2994 1475 ea;
3028 1422 3287 1477 minimis
3317 1421 3446 1477 istis
3466 1422 3629 1493 fecis-

2036 1508 2127 1574 tis,
2160 1508 2307 1563 mihi
2325 1508 2542 1579 fecistis
2564 1508 2783 1578 (Matth.
2820 1509 2983 1579 xxv).

2103 1615 2273 1669 Vsus.
2306 1616 2358 1670 ὃ.
2381 1644 2450 1655 -
2480 1616 2588 1686 Ego
2617 1631 2744 1671 sum
2789 1616 2970 1672 Iesus.
3021 1614 3147 1671 Non
3179 1615 3354 1671 Deum
3387 1614 3475 1672 vel
3523 1615 3625 1672 Dei

2032 1703 2226 1759 Filium
2255 1719 2313 1759 se
2342 1710 2515 1769 vocat,
2550 1704 2649 1759 sed
2668 1703 2984 1759 humilitatis
3001 1719 3156 1770 meae,
3188 1704 3381 1776 inquit,
3412 1702 3624 1761 inﬁrma

1957 1793 2011 1855 B
2036 1793 2272 1864 suscipe,
2292 1800 2345 1847 et
2376 1792 2645 1865 superbiae
2674 1800 2780 1849 tuas
2805 1808 3056 1866 squamas
3072 1793 3303 1864 depone.

2104 1899 2272 1955 Vnus.
2305 1900 2357 1953 '7.
2391 1930 2460 1940 —
2495 1901 2688 1971 Surge.
2747 1900 2986 1974 Impiger
3043 1916 3275 1972 operare
3314 1907 3372 1957 ut
3420 1900 3541 1967 bos,
3573 1908 3625 1956 et

2034 1995 2150 2045 esto
2198 1989 2387 2044 doctor
2426 1988 2710 2044 Ecclesize.
2748 1990 2807 2043 In
2854 1989 2977 2062 lege
3018 1989 3281 2061 scriptum
3324 1996 3408 2045 est
3441 2006 3456 2044 :
3505 1990 3623 2046 Non

2034 2079 2295 2149 alligabis
2311 2094 2369 2133 os
2394 2079 2512 2134 bovi
2529 2078 2835 2134 trituranti
2856 2078 2908 2148 (Ι
2929 2079 3049 2135 Cor.
3083 2079 3188 2149 Ix).

2105 2167 2415 2239 Ingredere.
2442 2166 2627 2238 (ΗΑΒ.)
2684 2167 3038 2238 Ingressurus
3067 2166 3341 2223 civitatem
3372 2174 3621 2232 terretur,

2034 2270 2103 2312 ne
2126 2255 2325 2312 sanctis
2343 2255 2608 2310 tristitiam
2657 2254 2849 2311 inferat
2882 2298 2896 2326 ,
2937 2255 3135 2312 dehinc
3178 2255 3441 2312 Dominus
3462 2256 3625 2324 jube-

2034 2352 2122 2400 tur
2150 2344 2383 2416 ingredi,
2404 2352 2461 2399 ut
2488 2343 2653 2399 fidem
2681 2344 2853 2401 discat
2882 2360 3047 2416 quam
3075 2344 3512 2417 impugnaverat.

2106 2437 2176 2490 Et
2205 2434 2444 2490 dicetur.
2493 2434 2816 2505 Exemplum
2849 2433 3095 2490 discendi
3142 2430 3320 2501 datur,
3362 2441 3413 2489 et
3445 2449 3628 2504 super-

2035 2522 2122 2578 bia
2150 2522 2478 2593 increpatur,
2530 2529 2588 2576 ut
2632 2522 2813 2580 nullus
2831 2523 2996 2579 alium
3026 2522 3312 2596 indignum
3359 2521 3630 2580 existimet

2035 2628 2066 2667 a
2094 2627 2202 2684 quo
2231 2612 2490 2666 doceatur
2520 2612 2666 2683 quod
2696 2611 2930 2685 ignorat.

2107 2728 2275 2783 Vens.
2311 2730 2363 2782 8.
2397 2758 2467 2769 —
2496 2728 2719 2800 Apertis
2750 2729 2946 2784 oculis.
2990 2727 3176 2800 (ΗΑΒ.)
3234 2725 3550 2784 Ostenditur
3579 2729 3630 2786 ei

2035 2815 2091 2871 in
2120 2826 2353 2888 corpore
2384 2816 2527 2888 quod
2571 2816 2726 2888 prius
2779 2816 3078 2888 patiebatur
3108 2817 3165 2871 in
3221 2816 3419 2873 anima.
3481 2816 3633 2875 Sicut

2035 2905 2181 2962 enim
2209 2913 2431 2976 apertus
2452 2905 2642 2962 oculus
2685 2905 2800 2962 sine
2838 2906 2977 2973 visu,
3019 2904 3098 2963 sic
3143 2905 3231 2962 lex
3258 2905 3461 2962 inutilis
3511 2906 3630 2965 sine

2036 2993 2144 3051 fide
2162 2995 2382 3052 Christi.

2106 3084 2328 3157 (BEDA.)
2350 3082 2536 3140 Oculis
2567 3099 2675 3140 non
2699 3091 2886 3156 posset
2907 3100 3095 3139 rursus
3126 3084 3267 3140 bene
3294 3083 3499 3151 videre,
3523 3084 3632 3141 nisi

2037 3173 2192 3245 prius
2222 3181 2544 3239 excaecatus,
2576 3182 2628 3230 et
2658 3174 2935 3245 propriam
2975 3174 3315 3245 sapientiam,
3362 3189 3482 3246 qua:
3521 3182 3631 3229 tur-

2035 3262 2213 3329 batur,
2239 3261 2554 3330 excludens,
2586 3261 2715 3321 fidei
2743 3279 2803 3318 se
2831 3262 3210 3319 committeret.

2105 3369 2275 3424 Vnus.
2299 3372 2352 3424 9.
2380 3400 2450 3410 —
2479 3370 2550 3425 Et
2578 3373 2722 3426 erat.
2764 3368 2950 3441 (ΚΑΒ.)
2980 3369 3078 3425 Hic
3125 3369 3284 3424 datur
3302 3367 3477 3424 forma
3503 3383 3628 3439 pte-

2036 3456 2347 3524 nitentibus,
2364 3465 2421 3513 ut
2447 3475 2516 3513 ex
2545 3457 2721 3514 triduo
2763 3458 3041 3528 incipiant,
3090 3458 3197 3515 hoc
3236 3457 3400 3513 etiam
3449 3456 3631 3514 triduo

2034 3547 2552 3602 catechumenorum
2572 3546 2783 3618 gradus
2811 3546 3115 3603 dedicatur.

2112 3636 2303 3692 Tribus
2323 3635 2532 3692 diebus.
2553 3638 2792 3707 Apparet
2812 3636 2955 3708 quod
2992 3652 3093 3707 per
3120 3634 3357 3691 triduum
3398 3643 3632 3693 caecatus

2037 3724 2213 3779 lucem
2240 3725 2429 3797 gratiae
2458 3725 2826 3796 exspectabat,
2859 3739 2970 3781 non
2998 3732 3221 3796 torpens
3266 3724 3397 3789 otio,
3445 3724 3544 3780 sed
3566 3723 3635 3780 i1-

2038 3813 2296 3868 lustratus
2324 3829 2356 3867 a
2409 3815 2525 3870 Deo
2579 3814 2822 3869 coelestia
2867 3813 3177 3875 Mabatur.
3229 3812 3501 3868 Credibile
3547 3820 3634 3868 est

2038 3902 2185 3973 quod
2216 3902 2381 3957 etiam
2436 3918 2503 3958 eo
2552 3909 2799 3973 tempore
2846 3902 3307 3975 dispensationem
3330 3899 3634 3975 [Evangelii

2036 3991 2262 4047 edoctus
2296 3990 2385 4045 sit.

2107 4080 2228 4136 Non
2256 4080 2469 4136 videns.
2501 4079 2643 4148 Quia
2690 4096 2799 4136 non
2848 4080 3105 4136 credebat
3138 4080 3315 4136 Deum
3353 4079 3517 4135 tertia
3536 4079 3627 4135 die

2036 4169 2378 4241 resurgendo
2406 4176 2639 4225 mortem
2668 4169 2884 4236 vicisse,
2904 4185 3004 4225 suo
3034 4170 3284 4240 exemplo
3321 4168 3627 4235 instruitur,

2038 4258 2131 4329 qui
2160 4258 2413 4313 tenebras
2451 4257 2611 4314 tridui
2640 4259 2762 4315 luce
2792 4275 3012 4315 reversa
3039 4259 3280 4314 mutavit.

2107 4348 2227 4404 Non
2248 4348 2635 4403 manducavit.
2668 4348 2866 4418 (ΗΑΒ.)
2897 4349 3013 4404 Hoc
3042 4348 3238 4402 animm
3268 4364 3381 4403 suae
3407 4345 3633 4404 accide-

2037 4443 2134 4505 rat,
2170 4452 2291 4508 quae
2319 4436 2501 4492 cibum
2530 4436 2844 4493 interiorem
2873 4452 2983 4492 non
3013 4437 3274 4492 habuerat
3331 4443 3382 4491 et
3420 4443 3629 4506 potum.

413 4505 581 4560 VERS-
614 4507 702 4596 37-
727 4507 887 4596 “is?
919 4506 1323 4596 σκιῆς-(ΒΑΕ)
1342 4505 1467 4561 Non
1499 4505 1787 4596 ignorabat
1816 4508 1934 4579 eius
1953 4522 2011 4587 D
2041 4525 2122 4580 Ex
2152 4505 2335 4580 inedia
2363 4533 2543 4581 autem
2592 4526 2840 4596 corporis
2870 4534 2923 4581 et
2954 4525 3041 4581 siti
3069 4525 3369 4582 ostenditur
3396 4505 3634 4581 animam

343 4590 527 4660 fidem,
577 4594 677 4650 sed
731 4595 944 4651 volebat
1000 4594 1340 4651 manifestam
1403 4594 1824 4666 confessionem,
1881 4607 1941 4654 ut

342 4681 692 4753 baptizaturis
716 4691 768 4738 et
797 4684 1140 4755 baptizandis
1178 4686 1402 4741 daretur
1430 4687 1738 4758 exemplum
1765 4687 1938 4745 inter—

342 4770 574 4843 rogandi
589 4778 642 4825 et
672 4770 985 4828 confitendi.

415 4879 585 4934 Vens.
621 4882 709 4933 39.
745 4909 815 4919 —
845 4880 1092 4952 Spiritus
1129 4882 1377 4937 Domini.
1411 4881 1599 4955 (ΚΑΒ.)
1644 4882 1745 4938 Vel
1778 4882 1940 4955 Spiri-

342 4975 427 5023 tus
446 4967 604 5023 irruit
632 4967 687 5023 in
723 4984 845 5024 eum
866 4968 1099 5039 fortiter,
1142 4970 1280 5026 sicut
1310 4978 1363 5026 et
1391 4971 1446 5025 in
1484 4973 1783 5043 apostolos,
1808 4981 1936 5039 etc.,

341 5072 520 5130 usque
548 5058 622 5113 ad
654 5057 863 5129 inquos
895 5057 1124 5128 Spiritus
1155 5059 1560 5115 descenderat?

415 5173 586 5229 Vnus.
610 5176 697 5229 40.
730 5205 798 5215 --
838 5177 1107 5233 Inventus
1154 5181 1256 5233 est.
1302 5177 1385 5232 Ab
1416 5178 1724 5234 hominibus
1766 5180 1856 5252 qui
1886 5180 1942 5235 in

343 5269 499 5333 raptu
524 5279 634 5319 non
662 5263 1057 5333 inveniebatur,
1120 5265 1244 5337 quia
1282 5267 1577 5325 ambulavit
1618 5268 1673 5323 in
1703 5268 1943 5324 solitudi-

344 5352 490 5419 dine,
526 5352 613 5407 vel
644 5352 807 5407 nimia
837 5353 1147 5410 velocitate.

419 5442 748 5499 Caesaream.
783 5441 1006 5513 (Bnm.)
1027 5442 1332 5500 Caesaream
1364 5444 1661 5503 Palaestinae
1680 5447 1812 5504 dicit
1850 5446 1943 5503 ubi

343 5530 482 5587 intra
511 5532 734 5588 domum
763 5532 1018 5587 habuisse
1079 5532 1427 5605 describitur,
1476 5553 1598 5608 quae
1640 5553 1816 5610 usque
1844 5538 1942 5593 ho-

345 5620 434 5676 die
484 5622 905 5687 demonstratur,
986 5636 1199 5678 necnon
1249 5632 1301 5679 et
1352 5625 1659 5682 cubiculum
1709 5625 1942 5684 ﬁliarum

346 5717 581 5782 quatuor
611 5712 728 5782 ejus
758 5711 1200 5786 prophetantium
1238 5713 1530 5787 virginum.

2039 4613 2374 4687 indigentem
2404 4614 2588 4669 satiari
2614 4622 2880 4685 oportere.

2112 4704 2280 4759 Vens.
2318 4706 2403 4758 10.
2435 4734 2505 4744 -
2533 4704 2778 4759 Anania.
2812 4702 2943 4775 (11).)
2964 4702 3229 4760 Indicium
3256 4700 3634 4759 familiaritatis

2040 4791 2276 4863 aliquem
2305 4792 2493 4848 vocari
2523 4809 2622 4847 suo
2653 4792 2891 4848 nomine.

2113 4908 2281 4962 Vsus.
2308 4910 2395 4963 11.
2426 4939 2495 4947 -
2527 4910 2593 4964 Ιη
2626 4910 2829 4965 vicum.
2864 4908 2994 4979 (Ιο.)
3045 4907 3164 4964 Vici
3207 4907 3459 4965 dicuntur
3489 4907 3631 4981 agri,

2043 5003 2133 5050 aut
2154 4996 2480 5067 civitatibus,
2513 5005 2603 5051 aut
2649 4998 2752 5052 sibi
2798 4996 3124 5053 intrinsecus
3172 4997 3227 5051 in
3258 4996 3468 5054 civitate
3499 5012 3637 5069 pro-

2043 5085 2190 5139 ximi.
3370 5140 3377 5143 .

2113 5174 2281 5229 Vens.
2305 5176 2390 5230 15.
2414 5203 2484 5216 -
2520 5176 2675 5242 Vade,
2721 5183 2824 5230 etc.
2866 5175 2991 5230 Non
3040 5181 3122 5229 cst
3177 5174 3450 5231 timendus
3481 5173 3644 5246 quasi

2042 5270 2384 5335 persecutor,
2423 5264 2518 5318 sed
2549 5265 2936 5336 amplexandus
2966 5270 3023 5318 ut
3070 5263 3232 5319 frater
3262 5283 3275 5319 :
3335 5263 3464 5336 quia
3490 5264 3641 5319 mala

2045 5369 2166 5424 qua:
2186 5352 2384 5408 sanctis
2404 5351 2597 5419 intulit,
2628 5362 2850 5425 paratus
2875 5360 2956 5408 est
2986 5352 3276 5408 sustinere.

2115 5450 2281 5505 Vnus.
2309 5453 2394 5505 17.
2417 5481 2484 5491 -
2513 5451 3035 5522 Introivit.lmpleta
3064 5458 3144 5507 est
3163 5449 3448 5523 prophetia
3478 5450 3637 5507 Isaiae

2044 5538 2274 5595 dicentis
2299 5558 2311 5594 :
2335 5540 2620 5597 Habitavit
2643 5543 2807 5615 lupus
2836 5558 2965 5597 cum
2995 5557 3155 5613 agno,
3219 5540 3274 5596 id
3304 5548 3405 5610 est,
3438 5540 3638 5596 Saulus

2044 5645 2169 5686 cum
2200 5628 2423 5684 Anania.

2116 5719 2284 5776 Vnus.
2303 5722 2465 5775 18.——
2480 5719 2830 5794 acciderant,
2863 5726 2965 5777 etc.
2984 5717 3207 5793 (BEDA.)
3220 5718 3502 5793 Serpentis
3513 5734 3640 5778 cor-
