3948 6178
311 280 417 334 449

1078 278 1349 337 GLOSSA
1386 278 1795 337 ORDINARIA.
1836 309 1906 322 —
1950 278 2077 335 LIB.
2111 274 2397 338 ACTUUM
2440 281 2683 338 APOST.

3504 286 3609 339 450

314 419 420 474 pus
451 403 690 475 squamis
720 403 932 475 tegitur,
967 412 1094 471 etc.,
1125 422 1299 478 usque
1327 406 1400 461 ad
1430 406 1572 478 quod
1600 406 1782 460 lumen
1826 420 1915 460 re-
1946 405 2187 466 Atilium
2215 407 2635 479 archisynagogi
2679 407 2942 479 principis
2984 407 3361 464 resuscitantis
3388 409 3494 463 hoc
3524 408 3611 463 fa-

314 492 462 563 cepit
489 492 545 547 in
574 501 776 548 mente.

389 582 580 653 (ΙὶΑιι.)
609 580 767 651 Quod
803 581 998 638 cadunt
1040 599 1295 655 squamae,
1343 583 1635 639 similitudo
1665 592 1745 639 est
1774 582 1917 639 inte-

314 669 480 725 rioris
508 670 734 725 visionis
765 679 1034 728 renovatae
1062 672 1131 726 de
1158 672 1300 744 legis
1328 673 1614 728 velamine.

387 760 562 815 Vnus.
583 763 674 817 20.
690 762 839 816 -Εἰ
859 762 1147 817 continuo.
1169 762 1360 832 Implet
1376 777 1679 817 sermonem
1701 760 1917 816 Domini

315 847 553 903 dicentis
583 867 597 903 :
634 849 739 917 Qui
770 851 895 905 vult
919 851 1110 907 venire
1129 855 1252 923 post
1284 867 1391 917 me,
1417 852 1652 922 abneget
1695 852 1919 907 semeti-

256 941 267 945 ’
310 954 487 1010 psum
515 938 670 1009 (Luc.
704 939 807 1010 1x),
860 946 962 993 etc.

388 1027 541 1081 Vnus
560 1031 650 1084 21.
673 1057 746 1069 -
764 1029 980 1084 Nonne.
1004 1028 1191 1099 (ΗΑΒ.)
1209 1028 1529 1099 Exemplum
1549 1028 1640 1083 dat
1659 1044 1770 1083 non
1789 1044 1916 1083 eru-

314 1116 598 1183 bescendi,
629 1116 723 1171 ubi
751 1124 927 1187 potest
960 1117 1156 1173 veritas
1196 1126 1400 1172 mutare
1444 1117 1737 1173 sententias
1768 1133 1913 1171 suas.

386 1205 557 1261 Vnus.
590 1208 679 1263 24.
704 1236 773 1246 -
814 1206 1228 1262 Custodiebant.
1262 1207 1385 1261 Non
1414 1207 1603 1271 Judaei,
1638 1206 1735 1261 sed
1768 1206 1915 1261 cives

313 1310 440 1351 cum
471 1310 603 1367 rege
630 1310 728 1350 suo
758 1295 978 1361 Aretho,
1008 1302 1067 1349 ut
1095 1295 1211 1366 ipse
1242 1294 1428 1351 scribit
1455 1295 1524 1350 ad
1556 1294 1792 1350 Galatas.
1826 1295 1917 1349 Ju-

313 1379 452 1434 dzeis
501 1378 647 1434 enim
694 1379 1092 1436 concordabant
1149 1379 1393 1435 Gentiles
1437 1378 1492 1434 in
1539 1379 1918 1451 persecutione

314 1463 767 1520 Christianorum.

384 1580 556 1636 Vnus.
578 1583 669 1639 26.
694 1611 764 1622 -
787 1582 925 1637 Cum
953 1568 1147 1637 autem
1164 1582 1430 1637 venisset.
1463 1579 1587 1635 Non
1618 1594 1781 1652 quam
1810 1579 1916 1636 cito

314 1668 613 1740 baptizatus
643 1677 726 1725 est
759 1687 773 1725 :
804 1669 953 1725 venit
979 1669 1036 1724 in
1065 1669 1363 1725 Jerusalem
1393 1668 1460 1723 ad
1491 1669 1783 1739 apostolos,
1818 1668 1916 1724 sed

2016 504 2162 551 ctum
2210 505 2312 564 est,
2358 496 2427 550 ad
2476 496 2747 552 vitandam
2793 496 3102 561 elationem,
3152 496 3239 551 vel
3287 513 3355 551 ne
3402 496 3611 569 indigni

2016 585 2233 657 signum
2263 585 2530 641 viderent.
2566 587 2820 658 Aperuit.
2868 587 3090 657 (BEDA.)
3134 586 3335 641 Rectus
3366 592 3449 640 est
3476 586 3613 640 ordo

2015 674 2439 748 resurgentium,
2462 683 2519 730 ut
2538 675 2687 746 prius
2716 676 2903 731 oculos
2932 675 3128 730 mentis
3158 675 3387 745 aperiat,
3419 680 3613 745 postea

2016 764 2204 835 agnita
2231 781 2366 821 voce
2409 765 2550 819 Petri
2589 766 2862 831 resedeat,
2904 764 3087 820 lumen
3127 781 3239 819 suae
3270 764 3611 833 circumspe-
3658 820 3665 827 κ

2017 853 2211 908 ctionis
2239 855 2499 910 amissum
2530 854 2769 924 recipiat,
2802 862 2859 907 ut
2881 854 2950 908 ad
2970 853 3273 909 doctrinam
3306 868 3493 908 eorum
3522 850 3613 922 qui

2016 942 2288 1010 adjuvant,
2322 944 2485 999 vivat.
2517 944 2757 1016 Aperuit
2774 945 2977 999 oculos.
3002 942 3096 996 Isti
3116 950 3241 998 sunt
3270 950 3381 997 tres
3410 940 3614 1013 gradus

2013 1032 2469 1087 resuscitationis.

2087 1121 2258 1176 Vsus.
2294 1122 2380 1177 41.
2410 1151 2480 1162 —-
2510 1123 2663 1177 Dans
2701 1125 2912 1177 autem.
2963 1121 3222 1177 Contacta
3266 1135 3430 1175 manu
3475 1117 3620 1174 Petri

2015 1208 2238 1265 Tabitha
2285 1211 2539 1283 resurgit,
2580 1210 2706 1282 quia
2752 1212 2929 1265 anima
2976 1212 3240 1282 languens
3268 1211 3324 1264 in
3354 1208 3612 1280 peccatis,

2015 1295 2165 1351 nullo
2195 1295 2388 1351 melius
2421 1295 2609 1351 ordine
2637 1311 2801 1367 quam
2844 1303 3158 1352 sanctorum
3185 1294 3447 1366 exemplis
3477 1309 3615 1350 con-

2017 1384 2257 1442 valescit.

2650 1501 2875 1556 CAPUT
2913 1500 2985 1555 X.

2088 1670 2260 1725 Vnus.
2306 1670 2357 1722 1.
2397 1696 2467 1709 --
2494 1670 2584 1727 Vir
2618 1674 2830 1735 autem,
2865 1677 2967 1725 etc.
3001 1669 3187 1740 (ΗΑΒ.)
3213 1667 3404 1723 Merito
3434 1666 3615 1739 perfe-

313 1757 473 1827 (sicut
522 1757 726 1813 Galatis
774 1759 981 1829 scribit)
1026 1758 1200 1829 primo
1247 1758 1379 1813 abiit
1424 1757 1482 1810 in
1526 1758 1812 1824 Arabiam,
1864 1765 1989 1830 etB
2018 1758 2212 1814 ctionis
2242 1766 2293 1813 et
2324 1774 2489 1828 opere
2517 1758 2661 1812 virili
2688 1758 2777 1813 hic
2805 1757 3048 1813 centurio
3076 1757 3272 1812 dicitur
3290 1757 3390 1824 vir,
3424 1772 3620 1814 secun-

311 1846 439 1902 inde
487 1862 743 1903 reversus
789 1855 874 1902 est
918 1849 1279 1915 Damascum;
1330 1846 1527 1901 deinde
1573 1855 1699 1917 post
1745 1862 1916 1901 annos

312 1943 426 1991 tres
455 1935 607 1993 venit
633 1936 936 1992 Jerusalem
964 1936 1149 1992 videre
1184 1937 1417 2001 Petrum,
1464 1943 1566 1990 etc.
1601 1935 1829 2003 Deinde,
1860 1942 1919 1990 ut

309 2023 485 2080 Lucas
514 2032 755 2093 testatur,
789 2025 934 2081 venit
962 2024 1019 2079 in
1046 2032 1227 2096 partes
1257 2024 1426 2095 Syriae
1453 2032 1505 2079 et
1535 2022 1756 2080 Ciliciae.

383 2139 557 2195 Vsus.
590 2142 679 2196 27.
707 2169 777 2179 -
806 2140 1110 2195 Barnabas.
1143 2138 1365 2209 (ΒευΑ.)
1408 2138 1507 2193 Hic
1544 2137 1643 2193 fuit
1685 2138 1916 2209 Cyprius

311 2241 538 2300 genere,
586 2227 819 2294 Levites,
862 2227 954 2299 qui
983 2227 1214 2298 pretium
1244 2227 1365 2300 agri
1394 2228 1467 2283 ad
1492 2228 1663 2299 pedes
1691 2236 1917 2299 aposto-

312 2314 490 2371 lorum
520 2332 685 2387 supra
711 2323 1040 2371 memoratur
1065 2315 1328 2371 attulisse.

386 2405 560 2461 Vaas.
591 2408 680 2461 29.
704 2435 775 2445 —-
808 2406 947 2461 Cum
976 2405 1200 2461 Graecis.
1235 2404 1415 2461 Graeci
1443 2405 1615 2461 Judaei
1643 2405 1912 2474 dicuntur,

313 2493 461 2566 quod
490 2494 633 2548 inter
663 2494 888 2549 Graecos
917 2492 1255 2565 dispersione
1286 2501 1409 2548 sunt
1435 2493 1566 2548 nati.

386 2608 557 2664 Vnus.
590 2611 677 2663 30.
710 2638 781 2648 —
814 2610 1143 2664 Caesaream.
1188 2608 1435 2663 Cmsarea
1465 2608 1700 2680 Philippi
1730 2608 1918 2666 civitas

315 2704 401 2752 est
430 2696 618 2769 Syriae.
651 2697 890 2752 Tharsus
919 2696 1112 2753 civitas
1143 2706 1223 2753 est
1253 2698 1473 2753 Ciliciae.

385 2785 558 2840 Vnus.
592 2788 680 2840 31.
712 2815 783 2826 -
810 2787 1079 2841 Ecclesia.
1113 2785 1284 2853 Talia,
1306 2794 1363 2841 ut
1384 2802 1552 2858 supra
1579 2786 1782 2843 dictum
1813 2793 1915 2855 est,

315 2873 375 2928 in
404 2872 511 2929 ﬁne
536 2873 919 2940 narrationum,
952 2882 1005 2928 et
1033 2873 1297 2944 principio
1327 2874 1722 2929 intersemntur
1750 2891 1915 2947 saepe,

319 2962 390 3018 ad
409 2961 631 3018 laudem
653 2964 1027 3035 apostolorum
1047 2970 1101 3018 et
1128 2963 1511 3020 ecclesiastica:
1537 2963 1682 3019 ﬁdei.
1706 2966 1778 3020 Et
1795 2981 1923 3021 con-

318 3054 615 3110 solatione.
663 3052 977 3108 Consolatio
1024 3052 1081 3107 in
1124 3053 1313 3108 labore
1360 3054 1537 3121 datur,
1584 3054 1727 3109 unde
1772 3062 1922 3125 patet

320 3140 461 3212 quod
492 3140 745 3197 Ecclesia
776 3141 1097 3198 tentabatur.

388 3253 558 3309 Vsus.
584 3258 757 3310 33.—
772 3255 1007 3313 Nomine
1027 3256 1283 3312 AEneam.
1308 3254 1497 3327 (ΚΑΒ.)
1518 3254 1717 3311 ΛΕηθαε
1738 3254 1919 3327 signat

318 3359 494 3417 genus
524 3345 816 3399 humanum
858 3344 1143 3415 languens,
1177 3352 1305 3412 etc.,
1339 3360 1512 3417 usque
1542 3345 1614 3399 ad
1644 3344 1735 3416 qui
1762 3342 1917 3398 inﬁr-

316 3440 495 3489 matur
523 3432 796 3506 voluptate
827 3431 1027 3501 carnis,
1062 3439 1116 3489 et
1144 3428 1508 3490 delectatione
1539 3433 1743 3489 saeculi.

389 3549 558 3604 Vnus.
592 3550 681 3603 34.
713 3579 783 3589 -
821 3550 1013 3621 Surge.
1048 3547 1221 3617 Quem
1250 3548 1319 3604 de
1345 3547 1583 3619 paralysi
1612 3554 1914 3615 curaverat,

320 3653 551 3710 surgere
595 3644 650 3693 et
688 3645 931 3693 sternere
970 3636 1074 3691 sibi
1110 3636 1389 3708 praecepit,
1434 3635 1715 3691 insinuans
1742 3643 1801 3691 ut
1829 3635 1921 3707 qui

316 3724 483 3782 ﬁdem
509 3726 567 3780 in
593 3726 756 3782 corde
785 3733 1128 3797 perceperat,
1162 3741 1269 3781 non
1300 3725 1477 3781 solum
1506 3732 1780 3796 torporem
1808 3724 1920 3780 dis-

319 3814 499 3881 cutiat,
531 3814 631 3870 sed
660 3814 824 3870 etiam
852 3830 1015 3886 opera
1043 3821 1198 3886 paret
1226 3813 1285 3868 in
1312 3814 1509 3886 quibus
1538 3813 1800 3885 quiescat.

389 3904 564 3959 Vnus.
594 3905 758 3959 35.—
775 3904 974 3975 Lyddw
1001 3907 1058 3959 et
1086 3904 1330 3962 Saronw.
1363 3904 1496 3958 Duae
1525 3902 1770 3958 civitates
1798 3901 1920 3958 fue-

320 3999 446 4048 runt
482 4007 765 4049 conversas
792 3993 866 4048 ad
889 3993 1086 4060 Deum,
1118 3991 1244 4048 ideo
1274 3991 1420 4048 enim
1448 3989 1650 4048 ﬁebant
1692 3991 1922 4049 virtutes

313 4080 503 4137 ineis.
1288 4130 1307 4138 -

388 4170 559 4226 Vsus.
591 4171 680 4225 36.
712 4199 783 4211 —
810 4168 1048 4227 Nomine
1092 4168 1342 4226 Tabitha.
1379 4167 1566 4242 (ll/la.)
1596 4167 1824 4224 Tabitha
1854 4168 1923 4225 de

319 4256 550 4314 Hebraeo
578 4258 636 4312 in
663 4258 914 4314 Latinum
939 4261 1146 4315 Dorcas
1178 4257 1525 4324 transfertur,
1549 4257 1636 4313 vel
1654 4257 1917 4325 Damula,

320 4354 373 4401 ut
400 4347 459 4401 in
488 4345 850 4419 quisbusdam
881 4346 1287 4418 exemplaribus
1317 4346 1608 4402 invenitur.

384 4437 614 4491 Dorcas.
640 4436 951 4508 Allegorice
972 4453 985 4490 :
1009 4438 1214 4491 Dorcas
1235 4443 1318 4490 est
1339 4435 1560 4490 damula
1578 4434 1667 4492 vel
1687 4450 1920 4507 caprea:

2017 1848 2146 1903 dum
2175 1847 2309 1902 illud
2340 1865 2353 1901 :
2394 1848 2481 1904 Vir
2512 1852 2638 1903 erat
2664 1850 2728 1903 in
2759 1851 2911 1904 terra
2935 1849 3066 1913 Hus,
3101 1849 3331 1904 nomine
3359 1848 3472 1905 Job.

2093 1938 2401 1993 Cornelius.
2446 1935 2667 2008 (Βευλ.)
2704 1936 2829 1990 Non
2872 1936 3154 1991 virtutibus
3191 1936 3258 1990 ad
3297 1934 3483 2001 ﬁdem,
3517 1935 3615 1990 sed

2017 2024 2124 2081 ﬁde
2152 2024 2491 2096 pertingebat
2518 2026 2585 2079 ad
2612 2024 2851 2080 virtutes.
2877 2024 3113 2095 (GREG.)
3132 2023 3434 2094 Cornelius,
3466 2023 3618 2093 cujus

2018 2114 2380 2186 eleemOSynae
2427 2122 2550 2169 ante
2598 2114 2928 2185 baptismum
2966 2113 3166 2187 angelo
3204 2120 3456 2181 testante,
3489 2119 3617 2180 etc.,

2018 2221 2191 2277 usque
2221 2204 2293 2260 ad
2321 2204 2377 2257 in
2405 2202 2514 2259 ﬁde
2543 2219 2675 2259 vero
2707 2203 2965 2258 solidatur
2993 2219 3092 2273 per
3118 2217 3303 2274 opera.

2088 2293 2259 2347 Vnus.
2312 2296 2365 2349 2.
2397 2322 2467 2333 —
2509 2293 2837 2364 Religiosus,
2883 2299 2985 2347 etc.
3036 2291 3224 2363 (ΗΑΒ.)
3271 2292 3399 2347 Haec
3440 2290 3622 2346 omnia

2017 2381 2163 2437 bono
2201 2387 2426 2447 naturae,
2479 2388 2605 2448 etc.,
2649 2398 2822 2454 usque
2852 2382 2924 2437 ad
2957 2380 3074 2436 sine
3112 2380 3251 2435 virili
3293 2380 3520 2447 semine,
3567 2379 3623 2433 id

2018 2478 2120 2540 est,
2149 2469 2393 2526 doctrina
2420 2469 2674 2542 magistri
2705 2469 3026 2540 concepisse
3057 2470 3322 2524 credatur.

2091 2559 2261 2614 Vsus.
2296 2562 2348 2613 3.
2381 2589 2450 2599 -—
2478 2559 2530 2613 Is
2567 2558 2729 2613 vidit.
2762 2558 2948 2629 (ΗΑΒ.)
2983 2558 3107 2612 Non
3132 2557 3189 2611 in
3218 2563 3395 2623 nocte,
3426 2571 3537 2612 non
3565 2555 3622 2611 in

2019 2647 2245 2714 somnis,
2278 2646 2403 2718 quia
2433 2646 2676 2703 Gentiles
2724 2662 2920 2719 grosso
2969 2662 3153 2713 sensu,
3187 2654 3316 2713 etc.,
3347 2661 3520 2717 usque
3549 2645 3623 2700 ad

2020 2736 2156 2793 sicut
2204 2735 2353 2807 prius
2394 2735 2449 2790 in
2493 2735 2640 2791 Petri
2688 2742 2743 2791 et
2777 2735 3002 2791 Joannis
3049 2734 3297 2806 exemplo
3340 2741 3621 2790 ostensum

2020 2824 2138 2881 fuit.

2090 2911 2370 2983 Angelum
2397 2911 2516 2966 Dei.
2548 2909 2680 2982 (10.)
2708 2910 2830 2965 Non
2856 2910 3089 2965 Satanae.
3123 2910 3185 2963 In
3213 2909 3319 2965 hoc
3349 2923 3621 2965 excusan-

2021 3006 2109 3055 tur
2136 2998 2368 3070 apostoli
2390 2999 2640 3070 gentibus
2659 2999 3019 3070 prazdicantes
3048 3006 3101 3054 et
3129 3014 3221 3053 eas
3251 2997 3619 3069 baptizantes:

2029 3088 2300 3159 quomodo
2348 3087 2496 3143 enim
2542 3088 2803 3143 zelaretur
2843 3088 2912 3142 ab
2960 3087 3179 3142 homine
3225 3086 3367 3158 quod
3396 3086 3626 3142 manife-

2021 3177 2263 3232 stabatur
2293 3177 2359 3231 ab
2379 3176 2615 3250 angelo?
2643 3178 3050 3243 Introeuntem,
3076 3176 3146 3230 ad
3163 3192 3222 3231 se
3243 3174 3486 3242 forsitan,
3520 3190 3622 3231 vo-

2022 3273 2240 3322 cantem
2284 3252 2426 3333 cum,
2461 3273 2513 3321 et
2542 3266 2698 3320 datur
2733 3265 3024 3321 excusandi
3068 3264 3284 3321 occasio
3327 3265 3488 3319 Petro
3524 3265 3624 3319 Ju-

2022 3354 2157 3410 daeis
2195 3362 2385 3410 contra
2423 3370 2545 3409 eum
2585 3353 3013 3425 disceptantibus
3042 3361 3096 3409 et
3123 3353 3428 3410 dicentibus
3462 3370 3475 3407 :
3514 3353 3626 3409 Cur

2022 3445 2280 3501 introisti
2308 3444 2381 3500 ad
2404 3446 2550 3499 viros
2564 3445 2912 3516 praeputium
2935 3443 3200 3499 habentes
3220 3442 3365 3513 (Act.
3387 3442 3493 3513 x1),
3518 3449 3620 3497 etc.

2026 3533 2269 3590 Corneli.
2302 3532 2657 3587 Familiaritas
2686 3532 3003 3599 ostenditur,
3038 3548 3146 3603 qua
3174 3547 3375 3587 nomen
3404 3529 3625 3604 gentilis

2022 3619 2259 3675 hominis
2288 3620 2491 3678 notitiai
2522 3621 2840 3692 angelorum
2871 3628 2953 3675 est
2982 3620 3266 3675 insertum.

2094 3709 2265 3764 Vsus.
2299 3711 2351 3764 5.
2384 3737 2454 3749 --
2480 3711 2554 3765 Et
2581 3726 2737 3766 nunc
2767 3711 2932 3764 mitte
2973 3710 3138 3774 viros,
3173 3715 3277 3764 etc.
3309 3708 3497 3779 (ΚΑΒ.)
3527 3707 3626 3764 Hic

2023 3795 2211 3868 incipit
2252 3797 2548 3865 retributio,
2594 3805 2649 3852 ut
2689 3797 2779 3869 qui
2824 3796 3134 3851 misericors
3181 3803 3262 3852 est
3310 3795 3629 3851 misereatur

2025 3885 2099 3941 tui
2126 3885 2295 3955 Deus,
2328 3885 2451 3958 quia
2484 3904 2496 3939 :
2533 3886 2693 3942 Beati
2720 3884 3125 3952 misericordes,
3155 3885 3422 3958 quoniam
3450 3886 3624 3940 mise-

2023 3975 2347 4041 ricordiam,
2383 3982 2483 4030 etc.
2521 3974 2741 4047 (Matth.
2776 3973 2855 4045 v).
3214 4034 3227 4045 ο

2008 4132 2015 4144 1
2095 4065 2326 4137 Joppen.
2369 4062 2501 4135 (11).)
2531 4062 2731 4118 Civitas
2758 4069 2840 4118 est
2869 4069 3027 4117 terrae
3066 4057 3442 4133 promissionis
3488 4059 3627 4116 mari

2024 4151 2303 4223 Tyrrheno
2330 4152 2598 4223 proxima,
2633 4159 2687 4207 et
2716 4151 2773 4206 in
2801 4151 2971 4222 ipsius
3002 4150 3250 4206 orientali
3295 4147 3473 4206 littore
3502 4150 3624 4217 sita,

2023 4240 2082 4294 in
2126 4257 2287 4312 quam
2332 4242 2501 4297 Jonas
2545 4241 2886 4297 descendens
2929 4239 3145 4296 intravit
3191 4256 3409 4307 navem,
3440 4246 3499 4295 ut
3538 4237 3626 4294 fu-

2027 4337 2201 4401 geret.

2103 4418 2267 4474 VERS.
2303 4419 2354 4473 6.
2387 4448 2456 4459 -
2483 4418 2833 4491 Ilospitatur,
2873 4425 2973 4473 etc.
3009 4416 3320 4488 HOSpitatur
3348 4416 3539 4471 Petrus
3567 4414 3622 4470 in

318 4522 582 4596 signiﬁcat
605 4496 796 4579 autem
809 4524 1045 4579 animam
1067 4524 1243 4578 studio
1260 4523 1469 4579 virtutis
1492 4523 1799 4590 sublimem,
1826 4524 1921 4580 sed

2038 4507 2188 4562 lomo
2234 4506 2490 4574 Simonis,
2523 4506 2579 4561 id
2607 4514 2708 4573 est,
2742 4506 3064 4573 obedientis,
3098 4505 3187 4577 qui
3216 4512 3298 4559 est
3339 4503 3623 4572 coriarius,

316 4612 595 4667 hominum
653 4613 908 4683 opinione
966 4613 1447 4683 contemptibilem.
1507 4611 1922 4683 Interpretatio-

316 4716 439 4756 nem
467 4708 648 4755 autem
677 4700 914 4756 nominis
945 4702 1116 4757 Lucas
1135 4717 1367 4772 ponens,
1394 4701 1714 4773 mysterium
1739 4701 1922 4758 inesse

316 4788 603 4860 signiﬁcat.
661 4789 790 4846 Haec
855 4790 1112 4845 animalia
1175 4790 1442 4845 morantia
1497 4790 1553 4843 in
1612 4791 1918 4862 montibus,

318 4886 466 4933 acute
522 4876 709 4933 vident
750 4895 764 4932 :
811 4880 957 4934 unde
1012 4879 1081 4934 ab
1137 4879 1386 4934 acumine
1444 4878 1594 4935 visus
1648 4880 1922 4936 dorcadcs

318 4965 509 5022 Graec
547 4975 829 5022 vocantur.
875 4967 964 5023 Sic
1000 4967 1208 5022 meritis
1248 4984 1475 5038 operum
1523 4968 1727 5024 excelsi
1759 4986 1922 5040 supe-

314 5054 426 5109 rius
455 5054 763 5122 intendunt,
796 5062 849 5111 et
878 5054 981 5109 sibi
1010 5056 1406 5127 circumspecte
1443 5056 1747 5129 invigilant,
1792 5057 1921 5111 sim-

315 5142 529 5213 pliciter
556 5142 745 5199 vivunt
771 5143 1009 5199 discreto
1040 5144 1214 5215 gradu
1243 5144 1444 5215 operis,
1482 5146 1637 5215 quasi
1666 5144 1796 5199 ﬁssa
1823 5162 1923 5200 un-

317 5230 445 5302 gula
473 5230 753 5299 incedunt,
785 5232 1011 5288 verbum
1041 5232 1143 5287 Dei
1182 5232 1402 5288 assidua
1438 5232 1791 5288 meditatione
1821 5249 1920 5287 ru-

324 5318 547 5374 minant.

382 5405 555 5462 Vsus.
582 5410 835 5464 39.—-In
856 5412 1162 5468 caenaculo.
1202 5408 1390 5483 (BNL)
1418 5411 1480 5465 In
1505 5409 1627 5466 loco
1658 5409 1921 5481 superiori

314 5494 547 5566 ponitur,
579 5495 668 5551 vel
708 5506 933 5569 propter
970 5499 1309 5554 altitudinem
1347 5498 1542 5567 meriti,
1575 5498 1661 5555 vel
1697 5506 1922 5570 propter

318 5583 701 5639 sublimitatem
732 5587 1001 5654 miraculi,
1035 5588 1179 5660 quod
1203 5587 1512 5643 faciendum
1534 5596 1651 5644 erat
1672 5586 1740 5642 de
1761 5602 1846 5642 ea.

383 5671 552 5733 Vnus.
578 5674 663 5731 ιο.
689 5705 760 5718 -—
779 5677 1009 5747 Eiectis.
1041 5676 1174 5749 (11).)
1204 5678 1360 5735 Juxta
1392 5677 1701 5749 exemplum
1721 5676 1922 5733 Christi

2022 4596 2145 4667 quia
2193 4595 2381 4650 doctor
2428 4594 2690 4651 Ecclesia:
2717 4595 2792 4649 ibi
2820 4594 3054 4650 libenter
3091 4592 3317 4659 habitat,
3366 4592 3460 4661 ubi
3506 4599 3631 4647 sunt

2022 4684 2360 4749 obedientes,
2408 4683 2500 4755 qui
2541 4684 2810 4755 castigant
2859 4698 3057 4755 corpus
3089 4690 3142 4737 et
3172 4682 3416 4738 servituti
3463 4680 3634 4751 subji-

2029 4772 2195 4841 ciunt,
2246 4771 2578 4844 transgressi
2623 4771 2816 4827 ﬂuctus
2877 4771 3061 4826 saeculi
3108 4770 3357 4826 libertate
3408 4769 3625 4827 mentis.

2024 4861 2341 4917 Constantia
2369 4860 2514 4916 enim
2542 4858 2668 4916 ﬁdei
2700 4860 2902 4915 ﬂuxam
2941 4860 3172 4931 gloriam
3212 4858 3402 4915 mundi
3433 4866 3485 4914 et
3513 4866 3625 4915 ter-

2022 4965 2177 5006 rores
2209 4957 2578 5007 contemnunt.

2092 5053 2263 5109 Vsus.
2297 5056 2350 5109 ’7.
2385 5084 2454 5094 —-
2480 5056 2553 5123 Et
2576 5070 2705 5110 cum
2734 5053 3100 5110 discessisset.
3136 5050 3323 5125 (ΚΑΒ.)
3364 5050 3491 5108 Non
3530 5052 3622 5120 ait,

2023 5157 2146 5198 cum
2177 5143 2490 5215 evigilasset
2518 5143 2821 5209 Cornelius,
2846 5142 2974 5214 quia
3004 5142 3054 5197 ei
3080 5158 3180 5198 nec
3209 5158 3307 5214 per
3335 5142 3625 5211 somnium,

2021 5246 2125 5287 nec
2152 5231 2209 5285 in
2239 5231 2460 5297 exstasi,
2496 5231 2595 5287 sed
2624 5229 2906 5286 manifeste
2936 5231 3163 5302 angelus
3192 5231 3343 5287 visus
3371 5239 3472 5287 est.

2096 5320 2349 5376 Militem.
2381 5320 2513 5392 (1.0.)
2534 5322 2655 5376 Non
2678 5320 2809 5376 dicit
2829 5320 3158 5376 domesticos
3185 5328 3486 5377 metuentes
3516 5320 3628 5375 Do-

2021 5409 2247 5480 minum,
2300 5408 2424 5480 quia
2470 5409 2525 5463 in
2573 5409 2839 5480 principio
2889 5409 3095 5464 dixerat
3143 5426 3264 5465 eum
3315 5408 3626 5480 religiosum

2023 5497 2214 5565 fuisse,
2250 5497 2528 5552 timentem
2560 5498 2849 5552 DOminum
2881 5515 3002 5553 cum
3033 5499 3178 5554 omni
3207 5499 3370 5552 domo
3400 5513 3513 5550 sua.

2095 5588 2265 5643 Vnus.
2299 5591 2351 5642 9.
2376 5616 2445 5626 —
2475 5586 3088 5660 ApprOpinquantibus,
3122 5594 3224 5643 etc.
3256 5585 3378 5641 Alia
3405 5583 3621 5639 littera:

2022 5675 2441 5749 Apparentibus
2463 5676 2602 5747 illis,
2626 5676 2830 5733 scilicet
2857 5676 2950 5749 qui
2968 5691 2999 5733 a
3018 5674 3270 5734 Cornelio
3290 5672 3444 5732 missi
3474 5680 3620 5743 sunt,
