  <div class='ocr_page' id='page_1' title='image "/cluster/home/n/w/nwhite01/storage/ocr_20150623/114/hvd.32044052819893/232.png"; bbox 0 0 3948 6178; ppageno 0'>
   <div class='ocr_carea' id='block_1_1' title="bbox 196 288 307 344">
    <p class='ocr_par' dir='ltr' id='par_1_1' title="bbox 196 288 307 344">
     <span class='ocr_line' id='line_1_1' title="bbox 196 288 307 344; baseline -0.036 0"><span class='ocrx_word' id='word_1_1' title='bbox 196 288 307 344; x_wconf 62' lang='lat'><strong>£53</strong></span> 
     </span>
    </p>
   </div>
   <div class='ocr_carea' id='block_1_2' title="bbox 1028 284 2619 345">
    <p class='ocr_par' dir='ltr' id='par_1_2' title="bbox 1028 284 2619 345">
     <span class='ocr_line' id='line_1_2' title="bbox 1028 284 2619 345; baseline 0.002 -4"><span class='ocrx_word' id='word_1_2' title='bbox 1028 284 1301 343; x_wconf 87' lang='lat' dir='ltr'><strong>GLOSSA</strong></span> <span class='ocrx_word' id='word_1_3' title='bbox 1338 285 1747 342; x_wconf 82' lang='lat' dir='ltr'><strong>ORDINARIA.</strong></span> <span class='ocrx_word' id='word_1_4' title='bbox 1786 314 1857 327; x_wconf 89' lang='lat'><strong>—</strong></span> <span class='ocrx_word' id='word_1_5' title='bbox 1893 286 2021 343; x_wconf 89' lang='lat' dir='ltr'><strong>LIB.</strong></span> <span class='ocrx_word' id='word_1_6' title='bbox 2060 285 2347 345; x_wconf 81' lang='lat' dir='ltr'><strong>ACTUUM</strong></span> <span class='ocrx_word' id='word_1_7' title='bbox 2378 285 2619 344; x_wconf 84' lang='lat' dir='ltr'><strong>APOST.</strong></span> 
     </span>
    </p>
   </div>
   <div class='ocr_carea' id='block_1_3' title="bbox 3403 287 3505 344">
    <p class='ocr_par' dir='ltr' id='par_1_3' title="bbox 3403 287 3505 344">
     <span class='ocr_line' id='line_1_3' title="bbox 3403 287 3505 344; baseline 0.02 -2"><span class='ocrx_word' id='word_1_8' title='bbox 3403 287 3505 344; x_wconf 72' lang='grc'><strong>454</strong></span> 
     </span>
    </p>
   </div>
   <div class='ocr_carea' id='block_1_4' title="bbox 202 408 3504 485">
    <p class='ocr_par' dir='ltr' id='par_1_4' title="bbox 202 408 3504 485">
     <span class='ocr_line' id='line_1_4' title="bbox 202 408 3504 485; baseline 0.001 -22"><span class='ocrx_word' id='word_1_9' title='bbox 202 409 530 482; x_wconf 77' lang='lat' dir='ltr'><strong>mysterium</strong></span> <span class='ocrx_word' id='word_1_10' title='bbox 556 409 777 481; x_wconf 84' lang='lat' dir='ltr'><strong>plenum</strong></span> <span class='ocrx_word' id='word_1_11' title='bbox 805 408 941 477; x_wconf 83' lang='lat' dir='ltr'><strong>fieri,</strong></span> <span class='ocrx_word' id='word_1_12' title='bbox 974 410 1098 483; x_wconf 86' lang='lat' dir='ltr'><strong>quia</strong></span> <span class='ocrx_word' id='word_1_13' title='bbox 1126 410 1217 483; x_wconf 87' lang='lat' dir='ltr'><strong>qui</strong></span> <span class='ocrx_word' id='word_1_14' title='bbox 1242 410 1511 467; x_wconf 80' lang='lat' dir='ltr'><strong>Christum</strong></span> <span class='ocrx_word' id='word_1_15' title='bbox 1558 410 1705 478; x_wconf 84' lang='lat' dir='ltr'><strong>dicit,</strong></span> <span class='ocrx_word' id='word_1_16' title='bbox 1755 418 1809 467; x_wconf 90' lang='lat' dir='ltr'><strong>et</strong></span> <span class='ocrx_word' id='word_1_17' title='bbox 1839 411 2110 473; x_wconf 85' lang='lat' dir='ltr'><strong>Adicitur</strong></span> <span class='ocrx_word' id='word_1_18' title='bbox 2136 412 2391 484; x_wconf 84' lang='lat' dir='ltr'><strong>princeps</strong></span> <span class='ocrx_word' id='word_1_19' title='bbox 2421 419 2653 485; x_wconf 75' lang='lat' dir='ltr'><strong>quatuor</strong></span> <span class='ocrx_word' id='word_1_20' title='bbox 2680 409 2928 467; x_wconf 88' lang='lat' dir='ltr'><strong>militum.</strong></span> <span class='ocrx_word' id='word_1_21' title='bbox 2963 409 3112 468; x_wconf 85' lang='lat' dir='ltr'><strong>Sicut</strong></span> <span class='ocrx_word' id='word_1_22' title='bbox 3140 410 3286 467; x_wconf 89' lang='lat' dir='ltr'><strong>enim</strong></span> <span class='ocrx_word' id='word_1_23' title='bbox 3317 419 3504 468; x_wconf 90' lang='lat' dir='ltr'><strong>centu-</strong></span> 
     </span>
    </p>
   </div>
   <div class='ocr_carea' id='block_1_5' title="bbox 203 498 1817 571">
    <p class='ocr_par' dir='ltr' id='par_1_5' title="bbox 203 498 1817 571">
     <span class='ocr_line' id='line_1_5' title="bbox 203 498 1817 571; baseline 0 -18"><span class='ocrx_word' id='word_1_24' title='bbox 203 499 422 554; x_wconf 87' lang='lat' dir='ltr'><strong>Patrem</strong></span> <span class='ocrx_word' id='word_1_25' title='bbox 454 514 486 552; x_wconf 89' lang='lat' dir='ltr'><strong>a</strong></span> <span class='ocrx_word' id='word_1_26' title='bbox 516 514 624 571; x_wconf 91' lang='lat' dir='ltr'><strong>quo</strong></span> <span class='ocrx_word' id='word_1_27' title='bbox 643 498 830 567; x_wconf 90' lang='lat' dir='ltr'><strong>Filius,</strong></span> <span class='ocrx_word' id='word_1_28' title='bbox 854 506 906 555; x_wconf 93' lang='lat' dir='ltr'><strong>et</strong></span> <span class='ocrx_word' id='word_1_29' title='bbox 931 498 1183 570; x_wconf 84' lang='lat' dir='ltr'><strong>Spiritum</strong></span> <span class='ocrx_word' id='word_1_30' title='bbox 1214 507 1454 555; x_wconf 91' lang='lat' dir='ltr'><strong>sanctum</strong></span> <span class='ocrx_word' id='word_1_31' title='bbox 1486 498 1643 554; x_wconf 85' lang='lat' dir='ltr'><strong>etiam</strong></span> <span class='ocrx_word' id='word_1_32' title='bbox 1672 498 1817 554; x_wconf 90' lang='lat' dir='ltr'><strong>desi-</strong></span> 
     </span>
    </p>
   </div>
   <div class='ocr_carea' id='block_1_6' title="bbox 200 586 1818 659">
    <p class='ocr_par' dir='ltr' id='par_1_6' title="bbox 200 586 1818 659">
     <span class='ocr_line' id='line_1_6' title="bbox 200 586 1818 659; baseline 0 -18"><span class='ocrx_word' id='word_1_33' title='bbox 200 595 336 659; x_wconf 82' lang='lat' dir='ltr'><strong>gnat</strong></span> <span class='ocrx_word' id='word_1_34' title='bbox 366 603 382 641; x_wconf 91' lang='lat'><strong>:</strong></span> <span class='ocrx_word' id='word_1_35' title='bbox 419 587 514 659; x_wconf 90' lang='lat' dir='ltr'><strong>qui</strong></span> <span class='ocrx_word' id='word_1_36' title='bbox 544 587 704 643; x_wconf 88' lang='lat' dir='ltr'><strong>etiam</strong></span> <span class='ocrx_word' id='word_1_37' title='bbox 730 588 943 643; x_wconf 86' lang='lat' dir='ltr'><strong>Patrem</strong></span> <span class='ocrx_word' id='word_1_38' title='bbox 993 586 1161 655; x_wconf 92' lang='lat' dir='ltr'><strong>dicit,</strong></span> <span class='ocrx_word' id='word_1_39' title='bbox 1191 596 1243 643; x_wconf 92' lang='lat' dir='ltr'><strong>et</strong></span> <span class='ocrx_word' id='word_1_40' title='bbox 1271 587 1463 642; x_wconf 90' lang='lat' dir='ltr'><strong>Filium</strong></span> <span class='ocrx_word' id='word_1_41' title='bbox 1484 595 1539 642; x_wconf 90' lang='lat' dir='ltr'><strong>et</strong></span> <span class='ocrx_word' id='word_1_42' title='bbox 1565 587 1818 659; x_wconf 79' lang='lat' dir='ltr'><strong>Spiritum</strong></span> 
     </span>
    </p>
   </div>
   <div class='ocr_carea' id='block_1_7' title="bbox 199 675 1818 748">
    <p class='ocr_par' dir='ltr' id='par_1_7' title="bbox 199 675 1818 748">
     <span class='ocr_line' id='line_1_7' title="bbox 199 675 1818 748; baseline 0 -19"><span class='ocrx_word' id='word_1_43' title='bbox 199 675 409 747; x_wconf 81' lang='lat' dir='ltr'><strong>pariter</strong></span> <span class='ocrx_word' id='word_1_44' title='bbox 465 676 704 732; x_wconf 90' lang='lat' dir='ltr'><strong>ostendit</strong></span> <span class='ocrx_word' id='word_1_45' title='bbox 760 694 776 732; x_wconf 90' lang='lat'><strong>:</strong></span> <span class='ocrx_word' id='word_1_46' title='bbox 833 685 886 732; x_wconf 88' lang='lat' dir='ltr'><strong>et</strong></span> <span class='ocrx_word' id='word_1_47' title='bbox 940 675 1031 748; x_wconf 93' lang='lat' dir='ltr'><strong>qui</strong></span> <span class='ocrx_word' id='word_1_48' title='bbox 1083 676 1335 748; x_wconf 89' lang='lat' dir='ltr'><strong>Spiritum</strong></span> <span class='ocrx_word' id='word_1_49' title='bbox 1392 676 1668 743; x_wconf 91' lang='lat' dir='ltr'><strong>nominat,</strong></span> <span class='ocrx_word' id='word_1_50' title='bbox 1714 676 1818 730; x_wconf 82' lang='lat' dir='ltr'><strong>Pa~</strong></span> 
     </span>
    </p>
   </div>
   <div class='ocr_carea' id='block_1_8' title="bbox 200 764 1819 837">
    <p class='ocr_par' dir='ltr' id='par_1_8' title="bbox 200 764 1819 837">
     <span class='ocr_line' id='line_1_8' title="bbox 200 764 1819 837; baseline 0.001 -19"><span class='ocrx_word' id='word_1_51' title='bbox 200 772 343 820; x_wconf 89' lang='lat' dir='ltr'><strong>trem</strong></span> <span class='ocrx_word' id='word_1_52' title='bbox 370 780 403 818; x_wconf 88' lang='lat' dir='ltr'><strong>a</strong></span> <span class='ocrx_word' id='word_1_53' title='bbox 437 780 546 837; x_wconf 91' lang='lat' dir='ltr'><strong>quo</strong></span> <span class='ocrx_word' id='word_1_54' title='bbox 571 764 817 837; x_wconf 86' lang='lat' dir='ltr'><strong>procedit</strong></span> <span class='ocrx_word' id='word_1_55' title='bbox 844 764 1072 837; x_wconf 78' lang='lat' dir='ltr'><strong>Spiritus</strong></span> <span class='ocrx_word' id='word_1_56' title='bbox 1094 812 1109 835; x_wconf 89' lang='lat'><strong>,</strong></span> <span class='ocrx_word' id='word_1_57' title='bbox 1132 773 1185 821; x_wconf 90' lang='lat' dir='ltr'><strong>et</strong></span> <span class='ocrx_word' id='word_1_58' title='bbox 1214 764 1405 819; x_wconf 90' lang='lat' dir='ltr'><strong>Filium</strong></span> <span class='ocrx_word' id='word_1_59' title='bbox 1427 807 1440 834; x_wconf 92' lang='lat'><strong>,</strong></span> <span class='ocrx_word' id='word_1_60' title='bbox 1474 765 1628 834; x_wconf 88' lang='lat' dir='ltr'><strong>cujus</strong></span> <span class='ocrx_word' id='word_1_61' title='bbox 1658 765 1819 819; x_wconf 88' lang='lat' dir='ltr'><strong>etiam</strong></span> 
     </span>
    </p>
   </div>
   <div class='ocr_carea' id='block_1_9' title="bbox 203 848 1821 925">
    <p class='ocr_par' dir='ltr' id='par_1_9' title="bbox 203 848 1821 925">
     <span class='ocr_line' id='line_1_9' title="bbox 203 848 1821 925; baseline -0.001 -17"><span class='ocrx_word' id='word_1_62' title='bbox 203 852 442 924; x_wconf 88' lang='lat' dir='ltr'><strong>Spiritus</strong></span> <span class='ocrx_word' id='word_1_63' title='bbox 491 861 615 919; x_wconf 91' lang='lat' dir='ltr'><strong>est,</strong></span> <span class='ocrx_word' id='word_1_64' title='bbox 652 861 940 925; x_wconf 88' lang='lat' dir='ltr'><strong>nuncupat.</strong></span> <span class='ocrx_word' id='word_1_65' title='bbox 993 854 1180 919; x_wconf 86' lang='lat' dir='ltr'><strong>Unde,</strong></span> <span class='ocrx_word' id='word_1_66' title='bbox 1212 862 1270 908; x_wconf 93' lang='lat' dir='ltr'><strong>ut</strong></span> <span class='ocrx_word' id='word_1_67' title='bbox 1298 853 1489 910; x_wconf 85' lang='lat' dir='ltr'><strong>rationi</strong></span> <span class='ocrx_word' id='word_1_68' title='bbox 1543 848 1821 925; x_wconf 78' lang='lat' dir='ltr'><strong>copuletur</strong></span> 
     </span>
    </p>
   </div>
   <div class='ocr_carea' id='block_1_10' title="bbox 201 941 1819 1015">
    <p class='ocr_par' dir='ltr' id='par_1_10' title="bbox 201 941 1819 1015">
     <span class='ocr_line' id='line_1_10' title="bbox 201 941 1819 1015; baseline 0 -19"><span class='ocrx_word' id='word_1_69' title='bbox 201 941 517 1011; x_wconf 85' lang='lat' dir='ltr'><strong>auctoritas,</strong></span> <span class='ocrx_word' id='word_1_70' title='bbox 568 941 729 997; x_wconf 88' lang='lat' dir='ltr'><strong>etiam</strong></span> <span class='ocrx_word' id='word_1_71' title='bbox 787 942 842 997; x_wconf 89' lang='lat' dir='ltr'><strong>in</strong></span> <span class='ocrx_word' id='word_1_72' title='bbox 898 942 1097 1015; x_wconf 89' lang='lat' dir='ltr'><strong>Spiritu</strong></span> <span class='ocrx_word' id='word_1_73' title='bbox 1154 942 1469 1014; x_wconf 85' lang='lat' dir='ltr'><strong>baptizatur,</strong></span> <span class='ocrx_word' id='word_1_74' title='bbox 1523 942 1819 998; x_wconf 90' lang='lat' dir='ltr'><strong>secundum</strong></span> 
     </span>
    </p>
   </div>
   <div class='ocr_carea' id='block_1_11' title="bbox 200 1030 1819 1105">
    <p class='ocr_par' dir='ltr' id='par_1_11' title="bbox 200 1030 1819 1105">
     <span class='ocr_line' id='line_1_11' title="bbox 200 1030 1819 1105; baseline 0.003 -20"><span class='ocrx_word' id='word_1_75' title='bbox 200 1030 338 1085; x_wconf 87' lang='lat' dir='ltr'><strong>illud</strong></span> <span class='ocrx_word' id='word_1_76' title='bbox 371 1048 386 1084; x_wconf 91' lang='lat'><strong>:</strong></span> <span class='ocrx_word' id='word_1_77' title='bbox 428 1033 525 1089; x_wconf 84' lang='lat' dir='ltr'><strong>Vos</strong></span> <span class='ocrx_word' id='word_1_78' title='bbox 564 1036 761 1088; x_wconf 89' lang='lat' dir='ltr'><strong>autem</strong></span> <span class='ocrx_word' id='word_1_79' title='bbox 798 1032 1231 1105; x_wconf 70' lang='lat' dir='ltr'><strong>baptizabimini</strong></span> <span class='ocrx_word' id='word_1_80' title='bbox 1270 1034 1333 1088; x_wconf 89' lang='lat' dir='ltr'><strong>in</strong></span> <span class='ocrx_word' id='word_1_81' title='bbox 1362 1033 1584 1105; x_wconf 80' lang='lat' dir='ltr'><strong>Spiritu</strong></span> <span class='ocrx_word' id='word_1_82' title='bbox 1619 1035 1819 1090; x_wconf 88' lang='lat' dir='ltr'><strong>sancto</strong></span> 
     </span>
    </p>
   </div>
   <div class='ocr_carea' id='block_1_12' title="bbox 204 1120 1821 1193">
    <p class='ocr_par' dir='ltr' id='par_1_12' title="bbox 204 1120 1821 1193">
     <span class='ocr_line' id='line_1_12' title="bbox 204 1120 1821 1193; baseline 0.002 -19"><span class='ocrx_word' id='word_1_83' title='bbox 204 1120 358 1189; x_wconf 81' lang='lat' dir='ltr'><strong>(Act.</strong></span> <span class='ocrx_word' id='word_1_84' title='bbox 391 1122 500 1190; x_wconf 69' lang='grc' dir='ltr'><strong>χι),</strong></span> <span class='ocrx_word' id='word_1_85' title='bbox 532 1128 584 1175; x_wconf 91' lang='lat' dir='ltr'><strong>et</strong></span> <span class='ocrx_word' id='word_1_86' title='bbox 606 1120 897 1192; x_wconf 85' lang='lat' dir='ltr'><strong>Apostolus</strong></span> <span class='ocrx_word' id='word_1_87' title='bbox 921 1138 935 1178; x_wconf 91' lang='lat'>:</span> <span class='ocrx_word' id='word_1_88' title='bbox 958 1123 1025 1177; x_wconf 86' lang='lat' dir='ltr'><strong>In</strong></span> <span class='ocrx_word' id='word_1_89' title='bbox 1045 1137 1159 1179; x_wconf 87' lang='lat' dir='ltr'><strong>uno</strong></span> <span class='ocrx_word' id='word_1_90' title='bbox 1184 1122 1404 1193; x_wconf 78' lang='lat' dir='ltr'><strong>Spiritu</strong></span> <span class='ocrx_word' id='word_1_91' title='bbox 1435 1121 1711 1193; x_wconf 70' lang='lat' dir='ltr'><strong>baptizati</strong></span> <span class='ocrx_word' id='word_1_92' title='bbox 1726 1137 1821 1177; x_wconf 84' lang='lat' dir='ltr'><strong>su-</strong></span> 
     </span>
    </p>
   </div>
   <div class='ocr_carea' id='block_1_13' title="bbox 204 1208 713 1280">
    <p class='ocr_par' dir='ltr' id='par_1_13' title="bbox 204 1208 713 1280">
     <span class='ocr_line' id='line_1_13' title="bbox 204 1208 713 1280; baseline -0.002 -17"><span class='ocrx_word' id='word_1_93' title='bbox 204 1223 339 1265; x_wconf 83' lang='lat' dir='ltr'><strong>mus</strong></span> <span class='ocrx_word' id='word_1_94' title='bbox 363 1208 421 1279; x_wconf 86' lang='lat' dir='ltr'><strong>(I</strong></span> <span class='ocrx_word' id='word_1_95' title='bbox 440 1210 562 1267; x_wconf 81' lang='lat' dir='ltr'><strong>Cor.</strong></span> <span class='ocrx_word' id='word_1_96' title='bbox 585 1209 713 1280; x_wconf 80' lang='lat' dir='ltr'><strong>xu).</strong></span> 
     </span>
    </p>
   </div>
   <div class='ocr_carea' id='block_1_14' title="bbox 838 1314 1201 1372">
    <p class='ocr_par' dir='ltr' id='par_1_14' title="bbox 838 1314 1201 1372">
     <span class='ocr_line' id='line_1_14' title="bbox 838 1314 1201 1372; baseline -0.008 -1"><span class='ocrx_word' id='word_1_97' title='bbox 838 1314 1066 1372; x_wconf 83' lang='lat' dir='ltr'><strong>CAPUT</strong></span> <span class='ocrx_word' id='word_1_98' title='bbox 1103 1315 1201 1371; x_wconf 83' lang='lat' dir='ltr'><strong>XI.</strong></span> 
     </span>
    </p>
   </div>
   <div class='ocr_carea' id='block_1_15' title="bbox 274 1436 1818 1512">
    <p class='ocr_par' dir='ltr' id='par_1_15' title="bbox 274 1436 1818 1512">
     <span class='ocr_line' id='line_1_15' title="bbox 274 1436 1818 1512; baseline -0.001 -18"><span class='ocrx_word' id='word_1_99' title='bbox 274 1437 454 1494; x_wconf 73' lang='lat' dir='ltr'><strong>Vsus.</strong></span> <span class='ocrx_word' id='word_1_100' title='bbox 488 1440 542 1494; x_wconf 94' lang='lat'><strong>6.</strong></span> <span class='ocrx_word' id='word_1_101' title='bbox 560 1466 631 1480; x_wconf 87' lang='lat'><strong>--</strong></span> <span class='ocrx_word' id='word_1_102' title='bbox 666 1438 1061 1512; x_wconf 86' lang='lat' dir='ltr'><strong>Quadrupedia</strong></span> <span class='ocrx_word' id='word_1_103' title='bbox 1083 1444 1270 1506; x_wconf 67' lang='lat' dir='ltr'><strong>terra,</strong></span> <span class='ocrx_word' id='word_1_104' title='bbox 1301 1445 1404 1494; x_wconf 85' lang='lat' dir='ltr'><strong>etc.</strong></span> <span class='ocrx_word' id='word_1_105' title='bbox 1430 1437 1619 1510; x_wconf 93' lang='lat' dir='ltr'><strong>(Ihm)</strong></span> <span class='ocrx_word' id='word_1_106' title='bbox 1649 1436 1818 1493; x_wconf 85' lang='lat' dir='ltr'><strong>Miror</strong></span> 
     </span>
    </p>
   </div>
   <div class='ocr_carea' id='block_1_16' title="bbox 206 1525 1821 1599">
    <p class='ocr_par' dir='ltr' id='par_1_16' title="bbox 206 1525 1821 1599">
     <span class='ocr_line' id='line_1_16' title="bbox 206 1525 1821 1599; baseline 0 -17"><span class='ocrx_word' id='word_1_107' title='bbox 206 1526 482 1599; x_wconf 90' lang='lat' dir='ltr'><strong>quosdam</strong></span> <span class='ocrx_word' id='word_1_108' title='bbox 515 1526 617 1582; x_wconf 90' lang='lat' dir='ltr'><strong>hoc</strong></span> <span class='ocrx_word' id='word_1_109' title='bbox 638 1526 976 1599; x_wconf 88' lang='lat' dir='ltr'><strong>interpretari</strong></span> <span class='ocrx_word' id='word_1_110' title='bbox 1007 1543 1169 1599; x_wconf 90' lang='lat' dir='ltr'><strong>super</strong></span> <span class='ocrx_word' id='word_1_111' title='bbox 1194 1527 1354 1594; x_wconf 88' lang='lat' dir='ltr'><strong>escis,</strong></span> <span class='ocrx_word' id='word_1_112' title='bbox 1387 1534 1513 1598; x_wconf 90' lang='lat' dir='ltr'><strong>etc.,</strong></span> <span class='ocrx_word' id='word_1_113' title='bbox 1545 1542 1718 1599; x_wconf 87' lang='lat' dir='ltr'><strong>usque</strong></span> <span class='ocrx_word' id='word_1_114' title='bbox 1747 1525 1821 1582; x_wconf 81' lang='lat' dir='ltr'><strong>ad</strong></span> 
     </span>
    </p>
   </div>
   <div class='ocr_carea' id='block_1_17' title="bbox 206 1615 1278 1687">
    <p class='ocr_par' dir='ltr' id='par_1_17' title="bbox 206 1615 1278 1687">
     <span class='ocr_line' id='line_1_17' title="bbox 206 1615 1278 1687; baseline 0.001 -18"><span class='ocrx_word' id='word_1_115' title='bbox 206 1615 534 1686; x_wconf 82' lang='lat' dir='ltr'><strong>mysterium</strong></span> <span class='ocrx_word' id='word_1_116' title='bbox 563 1616 721 1684; x_wconf 87' lang='lat' dir='ltr'><strong>hujus</strong></span> <span class='ocrx_word' id='word_1_117' title='bbox 751 1615 977 1671; x_wconf 86' lang='lat' dir='ltr'><strong>visionis</strong></span> <span class='ocrx_word' id='word_1_118' title='bbox 1010 1615 1278 1687; x_wconf 85' lang='lat' dir='ltr'><strong>exposuit.</strong></span> 
     </span>
    </p>
   </div>
   <div class='ocr_carea' id='block_1_18' title="bbox 278 1700 1817 1777">
    <p class='ocr_par' dir='ltr' id='par_1_18' title="bbox 278 1700 1817 1777">
     <span class='ocr_line' id='line_1_18' title="bbox 278 1700 1817 1777; baseline -0.001 -20"><span class='ocrx_word' id='word_1_119' title='bbox 278 1704 566 1758; x_wconf 71' lang='lat' dir='ltr'><strong>Vuus.18.</strong></span> <span class='ocrx_word' id='word_1_120' title='bbox 590 1734 661 1745; x_wconf 86' lang='grc'><strong>-</strong></span> <span class='ocrx_word' id='word_1_121' title='bbox 688 1705 829 1776; x_wconf 89' lang='lat' dir='ltr'><strong>Ergo</strong></span> <span class='ocrx_word' id='word_1_122' title='bbox 850 1709 907 1760; x_wconf 90' lang='lat' dir='ltr'><strong>et</strong></span> <span class='ocrx_word' id='word_1_123' title='bbox 922 1706 1202 1777; x_wconf 76' lang='lat' dir='ltr'><strong>gentibus,</strong></span> <span class='ocrx_word' id='word_1_124' title='bbox 1234 1712 1339 1760; x_wconf 88' lang='lat' dir='ltr'><strong>etc.</strong></span> <span class='ocrx_word' id='word_1_125' title='bbox 1364 1703 1479 1758; x_wconf 90' lang='lat' dir='ltr'><strong>Hoc</strong></span> <span class='ocrx_word' id='word_1_126' title='bbox 1498 1710 1578 1757; x_wconf 89' lang='lat' dir='ltr'><strong>est</strong></span> <span class='ocrx_word' id='word_1_127' title='bbox 1600 1702 1743 1775; x_wconf 89' lang='lat' dir='ltr'><strong>quod</strong></span> <span class='ocrx_word' id='word_1_128' title='bbox 1763 1700 1817 1756; x_wconf 93' lang='lat' dir='ltr'><strong>in</strong></span> 
     </span>
    </p>
   </div>
   <div class='ocr_carea' id='block_1_19' title="bbox 204 1771 1889 1863">
    <p class='ocr_par' dir='ltr' id='par_1_19' title="bbox 204 1771 1889 1863">
     <span class='ocr_line' id='line_1_19' title="bbox 204 1771 1889 1863; baseline 0 -18"><span class='ocrx_word' id='word_1_129' title='bbox 204 1790 306 1847; x_wconf 91' lang='lat' dir='ltr'><strong>Job</strong></span> <span class='ocrx_word' id='word_1_130' title='bbox 338 1790 542 1863; x_wconf 82' lang='lat' dir='ltr'><strong>legitur</strong></span> <span class='ocrx_word' id='word_1_131' title='bbox 571 1809 585 1846; x_wconf 88' lang='lat'><strong>:</strong></span> <span class='ocrx_word' id='word_1_132' title='bbox 618 1791 702 1847; x_wconf 89' lang='lat' dir='ltr'><strong>Ab</strong></span> <span class='ocrx_word' id='word_1_133' title='bbox 721 1771 989 1863; x_wconf 77' lang='lat' dir='ltr'><strong>Aquilone</strong></span> <span class='ocrx_word' id='word_1_134' title='bbox 1015 1771 1202 1847; x_wconf 87' lang='lat' dir='ltr'><strong>aurum</strong></span> <span class='ocrx_word' id='word_1_135' title='bbox 1230 1791 1429 1857; x_wconf 86' lang='lat' dir='ltr'><strong>veniet,</strong></span> <span class='ocrx_word' id='word_1_136' title='bbox 1464 1800 1515 1846; x_wconf 87' lang='lat' dir='ltr'><strong>et</strong></span> <span class='ocrx_word' id='word_1_137' title='bbox 1548 1771 1816 1846; x_wconf 27' lang='lat' dir='ltr'><strong>adiDeum</strong></span> <span class='ocrx_word' id='word_1_138' title='bbox 1834 1771 1889 1831; x_wconf 85' lang='grc' dir='ltr'>Β</span> 
     </span>
    </p>
   </div>
   <div class='ocr_carea' id='block_1_20' title="bbox 206 1878 1817 1954">
    <p class='ocr_par' dir='ltr' id='par_1_20' title="bbox 206 1878 1817 1954">
     <span class='ocr_line' id='line_1_20' title="bbox 206 1878 1817 1954; baseline -0.001 -20"><span class='ocrx_word' id='word_1_139' title='bbox 206 1879 564 1937; x_wconf 84' lang='lat' dir='ltr'><strong>formidolosa</strong></span> <span class='ocrx_word' id='word_1_140' title='bbox 611 1880 844 1936; x_wconf 90' lang='lat' dir='ltr'><strong>laudatio</strong></span> <span class='ocrx_word' id='word_1_141' title='bbox 868 1921 883 1950; x_wconf 92' lang='lat'><strong>,</strong></span> <span class='ocrx_word' id='word_1_142' title='bbox 914 1880 1037 1954; x_wconf 91' lang='lat' dir='ltr'><strong>quia</strong></span> <span class='ocrx_word' id='word_1_143' title='bbox 1064 1880 1216 1952; x_wconf 90' lang='lat' dir='ltr'><strong>prius</strong></span> <span class='ocrx_word' id='word_1_144' title='bbox 1247 1880 1448 1952; x_wconf 88' lang='lat' dir='ltr'><strong>frigido</strong></span> <span class='ocrx_word' id='word_1_145' title='bbox 1476 1879 1717 1952; x_wconf 90' lang='lat' dir='ltr'><strong>gentium</strong></span> <span class='ocrx_word' id='word_1_146' title='bbox 1762 1878 1817 1934; x_wconf 90' lang='lat' dir='ltr'><strong>in</strong></span> 
     </span>
    </p>
   </div>
   <div class='ocr_carea' id='block_1_21' title="bbox 206 1968 1817 2041">
    <p class='ocr_par' dir='ltr' id='par_1_21' title="bbox 206 1968 1817 2041">
     <span class='ocr_line' id='line_1_21' title="bbox 206 1968 1817 2041; baseline -0.001 -17"><span class='ocrx_word' id='word_1_147' title='bbox 206 1975 436 2040; x_wconf 88' lang='lat' dir='ltr'><strong>pectore</strong></span> <span class='ocrx_word' id='word_1_148' title='bbox 494 1969 753 2041; x_wconf 88' lang='lat' dir='ltr'><strong>splendor</strong></span> <span class='ocrx_word' id='word_1_149' title='bbox 809 1968 935 2025; x_wconf 84' lang='lat' dir='ltr'><strong>ﬁdei</strong></span> <span class='ocrx_word' id='word_1_150' title='bbox 990 1978 1210 2025; x_wconf 82' lang='lat' dir='ltr'><strong>exortus</strong></span> <span class='ocrx_word' id='word_1_151' title='bbox 1266 1977 1378 2037; x_wconf 91' lang='lat' dir='ltr'><strong>est,</strong></span> <span class='ocrx_word' id='word_1_152' title='bbox 1415 1976 1467 2024; x_wconf 91' lang='lat' dir='ltr'><strong>et</strong></span> <span class='ocrx_word' id='word_1_153' title='bbox 1496 1985 1593 2040; x_wconf 91' lang='lat' dir='ltr'><strong>pro</strong></span> <span class='ocrx_word' id='word_1_154' title='bbox 1626 1968 1817 2024; x_wconf 88' lang='lat' dir='ltr'><strong>eadem</strong></span> 
     </span>
    </p>
   </div>
   <div class='ocr_carea' id='block_1_22' title="bbox 208 2056 1702 2131">
    <p class='ocr_par' dir='ltr' id='par_1_22' title="bbox 208 2056 1702 2131">
     <span class='ocr_line' id='line_1_22' title="bbox 208 2056 1702 2131; baseline 0 -20"><span class='ocrx_word' id='word_1_155' title='bbox 208 2056 493 2129; x_wconf 88' lang='lat' dir='ltr'><strong>inopinata</strong></span> <span class='ocrx_word' id='word_1_156' title='bbox 521 2056 646 2123; x_wconf 83' lang='lat' dir='ltr'><strong>fide,</strong></span> <span class='ocrx_word' id='word_1_157' title='bbox 678 2058 864 2113; x_wconf 64' lang='lat' dir='ltr'><strong>Judaaa</strong></span> <span class='ocrx_word' id='word_1_158' title='bbox 900 2060 1072 2113; x_wconf 90' lang='lat' dir='ltr'><strong>Deum</strong></span> <span class='ocrx_word' id='word_1_159' title='bbox 1103 2058 1382 2114; x_wconf 90' lang='lat' dir='ltr'><strong>tremendo</strong></span> <span class='ocrx_word' id='word_1_160' title='bbox 1413 2056 1702 2131; x_wconf 86' lang='lat' dir='ltr'><strong>gloriﬁcat.</strong></span> 
     </span>
    </p>
   </div>
   <div class='ocr_carea' id='block_1_23' title="bbox 279 2144 1819 2219">
    <p class='ocr_par' dir='ltr' id='par_1_23' title="bbox 279 2144 1819 2219">
     <span class='ocr_line' id='line_1_23' title="bbox 279 2144 1819 2219; baseline -0.001 -18"><span class='ocrx_word' id='word_1_161' title='bbox 279 2146 461 2201; x_wconf 76' lang='lat' dir='ltr'><strong>Visus.</strong></span> <span class='ocrx_word' id='word_1_162' title='bbox 497 2149 675 2204; x_wconf 78' lang='lat' dir='ltr'><strong>i9.—</strong></span> <span class='ocrx_word' id='word_1_163' title='bbox 705 2148 775 2201; x_wconf 86' lang='lat' dir='ltr'><strong>Et</strong></span> <span class='ocrx_word' id='word_1_164' title='bbox 806 2148 901 2202; x_wconf 87' lang='lat' dir='ltr'><strong>illi</strong></span> <span class='ocrx_word' id='word_1_165' title='bbox 926 2147 1173 2219; x_wconf 79' lang='lat' dir='ltr'><strong>quidem,</strong></span> <span class='ocrx_word' id='word_1_166' title='bbox 1205 2154 1307 2202; x_wconf 88' lang='lat' dir='ltr'><strong>etc.</strong></span> <span class='ocrx_word' id='word_1_167' title='bbox 1339 2145 1645 2202; x_wconf 86' lang='lat' dir='ltr'><strong>Revertitur</strong></span> <span class='ocrx_word' id='word_1_168' title='bbox 1669 2144 1738 2199; x_wconf 90' lang='lat' dir='ltr'><strong>ad</strong></span> <span class='ocrx_word' id='word_1_169' title='bbox 1763 2144 1819 2200; x_wconf 91' lang='lat' dir='ltr'><strong>id</strong></span> 
     </span>
    </p>
   </div>
   <div class='ocr_carea' id='block_1_24' title="bbox 214 2233 1819 2307">
    <p class='ocr_par' dir='ltr' id='par_1_24' title="bbox 214 2233 1819 2307">
     <span class='ocr_line' id='line_1_24' title="bbox 214 2233 1819 2307; baseline 0 -18"><span class='ocrx_word' id='word_1_170' title='bbox 214 2234 362 2307; x_wconf 89' lang='lat' dir='ltr'><strong>quod</strong></span> <span class='ocrx_word' id='word_1_171' title='bbox 384 2234 622 2289; x_wconf 84' lang='lat' dir='ltr'><strong>dixerat:</strong></span> <span class='ocrx_word' id='word_1_172' title='bbox 644 2233 808 2307; x_wconf 84' lang='lat' dir='ltr'><strong>igitur</strong></span> <span class='ocrx_word' id='word_1_173' title='bbox 825 2234 916 2305; x_wconf 94' lang='lat' dir='ltr'><strong>qui</strong></span> <span class='ocrx_word' id='word_1_174' title='bbox 936 2235 1175 2307; x_wconf 80' lang='lat' dir='ltr'><strong>dispersi</strong></span> <span class='ocrx_word' id='word_1_175' title='bbox 1194 2239 1378 2301; x_wconf 87' lang='lat' dir='ltr'><strong>erant,</strong></span> <span class='ocrx_word' id='word_1_176' title='bbox 1394 2234 1819 2307; x_wconf 74' lang='lat' dir='ltr'><strong>pertransibunt</strong></span> 
     </span>
    </p>
   </div>
   <div class='ocr_carea' id='block_1_25' title="bbox 184 2321 1819 2395">
    <p class='ocr_par' dir='ltr' id='par_1_25' title="bbox 184 2321 1819 2395">
     <span class='ocr_line' id='line_1_25' title="bbox 184 2321 1819 2395; baseline 0 -16"><span class='ocrx_word' id='word_1_177' title='bbox 184 2323 671 2395; x_wconf 53' lang='lat' dir='ltr'><strong>evangelii/antes</strong></span> <span class='ocrx_word' id='word_1_178' title='bbox 700 2323 945 2379; x_wconf 85' lang='lat' dir='ltr'><strong>verbum.</strong></span> <span class='ocrx_word' id='word_1_179' title='bbox 972 2324 1257 2379; x_wconf 89' lang='lat' dir='ltr'><strong>Interserta</strong></span> <span class='ocrx_word' id='word_1_180' title='bbox 1285 2331 1368 2379; x_wconf 87' lang='lat' dir='ltr'><strong>est</strong></span> <span class='ocrx_word' id='word_1_181' title='bbox 1387 2331 1566 2378; x_wconf 91' lang='lat' dir='ltr'><strong>autem</strong></span> <span class='ocrx_word' id='word_1_182' title='bbox 1587 2321 1819 2379; x_wconf 87' lang='lat' dir='ltr'><strong>narratio</strong></span> 
     </span>
    </p>
   </div>
   <div class='ocr_carea' id='block_1_26' title="bbox 209 2411 1281 2482">
    <p class='ocr_par' dir='ltr' id='par_1_26' title="bbox 209 2411 1281 2482">
     <span class='ocr_line' id='line_1_26' title="bbox 209 2411 1281 2482; baseline 0.002 -16"><span class='ocrx_word' id='word_1_183' title='bbox 209 2411 276 2467; x_wconf 89' lang='lat' dir='ltr'><strong>de</strong></span> <span class='ocrx_word' id='word_1_184' title='bbox 308 2411 584 2482; x_wconf 91' lang='lat' dir='ltr'><strong>Philippo,</strong></span> <span class='ocrx_word' id='word_1_185' title='bbox 615 2412 792 2476; x_wconf 88' lang='lat' dir='ltr'><strong>Petro,</strong></span> <span class='ocrx_word' id='word_1_186' title='bbox 823 2413 1062 2477; x_wconf 85' lang='lat' dir='ltr'><strong>Joanne,</strong></span> <span class='ocrx_word' id='word_1_187' title='bbox 1097 2412 1281 2468; x_wconf 88' lang='lat' dir='ltr'><strong>Paulo.</strong></span> 
     </span>
    </p>
   </div>
   <div class='ocr_carea' id='block_1_27' title="bbox 274 2499 1817 2574">
    <p class='ocr_par' dir='ltr' id='par_1_27' title="bbox 274 2499 1817 2574">
     <span class='ocr_line' id='line_1_27' title="bbox 274 2499 1817 2574; baseline 0.001 -19"><span class='ocrx_word' id='word_1_188' title='bbox 274 2501 459 2556; x_wconf 73' lang='lat' dir='ltr'><strong>Vsus.</strong></span> <span class='ocrx_word' id='word_1_189' title='bbox 488 2503 580 2557; x_wconf 91' lang='lat'><strong>20.</strong></span> <span class='ocrx_word' id='word_1_190' title='bbox 607 2530 677 2541; x_wconf 92' lang='lat'><strong>—-</strong></span> <span class='ocrx_word' id='word_1_191' title='bbox 705 2502 887 2556; x_wconf 85' lang='lat' dir='ltr'><strong>Erant</strong></span> <span class='ocrx_word' id='word_1_192' title='bbox 900 2505 1093 2557; x_wconf 88' lang='lat' dir='ltr'><strong>autem</strong></span> <span class='ocrx_word' id='word_1_193' title='bbox 1109 2501 1355 2574; x_wconf 86' lang='lat' dir='ltr'><strong>quidam.</strong></span> <span class='ocrx_word' id='word_1_194' title='bbox 1380 2500 1573 2572; x_wconf 87' lang='lat' dir='ltr'><strong>(Ihm)</strong></span> <span class='ocrx_word' id='word_1_195' title='bbox 1593 2499 1717 2555; x_wconf 93' lang='lat' dir='ltr'><strong>Non</strong></span> <span class='ocrx_word' id='word_1_196' title='bbox 1748 2499 1817 2556; x_wconf 90' lang='lat' dir='ltr'><strong>de</strong></span> 
     </span>
    </p>
   </div>
   <div class='ocr_carea' id='block_1_28' title="bbox 202 2588 1822 2660">
    <p class='ocr_par' dir='ltr' id='par_1_28' title="bbox 202 2588 1822 2660">
     <span class='ocr_line' id='line_1_28' title="bbox 202 2588 1822 2660; baseline 0 -16"><span class='ocrx_word' id='word_1_197' title='bbox 202 2588 310 2644; x_wconf 90' lang='lat' dir='ltr'><strong>illis</strong></span> <span class='ocrx_word' id='word_1_198' title='bbox 341 2588 438 2660; x_wconf 91' lang='lat' dir='ltr'><strong>qui</strong></span> <span class='ocrx_word' id='word_1_199' title='bbox 466 2588 679 2644; x_wconf 82' lang='lat' dir='ltr'><strong>fuerant</strong></span> <span class='ocrx_word' id='word_1_200' title='bbox 709 2588 939 2659; x_wconf 90' lang='lat' dir='ltr'><strong>dispersi</strong></span> <span class='ocrx_word' id='word_1_201' title='bbox 976 2589 1044 2643; x_wconf 91' lang='lat' dir='ltr'><strong>ab</strong></span> <span class='ocrx_word' id='word_1_202' title='bbox 1073 2588 1395 2655; x_wconf 84' lang='lat' dir='ltr'><strong>Jerusalem,</strong></span> <span class='ocrx_word' id='word_1_203' title='bbox 1426 2588 1543 2658; x_wconf 91' lang='lat' dir='ltr'><strong>sed,</strong></span> <span class='ocrx_word' id='word_1_204' title='bbox 1576 2596 1702 2655; x_wconf 89' lang='lat' dir='ltr'><strong>etc.,</strong></span> <span class='ocrx_word' id='word_1_205' title='bbox 1733 2604 1822 2644; x_wconf 84' lang='lat' dir='ltr'><strong>us-</strong></span> 
     </span>
    </p>
   </div>
   <div class='ocr_carea' id='block_1_29' title="bbox 209 2675 1819 2750">
    <p class='ocr_par' dir='ltr' id='par_1_29' title="bbox 209 2675 1819 2750">
     <span class='ocr_line' id='line_1_29' title="bbox 209 2675 1819 2750; baseline -0.002 -16"><span class='ocrx_word' id='word_1_206' title='bbox 209 2693 310 2750; x_wconf 83' lang='lat' dir='ltr'><strong>que</strong></span> <span class='ocrx_word' id='word_1_207' title='bbox 354 2678 431 2733; x_wconf 86' lang='lat' dir='ltr'><strong>ad</strong></span> <span class='ocrx_word' id='word_1_208' title='bbox 466 2677 607 2733; x_wconf 89' lang='lat' dir='ltr'><strong>inter</strong></span> <span class='ocrx_word' id='word_1_209' title='bbox 634 2677 855 2733; x_wconf 68' lang='lat' dir='ltr'><strong>Graecos</strong></span> <span class='ocrx_word' id='word_1_210' title='bbox 884 2677 1187 2733; x_wconf 89' lang='lat' dir='ltr'><strong>conversati</strong></span> <span class='ocrx_word' id='word_1_211' title='bbox 1219 2685 1344 2731; x_wconf 88' lang='lat' dir='ltr'><strong>sunt</strong></span> <span class='ocrx_word' id='word_1_212' title='bbox 1373 2677 1429 2731; x_wconf 92' lang='lat' dir='ltr'><strong>in</strong></span> <span class='ocrx_word' id='word_1_213' title='bbox 1458 2675 1819 2748; x_wconf 78' lang='lat' dir='ltr'><strong>dispersione.</strong></span> 
     </span>
    </p>
   </div>
   <div class='ocr_carea' id='block_1_30' title="bbox 275 2765 1827 2839">
    <p class='ocr_par' dir='ltr' id='par_1_30' title="bbox 275 2765 1827 2839">
     <span class='ocr_line' id='line_1_30' title="bbox 275 2765 1827 2839; baseline -0.003 -18"><span class='ocrx_word' id='word_1_214' title='bbox 275 2765 457 2821; x_wconf 80' lang='lat' dir='ltr'><strong>Vuus.</strong></span> <span class='ocrx_word' id='word_1_215' title='bbox 477 2769 567 2822; x_wconf 84' lang='grc'><strong>21.</strong></span> <span class='ocrx_word' id='word_1_216' title='bbox 582 2795 653 2807; x_wconf 90' lang='lat'><strong>-</strong></span> <span class='ocrx_word' id='word_1_217' title='bbox 670 2766 985 2839; x_wconf 70' lang='lat' dir='ltr'><strong>Matt-usque</strong></span> <span class='ocrx_word' id='word_1_218' title='bbox 1008 2782 1302 2822; x_wconf 87' lang='lat' dir='ltr'><strong>numerus.</strong></span> <span class='ocrx_word' id='word_1_219' title='bbox 1319 2765 1542 2838; x_wconf 72' lang='grc' dir='ltr'><strong>(ΒευΑ.)</strong></span> <span class='ocrx_word' id='word_1_220' title='bbox 1557 2767 1675 2819; x_wconf 91' lang='lat' dir='ltr'><strong>Jam</strong></span> <span class='ocrx_word' id='word_1_221' title='bbox 1700 2770 1827 2836; x_wconf 91' lang='lat' dir='ltr'><strong>post</strong></span> 
     </span>
    </p>
   </div>
   <div class='ocr_carea' id='block_1_31' title="bbox 208 2852 1826 2926">
    <p class='ocr_par' dir='ltr' id='par_1_31' title="bbox 208 2852 1826 2926">
     <span class='ocr_line' id='line_1_31' title="bbox 208 2852 1826 2926; baseline -0.002 -16"><span class='ocrx_word' id='word_1_222' title='bbox 208 2853 600 2910; x_wconf 86' lang='lat' dir='ltr'><strong>revelationem</strong></span> <span class='ocrx_word' id='word_1_223' title='bbox 627 2854 959 2926; x_wconf 73' lang='lat' dir='ltr'><strong>evangelicae</strong></span> <span class='ocrx_word' id='word_1_224' title='bbox 981 2854 1246 2926; x_wconf 81' lang='lat' dir='ltr'><strong>syndonis</strong></span> <span class='ocrx_word' id='word_1_225' title='bbox 1268 2854 1344 2925; x_wconf 91' lang='lat' dir='ltr'><strong>(in</strong></span> <span class='ocrx_word' id='word_1_226' title='bbox 1367 2870 1471 2925; x_wconf 91' lang='lat' dir='ltr'><strong>qua</strong></span> <span class='ocrx_word' id='word_1_227' title='bbox 1500 2862 1682 2909; x_wconf 91' lang='lat' dir='ltr'><strong>sancta</strong></span> <span class='ocrx_word' id='word_1_228' title='bbox 1709 2852 1826 2907; x_wconf 86' lang='lat' dir='ltr'><strong>ani-</strong></span> 
     </span>
    </p>
   </div>
   <div class='ocr_carea' id='block_1_32' title="bbox 209 2940 1825 3015">
    <p class='ocr_par' dir='ltr' id='par_1_32' title="bbox 209 2940 1825 3015">
     <span class='ocr_line' id='line_1_32' title="bbox 209 2940 1825 3015; baseline 0.001 -19"><span class='ocrx_word' id='word_1_229' title='bbox 209 2942 370 2996; x_wconf 89' lang='lat' dir='ltr'><strong>malia</strong></span> <span class='ocrx_word' id='word_1_230' title='bbox 412 2958 648 3012; x_wconf 88' lang='lat' dir='ltr'><strong>superna</strong></span> <span class='ocrx_word' id='word_1_231' title='bbox 698 2958 796 3013; x_wconf 91' lang='lat' dir='ltr'><strong>spe</strong></span> <span class='ocrx_word' id='word_1_232' title='bbox 837 2942 1203 3015; x_wconf 83' lang='lat' dir='ltr'><strong>quiescerent)</strong></span> <span class='ocrx_word' id='word_1_233' title='bbox 1235 2942 1396 3013; x_wconf 70' lang='lat' dir='ltr'><strong>cmpit</strong></span> <span class='ocrx_word' id='word_1_234' title='bbox 1425 2940 1671 2997; x_wconf 87' lang='lat' dir='ltr'><strong>Ecclesia</strong></span> <span class='ocrx_word' id='word_1_235' title='bbox 1701 2957 1825 2997; x_wconf 89' lang='lat' dir='ltr'><strong>cre-</strong></span> 
     </span>
    </p>
   </div>
   <div class='ocr_carea' id='block_1_33' title="bbox 212 3029 1825 3102">
    <p class='ocr_par' dir='ltr' id='par_1_33' title="bbox 212 3029 1825 3102">
     <span class='ocr_line' id='line_1_33' title="bbox 212 3029 1825 3102; baseline 0 -17"><span class='ocrx_word' id='word_1_236' title='bbox 212 3046 387 3100; x_wconf 85' lang='lat' dir='ltr'><strong>scere,</strong></span> <span class='ocrx_word' id='word_1_237' title='bbox 420 3046 547 3086; x_wconf 91' lang='lat' dir='ltr'><strong>cum</strong></span> <span class='ocrx_word' id='word_1_238' title='bbox 573 3046 671 3101; x_wconf 91' lang='lat' dir='ltr'><strong>per</strong></span> <span class='ocrx_word' id='word_1_239' title='bbox 700 3039 909 3086; x_wconf 83' lang='lat' dir='ltr'><strong>exteras</strong></span> <span class='ocrx_word' id='word_1_240' title='bbox 936 3030 1243 3102; x_wconf 89' lang='lat' dir='ltr'><strong>provincias</strong></span> <span class='ocrx_word' id='word_1_241' title='bbox 1262 3072 1277 3098; x_wconf 95' lang='lat'><strong>,</strong></span> <span class='ocrx_word' id='word_1_242' title='bbox 1316 3030 1521 3084; x_wconf 90' lang='lat' dir='ltr'><strong>insulas</strong></span> <span class='ocrx_word' id='word_1_243' title='bbox 1553 3039 1604 3085; x_wconf 87' lang='lat' dir='ltr'><strong>et</strong></span> <span class='ocrx_word' id='word_1_244' title='bbox 1633 3029 1825 3085; x_wconf 84' lang='lat' dir='ltr'><strong>civita-</strong></span> 
     </span>
    </p>
   </div>
   <div class='ocr_carea' id='block_1_34' title="bbox 209 3119 1892 3191">
    <p class='ocr_par' dir='ltr' id='par_1_34' title="bbox 209 3119 1892 3191">
     <span class='ocr_line' id='line_1_34' title="bbox 209 3119 1892 3191; baseline 0 -17"><span class='ocrx_word' id='word_1_245' title='bbox 209 3127 289 3175; x_wconf 88' lang='lat' dir='ltr'><strong>tes</strong></span> <span class='ocrx_word' id='word_1_246' title='bbox 316 3135 429 3175; x_wconf 90' lang='lat' dir='ltr'><strong>non</strong></span> <span class='ocrx_word' id='word_1_247' title='bbox 462 3120 636 3174; x_wconf 92' lang='lat' dir='ltr'><strong>solum</strong></span> <span class='ocrx_word' id='word_1_248' title='bbox 673 3120 901 3187; x_wconf 68' lang='lat' dir='ltr'><strong>Judazis,</strong></span> <span class='ocrx_word' id='word_1_249' title='bbox 934 3120 1031 3175; x_wconf 90' lang='lat' dir='ltr'><strong>sed</strong></span> <span class='ocrx_word' id='word_1_250' title='bbox 1064 3119 1222 3176; x_wconf 87' lang='lat' dir='ltr'><strong>etiam</strong></span> <span class='ocrx_word' id='word_1_251' title='bbox 1274 3119 1526 3191; x_wconf 86' lang='lat' dir='ltr'><strong>gentibus</strong></span> <span class='ocrx_word' id='word_1_252' title='bbox 1569 3121 1892 3191; x_wconf 83' lang='lat' dir='ltr'><strong>Evange-C</strong></span> 
     </span>
    </p>
   </div>
   <div class='ocr_carea' id='block_1_35' title="bbox 208 3207 723 3279">
    <p class='ocr_par' dir='ltr' id='par_1_35' title="bbox 208 3207 723 3279">
     <span class='ocr_line' id='line_1_35' title="bbox 208 3207 723 3279; baseline 0 -17"><span class='ocrx_word' id='word_1_253' title='bbox 208 3207 337 3263; x_wconf 90' lang='lat' dir='ltr'><strong>lium</strong></span> <span class='ocrx_word' id='word_1_254' title='bbox 368 3208 696 3279; x_wconf 74' lang='lat' dir='ltr'><strong>praedicatur</strong></span> <span class='ocrx_word' id='word_1_255' title='bbox 708 3248 723 3262; x_wconf 95' lang='lat'><strong>.</strong></span> 
     </span>
    </p>
   </div>
   <div class='ocr_carea' id='block_1_36' title="bbox 274 3295 1821 3367">
    <p class='ocr_par' dir='ltr' id='par_1_36' title="bbox 274 3295 1821 3367">
     <span class='ocr_line' id='line_1_36' title="bbox 274 3295 1821 3367; baseline -0.001 -16"><span class='ocrx_word' id='word_1_256' title='bbox 274 3295 456 3351; x_wconf 74' lang='lat' dir='ltr'><strong>Vsus.</strong></span> <span class='ocrx_word' id='word_1_257' title='bbox 480 3300 571 3352; x_wconf 90' lang='lat'><strong>22.</strong></span> <span class='ocrx_word' id='word_1_258' title='bbox 599 3325 670 3337; x_wconf 94' lang='lat'>—</span> <span class='ocrx_word' id='word_1_259' title='bbox 703 3298 772 3353; x_wconf 85' lang='lat' dir='ltr'><strong>Et</strong></span> <span class='ocrx_word' id='word_1_260' title='bbox 796 3298 1078 3353; x_wconf 84' lang='lat' dir='ltr'><strong>miserunt</strong></span> <span class='ocrx_word' id='word_1_261' title='bbox 1098 3297 1439 3353; x_wconf 85' lang='lat' dir='ltr'><strong>Barnabam.</strong></span> <span class='ocrx_word' id='word_1_262' title='bbox 1468 3296 1656 3367; x_wconf 84' lang='lat' dir='ltr'><strong>(Ihm)</strong></span> <span class='ocrx_word' id='word_1_263' title='bbox 1684 3296 1821 3350; x_wconf 89' lang='lat' dir='ltr'><strong>Bar-</strong></span> 
     </span>
    </p>
   </div>
   <div class='ocr_carea' id='block_1_37' title="bbox 216 3383 1821 3455">
    <p class='ocr_par' dir='ltr' id='par_1_37' title="bbox 216 3383 1821 3455">
     <span class='ocr_line' id='line_1_37' title="bbox 216 3383 1821 3455; baseline -0.001 -16"><span class='ocrx_word' id='word_1_264' title='bbox 216 3385 382 3439; x_wconf 90' lang='lat' dir='ltr'><strong>nabas</strong></span> <span class='ocrx_word' id='word_1_265' title='bbox 411 3383 584 3440; x_wconf 84' lang='lat' dir='ltr'><strong>virilis</strong></span> <span class='ocrx_word' id='word_1_266' title='bbox 612 3384 667 3438; x_wconf 91' lang='lat' dir='ltr'><strong>in</strong></span> <span class='ocrx_word' id='word_1_267' title='bbox 695 3384 949 3440; x_wconf 89' lang='lat' dir='ltr'><strong>bonitate.</strong></span> <span class='ocrx_word' id='word_1_268' title='bbox 995 3386 1263 3440; x_wconf 88' lang='lat' dir='ltr'><strong>Barnabas</strong></span> <span class='ocrx_word' id='word_1_269' title='bbox 1294 3401 1440 3455; x_wconf 80' lang='lat' dir='ltr'><strong>saepe</strong></span> <span class='ocrx_word' id='word_1_270' title='bbox 1471 3384 1524 3438; x_wconf 92' lang='lat' dir='ltr'><strong>in</strong></span> <span class='ocrx_word' id='word_1_271' title='bbox 1554 3384 1657 3439; x_wconf 89' lang='lat' dir='ltr'><strong>hoc</strong></span> <span class='ocrx_word' id='word_1_272' title='bbox 1684 3384 1821 3439; x_wconf 91' lang='lat' dir='ltr'><strong>libro</strong></span> 
     </span>
    </p>
   </div>
   <div class='ocr_carea' id='block_1_38' title="bbox 212 3471 1820 3544">
    <p class='ocr_par' dir='ltr' id='par_1_38' title="bbox 212 3471 1820 3544">
     <span class='ocr_line' id='line_1_38' title="bbox 212 3471 1820 3544; baseline 0.001 -17"><span class='ocrx_word' id='word_1_273' title='bbox 212 3471 485 3538; x_wconf 88' lang='lat' dir='ltr'><strong>laudatur,</strong></span> <span class='ocrx_word' id='word_1_274' title='bbox 519 3488 590 3527; x_wconf 92' lang='lat' dir='ltr'><strong>ne</strong></span> <span class='ocrx_word' id='word_1_275' title='bbox 618 3472 688 3527; x_wconf 91' lang='lat' dir='ltr'><strong>ob</strong></span> <span class='ocrx_word' id='word_1_276' title='bbox 711 3472 1085 3544; x_wconf 88' lang='lat' dir='ltr'><strong>indignitatem</strong></span> <span class='ocrx_word' id='word_1_277' title='bbox 1143 3473 1317 3528; x_wconf 90' lang='lat' dir='ltr'><strong>meriti</strong></span> <span class='ocrx_word' id='word_1_278' title='bbox 1370 3473 1673 3544; x_wconf 87' lang='lat' dir='ltr'><strong>apostolatu</strong></span> <span class='ocrx_word' id='word_1_279' title='bbox 1724 3489 1820 3528; x_wconf 88' lang='lat' dir='ltr'><strong>ca-</strong></span> 
     </span>
    </p>
   </div>
   <div class='ocr_carea' id='block_1_39' title="bbox 214 3560 1822 3634">
    <p class='ocr_par' dir='ltr' id='par_1_39' title="bbox 214 3560 1822 3634">
     <span class='ocr_line' id='line_1_39' title="bbox 214 3560 1822 3634; baseline 0.001 -19"><span class='ocrx_word' id='word_1_280' title='bbox 214 3560 387 3616; x_wconf 84' lang='lat' dir='ltr'><strong>ruisse</strong></span> <span class='ocrx_word' id='word_1_281' title='bbox 418 3560 687 3625; x_wconf 88' lang='lat' dir='ltr'><strong>credatur,</strong></span> <span class='ocrx_word' id='word_1_282' title='bbox 712 3560 804 3632; x_wconf 92' lang='lat' dir='ltr'><strong>qui</strong></span> <span class='ocrx_word' id='word_1_283' title='bbox 833 3568 1023 3632; x_wconf 89' lang='lat' dir='ltr'><strong>postea</strong></span> <span class='ocrx_word' id='word_1_284' title='bbox 1049 3561 1116 3616; x_wconf 91' lang='lat' dir='ltr'><strong>ab</strong></span> <span class='ocrx_word' id='word_1_285' title='bbox 1146 3561 1404 3633; x_wconf 89' lang='lat' dir='ltr'><strong>apostolis</strong></span> <span class='ocrx_word' id='word_1_286' title='bbox 1433 3561 1677 3634; x_wconf 89' lang='lat' dir='ltr'><strong>gentium</strong></span> <span class='ocrx_word' id='word_1_287' title='bbox 1696 3576 1822 3632; x_wconf 86' lang='lat' dir='ltr'><strong>apo-</strong></span> 
     </span>
    </p>
   </div>
   <div class='ocr_carea' id='block_1_40' title="bbox 216 3648 830 3705">
    <p class='ocr_par' dir='ltr' id='par_1_40' title="bbox 216 3648 830 3705">
     <span class='ocr_line' id='line_1_40' title="bbox 216 3648 830 3705; baseline -0.003 0"><span class='ocrx_word' id='word_1_288' title='bbox 216 3649 384 3705; x_wconf 78' lang='lat' dir='ltr'><strong>stolus</strong></span> <span class='ocrx_word' id='word_1_289' title='bbox 417 3656 504 3704; x_wconf 91' lang='lat' dir='ltr'><strong>est</strong></span> <span class='ocrx_word' id='word_1_290' title='bbox 530 3648 830 3704; x_wconf 90' lang='lat' dir='ltr'><strong>ordinatus.</strong></span> 
     </span>
    </p>
   </div>
   <div class='ocr_carea' id='block_1_41' title="bbox 284 3737 1823 3805">
    <p class='ocr_par' dir='ltr' id='par_1_41' title="bbox 284 3737 1823 3805">
     <span class='ocr_line' id='line_1_41' title="bbox 284 3737 1823 3805; baseline 0.002 -14"><span class='ocrx_word' id='word_1_291' title='bbox 284 3737 462 3793; x_wconf 76' lang='lat' dir='ltr'><strong>Vsus.</strong></span> <span class='ocrx_word' id='word_1_292' title='bbox 494 3741 585 3795; x_wconf 88' lang='lat'><strong>23.</strong></span> <span class='ocrx_word' id='word_1_293' title='bbox 612 3766 684 3779; x_wconf 90' lang='lat'><strong>-</strong></span> <span class='ocrx_word' id='word_1_294' title='bbox 704 3740 775 3793; x_wconf 87' lang='lat' dir='ltr'><strong>Et</strong></span> <span class='ocrx_word' id='word_1_295' title='bbox 805 3739 1157 3805; x_wconf 86' lang='lat' dir='ltr'><strong>hortabatur,</strong></span> <span class='ocrx_word' id='word_1_296' title='bbox 1185 3745 1286 3793; x_wconf 90' lang='lat' dir='ltr'><strong>etc.</strong></span> <span class='ocrx_word' id='word_1_297' title='bbox 1319 3737 1466 3793; x_wconf 90' lang='lat' dir='ltr'><strong>Nihil</strong></span> <span class='ocrx_word' id='word_1_298' title='bbox 1484 3738 1708 3794; x_wconf 88' lang='lat' dir='ltr'><strong>mutavit</strong></span> <span class='ocrx_word' id='word_1_299' title='bbox 1734 3737 1823 3794; x_wconf 92' lang='lat' dir='ltr'><strong>vel</strong></span> 
     </span>
    </p>
   </div>
   <div class='ocr_carea' id='block_1_42' title="bbox 221 3826 1823 3899">
    <p class='ocr_par' dir='ltr' id='par_1_42' title="bbox 221 3826 1823 3899">
     <span class='ocr_line' id='line_1_42' title="bbox 221 3826 1823 3899; baseline 0.001 -18"><span class='ocrx_word' id='word_1_300' title='bbox 221 3826 462 3892; x_wconf 87' lang='lat' dir='ltr'><strong>addidit,</strong></span> <span class='ocrx_word' id='word_1_301' title='bbox 520 3827 619 3882; x_wconf 93' lang='lat' dir='ltr'><strong>sed</strong></span> <span class='ocrx_word' id='word_1_302' title='bbox 672 3827 1127 3898; x_wconf 89' lang='lat' dir='ltr'><strong>perseverantiam</strong></span> <span class='ocrx_word' id='word_1_303' title='bbox 1171 3826 1386 3895; x_wconf 91' lang='lat' dir='ltr'><strong>docuit,</strong></span> <span class='ocrx_word' id='word_1_304' title='bbox 1420 3827 1545 3899; x_wconf 91' lang='lat' dir='ltr'><strong>quia</strong></span> <span class='ocrx_word' id='word_1_305' title='bbox 1590 3843 1718 3884; x_wconf 90' lang='lat' dir='ltr'><strong>vera</strong></span> <span class='ocrx_word' id='word_1_306' title='bbox 1770 3833 1823 3883; x_wconf 90' lang='lat' dir='ltr'><strong>et</strong></span> 
     </span>
    </p>
   </div>
   <div class='ocr_carea' id='block_1_43' title="bbox 219 3913 892 3985">
    <p class='ocr_par' dir='ltr' id='par_1_43' title="bbox 219 3913 892 3985">
     <span class='ocr_line' id='line_1_43' title="bbox 219 3913 892 3985; baseline -0.001 -14"><span class='ocrx_word' id='word_1_307' title='bbox 219 3914 377 3985; x_wconf 88' lang='lat' dir='ltr'><strong>plena</strong></span> <span class='ocrx_word' id='word_1_308' title='bbox 406 3913 552 3970; x_wconf 85' lang='lat' dir='ltr'><strong>ﬁdes</strong></span> <span class='ocrx_word' id='word_1_309' title='bbox 570 3922 683 3972; x_wconf 88' lang='lat' dir='ltr'><strong>erat</strong></span> <span class='ocrx_word' id='word_1_310' title='bbox 710 3916 765 3970; x_wconf 90' lang='lat' dir='ltr'><strong>in</strong></span> <span class='ocrx_word' id='word_1_311' title='bbox 792 3916 892 3970; x_wconf 90' lang='lat' dir='ltr'><strong>eis.</strong></span> 
     </span>
    </p>
   </div>
   <div class='ocr_carea' id='block_1_44' title="bbox 284 4003 1821 4075">
    <p class='ocr_par' dir='ltr' id='par_1_44' title="bbox 284 4003 1821 4075">
     <span class='ocr_line' id='line_1_44' title="bbox 284 4003 1821 4075; baseline 0 -16"><span class='ocrx_word' id='word_1_312' title='bbox 284 4003 463 4059; x_wconf 73' lang='lat' dir='ltr'><strong>Vnus.</strong></span> <span class='ocrx_word' id='word_1_313' title='bbox 493 4007 585 4061; x_wconf 81' lang='lat'><strong>25.</strong></span> <span class='ocrx_word' id='word_1_314' title='bbox 616 4031 687 4045; x_wconf 89' lang='lat'><strong>-—</strong></span> <span class='ocrx_word' id='word_1_315' title='bbox 722 4005 982 4059; x_wconf 73' lang='lat' dir='ltr'><strong>Tarsum.</strong></span> <span class='ocrx_word' id='word_1_316' title='bbox 1022 4004 1239 4060; x_wconf 90' lang='lat' dir='ltr'><strong>Dictum</strong></span> <span class='ocrx_word' id='word_1_317' title='bbox 1269 4012 1351 4060; x_wconf 90' lang='lat' dir='ltr'><strong>est</strong></span> <span class='ocrx_word' id='word_1_318' title='bbox 1381 4004 1525 4059; x_wconf 90' lang='lat' dir='ltr'><strong>enim</strong></span> <span class='ocrx_word' id='word_1_319' title='bbox 1572 4003 1821 4075; x_wconf 87' lang='lat' dir='ltr'><strong>superius</strong></span> 
     </span>
    </p>
   </div>
   <div class='ocr_carea' id='block_1_45' title="bbox 221 4091 1823 4164">
    <p class='ocr_par' dir='ltr' id='par_1_45' title="bbox 221 4091 1823 4164">
     <span class='ocr_line' id='line_1_45' title="bbox 221 4091 1823 4164; baseline 0 -18"><span class='ocrx_word' id='word_1_320' title='bbox 221 4092 360 4164; x_wconf 89' lang='lat' dir='ltr'><strong>quod</strong></span> <span class='ocrx_word' id='word_1_321' title='bbox 392 4091 584 4147; x_wconf 84' lang='lat' dir='ltr'><strong>fratres</strong></span> <span class='ocrx_word' id='word_1_322' title='bbox 615 4092 952 4147; x_wconf 85' lang='lat' dir='ltr'><strong>deduxerunt</strong></span> <span class='ocrx_word' id='word_1_323' title='bbox 981 4108 1105 4148; x_wconf 89' lang='lat' dir='ltr'><strong>eum</strong></span> <span class='ocrx_word' id='word_1_324' title='bbox 1134 4101 1293 4147; x_wconf 88' lang='lat' dir='ltr'><strong>nocte</strong></span> <span class='ocrx_word' id='word_1_325' title='bbox 1320 4092 1635 4148; x_wconf 66' lang='lat' dir='ltr'><strong>Csesarzeam</strong></span> <span class='ocrx_word' id='word_1_326' title='bbox 1656 4100 1711 4147; x_wconf 90' lang='lat' dir='ltr'><strong>et</strong></span> <span class='ocrx_word' id='word_1_327' title='bbox 1740 4092 1823 4147; x_wconf 88' lang='lat' dir='ltr'><strong>di-</strong></span> 
     </span>
    </p>
   </div>
   <div class='ocr_carea' id='block_1_46' title="bbox 221 4179 1820 4253">
    <p class='ocr_par' dir='ltr' id='par_1_46' title="bbox 221 4179 1820 4253">
     <span class='ocr_line' id='line_1_46' title="bbox 221 4179 1820 4253; baseline 0 -19"><span class='ocrx_word' id='word_1_328' title='bbox 221 4179 485 4235; x_wconf 90' lang='lat' dir='ltr'><strong>miserunt</strong></span> <span class='ocrx_word' id='word_1_329' title='bbox 513 4181 757 4235; x_wconf 88' lang='lat' dir='ltr'><strong>Tarsum.</strong></span> <span class='ocrx_word' id='word_1_330' title='bbox 794 4182 861 4238; x_wconf 89' lang='lat' dir='ltr'><strong>Ut</strong></span> <span class='ocrx_word' id='word_1_331' title='bbox 876 4185 1151 4253; x_wconf 64' lang='lat' dir='ltr'><strong>quaereret</strong></span> <span class='ocrx_word' id='word_1_332' title='bbox 1172 4181 1429 4238; x_wconf 90' lang='lat' dir='ltr'><strong>Saulum.</strong></span> <span class='ocrx_word' id='word_1_333' title='bbox 1452 4179 1595 4236; x_wconf 88' lang='lat' dir='ltr'><strong>Ecce</strong></span> <span class='ocrx_word' id='word_1_334' title='bbox 1610 4180 1820 4235; x_wconf 88' lang='lat' dir='ltr'><strong>bonitas</strong></span> 
     </span>
    </p>
   </div>
   <div class='ocr_carea' id='block_1_47' title="bbox 221 4268 1818 4341">
    <p class='ocr_par' dir='ltr' id='par_1_47' title="bbox 221 4268 1818 4341">
     <span class='ocr_line' id='line_1_47' title="bbox 221 4268 1818 4341; baseline 0 -18"><span class='ocrx_word' id='word_1_335' title='bbox 221 4268 481 4325; x_wconf 72' lang='lat' dir='ltr'><strong>Barnabze</strong></span> <span class='ocrx_word' id='word_1_336' title='bbox 502 4311 515 4335; x_wconf 93' lang='lat'><strong>,</strong></span> <span class='ocrx_word' id='word_1_337' title='bbox 546 4269 637 4341; x_wconf 92' lang='lat' dir='ltr'><strong>qui</strong></span> <span class='ocrx_word' id='word_1_338' title='bbox 667 4284 775 4325; x_wconf 91' lang='lat' dir='ltr'><strong>non</strong></span> <span class='ocrx_word' id='word_1_339' title='bbox 806 4269 953 4323; x_wconf 89' lang='lat' dir='ltr'><strong>solus</strong></span> <span class='ocrx_word' id='word_1_340' title='bbox 1002 4269 1276 4340; x_wconf 68' lang='lat' dir='ltr'><strong>prsesumit</strong></span> <span class='ocrx_word' id='word_1_341' title='bbox 1331 4270 1528 4325; x_wconf 88' lang='lat' dir='ltr'><strong>docere</strong></span> <span class='ocrx_word' id='word_1_342' title='bbox 1580 4269 1818 4341; x_wconf 88' lang='lat' dir='ltr'><strong>plebem,</strong></span> 
     </span>
    </p>
   </div>
   <div class='ocr_carea' id='block_1_48' title="bbox 224 4357 1248 4429">
    <p class='ocr_par' dir='ltr' id='par_1_48' title="bbox 224 4357 1248 4429">
     <span class='ocr_line' id='line_1_48' title="bbox 224 4357 1248 4429; baseline 0 -16"><span class='ocrx_word' id='word_1_343' title='bbox 224 4357 317 4413; x_wconf 76' lang='lat' dir='ltr'><strong>sed</strong></span> <span class='ocrx_word' id='word_1_344' title='bbox 344 4357 678 4429; x_wconf 90' lang='lat' dir='ltr'><strong>apostolatus</strong></span> <span class='ocrx_word' id='word_1_345' title='bbox 703 4357 895 4429; x_wconf 63' lang='lat' dir='ltr'><strong>quaerit</strong></span> <span class='ocrx_word' id='word_1_346' title='bbox 922 4365 1248 4413; x_wconf 88' lang='lat' dir='ltr'><strong>consortem.</strong></span> 
     </span>
    </p>
   </div>
   <div class='ocr_carea' id='block_1_49' title="bbox 290 4440 1817 4519">
    <p class='ocr_par' dir='ltr' id='par_1_49' title="bbox 290 4440 1817 4519">
     <span class='ocr_line' id='line_1_49' title="bbox 290 4440 1817 4519; baseline -0.001 -19"><span class='ocrx_word' id='word_1_347' title='bbox 290 4445 465 4500; x_wconf 75' lang='lat' dir='ltr'><strong>Vsus.</strong></span> <span class='ocrx_word' id='word_1_348' title='bbox 488 4449 578 4511; x_wconf 88' lang='lat'><strong>26,</strong></span> <span class='ocrx_word' id='word_1_349' title='bbox 599 4440 785 4501; x_wconf 84' lang='grc'>27.’-</span> <span class='ocrx_word' id='word_1_350' title='bbox 803 4446 1100 4519; x_wconf 74' lang='lat' dir='ltr'><strong>Discipuli,</strong></span> <span class='ocrx_word' id='word_1_351' title='bbox 1130 4446 1463 4502; x_wconf 82' lang='lat' dir='ltr'><strong>Christiani.</strong></span> <span class='ocrx_word' id='word_1_352' title='bbox 1487 4446 1553 4500; x_wconf 87' lang='lat' dir='ltr'><strong>In</strong></span> <span class='ocrx_word' id='word_1_353' title='bbox 1574 4446 1679 4511; x_wconf 87' lang='lat' dir='ltr'><strong>his,</strong></span> <span class='ocrx_word' id='word_1_354' title='bbox 1714 4452 1817 4501; x_wconf 91' lang='lat' dir='ltr'><strong>etc.</strong></span> 
     </span>
    </p>
   </div>
   <div class='ocr_carea' id='block_1_50' title="bbox 228 4532 1818 4605">
    <p class='ocr_par' dir='ltr' id='par_1_50' title="bbox 228 4532 1818 4605">
     <span class='ocr_line' id='line_1_50' title="bbox 228 4532 1818 4605; baseline 0.001 -20"><span class='ocrx_word' id='word_1_355' title='bbox 228 4532 488 4588; x_wconf 84' lang='lat' dir='ltr'><strong>Videntur</strong></span> <span class='ocrx_word' id='word_1_356' title='bbox 532 4533 781 4605; x_wconf 90' lang='lat' dir='ltr'><strong>discipuli</strong></span> <span class='ocrx_word' id='word_1_357' title='bbox 808 4533 862 4587; x_wconf 89' lang='lat' dir='ltr'><strong>in</strong></span> <span class='ocrx_word' id='word_1_358' title='bbox 894 4534 997 4590; x_wconf 89' lang='lat' dir='ltr'><strong>hoc</strong></span> <span class='ocrx_word' id='word_1_359' title='bbox 1047 4550 1156 4590; x_wconf 93' lang='lat' dir='ltr'><strong>non</strong></span> <span class='ocrx_word' id='word_1_360' title='bbox 1217 4550 1463 4589; x_wconf 85' lang='lat' dir='ltr'><strong>servasse</strong></span> <span class='ocrx_word' id='word_1_361' title='bbox 1510 4533 1818 4587; x_wconf 88' lang='lat' dir='ltr'><strong>mandatum</strong></span> 
     </span>
    </p>
   </div>
   <div class='ocr_carea' id='block_1_51' title="bbox 224 4619 1817 4691">
    <p class='ocr_par' dir='ltr' id='par_1_51' title="bbox 224 4619 1817 4691">
     <span class='ocr_line' id='line_1_51' title="bbox 224 4619 1817 4691; baseline 0 -14"><span class='ocrx_word' id='word_1_362' title='bbox 224 4619 321 4677; x_wconf 89' lang='lat' dir='ltr'><strong>Dei</strong></span> <span class='ocrx_word' id='word_1_363' title='bbox 341 4620 571 4676; x_wconf 76' lang='lat' dir='ltr'><strong>dicentis</strong></span> <span class='ocrx_word' id='word_1_364' title='bbox 595 4637 609 4676; x_wconf 93' lang='lat'><strong>:</strong></span> <span class='ocrx_word' id='word_1_365' title='bbox 635 4622 818 4678; x_wconf 84' lang='lat' dir='ltr'><strong>Nolite</strong></span> <span class='ocrx_word' id='word_1_366' title='bbox 833 4623 1070 4678; x_wconf 83' lang='lat' dir='ltr'><strong>solliciti</strong></span> <span class='ocrx_word' id='word_1_367' title='bbox 1097 4638 1214 4678; x_wconf 87' lang='lat' dir='ltr'><strong>esse</strong></span> <span class='ocrx_word' id='word_1_368' title='bbox 1235 4622 1300 4677; x_wconf 88' lang='lat' dir='ltr'><strong>de</strong></span> <span class='ocrx_word' id='word_1_369' title='bbox 1322 4623 1573 4678; x_wconf 85' lang='lat' dir='ltr'><strong>crastino</strong></span> <span class='ocrx_word' id='word_1_370' title='bbox 1594 4620 1817 4691; x_wconf 80' lang='lat' dir='ltr'><strong>(Matth.</strong></span> 
     </span>
    </p>
   </div>
   <div class='ocr_carea' id='block_1_52' title="bbox 225 4708 1823 4781">
    <p class='ocr_par' dir='ltr' id='par_1_52' title="bbox 225 4708 1823 4781">
     <span class='ocr_line' id='line_1_52' title="bbox 225 4708 1823 4781; baseline 0.002 -20"><span class='ocrx_word' id='word_1_371' title='bbox 225 4709 320 4780; x_wconf 77' lang='lat' dir='ltr'><strong>vx).</strong></span> <span class='ocrx_word' id='word_1_372' title='bbox 354 4709 465 4766; x_wconf 91' lang='lat' dir='ltr'><strong>Sed</strong></span> <span class='ocrx_word' id='word_1_373' title='bbox 494 4717 704 4765; x_wconf 87' lang='lat' dir='ltr'><strong>constat</strong></span> <span class='ocrx_word' id='word_1_374' title='bbox 730 4726 840 4766; x_wconf 94' lang='lat' dir='ltr'><strong>non</strong></span> <span class='ocrx_word' id='word_1_375' title='bbox 868 4710 970 4765; x_wconf 93' lang='lat' dir='ltr'><strong>hoc</strong></span> <span class='ocrx_word' id='word_1_376' title='bbox 1003 4726 1125 4765; x_wconf 91' lang='lat' dir='ltr'><strong>eum</strong></span> <span class='ocrx_word' id='word_1_377' title='bbox 1152 4710 1473 4781; x_wconf 86' lang='lat' dir='ltr'><strong>improbare.</strong></span> <span class='ocrx_word' id='word_1_378' title='bbox 1508 4708 1554 4763; x_wconf 89' lang='lat' dir='ltr'><strong>si</strong></span> <span class='ocrx_word' id='word_1_379' title='bbox 1585 4709 1706 4781; x_wconf 91' lang='lat' dir='ltr'><strong>quis</strong></span> <span class='ocrx_word' id='word_1_380' title='bbox 1721 4710 1823 4764; x_wconf 90' lang='lat' dir='ltr'><strong>hu-</strong></span> 
     </span>
    </p>
   </div>
   <div class='ocr_carea' id='block_1_53' title="bbox 226 4796 1820 4870">
    <p class='ocr_par' dir='ltr' id='par_1_53' title="bbox 226 4796 1820 4870">
     <span class='ocr_line' id='line_1_53' title="bbox 226 4796 1820 4870; baseline 0 -19"><span class='ocrx_word' id='word_1_381' title='bbox 226 4813 381 4853; x_wconf 89' lang='lat' dir='ltr'><strong>mano</strong></span> <span class='ocrx_word' id='word_1_382' title='bbox 406 4813 557 4853; x_wconf 91' lang='lat' dir='ltr'><strong>more</strong></span> <span class='ocrx_word' id='word_1_383' title='bbox 586 4797 685 4853; x_wconf 90' lang='lat' dir='ltr'><strong>ista</strong></span> <span class='ocrx_word' id='word_1_384' title='bbox 720 4807 990 4869; x_wconf 89' lang='lat' dir='ltr'><strong>procuret,</strong></span> <span class='ocrx_word' id='word_1_385' title='bbox 1028 4799 1124 4853; x_wconf 88' lang='lat' dir='ltr'><strong>sed</strong></span> <span class='ocrx_word' id='word_1_386' title='bbox 1155 4815 1263 4854; x_wconf 91' lang='lat' dir='ltr'><strong>non</strong></span> <span class='ocrx_word' id='word_1_387' title='bbox 1295 4812 1392 4870; x_wconf 88' lang='lat' dir='ltr'><strong>pro</strong></span> <span class='ocrx_word' id='word_1_388' title='bbox 1422 4798 1501 4853; x_wconf 91' lang='lat' dir='ltr'><strong>eis</strong></span> <span class='ocrx_word' id='word_1_389' title='bbox 1531 4799 1646 4852; x_wconf 90' lang='lat' dir='ltr'><strong>Deo</strong></span> <span class='ocrx_word' id='word_1_390' title='bbox 1673 4796 1820 4852; x_wconf 89' lang='lat' dir='ltr'><strong>mili-</strong></span> 
     </span>
    </p>
   </div>
   <div class='ocr_carea' id='block_1_54' title="bbox 227 4885 1823 4959">
    <p class='ocr_par' dir='ltr' id='par_1_54' title="bbox 227 4885 1823 4959">
     <span class='ocr_line' id='line_1_54' title="bbox 227 4885 1823 4959; baseline 0 -19"><span class='ocrx_word' id='word_1_391' title='bbox 227 4892 314 4953; x_wconf 90' lang='lat' dir='ltr'><strong>tet,</strong></span> <span class='ocrx_word' id='word_1_392' title='bbox 345 4892 402 4940; x_wconf 92' lang='lat' dir='ltr'><strong>ut</strong></span> <span class='ocrx_word' id='word_1_393' title='bbox 433 4885 487 4940; x_wconf 91' lang='lat' dir='ltr'><strong>in</strong></span> <span class='ocrx_word' id='word_1_394' title='bbox 518 4901 685 4957; x_wconf 89' lang='lat' dir='ltr'><strong>opere</strong></span> <span class='ocrx_word' id='word_1_395' title='bbox 717 4902 815 4942; x_wconf 90' lang='lat' dir='ltr'><strong>suo</strong></span> <span class='ocrx_word' id='word_1_396' title='bbox 845 4902 954 4942; x_wconf 90' lang='lat' dir='ltr'><strong>non</strong></span> <span class='ocrx_word' id='word_1_397' title='bbox 985 4904 1215 4959; x_wconf 88' lang='lat' dir='ltr'><strong>regnum</strong></span> <span class='ocrx_word' id='word_1_398' title='bbox 1236 4886 1357 4955; x_wconf 90' lang='lat' dir='ltr'><strong>Dei,</strong></span> <span class='ocrx_word' id='word_1_399' title='bbox 1380 4887 1477 4942; x_wconf 88' lang='lat' dir='ltr'><strong>sed</strong></span> <span class='ocrx_word' id='word_1_400' title='bbox 1508 4885 1823 4957; x_wconf 86' lang='lat' dir='ltr'><strong>temporalia</strong></span> 
     </span>
    </p>
   </div>
   <div class='ocr_carea' id='block_1_55' title="bbox 229 4973 1821 5047">
    <p class='ocr_par' dir='ltr' id='par_1_55' title="bbox 229 4973 1821 5047">
     <span class='ocr_line' id='line_1_55' title="bbox 229 4973 1821 5047; baseline 0.001 -20"><span class='ocrx_word' id='word_1_401' title='bbox 229 4973 511 5030; x_wconf 89' lang='lat' dir='ltr'><strong>intueatur.</strong></span> <span class='ocrx_word' id='word_1_402' title='bbox 561 4974 646 5029; x_wconf 93' lang='lat' dir='ltr'><strong>Ad</strong></span> <span class='ocrx_word' id='word_1_403' title='bbox 674 4974 811 5031; x_wconf 90' lang='lat' dir='ltr'><strong>hanc</strong></span> <span class='ocrx_word' id='word_1_404' title='bbox 860 4991 991 5047; x_wconf 89' lang='lat' dir='ltr'><strong>ergo</strong></span> <span class='ocrx_word' id='word_1_405' title='bbox 1044 4976 1285 5047; x_wconf 89' lang='lat' dir='ltr'><strong>regulam</strong></span> <span class='ocrx_word' id='word_1_406' title='bbox 1343 4976 1445 5031; x_wconf 93' lang='lat' dir='ltr'><strong>hoc</strong></span> <span class='ocrx_word' id='word_1_407' title='bbox 1494 4983 1821 5047; x_wconf 66' lang='lat' dir='ltr'><strong>praeceptum</strong></span> 
     </span>
    </p>
   </div>
   <div class='ocr_carea' id='block_1_56' title="bbox 228 5062 1819 5136">
    <p class='ocr_par' dir='ltr' id='par_1_56' title="bbox 228 5062 1819 5136">
     <span class='ocr_line' id='line_1_56' title="bbox 228 5062 1819 5136; baseline 0.003 -22"><span class='ocrx_word' id='word_1_408' title='bbox 228 5063 507 5135; x_wconf 87' lang='lat' dir='ltr'><strong>redigitur,</strong></span> <span class='ocrx_word' id='word_1_409' title='bbox 540 5071 599 5117; x_wconf 95' lang='lat' dir='ltr'><strong>ut</strong></span> <span class='ocrx_word' id='word_1_410' title='bbox 618 5063 672 5117; x_wconf 91' lang='lat' dir='ltr'><strong>in</strong></span> <span class='ocrx_word' id='word_1_411' title='bbox 705 5064 895 5119; x_wconf 89' lang='lat' dir='ltr'><strong>horum</strong></span> <span class='ocrx_word' id='word_1_412' title='bbox 924 5063 1234 5135; x_wconf 88' lang='lat' dir='ltr'><strong>provisione</strong></span> <span class='ocrx_word' id='word_1_413' title='bbox 1250 5081 1481 5136; x_wconf 87' lang='lat' dir='ltr'><strong>regnum</strong></span> <span class='ocrx_word' id='word_1_414' title='bbox 1513 5062 1613 5119; x_wconf 91' lang='lat' dir='ltr'><strong>Dei</strong></span> <span class='ocrx_word' id='word_1_415' title='bbox 1641 5071 1819 5120; x_wconf 86' lang='lat' dir='ltr'><strong>atten-</strong></span> 
     </span>
    </p>
   </div>
   <div class='ocr_carea' id='block_1_57' title="bbox 229 5150 1637 5224">
    <p class='ocr_par' dir='ltr' id='par_1_57' title="bbox 229 5150 1637 5224">
     <span class='ocr_line' id='line_1_57' title="bbox 229 5150 1637 5224; baseline 0.001 -19"><span class='ocrx_word' id='word_1_416' title='bbox 229 5150 411 5206; x_wconf 87' lang='lat' dir='ltr'><strong>damus</strong></span> <span class='ocrx_word' id='word_1_417' title='bbox 444 5170 458 5206; x_wconf 89' lang='lat'>:</span> <span class='ocrx_word' id='word_1_418' title='bbox 493 5151 592 5207; x_wconf 91' lang='lat' dir='ltr'><strong>sed</strong></span> <span class='ocrx_word' id='word_1_419' title='bbox 624 5151 678 5206; x_wconf 89' lang='lat' dir='ltr'><strong>in</strong></span> <span class='ocrx_word' id='word_1_420' title='bbox 709 5151 894 5206; x_wconf 88' lang='lat' dir='ltr'><strong>militia</strong></span> <span class='ocrx_word' id='word_1_421' title='bbox 923 5152 1023 5207; x_wconf 89' lang='lat' dir='ltr'><strong>Dei</strong></span> <span class='ocrx_word' id='word_1_422' title='bbox 1053 5153 1153 5206; x_wconf 90' lang='lat' dir='ltr'><strong>ista</strong></span> <span class='ocrx_word' id='word_1_423' title='bbox 1182 5168 1290 5208; x_wconf 92' lang='lat' dir='ltr'><strong>non</strong></span> <span class='ocrx_word' id='word_1_424' title='bbox 1319 5153 1637 5224; x_wconf 86' lang='lat' dir='ltr'><strong>cogitemus.</strong></span> 
     </span>
    </p>
   </div>
   <div class='ocr_carea' id='block_1_58' title="bbox 294 5239 1820 5313">
    <p class='ocr_par' dir='ltr' id='par_1_58' title="bbox 294 5239 1820 5313">
     <span class='ocr_line' id='line_1_58' title="bbox 294 5239 1820 5313; baseline 0.001 -18"><span class='ocrx_word' id='word_1_425' title='bbox 294 5241 604 5312; x_wconf 71' lang='lat' dir='ltr'><strong>Propheta.</strong></span> <span class='ocrx_word' id='word_1_426' title='bbox 624 5240 813 5311; x_wconf 88' lang='lat' dir='ltr'><strong>(Ihm)</strong></span> <span class='ocrx_word' id='word_1_427' title='bbox 844 5241 924 5295; x_wconf 92' lang='lat' dir='ltr'><strong>De</strong></span> <span class='ocrx_word' id='word_1_428' title='bbox 951 5239 1149 5312; x_wconf 88' lang='lat' dir='ltr'><strong>quibus</strong></span> <span class='ocrx_word' id='word_1_429' title='bbox 1178 5239 1378 5296; x_wconf 91' lang='lat' dir='ltr'><strong>dictum</strong></span> <span class='ocrx_word' id='word_1_430' title='bbox 1409 5248 1489 5296; x_wconf 90' lang='lat' dir='ltr'><strong>est</strong></span> <span class='ocrx_word' id='word_1_431' title='bbox 1520 5257 1533 5294; x_wconf 89' lang='lat'><strong>:</strong></span> <span class='ocrx_word' id='word_1_432' title='bbox 1569 5242 1640 5297; x_wconf 86' lang='lat' dir='ltr'><strong>Et</strong></span> <span class='ocrx_word' id='word_1_433' title='bbox 1681 5255 1820 5313; x_wconf 89' lang='lat' dir='ltr'><strong>pro-</strong></span> 
     </span>
    </p>
   </div>
   <div class='ocr_carea' id='block_1_59' title="bbox 231 5326 1822 5401">
    <p class='ocr_par' dir='ltr' id='par_1_59' title="bbox 231 5326 1822 5401">
     <span class='ocr_line' id='line_1_59' title="bbox 231 5326 1822 5401; baseline 0.002 -18"><span class='ocrx_word' id='word_1_434' title='bbox 231 5326 537 5398; x_wconf 85' lang='lat' dir='ltr'><strong>phetabunt</strong></span> <span class='ocrx_word' id='word_1_435' title='bbox 581 5328 693 5397; x_wconf 85' lang='lat' dir='ltr'><strong>ﬁlii</strong></span> <span class='ocrx_word' id='word_1_436' title='bbox 720 5330 896 5384; x_wconf 84' lang='lat' dir='ltr'><strong>vestri</strong></span> <span class='ocrx_word' id='word_1_437' title='bbox 936 5329 1097 5400; x_wconf 86' lang='lat' dir='ltr'><strong>(Joel.</strong></span> <span class='ocrx_word' id='word_1_438' title='bbox 1128 5330 1211 5401; x_wconf 82' lang='grc' dir='ltr'><strong>ιι).</strong></span> <span class='ocrx_word' id='word_1_439' title='bbox 1245 5330 1383 5385; x_wconf 89' lang='lat' dir='ltr'><strong>Laus</strong></span> <span class='ocrx_word' id='word_1_440' title='bbox 1410 5337 1494 5385; x_wconf 90' lang='lat' dir='ltr'><strong>est</strong></span> <span class='ocrx_word' id='word_1_441' title='bbox 1522 5327 1822 5386; x_wconf 64' lang='lat' dir='ltr'><strong>Antiochia:</strong></span> 
     </span>
    </p>
   </div>
   <div class='ocr_carea' id='block_1_60' title="bbox 236 5412 1212 5488">
    <p class='ocr_par' dir='ltr' id='par_1_60' title="bbox 236 5412 1212 5488">
     <span class='ocr_line' id='line_1_60' title="bbox 236 5412 1212 5488; baseline 0.002 -17"><span class='ocrx_word' id='word_1_442' title='bbox 236 5430 333 5486; x_wconf 85' lang='lat' dir='ltr'><strong>quo</strong></span> <span class='ocrx_word' id='word_1_443' title='bbox 362 5415 517 5471; x_wconf 90' lang='lat' dir='ltr'><strong>multi</strong></span> <span class='ocrx_word' id='word_1_444' title='bbox 538 5412 765 5488; x_wconf 84' lang='lat' dir='ltr'><strong>perfecti</strong></span> <span class='ocrx_word' id='word_1_445' title='bbox 793 5417 1212 5474; x_wconf 86' lang='lat' dir='ltr'><strong>conveniebant.</strong></span> 
     </span>
    </p>
   </div>
   <div class='ocr_carea' id='block_1_61' title="bbox 829 5550 1212 5609">
    <p class='ocr_par' dir='ltr' id='par_1_61' title="bbox 829 5550 1212 5609">
     <span class='ocr_line' id='line_1_61' title="bbox 829 5550 1212 5609; baseline 0 -3"><span class='ocrx_word' id='word_1_446' title='bbox 829 5550 1053 5609; x_wconf 79' lang='lat' dir='ltr'><strong>CAPUT</strong></span> <span class='ocrx_word' id='word_1_447' title='bbox 1089 5551 1212 5608; x_wconf 82' lang='lat' dir='ltr'><strong>XII.</strong></span> 
     </span>
    </p>
   </div>
   <div class='ocr_carea' id='block_1_62' title="bbox 301 5663 1820 5740">
    <p class='ocr_par' dir='ltr' id='par_1_62' title="bbox 301 5663 1820 5740">
     <span class='ocr_line' id='line_1_62' title="bbox 301 5663 1820 5740; baseline 0.005 -19"><span class='ocrx_word' id='word_1_448' title='bbox 301 5663 466 5722; x_wconf 77' lang='lat' dir='ltr'><strong>Vsus.</strong></span> <span class='ocrx_word' id='word_1_449' title='bbox 499 5667 552 5721; x_wconf 73' lang='grc' dir='ltr'>ι.</span> <span class='ocrx_word' id='word_1_450' title='bbox 593 5695 664 5709; x_wconf 87' lang='grc'><strong>-</strong></span> <span class='ocrx_word' id='word_1_451' title='bbox 710 5666 964 5734; x_wconf 80' lang='lat' dir='ltr'><strong>Quatuor</strong></span> <span class='ocrx_word' id='word_1_452' title='bbox 997 5667 1483 5740; x_wconf 79' lang='lat' dir='ltr'><strong>quaternionibus.</strong></span> <span class='ocrx_word' id='word_1_453' title='bbox 1518 5665 1820 5737; x_wconf 85' lang='lat' dir='ltr'><strong>Quaternio</strong></span> 
     </span>
    </p>
   </div>
   <div class='ocr_carea' id='block_1_63' title="bbox 1917 498 3505 573">
    <p class='ocr_par' dir='ltr' id='par_1_63' title="bbox 1917 498 3505 573">
     <span class='ocr_line' id='line_1_63' title="bbox 1917 498 3505 573; baseline 0 -17"><span class='ocrx_word' id='word_1_454' title='bbox 1917 500 2000 558; x_wconf 89' lang='lat' dir='ltr'><strong>rio</strong></span> <span class='ocrx_word' id='word_1_455' title='bbox 2016 509 2252 567; x_wconf 89' lang='lat' dir='ltr'><strong>centum,</strong></span> <span class='ocrx_word' id='word_1_456' title='bbox 2268 501 2345 556; x_wconf 91' lang='lat' dir='ltr'><strong>ita</strong></span> <span class='ocrx_word' id='word_1_457' title='bbox 2360 499 2644 573; x_wconf 88' lang='lat' dir='ltr'><strong>quaternio</strong></span> <span class='ocrx_word' id='word_1_458' title='bbox 2661 508 2889 571; x_wconf 88' lang='lat' dir='ltr'><strong>quatuor</strong></span> <span class='ocrx_word' id='word_1_459' title='bbox 2907 499 3009 556; x_wconf 91' lang='lat' dir='ltr'><strong>sub</strong></span> <span class='ocrx_word' id='word_1_460' title='bbox 3022 516 3083 556; x_wconf 90' lang='lat' dir='ltr'><strong>se</strong></span> <span class='ocrx_word' id='word_1_461' title='bbox 3101 498 3300 555; x_wconf 90' lang='lat' dir='ltr'><strong>milites</strong></span> <span class='ocrx_word' id='word_1_462' title='bbox 3322 500 3505 556; x_wconf 89' lang='lat' dir='ltr'><strong>habet.</strong></span> 
     </span>
    </p>
   </div>
   <div class='ocr_carea' id='block_1_64' title="bbox 1999 588 3510 662">
    <p class='ocr_par' dir='ltr' id='par_1_64' title="bbox 1999 588 3510 662">
     <span class='ocr_line' id='line_1_64' title="bbox 1999 588 3510 662; baseline -0.003 -15"><span class='ocrx_word' id='word_1_463' title='bbox 1999 591 2209 655; x_wconf 82' lang='lat' dir='ltr'><strong>Valens,</strong></span> <span class='ocrx_word' id='word_1_464' title='bbox 2238 598 2349 645; x_wconf 90' lang='lat' dir='ltr'><strong>etc.</strong></span> <span class='ocrx_word' id='word_1_465' title='bbox 2386 588 2574 662; x_wconf 81' lang='lat' dir='ltr'><strong>(Ihm)</strong></span> <span class='ocrx_word' id='word_1_466' title='bbox 2602 589 2848 661; x_wconf 89' lang='lat' dir='ltr'><strong>Amplior</strong></span> <span class='ocrx_word' id='word_1_467' title='bbox 2877 589 3022 644; x_wconf 90' lang='lat' dir='ltr'><strong>enim</strong></span> <span class='ocrx_word' id='word_1_468' title='bbox 3050 588 3225 662; x_wconf 87' lang='lat' dir='ltr'><strong>gratia</strong></span> <span class='ocrx_word' id='word_1_469' title='bbox 3252 596 3426 655; x_wconf 78' lang='lat' dir='ltr'><strong>esset,</strong></span> <span class='ocrx_word' id='word_1_470' title='bbox 3461 588 3510 643; x_wconf 89' lang='lat' dir='ltr'><strong>si</strong></span> 
     </span>
    </p>
   </div>
   <div class='ocr_carea' id='block_1_65' title="bbox 1914 678 3511 751">
    <p class='ocr_par' dir='ltr' id='par_1_65' title="bbox 1914 678 3511 751">
     <span class='ocr_line' id='line_1_65' title="bbox 1914 678 3511 751; baseline -0.001 -17"><span class='ocrx_word' id='word_1_471' title='bbox 1914 679 2019 749; x_wconf 90' lang='lat' dir='ltr'><strong>ipsi</strong></span> <span class='ocrx_word' id='word_1_472' title='bbox 2050 695 2173 734; x_wconf 89' lang='lat' dir='ltr'><strong>eum</strong></span> <span class='ocrx_word' id='word_1_473' title='bbox 2202 678 2513 734; x_wconf 89' lang='lat' dir='ltr'><strong>occiderent</strong></span> <span class='ocrx_word' id='word_1_474' title='bbox 2539 679 2731 744; x_wconf 67' lang='lat' dir='ltr'><strong>Judmi,</strong></span> <span class='ocrx_word' id='word_1_475' title='bbox 2765 678 2889 751; x_wconf 89' lang='lat' dir='ltr'><strong>quia</strong></span> <span class='ocrx_word' id='word_1_476' title='bbox 2916 678 3173 750; x_wconf 89' lang='lat' dir='ltr'><strong>princeps</strong></span> <span class='ocrx_word' id='word_1_477' title='bbox 3202 686 3317 734; x_wconf 89' lang='lat' dir='ltr'><strong>erat</strong></span> <span class='ocrx_word' id='word_1_478' title='bbox 3336 720 3350 744; x_wconf 94' lang='lat'><strong>,</strong></span> <span class='ocrx_word' id='word_1_479' title='bbox 3401 693 3511 734; x_wconf 88' lang='lat' dir='ltr'><strong>non</strong></span> 
     </span>
    </p>
   </div>
   <div class='ocr_carea' id='block_1_66' title="bbox 1916 766 2866 840">
    <p class='ocr_par' dir='ltr' id='par_1_66' title="bbox 1916 766 2866 840">
     <span class='ocr_line' id='line_1_66' title="bbox 1916 766 2866 840; baseline 0 -19"><span class='ocrx_word' id='word_1_480' title='bbox 1916 766 2035 840; x_wconf 90' lang='lat' dir='ltr'><strong>ipse</strong></span> <span class='ocrx_word' id='word_1_481' title='bbox 2062 767 2328 833; x_wconf 85' lang='lat' dir='ltr'><strong>Herodes,</strong></span> <span class='ocrx_word' id='word_1_482' title='bbox 2362 767 2500 823; x_wconf 92' lang='lat' dir='ltr'><strong>sicut</strong></span> <span class='ocrx_word' id='word_1_483' title='bbox 2527 775 2577 822; x_wconf 90' lang='lat' dir='ltr'><strong>et</strong></span> <span class='ocrx_word' id='word_1_484' title='bbox 2606 767 2866 823; x_wconf 90' lang='lat' dir='ltr'><strong>Jacobus.</strong></span> 
     </span>
    </p>
   </div>
   <div class='ocr_carea' id='block_1_67' title="bbox 1989 853 3512 926">
    <p class='ocr_par' dir='ltr' id='par_1_67' title="bbox 1989 853 3512 926">
     <span class='ocr_line' id='line_1_67' title="bbox 1989 853 3512 926; baseline 0.001 -16"><span class='ocrx_word' id='word_1_485' title='bbox 1989 856 2159 911; x_wconf 81' lang='lat' dir='ltr'><strong>Vuus.</strong></span> <span class='ocrx_word' id='word_1_486' title='bbox 2191 860 2243 911; x_wconf 87' lang='lat'><strong>6.</strong></span> <span class='ocrx_word' id='word_1_487' title='bbox 2267 886 2337 897; x_wconf 95' lang='lat'>—</span> <span class='ocrx_word' id='word_1_488' title='bbox 2369 856 2588 922; x_wconf 82' lang='lat' dir='ltr'><strong>Milites,</strong></span> <span class='ocrx_word' id='word_1_489' title='bbox 2627 857 2868 924; x_wconf 87' lang='lat' dir='ltr'><strong>vinctus,</strong></span> <span class='ocrx_word' id='word_1_490' title='bbox 2903 863 3007 911; x_wconf 90' lang='lat' dir='ltr'><strong>etc.</strong></span> <span class='ocrx_word' id='word_1_491' title='bbox 3039 854 3226 926; x_wconf 86' lang='lat' dir='ltr'><strong>(Ihm)</strong></span> <span class='ocrx_word' id='word_1_492' title='bbox 3266 853 3512 924; x_wconf 88' lang='lat' dir='ltr'><strong>Quatuor</strong></span> 
     </span>
    </p>
   </div>
   <div class='ocr_carea' id='block_1_68' title="bbox 1917 943 3508 1014">
    <p class='ocr_par' dir='ltr' id='par_1_68' title="bbox 1917 943 3508 1014">
     <span class='ocr_line' id='line_1_68' title="bbox 1917 943 3508 1014; baseline 0.001 -15"><span class='ocrx_word' id='word_1_493' title='bbox 1917 943 2259 1002; x_wconf 78' lang='lat' dir='ltr'><strong>ditﬁcultates</strong></span> <span class='ocrx_word' id='word_1_494' title='bbox 2302 944 2577 1000; x_wconf 87' lang='lat' dir='ltr'><strong>cumulant</strong></span> <span class='ocrx_word' id='word_1_495' title='bbox 2622 944 2923 1000; x_wconf 89' lang='lat' dir='ltr'><strong>custodiam</strong></span> <span class='ocrx_word' id='word_1_496' title='bbox 2955 961 2967 998; x_wconf 90' lang='lat'><strong>:</strong></span> <span class='ocrx_word' id='word_1_497' title='bbox 3001 943 3225 1010; x_wconf 87' lang='lat' dir='ltr'><strong>milites,</strong></span> <span class='ocrx_word' id='word_1_498' title='bbox 3278 952 3508 1014; x_wconf 71' lang='lat' dir='ltr'><strong>catenae,</strong></span> 
     </span>
    </p>
   </div>
   <div class='ocr_carea' id='block_1_69' title="bbox 1918 1034 2433 1101">
    <p class='ocr_par' dir='ltr' id='par_1_69' title="bbox 1918 1034 2433 1101">
     <span class='ocr_line' id='line_1_69' title="bbox 1918 1034 2433 1101; baseline -0.002 -11"><span class='ocrx_word' id='word_1_499' title='bbox 1918 1048 2126 1101; x_wconf 89' lang='lat' dir='ltr'><strong>carcer,</strong></span> <span class='ocrx_word' id='word_1_500' title='bbox 2158 1034 2433 1089; x_wconf 87' lang='lat' dir='ltr'><strong>custodes.</strong></span> 
     </span>
    </p>
   </div>
   <div class='ocr_carea' id='block_1_70' title="bbox 1989 1120 3509 1195">
    <p class='ocr_par' dir='ltr' id='par_1_70' title="bbox 1989 1120 3509 1195">
     <span class='ocr_line' id='line_1_70' title="bbox 1989 1120 3509 1195; baseline -0.001 -17"><span class='ocrx_word' id='word_1_501' title='bbox 1989 1124 2158 1178; x_wconf 73' lang='lat' dir='ltr'><strong>Vnus.</strong></span> <span class='ocrx_word' id='word_1_502' title='bbox 2184 1124 2238 1177; x_wconf 86' lang='lat'><strong>’7.</strong></span> <span class='ocrx_word' id='word_1_503' title='bbox 2260 1153 2330 1163; x_wconf 98' lang='lat'><strong>—</strong></span> <span class='ocrx_word' id='word_1_504' title='bbox 2353 1124 2591 1179; x_wconf 88' lang='lat' dir='ltr'><strong>Lumen.</strong></span> <span class='ocrx_word' id='word_1_505' title='bbox 2615 1121 2841 1195; x_wconf 88' lang='lat' dir='ltr'><strong>Signum</strong></span> <span class='ocrx_word' id='word_1_506' title='bbox 2869 1121 3177 1193; x_wconf 59' lang='lat' dir='ltr'><strong>praesentiae</strong></span> <span class='ocrx_word' id='word_1_507' title='bbox 3203 1120 3385 1194; x_wconf 81' lang='lat' dir='ltr'><strong>angeli</strong></span> <span class='ocrx_word' id='word_1_508' title='bbox 3407 1120 3509 1177; x_wconf 91' lang='lat' dir='ltr'><strong>Dei</strong></span> 
     </span>
    </p>
   </div>
   <div class='ocr_carea' id='block_1_71' title="bbox 1916 1208 3510 1282">
    <p class='ocr_par' dir='ltr' id='par_1_71' title="bbox 1916 1208 3510 1282">
     <span class='ocr_line' id='line_1_71' title="bbox 1916 1208 3510 1282; baseline -0.001 -16"><span class='ocrx_word' id='word_1_509' title='bbox 1916 1211 2071 1280; x_wconf 89' lang='lat' dir='ltr'><strong>cujus</strong></span> <span class='ocrx_word' id='word_1_510' title='bbox 2100 1210 2390 1282; x_wconf 69' lang='lat' dir='ltr'><strong>praesentia</strong></span> <span class='ocrx_word' id='word_1_511' title='bbox 2418 1210 2520 1266; x_wconf 91' lang='lat' dir='ltr'><strong>soli</strong></span> <span class='ocrx_word' id='word_1_512' title='bbox 2550 1212 2707 1266; x_wconf 90' lang='lat' dir='ltr'><strong>Petro</strong></span> <span class='ocrx_word' id='word_1_513' title='bbox 2734 1210 2920 1267; x_wconf 90' lang='lat' dir='ltr'><strong>lumen</strong></span> <span class='ocrx_word' id='word_1_514' title='bbox 2947 1210 3246 1281; x_wconf 67' lang='lat' dir='ltr'><strong>praebebat,</strong></span> <span class='ocrx_word' id='word_1_515' title='bbox 3267 1225 3370 1267; x_wconf 88' lang='lat' dir='ltr'><strong>nec</strong></span> <span class='ocrx_word' id='word_1_516' title='bbox 3388 1208 3510 1266; x_wconf 88' lang='lat' dir='ltr'><strong>aliis</strong></span> 
     </span>
    </p>
   </div>
   <div class='ocr_carea' id='block_1_72' title="bbox 1917 1298 2245 1373">
    <p class='ocr_par' dir='ltr' id='par_1_72' title="bbox 1917 1298 2245 1373">
     <span class='ocr_line' id='line_1_72' title="bbox 1917 1298 2245 1373; baseline -0.006 -16"><span class='ocrx_word' id='word_1_517' title='bbox 1917 1298 2245 1373; x_wconf 82' lang='lat' dir='ltr'><strong>refulgebat.</strong></span> 
     </span>
    </p>
   </div>
   <div class='ocr_carea' id='block_1_73' title="bbox 1986 1387 3511 1461">
    <p class='ocr_par' dir='ltr' id='par_1_73' title="bbox 1986 1387 3511 1461">
     <span class='ocr_line' id='line_1_73' title="bbox 1986 1387 3511 1461; baseline 0 -16"><span class='ocrx_word' id='word_1_518' title='bbox 1986 1391 2384 1461; x_wconf 86' lang='lat' dir='ltr'><strong>Percussoque.</strong></span> <span class='ocrx_word' id='word_1_519' title='bbox 2416 1388 2604 1459; x_wconf 89' lang='lat' dir='ltr'><strong>(Ihm)</strong></span> <span class='ocrx_word' id='word_1_520' title='bbox 2634 1389 2857 1444; x_wconf 88' lang='lat' dir='ltr'><strong>Tactum</strong></span> <span class='ocrx_word' id='word_1_521' title='bbox 2883 1387 3245 1459; x_wconf 88' lang='lat' dir='ltr'><strong>corporalem,</strong></span> <span class='ocrx_word' id='word_1_522' title='bbox 3278 1403 3511 1461; x_wconf 87' lang='lat' dir='ltr'><strong>corpore</strong></span> 
     </span>
    </p>
   </div>
   <div class='ocr_carea' id='block_1_74' title="bbox 1917 1476 3119 1550">
    <p class='ocr_par' dir='ltr' id='par_1_74' title="bbox 1917 1476 3119 1550">
     <span class='ocr_line' id='line_1_74' title="bbox 1917 1476 3119 1550; baseline -0.001 -18"><span class='ocrx_word' id='word_1_523' title='bbox 1917 1493 1984 1532; x_wconf 85' lang='lat' dir='ltr'><strong>ex</strong></span> <span class='ocrx_word' id='word_1_524' title='bbox 2012 1493 2141 1533; x_wconf 90' lang='lat' dir='ltr'><strong>aere</strong></span> <span class='ocrx_word' id='word_1_525' title='bbox 2172 1485 2406 1549; x_wconf 90' lang='lat' dir='ltr'><strong>sumpto,</strong></span> <span class='ocrx_word' id='word_1_526' title='bbox 2440 1476 2613 1548; x_wconf 87' lang='lat' dir='ltr'><strong>potuit</strong></span> <span class='ocrx_word' id='word_1_527' title='bbox 2643 1477 2843 1532; x_wconf 89' lang='lat' dir='ltr'><strong>habere</strong></span> <span class='ocrx_word' id='word_1_528' title='bbox 2873 1476 3119 1550; x_wconf 85' lang='lat' dir='ltr'><strong>angelus.</strong></span> 
     </span>
    </p>
   </div>
   <div class='ocr_carea' id='block_1_75' title="bbox 1989 1564 3509 1622">
    <p class='ocr_par' dir='ltr' id='par_1_75' title="bbox 1989 1564 3509 1622">
     <span class='ocr_line' id='line_1_75' title="bbox 1989 1564 3509 1622; baseline -0.001 -2"><span class='ocrx_word' id='word_1_529' title='bbox 1989 1566 2160 1622; x_wconf 73' lang='lat' dir='ltr'><strong>Vsus.</strong></span> <span class='ocrx_word' id='word_1_530' title='bbox 2196 1569 2281 1621; x_wconf 82' lang='lat' dir='ltr'><strong>H.</strong></span> <span class='ocrx_word' id='word_1_531' title='bbox 2320 1596 2389 1606; x_wconf 96' lang='lat'><strong>—</strong></span> <span class='ocrx_word' id='word_1_532' title='bbox 2417 1566 2499 1621; x_wconf 82' lang='lat' dir='ltr'><strong>Ad</strong></span> <span class='ocrx_word' id='word_1_533' title='bbox 2528 1582 2585 1622; x_wconf 88' lang='lat' dir='ltr'><strong>se</strong></span> <span class='ocrx_word' id='word_1_534' title='bbox 2614 1581 2891 1622; x_wconf 84' lang='lat' dir='ltr'><strong>reversus.</strong></span> <span class='ocrx_word' id='word_1_535' title='bbox 2922 1568 2969 1620; x_wconf 87' lang='lat' dir='ltr'><strong>A</strong></span> <span class='ocrx_word' id='word_1_536' title='bbox 2999 1564 3233 1621; x_wconf 88' lang='lat' dir='ltr'><strong>culmine</strong></span> <span class='ocrx_word' id='word_1_537' title='bbox 3261 1572 3509 1622; x_wconf 87' lang='lat' dir='ltr'><strong>contem-</strong></span> 
     </span>
    </p>
   </div>
   <div class='ocr_carea' id='block_1_76' title="bbox 1916 1652 3511 1726">
    <p class='ocr_par' dir='ltr' id='par_1_76' title="bbox 1916 1652 3511 1726">
     <span class='ocr_line' id='line_1_76' title="bbox 1916 1652 3511 1726; baseline 0.002 -19"><span class='ocrx_word' id='word_1_538' title='bbox 1916 1653 2174 1724; x_wconf 89' lang='lat' dir='ltr'><strong>plationis</strong></span> <span class='ocrx_word' id='word_1_539' title='bbox 2203 1655 2271 1709; x_wconf 91' lang='lat' dir='ltr'><strong>ad</strong></span> <span class='ocrx_word' id='word_1_540' title='bbox 2297 1656 2401 1710; x_wconf 91' lang='lat' dir='ltr'><strong>hoc</strong></span> <span class='ocrx_word' id='word_1_541' title='bbox 2420 1670 2673 1710; x_wconf 89' lang='lat' dir='ltr'><strong>reversus</strong></span> <span class='ocrx_word' id='word_1_542' title='bbox 2693 1661 2797 1721; x_wconf 90' lang='lat' dir='ltr'><strong>est,</strong></span> <span class='ocrx_word' id='word_1_543' title='bbox 2820 1654 2967 1726; x_wconf 92' lang='lat' dir='ltr'><strong>quod</strong></span> <span class='ocrx_word' id='word_1_544' title='bbox 2992 1653 3049 1709; x_wconf 92' lang='lat' dir='ltr'><strong>in</strong></span> <span class='ocrx_word' id='word_1_545' title='bbox 3074 1652 3349 1711; x_wconf 86' lang='lat' dir='ltr'><strong>intellectu</strong></span> <span class='ocrx_word' id='word_1_546' title='bbox 3368 1668 3511 1712; x_wconf 85' lang='lat' dir='ltr'><strong>com-</strong></span> 
     </span>
    </p>
   </div>
   <div class='ocr_carea' id='block_1_77' title="bbox 1917 1742 2390 1813">
    <p class='ocr_par' dir='ltr' id='par_1_77' title="bbox 1917 1742 2390 1813">
     <span class='ocr_line' id='line_1_77' title="bbox 1917 1742 2390 1813; baseline 0.002 -16"><span class='ocrx_word' id='word_1_547' title='bbox 1917 1743 2069 1797; x_wconf 91' lang='lat' dir='ltr'><strong>muni</strong></span> <span class='ocrx_word' id='word_1_548' title='bbox 2097 1743 2246 1813; x_wconf 90' lang='lat' dir='ltr'><strong>prius</strong></span> <span class='ocrx_word' id='word_1_549' title='bbox 2274 1742 2390 1798; x_wconf 88' lang='lat' dir='ltr'><strong>fuit.</strong></span> 
     </span>
    </p>
   </div>
   <div class='ocr_carea' id='block_1_78' title="bbox 1994 1830 3511 1904">
    <p class='ocr_par' dir='ltr' id='par_1_78' title="bbox 1994 1830 3511 1904">
     <span class='ocr_line' id='line_1_78' title="bbox 1994 1830 3511 1904; baseline 0.001 -17"><span class='ocrx_word' id='word_1_550' title='bbox 1994 1832 2160 1887; x_wconf 78' lang='lat' dir='ltr'><strong>Vsus.</strong></span> <span class='ocrx_word' id='word_1_551' title='bbox 2197 1835 2357 1887; x_wconf 78' lang='lat' dir='ltr'><strong>t3.—</strong></span> <span class='ocrx_word' id='word_1_552' title='bbox 2376 1834 2657 1888; x_wconf 85' lang='lat' dir='ltr'><strong>Processit</strong></span> <span class='ocrx_word' id='word_1_553' title='bbox 2673 1832 2889 1904; x_wconf 88' lang='lat' dir='ltr'><strong>puella,</strong></span> <span class='ocrx_word' id='word_1_554' title='bbox 2908 1838 3011 1887; x_wconf 90' lang='lat' dir='ltr'><strong>etc.</strong></span> <span class='ocrx_word' id='word_1_555' title='bbox 3034 1831 3104 1885; x_wconf 88' lang='lat' dir='ltr'><strong>Et</strong></span> <span class='ocrx_word' id='word_1_556' title='bbox 3131 1830 3422 1887; x_wconf 88' lang='lat' dir='ltr'><strong>Dominum</strong></span> <span class='ocrx_word' id='word_1_557' title='bbox 3440 1831 3511 1888; x_wconf 90' lang='lat' dir='ltr'><strong>de</strong></span> 
     </span>
    </p>
   </div>
   <div class='ocr_carea' id='block_1_79' title="bbox 1918 1918 3512 1993">
    <p class='ocr_par' dir='ltr' id='par_1_79' title="bbox 1918 1918 3512 1993">
     <span class='ocr_line' id='line_1_79' title="bbox 1918 1918 3512 1993; baseline 0.001 -18"><span class='ocrx_word' id='word_1_558' title='bbox 1918 1919 2124 1975; x_wconf 90' lang='lat' dir='ltr'><strong>tumulo</strong></span> <span class='ocrx_word' id='word_1_559' title='bbox 2152 1936 2435 1993; x_wconf 87' lang='lat' dir='ltr'><strong>egressum</strong></span> <span class='ocrx_word' id='word_1_560' title='bbox 2477 1919 2654 1991; x_wconf 88' lang='lat' dir='ltr'><strong>prima</strong></span> <span class='ocrx_word' id='word_1_561' title='bbox 2701 1918 2944 1974; x_wconf 90' lang='lat' dir='ltr'><strong>omnium</strong></span> <span class='ocrx_word' id='word_1_562' title='bbox 2991 1918 3184 1975; x_wconf 91' lang='lat' dir='ltr'><strong>mulier</strong></span> <span class='ocrx_word' id='word_1_563' title='bbox 3228 1919 3512 1992; x_wconf 88' lang='lat' dir='ltr'><strong>discipulis</strong></span> 
     </span>
    </p>
   </div>
   <div class='ocr_carea' id='block_1_80' title="bbox 1916 2007 3510 2080">
    <p class='ocr_par' dir='ltr' id='par_1_80' title="bbox 1916 2007 3510 2080">
     <span class='ocr_line' id='line_1_80' title="bbox 1916 2007 3510 2080; baseline 0 -16"><span class='ocrx_word' id='word_1_564' title='bbox 1916 2008 2200 2079; x_wconf 90' lang='lat' dir='ltr'><strong>nuntiavit,</strong></span> <span class='ocrx_word' id='word_1_565' title='bbox 2233 2016 2291 2063; x_wconf 90' lang='lat' dir='ltr'><strong>ut</strong></span> <span class='ocrx_word' id='word_1_566' title='bbox 2319 2009 2413 2066; x_wconf 91' lang='lat' dir='ltr'><strong>ubi</strong></span> <span class='ocrx_word' id='word_1_567' title='bbox 2441 2008 2735 2068; x_wconf 87' lang='lat' dir='ltr'><strong>abundavit</strong></span> <span class='ocrx_word' id='word_1_568' title='bbox 2763 2008 3055 2077; x_wconf 77' lang='lat' dir='ltr'><strong>delictum,</strong></span> <span class='ocrx_word' id='word_1_569' title='bbox 3098 2007 3510 2080; x_wconf 88' lang='lat' dir='ltr'><strong>superabunda-</strong></span> 
     </span>
    </p>
   </div>
   <div class='ocr_carea' id='block_1_81' title="bbox 1919 2097 2305 2171">
    <p class='ocr_par' dir='ltr' id='par_1_81' title="bbox 1919 2097 2305 2171">
     <span class='ocr_line' id='line_1_81' title="bbox 1919 2097 2305 2171; baseline 0 -19"><span class='ocrx_word' id='word_1_570' title='bbox 1919 2105 2003 2153; x_wconf 90' lang='lat' dir='ltr'><strong>ret</strong></span> <span class='ocrx_word' id='word_1_571' title='bbox 2034 2105 2087 2153; x_wconf 91' lang='lat' dir='ltr'><strong>et</strong></span> <span class='ocrx_word' id='word_1_572' title='bbox 2107 2097 2305 2171; x_wconf 90' lang='lat' dir='ltr'><strong>gratia.</strong></span> 
     </span>
    </p>
   </div>
   <div class='ocr_carea' id='block_1_82' title="bbox 1989 2184 3514 2260">
    <p class='ocr_par' dir='ltr' id='par_1_82' title="bbox 1989 2184 3514 2260">
     <span class='ocr_line' id='line_1_82' title="bbox 1989 2184 3514 2260; baseline -0.001 -17"><span class='ocrx_word' id='word_1_573' title='bbox 1989 2186 2161 2243; x_wconf 75' lang='lat' dir='ltr'><strong>Vsus.</strong></span> <span class='ocrx_word' id='word_1_574' title='bbox 2189 2190 2348 2242; x_wconf 80' lang='grc'><strong>15.-</strong></span> <span class='ocrx_word' id='word_1_575' title='bbox 2363 2187 2610 2260; x_wconf 79' lang='lat' dir='ltr'><strong>Angelus</strong></span> <span class='ocrx_word' id='word_1_576' title='bbox 2629 2189 2751 2260; x_wconf 88' lang='lat' dir='ltr'><strong>ejus</strong></span> <span class='ocrx_word' id='word_1_577' title='bbox 2771 2190 2875 2243; x_wconf 89' lang='lat' dir='ltr'><strong>est.</strong></span> <span class='ocrx_word' id='word_1_578' title='bbox 2890 2184 3103 2259; x_wconf 76' lang='lat' dir='ltr'><strong>(Ilium)</strong></span> <span class='ocrx_word' id='word_1_579' title='bbox 3122 2185 3323 2258; x_wconf 85' lang='lat' dir='ltr'><strong>Magna</strong></span> <span class='ocrx_word' id='word_1_580' title='bbox 3341 2185 3514 2260; x_wconf 87' lang='lat' dir='ltr'><strong>digni-</strong></span> 
     </span>
    </p>
   </div>
   <div class='ocr_carea' id='block_1_83' title="bbox 1919 2273 3515 2347">
    <p class='ocr_par' dir='ltr' id='par_1_83' title="bbox 1919 2273 3515 2347">
     <span class='ocr_line' id='line_1_83' title="bbox 1919 2273 3515 2347; baseline 0.003 -18"><span class='ocrx_word' id='word_1_581' title='bbox 1919 2282 2005 2330; x_wconf 90' lang='lat' dir='ltr'><strong>tas</strong></span> <span class='ocrx_word' id='word_1_582' title='bbox 2032 2274 2366 2330; x_wconf 88' lang='lat' dir='ltr'><strong>animarum:</strong></span> <span class='ocrx_word' id='word_1_583' title='bbox 2390 2283 2447 2330; x_wconf 90' lang='lat' dir='ltr'><strong>ut</strong></span> <span class='ocrx_word' id='word_1_584' title='bbox 2476 2291 2815 2347; x_wconf 70' lang='lat' dir='ltr'><strong>unaquaeque</strong></span> <span class='ocrx_word' id='word_1_585' title='bbox 2848 2275 2916 2329; x_wconf 91' lang='lat' dir='ltr'><strong>ab</strong></span> <span class='ocrx_word' id='word_1_586' title='bbox 2954 2283 3074 2330; x_wconf 92' lang='lat' dir='ltr'><strong>ortu</strong></span> <span class='ocrx_word' id='word_1_587' title='bbox 3094 2273 3384 2331; x_wconf 89' lang='lat' dir='ltr'><strong>nativitatis</strong></span> <span class='ocrx_word' id='word_1_588' title='bbox 3415 2278 3515 2333; x_wconf 85' lang='lat' dir='ltr'><strong>ba-</strong></span> 
     </span>
    </p>
   </div>
   <div class='ocr_carea' id='block_1_84' title="bbox 1918 2363 3218 2436">
    <p class='ocr_par' dir='ltr' id='par_1_84' title="bbox 1918 2363 3218 2436">
     <span class='ocr_line' id='line_1_84' title="bbox 1918 2363 3218 2436; baseline 0.001 -19"><span class='ocrx_word' id='word_1_589' title='bbox 1918 2363 2046 2420; x_wconf 90' lang='lat' dir='ltr'><strong>beat</strong></span> <span class='ocrx_word' id='word_1_590' title='bbox 2073 2363 2330 2436; x_wconf 87' lang='lat' dir='ltr'><strong>angelum</strong></span> <span class='ocrx_word' id='word_1_591' title='bbox 2358 2363 2415 2418; x_wconf 89' lang='lat' dir='ltr'><strong>in</strong></span> <span class='ocrx_word' id='word_1_592' title='bbox 2444 2363 2747 2420; x_wconf 90' lang='lat' dir='ltr'><strong>custodiam</strong></span> <span class='ocrx_word' id='word_1_593' title='bbox 2775 2363 2859 2418; x_wconf 91' lang='lat' dir='ltr'><strong>sui</strong></span> <span class='ocrx_word' id='word_1_594' title='bbox 2886 2363 3218 2435; x_wconf 89' lang='lat' dir='ltr'><strong>delegatum.</strong></span> 
     </span>
    </p>
   </div>
   <div class='ocr_carea' id='block_1_85' title="bbox 1990 2450 3517 2523">
    <p class='ocr_par' dir='ltr' id='par_1_85' title="bbox 1990 2450 3517 2523">
     <span class='ocr_line' id='line_1_85' title="bbox 1990 2450 3517 2523; baseline 0.001 -17"><span class='ocrx_word' id='word_1_595' title='bbox 1990 2452 2121 2523; x_wconf 84' lang='lat' dir='ltr'><strong>(Im)</strong></span> <span class='ocrx_word' id='word_1_596' title='bbox 2152 2450 2310 2520; x_wconf 89' lang='lat' dir='ltr'><strong>Quod</strong></span> <span class='ocrx_word' id='word_1_597' title='bbox 2362 2459 2541 2507; x_wconf 91' lang='lat' dir='ltr'><strong>autem</strong></span> <span class='ocrx_word' id='word_1_598' title='bbox 2599 2450 2969 2523; x_wconf 89' lang='lat' dir='ltr'><strong>unusquisque</strong></span> <span class='ocrx_word' id='word_1_599' title='bbox 3019 2459 3261 2508; x_wconf 90' lang='lat' dir='ltr'><strong>nostrum</strong></span> <span class='ocrx_word' id='word_1_600' title='bbox 3318 2452 3517 2508; x_wconf 90' lang='lat' dir='ltr'><strong>habeat</strong></span> 
     </span>
    </p>
   </div>
   <div class='ocr_carea' id='block_1_86' title="bbox 1921 2538 3513 2613">
    <p class='ocr_par' dir='ltr' id='par_1_86' title="bbox 1921 2538 3513 2613">
     <span class='ocr_line' id='line_1_86' title="bbox 1921 2538 3513 2613; baseline 0.001 -17"><span class='ocrx_word' id='word_1_601' title='bbox 1921 2541 2170 2612; x_wconf 87' lang='lat' dir='ltr'><strong>angelos,</strong></span> <span class='ocrx_word' id='word_1_602' title='bbox 2200 2548 2329 2608; x_wconf 90' lang='lat' dir='ltr'><strong>etc.,</strong></span> <span class='ocrx_word' id='word_1_603' title='bbox 2352 2557 2525 2613; x_wconf 87' lang='lat' dir='ltr'><strong>usque</strong></span> <span class='ocrx_word' id='word_1_604' title='bbox 2546 2540 2619 2596; x_wconf 86' lang='lat' dir='ltr'><strong>ad</strong></span> <span class='ocrx_word' id='word_1_605' title='bbox 2650 2540 2736 2594; x_wconf 91' lang='lat' dir='ltr'><strong>isti</strong></span> <span class='ocrx_word' id='word_1_606' title='bbox 2766 2548 2890 2594; x_wconf 90' lang='lat' dir='ltr'><strong>sunt</strong></span> <span class='ocrx_word' id='word_1_607' title='bbox 2915 2538 3007 2612; x_wconf 90' lang='lat' dir='ltr'><strong>qui</strong></span> <span class='ocrx_word' id='word_1_608' title='bbox 3034 2540 3333 2596; x_wconf 88' lang='lat' dir='ltr'><strong>ascendunt</strong></span> <span class='ocrx_word' id='word_1_609' title='bbox 3353 2549 3407 2596; x_wconf 90' lang='lat' dir='ltr'><strong>et</strong></span> <span class='ocrx_word' id='word_1_610' title='bbox 3421 2541 3513 2597; x_wconf 86' lang='lat' dir='ltr'><strong>de-</strong></span> 
     </span>
    </p>
   </div>
   <div class='ocr_carea' id='block_1_87' title="bbox 1924 2627 2888 2700">
    <p class='ocr_par' dir='ltr' id='par_1_87' title="bbox 1924 2627 2888 2700">
     <span class='ocr_line' id='line_1_87' title="bbox 1924 2627 2888 2700; baseline -0.002 -16"><span class='ocrx_word' id='word_1_611' title='bbox 1924 2630 2187 2685; x_wconf 90' lang='lat' dir='ltr'><strong>scendunt</strong></span> <span class='ocrx_word' id='word_1_612' title='bbox 2216 2645 2381 2700; x_wconf 91' lang='lat' dir='ltr'><strong>super</strong></span> <span class='ocrx_word' id='word_1_613' title='bbox 2406 2628 2600 2683; x_wconf 90' lang='lat' dir='ltr'><strong>Filium</strong></span> <span class='ocrx_word' id='word_1_614' title='bbox 2631 2627 2888 2683; x_wconf 88' lang='lat' dir='ltr'><strong>hominis.</strong></span> 
     </span>
    </p>
   </div>
   <div class='ocr_carea' id='block_1_88' title="bbox 1994 2716 3515 2786">
    <p class='ocr_par' dir='ltr' id='par_1_88' title="bbox 1994 2716 3515 2786">
     <span class='ocr_line' id='line_1_88' title="bbox 1994 2716 3515 2786; baseline 0 -13"><span class='ocrx_word' id='word_1_615' title='bbox 1994 2717 2165 2773; x_wconf 73' lang='lat' dir='ltr'><strong>Vsus.</strong></span> <span class='ocrx_word' id='word_1_616' title='bbox 2200 2718 2287 2771; x_wconf 82' lang='grc'><strong>17.</strong></span> <span class='ocrx_word' id='word_1_617' title='bbox 2310 2746 2381 2757; x_wconf 93' lang='grc'><strong><em>-</em></strong></span> <span class='ocrx_word' id='word_1_618' title='bbox 2414 2719 2701 2786; x_wconf 89' lang='lat' dir='ltr'><strong>Tacerent,</strong></span> <span class='ocrx_word' id='word_1_619' title='bbox 2733 2724 2837 2771; x_wconf 91' lang='lat' dir='ltr'><strong>etc.</strong></span> <span class='ocrx_word' id='word_1_620' title='bbox 2870 2717 3057 2772; x_wconf 90' lang='lat' dir='ltr'><strong>Donec</strong></span> <span class='ocrx_word' id='word_1_621' title='bbox 3081 2723 3324 2772; x_wconf 84' lang='lat' dir='ltr'><strong>narraret</strong></span> <span class='ocrx_word' id='word_1_622' title='bbox 3353 2716 3515 2773; x_wconf 85' lang='lat' dir='ltr'><strong>virtu-</strong></span> 
     </span>
    </p>
   </div>
   <div class='ocr_carea' id='block_1_89' title="bbox 1924 2804 3516 2876">
    <p class='ocr_par' dir='ltr' id='par_1_89' title="bbox 1924 2804 3516 2876">
     <span class='ocr_line' id='line_1_89' title="bbox 1924 2804 3516 2876; baseline 0.001 -16"><span class='ocrx_word' id='word_1_623' title='bbox 1924 2813 2033 2861; x_wconf 89' lang='lat' dir='ltr'><strong>tem</strong></span> <span class='ocrx_word' id='word_1_624' title='bbox 2065 2824 2079 2860; x_wconf 87' lang='lat'><strong>:</strong></span> <span class='ocrx_word' id='word_1_625' title='bbox 2111 2805 2199 2862; x_wconf 92' lang='lat' dir='ltr'><strong>vel</strong></span> <span class='ocrx_word' id='word_1_626' title='bbox 2222 2813 2399 2861; x_wconf 87' lang='lat' dir='ltr'><strong>tacere</strong></span> <span class='ocrx_word' id='word_1_627' title='bbox 2422 2805 2594 2873; x_wconf 90' lang='lat' dir='ltr'><strong>jubet,</strong></span> <span class='ocrx_word' id='word_1_628' title='bbox 2628 2821 2699 2859; x_wconf 91' lang='lat' dir='ltr'><strong>ne</strong></span> <span class='ocrx_word' id='word_1_629' title='bbox 2728 2804 2962 2860; x_wconf 90' lang='lat' dir='ltr'><strong>clamore</strong></span> <span class='ocrx_word' id='word_1_630' title='bbox 3016 2804 3368 2876; x_wconf 89' lang='lat' dir='ltr'><strong>gaudentium</strong></span> <span class='ocrx_word' id='word_1_631' title='bbox 3419 2805 3516 2861; x_wconf 86' lang='lat' dir='ltr'><strong>ad-</strong></span> 
     </span>
    </p>
   </div>
   <div class='ocr_carea' id='block_1_90' title="bbox 1924 2894 2991 2966">
    <p class='ocr_par' dir='ltr' id='par_1_90' title="bbox 1924 2894 2991 2966">
     <span class='ocr_line' id='line_1_90' title="bbox 1924 2894 2991 2966; baseline -0.004 -15"><span class='ocrx_word' id='word_1_632' title='bbox 1924 2902 2117 2951; x_wconf 89' lang='lat' dir='ltr'><strong>ventus</strong></span> <span class='ocrx_word' id='word_1_633' title='bbox 2145 2894 2261 2964; x_wconf 87' lang='lat' dir='ltr'><strong>ejus</strong></span> <span class='ocrx_word' id='word_1_634' title='bbox 2287 2894 2344 2948; x_wconf 90' lang='lat' dir='ltr'><strong>in</strong></span> <span class='ocrx_word' id='word_1_635' title='bbox 2372 2894 2583 2949; x_wconf 90' lang='lat' dir='ltr'><strong>civitate</strong></span> <span class='ocrx_word' id='word_1_636' title='bbox 2614 2901 2991 2966; x_wconf 87' lang='lat' dir='ltr'><strong>cognoscatur.</strong></span> 
     </span>
    </p>
   </div>
   <div class='ocr_carea' id='block_1_91' title="bbox 1996 2980 3518 3054">
    <p class='ocr_par' dir='ltr' id='par_1_91' title="bbox 1996 2980 3518 3054">
     <span class='ocr_line' id='line_1_91' title="bbox 1996 2980 3518 3054; baseline 0 -16"><span class='ocrx_word' id='word_1_637' title='bbox 1996 2983 2167 3038; x_wconf 73' lang='lat' dir='ltr'><strong>Vsus.</strong></span> <span class='ocrx_word' id='word_1_638' title='bbox 2201 2984 2718 3054; x_wconf 81' lang='lat' dir='ltr'><strong>23.—Confestim,</strong></span> <span class='ocrx_word' id='word_1_639' title='bbox 2750 2990 2853 3038; x_wconf 89' lang='lat' dir='ltr'><strong>etc.</strong></span> <span class='ocrx_word' id='word_1_640' title='bbox 2884 2982 3026 3036; x_wconf 90' lang='lat' dir='ltr'><strong>Dum</strong></span> <span class='ocrx_word' id='word_1_641' title='bbox 3045 2980 3371 3053; x_wconf 90' lang='lat' dir='ltr'><strong>impietatem</strong></span> <span class='ocrx_word' id='word_1_642' title='bbox 3417 2981 3518 3038; x_wconf 83' lang='lat' dir='ltr'><strong>illi-</strong></span> 
     </span>
    </p>
   </div>
   <div class='ocr_carea' id='block_1_92' title="bbox 1928 3070 3517 3143">
    <p class='ocr_par' dir='ltr' id='par_1_92' title="bbox 1928 3070 3517 3143">
     <span class='ocr_line' id='line_1_92' title="bbox 1928 3070 3517 3143; baseline 0 -16"><span class='ocrx_word' id='word_1_643' title='bbox 1928 3070 2048 3127; x_wconf 73' lang='lat' dir='ltr'><strong>citae</strong></span> <span class='ocrx_word' id='word_1_644' title='bbox 2077 3070 2401 3126; x_wconf 87' lang='lat' dir='ltr'><strong>adulationis</strong></span> <span class='ocrx_word' id='word_1_645' title='bbox 2422 3087 2531 3126; x_wconf 89' lang='lat' dir='ltr'><strong>non</strong></span> <span class='ocrx_word' id='word_1_646' title='bbox 2553 3071 2883 3138; x_wconf 89' lang='lat' dir='ltr'><strong>exhorreret,</strong></span> <span class='ocrx_word' id='word_1_647' title='bbox 2908 3070 3205 3141; x_wconf 91' lang='lat' dir='ltr'><strong>respiciens</strong></span> <span class='ocrx_word' id='word_1_648' title='bbox 3225 3070 3383 3141; x_wconf 92' lang='lat' dir='ltr'><strong>paulo</strong></span> <span class='ocrx_word' id='word_1_649' title='bbox 3393 3079 3517 3143; x_wconf 89' lang='lat' dir='ltr'><strong>post</strong></span> 
     </span>
    </p>
   </div>
   <div class='ocr_carea' id='block_1_93' title="bbox 1919 3157 3509 3233">
    <p class='ocr_par' dir='ltr' id='par_1_93' title="bbox 1919 3157 3509 3233">
     <span class='ocr_line' id='line_1_93' title="bbox 1919 3157 3509 3233; baseline 0 -19"><span class='ocrx_word' id='word_1_650' title='bbox 1919 3159 2292 3216; x_wconf 88' lang='lat' dir='ltr'><strong>imminentem</strong></span> <span class='ocrx_word' id='word_1_651' title='bbox 2323 3166 2375 3215; x_wconf 89' lang='lat' dir='ltr'><strong>et</strong></span> <span class='ocrx_word' id='word_1_652' title='bbox 2402 3158 2743 3215; x_wconf 89' lang='lat' dir='ltr'><strong>insistentem</strong></span> <span class='ocrx_word' id='word_1_653' title='bbox 2769 3158 2930 3230; x_wconf 91' lang='lat' dir='ltr'><strong>capiti</strong></span> <span class='ocrx_word' id='word_1_654' title='bbox 2959 3175 3057 3214; x_wconf 92' lang='lat' dir='ltr'><strong>suo</strong></span> <span class='ocrx_word' id='word_1_655' title='bbox 3085 3157 3216 3215; x_wconf 87' lang='lat' dir='ltr'><strong>vidit</strong></span> <span class='ocrx_word' id='word_1_656' title='bbox 3232 3158 3509 3233; x_wconf 87' lang='lat' dir='ltr'><strong>angelum,</strong></span> 
     </span>
    </p>
   </div>
   <div class='ocr_carea' id='block_1_94' title="bbox 1921 3246 3517 3325">
    <p class='ocr_par' dir='ltr' id='par_1_94' title="bbox 1921 3246 3517 3325">
     <span class='ocr_line' id='line_1_94' title="bbox 1921 3246 3517 3325; baseline 0 -22"><span class='ocrx_word' id='word_1_657' title='bbox 1921 3264 2152 3320; x_wconf 91' lang='lat' dir='ltr'><strong>eumque</strong></span> <span class='ocrx_word' id='word_1_658' title='bbox 2182 3246 2354 3302; x_wconf 89' lang='lat' dir='ltr'><strong>sensit</strong></span> <span class='ocrx_word' id='word_1_659' title='bbox 2379 3248 2634 3303; x_wconf 89' lang='lat' dir='ltr'><strong>continuo</strong></span> <span class='ocrx_word' id='word_1_660' title='bbox 2664 3246 2811 3302; x_wconf 84' lang='lat' dir='ltr'><strong>exitii</strong></span> <span class='ocrx_word' id='word_1_661' title='bbox 2840 3246 2925 3302; x_wconf 91' lang='lat' dir='ltr'><strong>sui</strong></span> <span class='ocrx_word' id='word_1_662' title='bbox 2953 3246 3256 3302; x_wconf 88' lang='lat' dir='ltr'><strong>ministrum</strong></span> <span class='ocrx_word' id='word_1_663' title='bbox 3274 3288 3288 3317; x_wconf 91' lang='lat'><strong>,</strong></span> <span class='ocrx_word' id='word_1_664' title='bbox 3353 3263 3517 3325; x_wconf 84' lang='lat' dir='ltr'><strong>quem</strong></span> 
     </span>
    </p>
   </div>
   <div class='ocr_carea' id='block_1_95' title="bbox 1919 3332 3516 3407">
    <p class='ocr_par' dir='ltr' id='par_1_95' title="bbox 1919 3332 3516 3407">
     <span class='ocr_line' id='line_1_95' title="bbox 1919 3332 3516 3407; baseline 0.001 -18"><span class='ocrx_word' id='word_1_665' title='bbox 1919 3336 2069 3406; x_wconf 91' lang='lat' dir='ltr'><strong>prius</strong></span> <span class='ocrx_word' id='word_1_666' title='bbox 2098 3332 2327 3391; x_wconf 87' lang='lat' dir='ltr'><strong>noverat</strong></span> <span class='ocrx_word' id='word_1_667' title='bbox 2344 3335 2685 3407; x_wconf 91' lang='lat' dir='ltr'><strong>provisorem</strong></span> <span class='ocrx_word' id='word_1_668' title='bbox 2732 3336 3020 3391; x_wconf 89' lang='lat' dir='ltr'><strong>bonorum.</strong></span> <span class='ocrx_word' id='word_1_669' title='bbox 3072 3336 3204 3391; x_wconf 88' lang='lat' dir='ltr'><strong>Inde</strong></span> <span class='ocrx_word' id='word_1_670' title='bbox 3247 3335 3516 3391; x_wconf 90' lang='lat' dir='ltr'><strong>continuis</strong></span> 
     </span>
    </p>
   </div>
   <div class='ocr_carea' id='block_1_96' title="bbox 1921 3424 3519 3495">
    <p class='ocr_par' dir='ltr' id='par_1_96' title="bbox 1921 3424 3519 3495">
     <span class='ocr_line' id='line_1_96' title="bbox 1921 3424 3519 3495; baseline 0.003 -17"><span class='ocrx_word' id='word_1_671' title='bbox 1921 3432 2129 3495; x_wconf 90' lang='lat' dir='ltr'><strong>septem</strong></span> <span class='ocrx_word' id='word_1_672' title='bbox 2159 3424 2352 3480; x_wconf 91' lang='lat' dir='ltr'><strong>diebus</strong></span> <span class='ocrx_word' id='word_1_673' title='bbox 2379 3424 2583 3480; x_wconf 88' lang='lat' dir='ltr'><strong>ventris</strong></span> <span class='ocrx_word' id='word_1_674' title='bbox 2611 3424 2801 3480; x_wconf 90' lang='lat' dir='ltr'><strong>dolore</strong></span> <span class='ocrx_word' id='word_1_675' title='bbox 2838 3424 3108 3480; x_wconf 89' lang='lat' dir='ltr'><strong>cruciatus</strong></span> <span class='ocrx_word' id='word_1_676' title='bbox 3128 3465 3142 3493; x_wconf 95' lang='lat'><strong>,</strong></span> <span class='ocrx_word' id='word_1_677' title='bbox 3193 3424 3355 3479; x_wconf 88' lang='lat' dir='ltr'><strong>vitam</strong></span> <span class='ocrx_word' id='word_1_678' title='bbox 3402 3424 3519 3482; x_wconf 87' lang='lat' dir='ltr'><strong>vio-</strong></span> 
     </span>
    </p>
   </div>
   <div class='ocr_carea' id='block_1_97' title="bbox 1920 3512 2368 3585">
    <p class='ocr_par' dir='ltr' id='par_1_97' title="bbox 1920 3512 2368 3585">
     <span class='ocr_line' id='line_1_97' title="bbox 1920 3512 2368 3585; baseline 0.004 -19"><span class='ocrx_word' id='word_1_679' title='bbox 1920 3512 2097 3569; x_wconf 90' lang='lat' dir='ltr'><strong>lenter</strong></span> <span class='ocrx_word' id='word_1_680' title='bbox 2124 3513 2368 3585; x_wconf 87' lang='lat' dir='ltr'><strong>abrupit.</strong></span> 
     </span>
    </p>
   </div>
   <div class='ocr_carea' id='block_1_98' title="bbox 2516 3611 2925 3680">
    <p class='ocr_par' dir='ltr' id='par_1_98' title="bbox 2516 3611 2925 3680">
     <span class='ocr_line' id='line_1_98' title="bbox 2516 3611 2925 3680; baseline -0.005 -1"><span class='ocrx_word' id='word_1_681' title='bbox 2516 3623 2739 3680; x_wconf 83' lang='lat' dir='ltr'><strong>CAPUT</strong></span> <span class='ocrx_word' id='word_1_682' title='bbox 2776 3611 2925 3678; x_wconf 81' lang='grc' dir='ltr'>ΧἸΙΙ.</span> 
     </span>
    </p>
   </div>
   <div class='ocr_carea' id='block_1_99' title="bbox 1991 3764 3516 3831">
    <p class='ocr_par' dir='ltr' id='par_1_99' title="bbox 1991 3764 3516 3831">
     <span class='ocr_line' id='line_1_99' title="bbox 1991 3764 3516 3831; baseline 0.001 -9"><span class='ocrx_word' id='word_1_683' title='bbox 1991 3764 2320 3822; x_wconf 79' lang='lat' dir='ltr'><strong>Vsus.t.—</strong></span> <span class='ocrx_word' id='word_1_684' title='bbox 2357 3765 2538 3819; x_wconf 84' lang='lat' dir='ltr'><strong>Erant</strong></span> <span class='ocrx_word' id='word_1_685' title='bbox 2567 3766 2760 3820; x_wconf 82' lang='lat' dir='ltr'><strong>autem</strong></span> <span class='ocrx_word' id='word_1_686' title='bbox 2789 3765 2852 3819; x_wconf 88' lang='lat' dir='ltr'><strong>in</strong></span> <span class='ocrx_word' id='word_1_687' title='bbox 2877 3764 3145 3831; x_wconf 85' lang='lat' dir='ltr'><strong>Ecclesia,</strong></span> <span class='ocrx_word' id='word_1_688' title='bbox 3195 3772 3297 3821; x_wconf 87' lang='lat' dir='ltr'><strong>etc.</strong></span> <span class='ocrx_word' id='word_1_689' title='bbox 3346 3766 3516 3824; x_wconf 85' lang='lat' dir='ltr'><strong>[idem</strong></span> 
     </span>
    </p>
   </div>
   <div class='ocr_carea' id='block_1_100' title="bbox 1921 3850 3517 3926">
    <p class='ocr_par' dir='ltr' id='par_1_100' title="bbox 1921 3850 3517 3926">
     <span class='ocr_line' id='line_1_100' title="bbox 1921 3850 3517 3926; baseline 0.001 -17"><span class='ocrx_word' id='word_1_690' title='bbox 1921 3861 2075 3910; x_wconf 89' lang='lat' dir='ltr'><strong>erant</strong></span> <span class='ocrx_word' id='word_1_691' title='bbox 2102 3853 2383 3924; x_wconf 64' lang='lat' dir='ltr'><strong>prophetat</strong></span> <span class='ocrx_word' id='word_1_692' title='bbox 2431 3860 2485 3908; x_wconf 91' lang='lat' dir='ltr'><strong>et</strong></span> <span class='ocrx_word' id='word_1_693' title='bbox 2528 3853 2798 3909; x_wconf 89' lang='lat' dir='ltr'><strong>doctores.</strong></span> <span class='ocrx_word' id='word_1_694' title='bbox 2855 3850 2993 3918; x_wconf 90' lang='lat' dir='ltr'><strong>Vel,</strong></span> <span class='ocrx_word' id='word_1_695' title='bbox 3043 3851 3134 3907; x_wconf 90' lang='lat' dir='ltr'><strong>alii</strong></span> <span class='ocrx_word' id='word_1_696' title='bbox 3173 3868 3359 3909; x_wconf 91' lang='lat' dir='ltr'><strong>eorum</strong></span> <span class='ocrx_word' id='word_1_697' title='bbox 3387 3870 3517 3926; x_wconf 87' lang='lat' dir='ltr'><strong>pro-</strong></span> 
     </span>
    </p>
   </div>
   <div class='ocr_carea' id='block_1_101' title="bbox 1920 3941 2805 4015">
    <p class='ocr_par' dir='ltr' id='par_1_101' title="bbox 1920 3941 2805 4015">
     <span class='ocr_line' id='line_1_101' title="bbox 1920 3941 2805 4015; baseline -0.001 -18"><span class='ocrx_word' id='word_1_698' title='bbox 1920 3944 2125 4015; x_wconf 70' lang='lat' dir='ltr'><strong>phetze,</strong></span> <span class='ocrx_word' id='word_1_699' title='bbox 2160 3941 2251 3997; x_wconf 88' lang='lat' dir='ltr'><strong>alii</strong></span> <span class='ocrx_word' id='word_1_700' title='bbox 2281 3942 2534 3998; x_wconf 90' lang='lat' dir='ltr'><strong>doctores</strong></span> <span class='ocrx_word' id='word_1_701' title='bbox 2564 3941 2805 3997; x_wconf 89' lang='lat' dir='ltr'><strong>fuerunt.</strong></span> 
     </span>
    </p>
   </div>
   <div class='ocr_carea' id='block_1_102' title="bbox 1994 4028 3517 4104">
    <p class='ocr_par' dir='ltr' id='par_1_102' title="bbox 1994 4028 3517 4104">
     <span class='ocr_line' id='line_1_102' title="bbox 1994 4028 3517 4104; baseline 0.001 -16"><span class='ocrx_word' id='word_1_702' title='bbox 1994 4033 2177 4104; x_wconf 82' lang='lat' dir='ltr'><strong>Niger.</strong></span> <span class='ocrx_word' id='word_1_703' title='bbox 2208 4031 2395 4103; x_wconf 85' lang='lat' dir='ltr'><strong>(Ihm)</strong></span> <span class='ocrx_word' id='word_1_704' title='bbox 2426 4032 2471 4086; x_wconf 84' lang='lat' dir='ltr'><strong>A</strong></span> <span class='ocrx_word' id='word_1_705' title='bbox 2490 4030 2691 4095; x_wconf 88' lang='lat' dir='ltr'><strong>colore,</strong></span> <span class='ocrx_word' id='word_1_706' title='bbox 2725 4031 2771 4085; x_wconf 91' lang='lat' dir='ltr'><strong>si</strong></span> <span class='ocrx_word' id='word_1_707' title='bbox 2787 4028 3036 4086; x_wconf 87' lang='lat' dir='ltr'><strong>Latinum</strong></span> <span class='ocrx_word' id='word_1_708' title='bbox 3054 4037 3154 4086; x_wconf 90' lang='lat' dir='ltr'><strong>est.</strong></span> <span class='ocrx_word' id='word_1_709' title='bbox 3177 4030 3297 4099; x_wconf 91' lang='lat' dir='ltr'><strong>Vel,</strong></span> <span class='ocrx_word' id='word_1_710' title='bbox 3321 4047 3517 4089; x_wconf 86' lang='lat' dir='ltr'><strong>ascen-</strong></span> 
     </span>
    </p>
   </div>
   <div class='ocr_carea' id='block_1_103' title="bbox 1921 4118 2911 4191">
    <p class='ocr_par' dir='ltr' id='par_1_103' title="bbox 1921 4118 2911 4191">
     <span class='ocr_line' id='line_1_103' title="bbox 1921 4118 2911 4191; baseline -0.002 -16"><span class='ocrx_word' id='word_1_711' title='bbox 1921 4119 2059 4176; x_wconf 86' lang='lat' dir='ltr'><strong>dens</strong></span> <span class='ocrx_word' id='word_1_712' title='bbox 2090 4120 2492 4191; x_wconf 88' lang='lat' dir='ltr'><strong>interpretatur,</strong></span> <span class='ocrx_word' id='word_1_713' title='bbox 2525 4118 2571 4174; x_wconf 92' lang='lat' dir='ltr'><strong>si</strong></span> <span class='ocrx_word' id='word_1_714' title='bbox 2600 4119 2911 4174; x_wconf 66' lang='lat' dir='ltr'><strong>Hebraeum.</strong></span> 
     </span>
    </p>
   </div>
   <div class='ocr_carea' id='block_1_104' title="bbox 1991 4208 3517 4280">
    <p class='ocr_par' dir='ltr' id='par_1_104' title="bbox 1991 4208 3517 4280">
     <span class='ocr_line' id='line_1_104' title="bbox 1991 4208 3517 4280; baseline 0.002 -17"><span class='ocrx_word' id='word_1_715' title='bbox 1991 4208 2163 4264; x_wconf 74' lang='lat' dir='ltr'><strong>Vsus.</strong></span> <span class='ocrx_word' id='word_1_716' title='bbox 2198 4210 2250 4263; x_wconf 76' lang='grc'>4.</span> <span class='ocrx_word' id='word_1_717' title='bbox 2272 4239 2343 4249; x_wconf 92' lang='grc'><strong>-</strong></span> <span class='ocrx_word' id='word_1_718' title='bbox 2376 4209 2525 4264; x_wconf 80' lang='lat' dir='ltr'><strong>Missi</strong></span> <span class='ocrx_word' id='word_1_719' title='bbox 2554 4225 2589 4263; x_wconf 93' lang='lat' dir='ltr'><strong>a</strong></span> <span class='ocrx_word' id='word_1_720' title='bbox 2617 4208 2835 4280; x_wconf 81' lang='lat' dir='ltr'><strong>Spiritu</strong></span> <span class='ocrx_word' id='word_1_721' title='bbox 2862 4211 3080 4265; x_wconf 88' lang='lat' dir='ltr'><strong>sancto.</strong></span> <span class='ocrx_word' id='word_1_722' title='bbox 3113 4208 3301 4279; x_wconf 87' lang='lat' dir='ltr'><strong>(Ihm)</strong></span> <span class='ocrx_word' id='word_1_723' title='bbox 3322 4208 3403 4263; x_wconf 89' lang='lat' dir='ltr'><strong>Ab</strong></span> <span class='ocrx_word' id='word_1_724' title='bbox 3419 4208 3517 4266; x_wconf 86' lang='lat' dir='ltr'><strong>ho-</strong></span> 
     </span>
    </p>
   </div>
   <div class='ocr_carea' id='block_1_105' title="bbox 1920 4296 3519 4367">
    <p class='ocr_par' dir='ltr' id='par_1_105' title="bbox 1920 4296 3519 4367">
     <span class='ocr_line' id='line_1_105' title="bbox 1920 4296 3519 4367; baseline 0.002 -17"><span class='ocrx_word' id='word_1_725' title='bbox 1920 4296 2158 4351; x_wconf 91' lang='lat' dir='ltr'><strong>minibus</strong></span> <span class='ocrx_word' id='word_1_726' title='bbox 2187 4296 2426 4362; x_wconf 90' lang='lat' dir='ltr'><strong>dimissi,</strong></span> <span class='ocrx_word' id='word_1_727' title='bbox 2459 4312 2585 4352; x_wconf 85' lang='lat' dir='ltr'><strong>mox</strong></span> <span class='ocrx_word' id='word_1_728' title='bbox 2614 4312 2647 4351; x_wconf 91' lang='lat' dir='ltr'><strong>a</strong></span> <span class='ocrx_word' id='word_1_729' title='bbox 2676 4296 2873 4367; x_wconf 89' lang='lat' dir='ltr'><strong>Spiritu</strong></span> <span class='ocrx_word' id='word_1_730' title='bbox 2904 4305 3088 4353; x_wconf 89' lang='lat' dir='ltr'><strong>sancto</strong></span> <span class='ocrx_word' id='word_1_731' title='bbox 3116 4296 3397 4352; x_wconf 87' lang='lat' dir='ltr'><strong>mittuntur</strong></span> <span class='ocrx_word' id='word_1_732' title='bbox 3450 4298 3519 4353; x_wconf 89' lang='lat' dir='ltr'><strong>ad</strong></span> 
     </span>
    </p>
   </div>
   <div class='ocr_carea' id='block_1_106' title="bbox 1922 4384 3521 4457">
    <p class='ocr_par' dir='ltr' id='par_1_106' title="bbox 1922 4384 3521 4457">
     <span class='ocr_line' id='line_1_106' title="bbox 1922 4384 3521 4457; baseline 0.001 -17"><span class='ocrx_word' id='word_1_733' title='bbox 1922 4385 2241 4440; x_wconf 88' lang='lat' dir='ltr'><strong>Seleuciam.</strong></span> <span class='ocrx_word' id='word_1_734' title='bbox 2273 4387 2393 4440; x_wconf 87' lang='lat' dir='ltr'><strong>Dux</strong></span> <span class='ocrx_word' id='word_1_735' title='bbox 2423 4385 2602 4440; x_wconf 90' lang='lat' dir='ltr'><strong>itineri</strong></span> <span class='ocrx_word' id='word_1_736' title='bbox 2630 4401 2820 4440; x_wconf 89' lang='lat' dir='ltr'><strong>eorum</strong></span> <span class='ocrx_word' id='word_1_737' title='bbox 2850 4384 2967 4453; x_wconf 89' lang='lat' dir='ltr'><strong>fuit,</strong></span> <span class='ocrx_word' id='word_1_738' title='bbox 3001 4385 3095 4457; x_wconf 91' lang='lat' dir='ltr'><strong>qui</strong></span> <span class='ocrx_word' id='word_1_739' title='bbox 3124 4401 3221 4441; x_wconf 90' lang='lat' dir='ltr'><strong>eos</strong></span> <span class='ocrx_word' id='word_1_740' title='bbox 3249 4386 3521 4456; x_wconf 87' lang='lat' dir='ltr'><strong>separavit</strong></span> 
     </span>
    </p>
   </div>
   <div class='ocr_carea' id='block_1_107' title="bbox 1839 4473 2216 4547">
    <p class='ocr_par' dir='ltr' id='par_1_107' title="bbox 1839 4473 2216 4547">
     <span class='ocr_line' id='line_1_107' title="bbox 1839 4473 2216 4547; baseline 0.003 -20"><span class='ocrx_word' id='word_1_741' title='bbox 1839 4486 1892 4547; x_wconf 85' lang='grc' dir='ltr'><strong>Ῑ)</strong></span> <span class='ocrx_word' id='word_1_742' title='bbox 1924 4489 1954 4527; x_wconf 91' lang='lat' dir='ltr'><strong>a</strong></span> <span class='ocrx_word' id='word_1_743' title='bbox 1980 4473 2216 4529; x_wconf 69' lang='lat' dir='ltr'><strong>caeteris.</strong></span> 
     </span>
    </p>
   </div>
   <div class='ocr_carea' id='block_1_108' title="bbox 1991 4576 3521 4650">
    <p class='ocr_par' dir='ltr' id='par_1_108' title="bbox 1991 4576 3521 4650">
     <span class='ocr_line' id='line_1_108' title="bbox 1991 4576 3521 4650; baseline 0 -18"><span class='ocrx_word' id='word_1_744' title='bbox 1991 4578 2267 4633; x_wconf 83' lang='lat' dir='ltr'><strong>Abierunt</strong></span> <span class='ocrx_word' id='word_1_745' title='bbox 2294 4576 2626 4633; x_wconf 87' lang='lat' dir='ltr'><strong>Seleuciam.</strong></span> <span class='ocrx_word' id='word_1_746' title='bbox 2652 4576 2784 4648; x_wconf 77' lang='lat' dir='ltr'><strong>(Im)</strong></span> <span class='ocrx_word' id='word_1_747' title='bbox 2816 4578 2875 4631; x_wconf 91' lang='lat' dir='ltr'><strong>In</strong></span> <span class='ocrx_word' id='word_1_748' title='bbox 2902 4576 3225 4647; x_wconf 87' lang='lat' dir='ltr'><strong>quibusdam</strong></span> <span class='ocrx_word' id='word_1_749' title='bbox 3254 4576 3521 4650; x_wconf 84' lang='lat' dir='ltr'><strong>exempla-</strong></span> 
     </span>
    </p>
   </div>
   <div class='ocr_carea' id='block_1_109' title="bbox 1921 4665 3519 4738">
    <p class='ocr_par' dir='ltr' id='par_1_109' title="bbox 1921 4665 3519 4738">
     <span class='ocr_line' id='line_1_109' title="bbox 1921 4665 3519 4738; baseline 0.002 -18"><span class='ocrx_word' id='word_1_750' title='bbox 1921 4665 2070 4721; x_wconf 87' lang='lat' dir='ltr'><strong>ribus</strong></span> <span class='ocrx_word' id='word_1_751' title='bbox 2098 4665 2403 4722; x_wconf 88' lang='lat' dir='ltr'><strong>invenitur:</strong></span> <span class='ocrx_word' id='word_1_752' title='bbox 2427 4665 2701 4721; x_wconf 84' lang='lat' dir='ltr'><strong>Abierunt</strong></span> <span class='ocrx_word' id='word_1_753' title='bbox 2732 4666 3068 4731; x_wconf 86' lang='lat' dir='ltr'><strong>Seleuciam,</strong></span> <span class='ocrx_word' id='word_1_754' title='bbox 3092 4683 3214 4738; x_wconf 71' lang='lat' dir='ltr'><strong>quae</strong></span> <span class='ocrx_word' id='word_1_755' title='bbox 3246 4670 3332 4722; x_wconf 87' lang='lat' dir='ltr'><strong>est</strong></span> <span class='ocrx_word' id='word_1_756' title='bbox 3360 4667 3519 4723; x_wconf 83' lang='lat' dir='ltr'><strong>Salu-</strong></span> 
     </span>
    </p>
   </div>
   <div class='ocr_carea' id='block_1_110' title="bbox 1920 4752 3333 4821">
    <p class='ocr_par' dir='ltr' id='par_1_110' title="bbox 1920 4752 3333 4821">
     <span class='ocr_line' id='line_1_110' title="bbox 1920 4752 3333 4821; baseline -0.001 -11"><span class='ocrx_word' id='word_1_757' title='bbox 1920 4756 2112 4821; x_wconf 88' lang='lat' dir='ltr'><strong>mina;</strong></span> <span class='ocrx_word' id='word_1_758' title='bbox 2146 4754 2253 4809; x_wconf 91' lang='lat' dir='ltr'><strong>duo</strong></span> <span class='ocrx_word' id='word_1_759' title='bbox 2283 4762 2462 4809; x_wconf 88' lang='lat' dir='ltr'><strong>autem</strong></span> <span class='ocrx_word' id='word_1_760' title='bbox 2494 4761 2615 4808; x_wconf 92' lang='lat' dir='ltr'><strong>sunt</strong></span> <span class='ocrx_word' id='word_1_761' title='bbox 2642 4752 2859 4807; x_wconf 88' lang='lat' dir='ltr'><strong>nomina</strong></span> <span class='ocrx_word' id='word_1_762' title='bbox 2894 4753 3056 4808; x_wconf 90' lang='lat' dir='ltr'><strong>unius</strong></span> <span class='ocrx_word' id='word_1_763' title='bbox 3086 4754 3333 4810; x_wconf 89' lang='lat' dir='ltr'><strong>civitatis.</strong></span> 
     </span>
    </p>
   </div>
   <div class='ocr_carea' id='block_1_111' title="bbox 1994 4842 3514 4915">
    <p class='ocr_par' dir='ltr' id='par_1_111' title="bbox 1994 4842 3514 4915">
     <span class='ocr_line' id='line_1_111' title="bbox 1994 4842 3514 4915; baseline 0.001 -17"><span class='ocrx_word' id='word_1_764' title='bbox 1994 4843 2165 4898; x_wconf 75' lang='lat' dir='ltr'><strong>Vsus.</strong></span> <span class='ocrx_word' id='word_1_765' title='bbox 2200 4845 2338 4897; x_wconf 89' lang='grc'><strong>’7.-</strong></span> <span class='ocrx_word' id='word_1_766' title='bbox 2356 4844 2546 4915; x_wconf 87' lang='lat' dir='ltr'><strong>Sergio</strong></span> <span class='ocrx_word' id='word_1_767' title='bbox 2564 4842 2762 4898; x_wconf 89' lang='lat' dir='ltr'><strong>Paulo.</strong></span> <span class='ocrx_word' id='word_1_768' title='bbox 2796 4843 2916 4898; x_wconf 93' lang='lat' dir='ltr'><strong>Duo</strong></span> <span class='ocrx_word' id='word_1_769' title='bbox 2945 4842 3106 4898; x_wconf 90' lang='lat' dir='ltr'><strong>unius</strong></span> <span class='ocrx_word' id='word_1_770' title='bbox 3134 4844 3352 4900; x_wconf 89' lang='lat' dir='ltr'><strong>nomina</strong></span> <span class='ocrx_word' id='word_1_771' title='bbox 3372 4851 3514 4915; x_wconf 88' lang='lat' dir='ltr'><strong>sunt,</strong></span> 
     </span>
    </p>
   </div>
   <div class='ocr_carea' id='block_1_112' title="bbox 1923 4930 2474 5003">
    <p class='ocr_par' dir='ltr' id='par_1_112' title="bbox 1923 4930 2474 5003">
     <span class='ocr_line' id='line_1_112' title="bbox 1923 4930 2474 5003; baseline -0.002 -16"><span class='ocrx_word' id='word_1_772' title='bbox 1923 4930 2150 5003; x_wconf 86' lang='lat' dir='ltr'><strong>Sergius</strong></span> <span class='ocrx_word' id='word_1_773' title='bbox 2178 4940 2231 4987; x_wconf 89' lang='lat' dir='ltr'><strong>et</strong></span> <span class='ocrx_word' id='word_1_774' title='bbox 2258 4930 2474 4986; x_wconf 90' lang='lat' dir='ltr'><strong>Paulus.</strong></span> 
     </span>
    </p>
   </div>
   <div class='ocr_carea' id='block_1_113' title="bbox 1992 5045 3518 5119">
    <p class='ocr_par' dir='ltr' id='par_1_113' title="bbox 1992 5045 3518 5119">
     <span class='ocr_line' id='line_1_113' title="bbox 1992 5045 3518 5119; baseline 0.001 -16"><span class='ocrx_word' id='word_1_775' title='bbox 1992 5048 2164 5103; x_wconf 75' lang='lat' dir='ltr'><strong>Vnus.</strong></span> <span class='ocrx_word' id='word_1_776' title='bbox 2198 5050 2248 5101; x_wconf 93' lang='lat'><strong>8.</strong></span> <span class='ocrx_word' id='word_1_777' title='bbox 2280 5076 2350 5088; x_wconf 89' lang='lat'>—</span> <span class='ocrx_word' id='word_1_778' title='bbox 2372 5045 2619 5119; x_wconf 79' lang='lat' dir='ltr'><strong>Elymas.</strong></span> <span class='ocrx_word' id='word_1_779' title='bbox 2661 5046 2849 5117; x_wconf 87' lang='lat' dir='ltr'><strong>(Ihm)</strong></span> <span class='ocrx_word' id='word_1_780' title='bbox 2903 5045 3124 5119; x_wconf 79' lang='lat' dir='ltr'><strong>Elymus</strong></span> <span class='ocrx_word' id='word_1_781' title='bbox 3145 5091 3162 5116; x_wconf 96' lang='lat'><strong>,</strong></span> <span class='ocrx_word' id='word_1_782' title='bbox 3222 5047 3518 5105; x_wconf 90' lang='lat' dir='ltr'><strong>secundum</strong></span> 
     </span>
    </p>
   </div>
   <div class='ocr_carea' id='block_1_114' title="bbox 1922 5135 3514 5210">
    <p class='ocr_par' dir='ltr' id='par_1_114' title="bbox 1922 5135 3514 5210">
     <span class='ocr_line' id='line_1_114' title="bbox 1922 5135 3514 5210; baseline 0.002 -19"><span class='ocrx_word' id='word_1_783' title='bbox 1922 5135 2185 5209; x_wconf 90' lang='lat' dir='ltr'><strong>quosdam</strong></span> <span class='ocrx_word' id='word_1_784' title='bbox 2198 5135 2600 5206; x_wconf 89' lang='lat' dir='ltr'><strong>interpretatur,</strong></span> <span class='ocrx_word' id='word_1_785' title='bbox 2615 5137 2716 5193; x_wconf 87' lang='lat' dir='ltr'><strong>Dei</strong></span> <span class='ocrx_word' id='word_1_786' title='bbox 2724 5136 2839 5193; x_wconf 89' lang='lat' dir='ltr'><strong>mei</strong></span> <span class='ocrx_word' id='word_1_787' title='bbox 2853 5152 3142 5204; x_wconf 89' lang='lat' dir='ltr'><strong>mensura,</strong></span> <span class='ocrx_word' id='word_1_788' title='bbox 3157 5136 3247 5194; x_wconf 91' lang='lat' dir='ltr'><strong>vel</strong></span> <span class='ocrx_word' id='word_1_789' title='bbox 3265 5137 3514 5210; x_wconf 88' lang='lat' dir='ltr'><strong>Magnus,</strong></span> 
     </span>
    </p>
   </div>
   <div class='ocr_carea' id='block_1_115' title="bbox 1923 5223 2460 5281">
    <p class='ocr_par' dir='ltr' id='par_1_115' title="bbox 1923 5223 2460 5281">
     <span class='ocr_line' id='line_1_115' title="bbox 1923 5223 2460 5281; baseline -0.007 0"><span class='ocrx_word' id='word_1_790' title='bbox 1923 5233 1975 5281; x_wconf 91' lang='lat' dir='ltr'><strong>et</strong></span> <span class='ocrx_word' id='word_1_791' title='bbox 2003 5224 2128 5281; x_wconf 87' lang='lat' dir='ltr'><strong>ideo</strong></span> <span class='ocrx_word' id='word_1_792' title='bbox 2154 5223 2460 5279; x_wconf 87' lang='lat' dir='ltr'><strong>resistebat.</strong></span> 
     </span>
    </p>
   </div>
   <div class='ocr_carea' id='block_1_116' title="bbox 1992 5310 3599 5386">
    <p class='ocr_par' dir='ltr' id='par_1_116' title="bbox 1992 5310 3599 5386">
     <span class='ocr_line' id='line_1_116' title="bbox 1992 5310 3599 5386; baseline 0.001 -16"><span class='ocrx_word' id='word_1_793' title='bbox 1992 5314 2275 5370; x_wconf 78' lang='lat' dir='ltr'><strong>Avertere.</strong></span> <span class='ocrx_word' id='word_1_794' title='bbox 2295 5312 2426 5384; x_wconf 83' lang='lat' dir='ltr'><strong>(Im)</strong></span> <span class='ocrx_word' id='word_1_795' title='bbox 2447 5312 2590 5368; x_wconf 89' lang='lat' dir='ltr'><strong>Eum</strong></span> <span class='ocrx_word' id='word_1_796' title='bbox 2619 5312 2713 5385; x_wconf 91' lang='lat' dir='ltr'><strong>qui</strong></span> <span class='ocrx_word' id='word_1_797' title='bbox 2731 5312 3029 5385; x_wconf 76' lang='lat' dir='ltr'><strong>incceperat</strong></span> <span class='ocrx_word' id='word_1_798' title='bbox 3057 5314 3323 5386; x_wconf 90' lang='lat' dir='ltr'><strong>converti,</strong></span> <span class='ocrx_word' id='word_1_799' title='bbox 3354 5331 3385 5371; x_wconf 93' lang='lat' dir='ltr'><strong>a</strong></span> <span class='ocrx_word' id='word_1_800' title='bbox 3413 5314 3520 5373; x_wconf 81' lang='lat' dir='ltr'><strong>fide</strong></span> <span class='ocrx_word' id='word_1_801' title='bbox 3594 5310 3599 5315; x_wconf 63' lang='grc'><strong>”</strong></span> 
     </span>
    </p>
   </div>
   <div class='ocr_carea' id='block_1_117' title="bbox 1922 5401 3518 5476">
    <p class='ocr_par' dir='ltr' id='par_1_117' title="bbox 1922 5401 3518 5476">
     <span class='ocr_line' id='line_1_117' title="bbox 1922 5401 3518 5476; baseline 0.001 -17"><span class='ocrx_word' id='word_1_802' title='bbox 1922 5403 1992 5459; x_wconf 91' lang='lat' dir='ltr'><strong>ad</strong></span> <span class='ocrx_word' id='word_1_803' title='bbox 2020 5401 2519 5476; x_wconf 85' lang='lat' dir='ltr'><strong>transgressionem</strong></span> <span class='ocrx_word' id='word_1_804' title='bbox 2547 5401 2764 5458; x_wconf 89' lang='lat' dir='ltr'><strong>volebat</strong></span> <span class='ocrx_word' id='word_1_805' title='bbox 2793 5411 3114 5461; x_wconf 90' lang='lat' dir='ltr'><strong>convertere</strong></span> <span class='ocrx_word' id='word_1_806' title='bbox 3138 5405 3294 5474; x_wconf 84' lang='lat' dir='ltr'><strong>juxta</strong></span> <span class='ocrx_word' id='word_1_807' title='bbox 3317 5419 3518 5462; x_wconf 88' lang='lat' dir='ltr'><strong>nomen</strong></span> 
     </span>
    </p>
   </div>
   <div class='ocr_carea' id='block_1_118' title="bbox 1924 5507 2100 5546">
    <p class='ocr_par' dir='ltr' id='par_1_118' title="bbox 1924 5507 2100 5546">
     <span class='ocr_line' id='line_1_118' title="bbox 1924 5507 2100 5546; baseline -0.006 0"><span class='ocrx_word' id='word_1_808' title='bbox 1924 5507 2100 5546; x_wconf 89' lang='lat' dir='ltr'><strong>suum.</strong></span> 
     </span>
    </p>
   </div>
   <div class='ocr_carea' id='block_1_119' title="bbox 1993 5578 3519 5653">
    <p class='ocr_par' dir='ltr' id='par_1_119' title="bbox 1993 5578 3519 5653">
     <span class='ocr_line' id='line_1_119' title="bbox 1993 5578 3519 5653; baseline 0.001 -18"><span class='ocrx_word' id='word_1_809' title='bbox 1993 5578 2165 5635; x_wconf 77' lang='lat' dir='ltr'><strong>Vnus.</strong></span> <span class='ocrx_word' id='word_1_810' title='bbox 2200 5583 2253 5634; x_wconf 87' lang='lat'><strong>9.</strong></span> <span class='ocrx_word' id='word_1_811' title='bbox 2275 5609 2346 5619; x_wconf 98' lang='lat'><strong>—</strong></span> <span class='ocrx_word' id='word_1_812' title='bbox 2370 5579 2578 5636; x_wconf 90' lang='lat' dir='ltr'><strong>Saulus</strong></span> <span class='ocrx_word' id='word_1_813' title='bbox 2606 5579 2736 5652; x_wconf 84' lang='lat' dir='ltr'><strong>(Im)</strong></span> <span class='ocrx_word' id='word_1_814' title='bbox 2765 5580 2959 5638; x_wconf 87' lang='lat' dir='ltr'><strong>Saulus</strong></span> <span class='ocrx_word' id='word_1_815' title='bbox 2988 5580 3368 5653; x_wconf 88' lang='lat' dir='ltr'><strong>interpretatur</strong></span> <span class='ocrx_word' id='word_1_816' title='bbox 3389 5582 3519 5638; x_wconf 82' lang='lat' dir='ltr'><strong>Ten-</strong></span> 
     </span>
    </p>
   </div>
   <div class='ocr_carea' id='block_1_120' title="bbox 1925 5668 3375 5741">
    <p class='ocr_par' dir='ltr' id='par_1_120' title="bbox 1925 5668 3375 5741">
     <span class='ocr_line' id='line_1_120' title="bbox 1925 5668 3375 5741; baseline 0.001 -15"><span class='ocrx_word' id='word_1_817' title='bbox 1925 5669 2067 5728; x_wconf 81' lang='lat' dir='ltr'><strong>tatio</strong></span> <span class='ocrx_word' id='word_1_818' title='bbox 2085 5669 2466 5741; x_wconf 82' lang='lat' dir='ltr'><strong>respicientis,</strong></span> <span class='ocrx_word' id='word_1_819' title='bbox 2500 5668 2590 5727; x_wconf 85' lang='lat' dir='ltr'><strong>vel</strong></span> <span class='ocrx_word' id='word_1_820' title='bbox 2614 5672 2920 5737; x_wconf 81' lang='lat' dir='ltr'><strong>securitas,</strong></span> <span class='ocrx_word' id='word_1_821' title='bbox 2955 5670 3044 5727; x_wconf 89' lang='lat' dir='ltr'><strong>vel</strong></span> <span class='ocrx_word' id='word_1_822' title='bbox 3069 5670 3375 5729; x_wconf 83' lang='lat' dir='ltr'><strong>mirabilis.</strong></span> 
     </span>
    </p>
   </div>
  </div>
