3948 6178
463 206 569 261 455
623 256 627 268 λ

952 205 1357 261 WALAFRIDI
1395 204 1640 261 STRABI
1677 203 1874 260 FULD.
1915 198 2089 257 MON.
2130 198 2283 257 OPP.
2325 203 2501 261 PARS
2538 205 2581 260 Ι.
2622 235 2690 246 -
2727 205 3196 263 THEOLOGICA.

3660 212 3759 265 456

539 332 644 398 Qui
664 335 720 386 et
749 332 983 386 Paulus.
1019 330 1299 401 (BEDA.)A
1321 330 1514 401 Sergio
1544 329 1708 383 Paulo
1730 327 2055 399 proconsule
2076 325 2133 385 A
2165 327 2381 396 dicitur,
2416 330 2520 385 hoc
2548 331 2618 385 ad
2649 332 2946 401 apostolos,
2998 331 3090 403 qui
3135 331 3388 387 membra
3441 332 3562 402 ejus
3614 342 3753 400 sunt,

464 419 652 491 (quem
682 418 809 474 ﬁdei
840 420 1077 492 subegit)
1108 420 1328 474 sortitus
1358 426 1439 473 est
1469 417 1867 493 nomen‘Pauli.

538 510 676 579 Apte
708 509 955 581 gentium
983 508 1261 578 apostolus
1290 508 1358 561 de
1384 507 1573 579 gentili
1593 523 1792 561 nomen
1812 506 2052 561 sortitur.

535 598 723 668 (ΚΑΒ.)
745 599 791 651 Α
813 596 1005 668 Sergio
1026 597 1192 650 Paulo
1206 595 1381 650 dictus
1403 604 1483 649 est
1512 595 1809 666 apostolus,
1832 595 2053 662 Paulus,

464 692 593 753 etc.,
644 702 816 758 usque
856 687 963 752 ad,
1004 687 1112 757 Ego
1168 702 1294 740 sum
1342 687 1617 741 minimus
1676 686 2055 757 apostolorum

490 775 518 829 Ι
546 775 664 829 Cor.
698 775 818 829 xv).

490 776 518 829 Ι
546 775 664 829 Cor.
698 789 777 827 xv
806 815 818 827 .

466 774 492 845 (
531 863 700 917 Vnus.
736 773 820 915 11).
854 892 923 901 -
948 864 1019 917 Et
1049 879 1223 927 nunc,
1250 869 1355 917 etc.
1378 864 1505 918 Eris
1534 878 1731 928 caecus,
1757 869 1860 917 etc.
1886 860 2055 932 Opor-

457 949 555 1004 tuit
586 949 806 1004 Paulum
855 950 1120 1007 miracula
1177 966 1345 1023 agere
1403 952 1475 1005 ad
1532 950 2053 1006 consummationem

454 1038 806 1109 apostolatus,
842 1056 1006 1110 quem
1035 1040 1127 1095 diu
1156 1048 1348 1096 contra
1377 1039 1628 1095 stimulos
1680 1040 2052 1096 calcitrantem

457 1127 725 1183 Dominus
752 1128 1016 1200 elegerat.

518 1235 690 1289 Vnus.
727 1236 813 1290 14.
839 1236 1288 1292 —Antiochiam
1316 1237 1564 1292 Pisidiae.
1590 1235 1776 1308 (ΗΑΒ.)
1798 1235 1881 1290 Ad
1901 1234 2049 1290 diffe-

449 1322 684 1378 rentiam
715 1322 941 1378 alterius
961 1322 1282 1391 Antiochiae,
1306 1332 1364 1379 ut
1385 1324 1658 1392 creditur;
1691 1324 1789 1379 sed
1816 1323 2046 1379 amultis

447 1412 639 1467 eadem
669 1428 792 1467 esse
822 1420 1058 1483 putatur.

515 1501 813 1557 Sederunt.
845 1500 975 1572 (In.)
1006 1500 1176 1569 Quasi
1205 1501 1435 1556 audituri
1467 1501 1668 1575 legem,
1700 1517 1811 1557 non
1837 1500 2042 1572 praedi-

442 1588 633 1644 caturi.
666 1589 811 1645 Ecce
843 1589 1151 1660 exemplum
1180 1589 1510 1644 humilitatis.

511 1678 684 1733 Vnus.
730 1681 815 1732 19.
850 1709 919 1719 ——
955 1681 1121 1734 Terra
1152 1680 1452 1745 Chanaan,
1486 1686 1591 1734 etc.
1626 1677 1813 1750 (ΗΑΒ.)
1865 1678 1925 1732 Id
1956 1684 2113 1745 estB

438 1766 842 1837 promissionis,
878 1783 1000 1838 quae
1028 1767 1153 1822 ideo
1180 1772 1263 1839 (ut
1288 1767 1565 1838 plerisque
1594 1767 1829 1839 videtur)
1850 1766 2040 1822 Israeli

439 1862 521 1911 est
551 1856 696 1922 data,
730 1863 858 1927 etc.,
889 1872 1064 1929 usque
1091 1856 1163 1912 ad
1195 1864 1248 1911 et
1276 1856 1399 1911 ideo
1428 1855 1680 1912 maledici
1708 1856 1926 1911 meruit.

509 1952 680 2007 Vnus.
714 1956 804 2009 20.
837 1984 906 1994 —
932 1953 1115 2022 Dedit,
1148 1960 1254 2008 etc.
1288 1953 1526 2024 Tempus
1552 1952 1796 2022 judicum
1844 1950 2036 2008 transit

441 2040 513 2096 ad
541 2041 883 2111 probandam
906 2041 1222 2112 patientiam
1250 2041 1370 2096 Dei.

505 2130 679 2185 Vnus.
711 2134 799 2187 26.
833 2161 903 2170 -—
943 2131 1111 2187 Vobis.
1145 2129 1332 2201 (ΗΑΒ.)
1360 2129 1582 2185 Iudaeis.
1619 2130 1739 2187 Non
1760 2132 1889 2186 veni
1917 2131 2036 2186 nisi

434 2218 508 2274 ad
523 2235 646 2276 oves
667 2235 789 2293 qum
806 2221 1106 2291 perierunt
1125 2219 1321 2275 domus
1341 2220 1518 2275 Israel
1540 2219 1760 2289 (Matth.
1784 2222 1908 2291 xv).
1932 2219 2033 2274 Vel

433 2307 589 2363 vobis
610 2348 624 2376 ,
660 2307 752 2379 qui
782 2308 912 2362 estis
937 2308 1208 2377 dispersi,
1242 2307 1369 2380 quia
1398 2307 1478 2378 (ut
1508 2307 1774 2380 sequitur)
1816 2307 2028 2363 habita-

432 2402 583 2451 tores
612 2396 917 2452 Jerusalem
945 2396 1264 2468 repulerunt
1302 2396 1455 2452 illud.

496 2502 667 2559 Vnus.
700 2505 788 2560 27.
824 2534 893 2544 —
921 2505 1271 2559 Judicantes.
1324 2503 1454 2575 (In.)
1503 2505 1691 2558 Jesum
1722 2519 1843 2559 esse
1874 2519 2026 2558 reum

424 2592 634 2647 mortis.
668 2591 790 2659 Vel,
814 2592 1121 2661 judicantes
1179 2608 1343 2648 voces
1401 2594 1823 2663 prOphetarum,
1858 2591 1913 2647 id
1944 2599 2026 2647 est

426 2697 538 2737 non
559 2680 843 2737 credentes
870 2699 882 2735 :
908 2680 999 2752 qui
1016 2681 1162 2735 enim
1183 2680 1421 2736 detrahit
1442 2678 1609 2749 fratri,
1635 2680 1871 2735 detrahit
1891 2680 2019 2754 legi,

424 2777 477 2824 et
502 2769 711 2839 judicat
740 2768 941 2842 legem,
967 2778 1169 2841 quanto
1200 2769 1375 2842 magis
1396 2769 1610 2824 Christo
1641 2770 2024 2825 detrahentes?

497 2859 709 2914 Sancta
744 2858 921 2914 David
947 2856 1157 2926 ﬁdelia.
1209 2857 1430 2927 (BEDA.)
1464 2857 1628 2911 Isaias
1659 2857 1800 2913 Novi
1828 2858 2021 2913 Testa-

425 2945 595 3003 menti
622 2942 875 3019 mysteria
912 2951 1288 3017 praegustans,
1326 2945 1402 3000 ait
1438 2963 1452 2999 :
1491 2948 1845 3002 Constituam
1873 2946 2021 3002 vobis

2155 418 2412 486 pertinet.
2440 422 2610 475 Posui
2633 425 2685 475 te
2707 422 2771 474 in
2794 422 2984 476 lumen
3012 422 3530 493 gentibus.(Bnn.-§.)
3554 422 3669 477 Hoc
3685 423 3757 477 di-

2156 514 2301 561 ctum
2332 515 2413 560 est
2445 508 2753 577 specialiter
2780 508 3026 577 Christo,
3061 517 3114 564 et
3147 518 3331 564 tamen
3360 510 3504 564 idem
3535 510 3637 564 sibi
3669 510 3753 566 di-

2156 602 2303 649 ctum
2333 612 2455 650 esse
2485 596 2817 651 arbitrantur
2849 598 3110 667 apostoli,
3147 599 3277 669 quia
3305 599 3557 653 membra
3583 599 3752 670 ipsius

2155 692 2279 737 sunt
2304 703 2317 737 :
2341 684 2479 740 sicut
2500 693 2726 756 propter
2746 686 2989 755 ejusdem
3010 688 3259 757 corporis
3280 687 3540 742 unionem
3552 688 3752 743 dictum

2154 780 2255 838 est,
2288 774 2474 839 Saule,
2503 775 2688 840 Saule,
2715 776 2849 847 quid
2869 792 2958 830 me
2977 779 3332 857 persequeris
3350 781 3372 832 2'
3393 785 3500 832 etc.

2223 863 2394 917 Vnus.
2418 865 2505 917 48.
2539 894 2609 903 -
2632 864 3027 920 Prasordinati.
3061 864 3212 919 Ordo
3243 865 3332 921 hic
3361 873 3479 931 est,
3526 873 3584 919 ut
3630 874 3753 936 post

2151 949 2373 1007 labores
2401 960 2701 1023 praesentes
2730 961 2780 1007 et
2811 951 3275 1010 mortiﬁcationem
3308 954 3507 1021 carnis,
3533 953 3647 1011 vita
3665 971 3751 1010 se-

2152 1047 2363 1110 quatur.

2220 1128 2393 1184 Vnus.
2427 1131 2514 1184 50.
2550 1160 2619 1169 —
2648 1131 2951 1202 Religiosas
2987 1132 3276 1188 mulieres.
3301 1132 3491 1203 (ΗΑΒ.)
3522 1131 3650 1188 Sive
3679 1132 3748 1188 de

2145 1215 2348 1272 Judazis
2379 1217 2470 1288 qui
2498 1218 2638 1290 legis
2667 1218 2993 1291 religionem
3022 1220 3335 1291 servabant,
3366 1221 3482 1278 sive
3510 1221 3581 1278 de
3602 1237 3745 1295 gen-

2145 1304 2289 1359 tibus
2316 1305 2643 1379 religionem
2674 1308 2888 1363 salvare
2916 1307 3261 1380 incipientes.
3351 1376 3359 1390 .

2216 1393 2386 1449 Vnus.
2404 1396 2491 1449 51.
2505 1397 2836 1453 —-Excusso
2851 1398 3099 1469 pulvere,
3121 1406 3226 1454 etc.
3263 1398 3582 1455 Secundum
3601 1416 3744 1470 prae-

2143 1489 2361 1553 ceptum
2405 1483 2692 1556 Evangelii
2712 1527 2726 1554 ,
2779 1485 3048 1541 excutitur
3075 1486 3257 1557 pulvis
3282 1487 3340 1543 in
3368 1486 3743 1543 testimonium

2143 1572 2287 1642 quod
2317 1572 2532 1627 inanem
2562 1572 2808 1629 fecerunt
2838 1574 3104 1630 laborem.

2213 1660 2399 1735 (ΗΑΒ.)
2428 1661 2620 1717 Merito
2652 1663 2915 1718 excutitur
2941 1664 3147 1734 pulvis,
3183 1664 3311 1736 quia
3341 1665 3398 1719 in
3421 1665 3633 1736 judicio
3664 1666 3740 1722 sic

2140 1764 2171 1803 a
2201 1749 2412 1805 Christo
2429 1750 2734 1819 ejicientur,
2756 1751 2895 1808 sicut
2910 1753 3097 1825 pulvis
3112 1770 3275 1825 quem
3286 1755 3520 1827 projicit
3536 1759 3737 1811 ventus

2138 1854 2173 1893 a
2194 1839 2343 1908 facie
2375 1842 2541 1895 terra
2561 1838 2733 1911 (Psal.
2759 1839 2820 1911 ι).
2855 1840 2911 1895 Si
2940 1857 3070 1896 vero
3099 1842 3377 1913 apostolos
3404 1843 3737 1914 reciperent,

2135 1926 2307 1996 pedes
2349 1942 2478 1984 suos
2500 1968 2514 1997 ,
2550 1927 2605 1983 id
2635 1936 2717 1983 est
2748 1944 2941 1985 sensus
2965 1973 2978 1996 ,
3012 1944 3046 1985 a
3072 1930 3298 2001 pulvere
3321 1974 3336 1999 ,
3368 1930 3426 1987 id
3453 1939 3542 1987 est
3569 1932 3733 1999 vitiis,

2136 2014 2429 2071 solverent.

2730 2105 2955 2163 CAPUT
2992 2107 3138 2163 XIV.

2204 2228 2373 2283 Vnus.
2408 2231 2459 2283 6.
2494 2258 2564 2269 —
2596 2229 3002 2302 Confugerunt.
3035 2231 3221 2303 (ΗΑΒ.)
3260 2232 3415 2305 Fuga
3445 2232 3731 2304 apostolo-

2130 2332 2249 2371 rum
2279 2332 2390 2372 non
2419 2316 2540 2389 plus
2570 2316 2669 2373 fuit
2698 2335 2763 2374 ex
2791 2319 3006 2387 timore,
3032 2336 3195 2391 quam
3222 2336 3406 2377 amore
3435 2322 3593 2378 verbi
3607 2322 3730 2379 Dei.

2129 2407 2199 2461 Et
2219 2407 2564 2473 universam,
2600 2415 2704 2463 etc.
2739 2407 2897 2477 Quod
2927 2408 2984 2462 in
3007 2408 3203 2465 Graeco
3233 2409 3482 2481 sequitur
3523 2429 3538 2466 :
3581 2413 3730 2469 Deus

2127 2498 2322 2550 autem
2331 2511 2532 2567 pacem
2552 2498 2709 2567 /ecit,
2736 2495 2958 2570 quidam
2984 2496 3157 2553 Latini
3178 2498 3399 2556 codices
3425 2497 3612 2555 minus
3641 2501 3731 2556 ha-

2126 2582 2274 2638 bent.

2196 2672 2365 2727 Vnus.
2400 2675 2487 2729 10.
2517 2704 2587 2714 —
2615 2673 2981 2730 Levaverunt.
3037 2675 3224 2747 (ΡιΑΒ.)
3280 2675 3340 2731 In
3368 2676 3477 2733 hoc
3506 2685 3730 2734 notatur

2121 2759 2438 2831 petulantia.
2499 2761 2636 2827 Vel,
2670 2761 2831 2817 altior
2857 2770 2977 2818 erat
3005 2764 3272 2822 sententia
3297 2780 3464 2837 quam
3495 2783 3595 2823 sua
3622 2766 3726 2823 lin-

2121 2864 2226 2919 gua
2256 2848 2487 2903 barbara
2516 2856 2567 2904 et
2595 2848 2753 2905 unius
2774 2850 2875 2906 Dei
2905 2850 3115 2923 ignara.

2192 2935 2361 2992 Vnus.
2398 2940 2483 2995 12.
2508 2968 2577 2977 —
2599 2938 2860 2996 Coronas.
2895 2940 3024 3012 (In.)
3057 2942 3125 2997 Ut
3152 2939 3349 2998 faciem
3368 2943 3556 3016 templi
3569 2944 3720 3014 juxta

420 3040 829 3093 testamentum
848 3039 1129 3091 aeternum
1145 3039 1347 3091 sancta
1378 3036 1555 3090 David
1582 3035 1792 3104 fidelia.
1814 3035 1873 3089 In
1893 3036 2007 3091 He-
2040 3042 2089 3105 (ζ’,
2120 3023 2280 3079 ritum
2310 3025 2555 3098 gentium
2585 3035 2806 3083 οΓΠαΓθῐ
2826 3071 2843 3095 ,
2874 3028 2962 3085 V81
2991 3029 3070 3085 eis
3101 3030 3279 3102 (quasi
3324 3031 3429 3087 diis
3457 3031 3718 3091 immOla-

417 3123 567 3179 braao
600 3140 613 3178 :
645 3126 719 3178 Et
745 3126 956 3195 feriam
994 3125 1274 3179 vobiscum
1316 3127 1551 3195 pactum
1595 3124 2005 3196 sempiternum

415 3213 836 3270 misericordias
863 3212 1039 3270 David
1065 3213 1278 3283 ﬁdeles.

484 3310 657 3366 Vnus.
686 3312 773 3364 35.
809 3340 877 3351 —
906 3312 1029 3367 Non
1066 3310 1242 3378 dabis,
1267 3317 1372 3366 etc.
1407 3310 1536 3383 (In.)
1574 3311 1703 3366 Post
1739 3325 2020 3367 resurrec-

418 3397 618 3454 tionem
650 3415 761 3454 non
791 3399 1037 3467 moritur,
1060 3415 1209 3455 mors
1240 3398 1317 3453 illi
1345 3399 1480 3454 ultra
1500 3414 1609 3455 non
1628 3399 2012 3467 dominabitur,

413 3494 468 3543 et
496 3486 621 3543 ideo
652 3487 781 3544 dicit
810 3495 996 3545 sancta
1027 3487 1225 3557 ﬁdelia,
1249 3487 1305 3543 id
1331 3496 1415 3544 est
1440 3488 1751 3560 incorrupta
1778 3496 1832 3544 et
1857 3495 2013 3545 aeter-

411 3575 609 3633 naliter
640 3592 1015 3648 permansura.

478 3675 649 3731 Vnus.
682 3677 771 3730 41.
805 3706 874 3717 -
914 3675 1097 3733 Videte
1149 3679 1580 3749 contemptores.
1634 3676 1695 3730 In
1744 3675 1938 3733 Graece
1986 3666 2003 3729 Ξ

404 3762 601 3818 Audite
627 3770 1053 3835 contemptores,
1090 3772 1142 3818 et
1172 3764 1425 3834 respicite
1456 3771 1507 3819 et
1535 3763 1932 3835 disperdimini.

475 3851 878 3908 Admiramini.
914 3851 1102 3924 (ΗΑΒ.)
1134 3852 1223 3907 Sic
1258 3852 1431 3924 junge
1475 3870 1488 3905 :
1531 3853 1915 3909 Admiramini
1949 3856 2007 3908 et

407 3939 806 4013 dispergimini
837 3940 904 3994 ab
934 3940 1175 4011 Assyriis
1206 3948 1259 3994 et
1293 3940 1595 4008 Chaldaeis,
1629 3940 1923 3996 novissime
1958 3955 2005 4017 pa

401 4028 683 4095 Romanis,
718 4027 844 4099 quia
873 4045 1010 4099 opus
1038 4044 1238 4099 operor
1266 4029 1545 4100 utriusque
1575 4029 1845 4085 vindictae.
1881 4031 2001 4086 Non

402 4117 663 4188 credetis,
688 4124 793 4173 etc.
829 4117 928 4173 Vel
955 4124 1179 4188 propter
1205 4117 1485 4189 utriusque
1509 4118 1760 4174 vindictas
1784 4117 2001 4193 magni-

398 4204 678 4274 tudinem,
734 4220 846 4262 non
892 4205 1122 4261 credere
1179 4206 1427 4262 dicuntur
1483 4207 1659 4263 donec
1714 4207 1999 4278 completas

400 4293 615 4351 fuerint.

468 4384 639 4441 Vnus.
679 4385 764 4440 43.
798 4414 868 4428 --
896 4386 967 4441 Et
986 4385 1315 4442 colentium.
1350 4384 1481 4455 (In.)
1512 4386 1656 4442 Bene
1685 4386 1885 4459 legitur
1906 4406 1994 4447 σο·-
2020 4404 2074 4466 D

397 4473 641 4530 lentium
683 4476 891 4541 Deum,
925 4474 1063 4531 sicut
1090 4474 1148 4529 in
1178 4473 1371 4530 Graeco
1400 4474 1647 4531 habetur.
1708 4475 1991 4549 Signiﬁcat

395 4569 576 4618 autem
605 4579 699 4619 eos
732 4564 824 4635 qui
854 4571 1049 4619 natura
1095 4563 1328 4637 gentiles
1375 4572 1527 4619 erant
1551 4607 1565 4631 ,
1598 4565 1696 4620 sed
1728 4566 1990 4639 religione

392 4649 583 4717 Judaei,
619 4650 811 4707 Graece
839 4653 1017 4708 vocati
1045 4652 1328 4725 proselyti.

464 4762 634 4818 Vnus.
668 4764 756 4817 46.
788 4793 857 4804 —-
885 4767 1165 4822 Primum.
1191 4767 1320 4838 (In.)
1342 4766 1524 4822 Primo
1545 4766 1711 4822 ﬁliam
1730 4767 1987 4841 principis

393 4865 587 4908 curare
617 4850 765 4908 venit
791 4853 968 4921 Jesus,
1003 4854 1100 4908 sed
1130 4854 1321 4909 mulier
1350 4854 1553 4911 ﬂuxum
1584 4857 1867 4930 sanguinis
1886 4874 1987 4930 pa-

391 4939 534 4995 tiens
561 4940 842 5013 praeripuit
872 4941 1172 4997 sanitatem.
1218 4946 1465 5000 zEternce
1512 4948 1658 5002 vitae.
1706 4947 1830 5001 Non
1861 4947 1989 5019 quia

392 5027 596 5083 scirent
624 5030 790 5084 vitam
816 5037 1078 5085 aeternam
1110 5047 1231 5086 esse
1262 5050 1422 5103 quam
1464 5035 1791 5105 respuebant
1816 5080 1827 5101 ,
1889 5036 1987 5090 sed

390 5132 457 5172 ex
487 5132 585 5173 suo
614 5134 778 5174 sensu
807 5125 860 5174 et
890 5117 996 5174 ﬁde
1028 5136 1123 5174 sua
1150 5120 1313 5176 locuti
1342 5129 1465 5176 sunt
1493 5123 1743 5194 apostoli.

461 5224 631 5280 Vnus.
657 5227 745 5280 47.
760 5255 831 5267 —
845 5226 935 5281 Sic
956 5228 1127 5292 enim,
1148 5232 1251 5281 etc.
1277 5226 1405 5297 (In.)
1436 5228 1725 5299 Pr0phetia
1744 5238 1826 5285 est
1845 5248 1987 5302 prae-

389 5320 605 5384 ceptum
634 5313 913 5369 immobile
942 5315 1101 5369 nobis
1126 5332 1138 5367 :
1163 5314 1394 5385 primum
1422 5316 1638 5383 dicitur,
1671 5318 1870 5375 deinde
1902 5320 1984 5374 in-

387 5400 556 5457 fertur
584 5403 866 5473 Prophetzn
901 5403 1268 5459 testimonium
1296 5404 1362 5458 ad
1382 5422 1673 5475 personam
1702 5408 1876 5463 Patris
1903 5409 1983 5465 lo-

388 5491 603 5562 quentis
634 5491 705 5546 ad
738 5491 951 5547 Filium.

456 5583 628 5643 Posui
659 5584 734 5640 te.
767 5580 890 5639 Non
920 5581 996 5640 ait
1017 5623 1032 5654 ,
1065 5584 1236 5641 Posui
1280 5601 1407 5656 vos,
1441 5585 1569 5658 quia
1595 5588 1740 5658 quod
1769 5588 1983 5648 Christo

2123 3114 2296 3183 turus)
2322 3113 2641 3185 imponeret.
2701 3115 2819 3171 Mos
2876 3124 2990 3173 erat
3043 3119 3326 3191 gentilium
3356 3139 3370 3175 :
3401 3129 3458 3177 ut
3484 3122 3718 3179 deorum

2121 3216 2341 3257 suorum
2370 3203 2567 3260 honori
2594 3203 2961 3261 sacriﬁcantes
3003 3216 3279 3266 sumerent
3324 3225 3556 3267 coronas
3579 3252 3596 3281 ,
3629 3213 3715 3270 vi-

2117 3290 2293 3347 ctimis
2326 3291 2486 3347 simul
2517 3293 2808 3350 coronatis.
3105 3290 3120 3302 ⁸

2188 3379 2356 3437 Vnus.
2392 3383 2478 3436 16.
2510 3412 2580 3423 —
2606 3383 2853 3455 Implens
2872 3384 3011 3451 cibo,
3044 3392 3150 3442 etc.
3186 3386 3316 3459 (In.)
3368 3388 3449 3445 De
3478 3390 3710 3446 carnali-

2114 3468 2216 3525 bus
2245 3469 2500 3543 loquitur,
2533 3471 2659 3543 quia
2686 3471 2871 3529 laetitia
2902 3481 2984 3529 est
3012 3474 3081 3532 de
3111 3474 3246 3532 cibis
3294 3484 3348 3533 et
3388 3475 3518 3534 vino
3566 3479 3713 3552 quod

2109 3556 2363 3629 laetiﬁcat,
2399 3574 2494 3616 cor
2521 3560 2779 3617 hominis.
3398 3587 3407 3593 -

2180 3647 2351 3703 Vnus.
2386 3651 2471 3704 18.
2488 3680 2557 3691 -
2574 3652 2921 3707 Traxerunt.
2947 3652 3079 3725 (In.)
3100 3653 3184 3708 Ad
3203 3653 3550 3726 lapidandum
3570 3655 3711 3713 sicut

2107 3735 2359 3804 cadaver,
2388 3738 2459 3794 de
2488 3739 2594 3795 hoc
2623 3738 2740 3811 ipse
2759 3739 2829 3794 ad
2854 3739 3192 3797 Corinthios:
3212 3744 3397 3801 Semel
3418 3746 3706 3818 lapidatus

2104 3840 2233 3881 sum
2265 3827 2342 3897 (ΙΙ
2381 3829 2503 3884 Cor.
2536 3827 2639 3900 xr),
2674 3835 2778 3883 etc.

2174 3914 2342 3969 Vnus.
2374 3919 2462 3973 21.
2493 3946 2564 3956 ——
2598 3918 2662 3974 Ut
2677 3924 3087 3989 permanerent
3124 3921 3189 3976 in
3229 3921 3357 3989 ﬁde.
3383 3921 3700 3993 (In.),Con-

2101 4008 2181 4057 tra
2208 4003 2404 4058 multas
2432 4003 2809 4061 tribulationes
2843 4024 2856 4060 :
2891 4006 3017 4078 quia
3059 4009 3346 4065 multitudo
3394 4010 3701 4067 tribulatio-

2099 4106 2230 4146 num
2259 4090 2386 4147 ﬁdei
2415 4093 2591 4164 poscit
2618 4094 3098 4165 perseverantiam.
3132 4098 3408 4165 Quoniam
3434 4116 3540 4172 per
3558 4102 3704 4157 mul-

2099 4182 2187 4234 tas
2214 4181 2632 4240 tribulationes.
2666 4181 2844 4238 Labor
2878 4185 3243 4254 praemittitur,
3298 4186 3497 4244 dehinc
3540 4189 3702 4261 regni

2094 4265 2348 4324 introitus
2369 4270 2713 4341 praedicatur,
2747 4270 2873 4342 quia
2900 4288 3026 4345 spes
3053 4275 3266 4346 praemii
3304 4276 3562 4333 solatium
3623 4285 3703 4334 est

2100 4354 2318 4413 laboris.

2705 4478 2933 4536 CAPUT
2967 4479 3088 4536 XV.
3500 4570 3503 4571 ν

2159 4612 2328 4670 Vnus.
2366 4618 2420 4671 2.
2441 4644 2511 4657 —
2541 4615 2844 4675 Seditione.
2878 4620 2925 4674 A
2954 4618 3118 4675 Paulo
3149 4626 3204 4675 et
3230 4617 3482 4676 Barnaba
3504 4661 3520 4691 ,
3555 4634 3691 4679 con—

2002 4729 2006 4734 ·
2091 4708 2172 4755 tra
2199 4700 2344 4769 illos,
2380 4703 2471 4774 qui
2499 4705 2617 4761 haec
2648 4706 2921 4763 dicebant.

2162 4792 2521 4849 Statuerunt.
2557 4795 2697 4865 (Rau
2710 4796 2755 4866 .)
2778 4796 2994 4852 Scilicet
3012 4796 3067 4851 hi
3094 4796 3185 4869 qui
3205 4797 3605 4855 descenderant
3625 4798 3690 4855 de

2088 4879 2293 4948 Iudaea,
2330 4889 2458 4947 etc.,
2484 4900 2656 4955 usque
2687 4884 2758 4940 ad
2784 4885 2852 4939 ad
2884 4884 3047 4939 ﬁdem
3078 4886 3304 4941 venisse
3337 4887 3625 4957 probatur.

2162 4968 2337 5023 Vnus.
2369 4974 2420 5024 6.
2444 5001 2513 5010 —
2534 4972 3032 5046 Conveneruntque
3053 4976 3314 5046 apostoli.
3330 4975 3463 5047 (In.)
3486 4976 3591 5033 Hic
3604 4976 3690 5031 da-

2091 5063 2176 5111 tur
2205 5058 2512 5128 exemplum
2542 5058 2774 5115 faciendi
2821 5070 3121 5118 conventus
3144 5106 3157 5129 ,
3212 5063 3282 5118 ad
3327 5063 3687 5121 discernenda

2090 5161 2155 5201 ea
2183 5163 2304 5217 quae
2331 5146 2457 5203 ﬁdei
2488 5156 2612 5203 sunt
2628 5150 2964 5205 necessaria.

2116 5272 2123 5281 ι
2162 5235 2330 5290 Vnus.
2365 5237 2417 5291 7.
2449 5267 2519 5278 -
2549 5240 2657 5293 Per
2701 5255 2757 5293 os
2801 5255 3010 5295 meum.
3046 5237 3176 5311 (In.)
3205 5240 3332 5295 Non
3367 5240 3596 5297 alterius
3624 5260 3689 5300 ex

2090 5324 2369 5395 apostolis,
2405 5325 2561 5397 quasi
2592 5326 2737 5382 dicat
2769 5345 2781 5381 :
2816 5326 2923 5395 Qui
2950 5328 3159 5399 primus
3186 5329 3479 5400 praedicavi
3510 5332 3689 5405 genti-

2089 5413 2212 5479 bus,
2246 5413 2449 5484 primus
2479 5415 2545 5469 ab
2575 5415 2654 5470 eis
2676 5415 2868 5488 jugum
2897 5417 3037 5489 legis
3069 5415 3357 5473 excutiam.
3414 5420 3557 5475 Nam
3589 5438 3689 5476 eu-

2089 5502 2267 5558 nucho
2297 5503 2474 5558 nullus
2503 5502 2875 5574 apostolorum
2921 5505 3236 5576 praedicavit
3281 5523 3294 5560 :
3346 5508 3446 5563 sed
3476 5509 3686 5581 Philip-

2088 5608 2192 5663 pus
2222 5592 2502 5661 diaconus,
2537 5601 2590 5650 et
2617 5593 2853 5666 gratuito
2881 5594 3137 5668 impletus
3167 5603 3251 5655 est
3278 5596 3447 5661 dono.
