3948 6178
180 318 276 373 65⁸7

1093 314 1363 373 GLOSSA
1402 314 1812 373 ORDINARIA.
1854 346 1923 358 —
1951 312 2079 373 LIB.
2112 316 2402 375 ACTUUM
2429 314 2672 375 APOS’I‘.

3363 321 3467 376 I58

249 440 420 494 Vens.
458 442 515 494 9.
546 469 616 480 -
642 439 774 495 Fide
789 440 1123 511 puriﬁcans.
1148 439 1403 511 (Cunvs.)
1425 441 1469 494 A
1502 440 1616 495 sola
1646 439 1772 507 fide,
1791 440 1847 502 A
1952 442 2192 513 Spiritui
2222 447 2438 499 sancto.
2489 442 2675 525 (ΚΑΒ.)
2706 442 2773 496 Et
2802 440 2961 498 nobis
2991 441 3226 497 humano
3255 442 3474 514 quidem

186 530 369 601 inquit,
404 528 498 583 illa
526 528 757 583 assecuti
789 536 941 595 sunt,
973 536 1025 582 et
1064 543 1181 584 .non
1234 529 1493 599 operibus
1539 528 1628 584 vel
1674 528 1777 584 cir-

183 616 533 673 cumcisione.
567 616 782 672 Etenim
810 618 927 672 haec
955 632 1065 672 non
1094 617 1273 672 dicunt
1305 618 1478 672 solum
1507 634 1605 688 pro
1634 634 1776 689 gen-

1878 544 2063 599 sensu,
2099 530 2195 585 sed
2227 547 2379 587 sano.

1947 620 2017 673 Et
2047 619 2223 675 nobis.
2252 620 2376 674 Non
2405 627 2584 675 tamen
2612 618 2789 675 solum
2827 619 3103 676 voluntate
3131 627 3335 688 nostra,
3370 617 3469 675 sed

186 707 319 763 tibus
363 705 633 761 rationem
678 706 987 771 reddentes,
1045 705 1142 760 sed
1190 706 1351 761 etiam
1409 706 1532 761 illos
1573 724 1604 760 a
1654 706 1779 778 lege
1876 706 2132 763 instinctu
2162 708 2405 777 ejusdem
2438 708 2692 779 Spiritus.

182 795 443 850 abducere
502 794 781 866 cupientes
814 812 828 850 :
861 810 1049 851 verum
1088 794 1200 863 jam
1240 795 1345 851 hoc
1400 795 1641 851 nondum
1686 795 1775 850 di-

182 891 318 940 cunt.

247 999 414 1054 Vens.
451 1000 542 1055 12.
575 1027 645 1039 -
678 1000 872 1055 Tacuit
893 1003 1089 1054 autem
1108 1001 1293 1055 omnis
1312 999 1641 1056 multitudo.
1663 999 1776 1055 No-

184 1086 366 1143 taudus
394 1086 535 1141 ordo
563 1086 823 1159 loquendi
850 1086 939 1143 vel
966 1086 1322 1158 loquentium,
1373 1087 1496 1160 quia
1542 1087 1774 1160 singulis

178 1175 516 1248 loquentibus
546 1183 747 1245 tacent,
776 1174 1012 1246 primum
1056 1177 1237 1231 Petro.

246 1290 411 1344 Vens.
448 1292 537 1344 13.
574 1321 645 1331 —
672 1291 745 1345 Et
768 1295 1081 1363 postquam,
1113 1299 1216 1346 etc.
1249 1290 1505 1361 (Cenvs.)
1540 1289 1641 1347 Hic
1660 1299 1774 1347 erat

183 1379 460 1449 episcopus
489 1378 756 1434 Ecclesiae
788 1374 1314 1450 Hierosolymitanae,
1347 1386 1476 1449 etc.,
1509 1396 1682 1453 usque
1701 1380 1774 1436 ad

185 1467 266 1523 ubi
294 1466 505 1523 scilicet
533 1475 588 1522 et
616 1465 780 1523 finem
811 1467 1039 1539 imponit
1065 1468 1342 1540 operibus.

246 1565 413 1618 Vens.
448 1567 537 1618 16.
571 1594 642 1605 -
674 1566 939 1620 Revertar
967 1569 1024 1620 et
1050 1566 1415 1635 rewdiﬁcabo,
1441 1573 1545 1621 etc.
1570 1566 1772 1622 Rever-

183 1661 257 1708 tar
285 1652 352 1708 ad
379 1659 599 1724 gentes,
634 1669 769 1725 quas
796 1652 949 1724 prius
979 1653 1187 1708 dixerat
1213 1653 1428 1725 ingredi
1466 1654 1580 1709 vias
1621 1670 1768 1723 suas,

185 1741 262 1797 cui
306 1741 492 1796 sensui
537 1740 810 1797 firmando
863 1742 1095 1798 Iacobus
1151 1742 1517 1799 testimonium
1572 1743 1767 1799 intulit.

184 1830 288 1886 Hoc
314 1837 503 1901 aperte
534 1830 903 1885 testimonium
934 1831 1225 1887 concordat
1252 1831 1433 1886 verbis
1473 1830 1729 1888 Simonis.

244 1918 421 1989 (ΚΑΒ.)
451 1918 662 1974 Umbra
688 1918 848 1989 legis,
900 1935 1022 1991 qua:
1052 1918 1431 1975 traditionibus
1460 1920 1768 1977 Pharisaeo-

185 2023 289 2061 rum
316 2015 602 2078 corrupta,
655 2006 889 2062 Domino
919 2007 1208 2076 revelante,
1257 2008 1314 2063 id
1340 2016 1423 2064 est
1451 2008 1683 2065 Domino
1710 2008 1768 2064 in

184 2111 329 2151 carne
382 2103 706 2167 apparente,
755 2112 856 2166 per
899 2097 1131 2169 gratiam
1178 2105 1262 2152 est
1308 2106 1504 2167 erecta,
1552 2106 1611 2153 ut
1657 2113 1767 2153 non

184 2192 369 2239 tantum
397 2184 596 2255 Judaei,
652 2184 749 2240 sed
791 2184 951 2240 etiam
981 2193 1176 2259 gentes
1204 2201 1403 2242 nomen
1432 2186 1548 2256 ejus
1577 2186 1766 2259 requi-

185 2281 304 2328 rant.

246 2362 407 2421 Vens.
439 2364 537 2418 17.
567 2392 638 2403 -
666 2363 845 2435 Super
875 2379 1013 2435 quas
1041 2363 1384 2421 invocatum.
1417 2362 1550 2435 (11).)
1571 2363 1769 2419 Secun-

185 2451 297 2506 dum
343 2451 475 2506 illud
519 2468 534 2505 :
578 2452 921 2509 Inuocabunt
967 2452 1282 2509 sacerdotes
1327 2469 1534 2509 nomen
1575 2468 1768 2508 meum

185 2555 332 2611 super
356 2539 506 2609 ﬁlios
538 2541 715 2596 Israel
759 2540 949 2611 (Num.
1000 2540 1119 2610 vi);
1169 2547 1224 2595 et
1252 2540 1394 2595 Alibi
1427 2559 1441 2595 :
1477 2541 1678 2614 Moyses
1710 2543 1767 2598 et

185 2627 353 2684 Aaron
380 2629 769 2685 sacerdotibus
797 2631 919 2701 ejus
944 2628 1119 2700 (Psal.
1152 2630 1372 2701 xcvm),
1409 2637 1513 2685 etc.

244 2718 568 2774 Invocatum
596 2722 705 2774 est.
746 2718 853 2773 Pro
882 2717 1079 2787 futuro,
1106 2733 1259 2773 more
1285 2717 1622 2789 prophetico.

246 2832 407 2887 Vens.
439 2835 530 2887 i9.
566 2863 637 2874 —
657 2834 768 2905 Ego
786 2832 1000 2905 judico.
1024 2832 1393 2904 (RAe.)Recte
1415 2833 1767 2903 judicandum

188 2928 303 2985 erat,
330 2921 473 2993 quod
506 2922 671 2976 trium
700 2920 1010 2977 testimonio
1048 2920 1310 2987 tinuatur,
1361 2922 1591 2978 duorum
1629 2939 1766 2995 apo-

188 3009 420 3065 stolorum
448 3018 503 3066 et
531 3011 944 3081 prophetarum.

1949 795 2127 863 Quam
2183 796 2299 851 hac
2358 797 2698 853 necessaria.
2732 796 2920 867 (Il/te.)
2975 796 3106 853 Haec
3161 795 3470 853 necessaria

1874 891 1999 938 sunt
2027 883 2144 940 sine
2175 884 2372 955 quibus
2402 901 2511 941 non
2542 893 2625 940 est
2653 885 2820 951 salus,
2864 885 2962 940 sed
2991 884 3335 941 circumcisio
3365 900 3469 939 ne-

1874 972 2117 1028 cessaria
2162 988 2272 1028 non
2319 981 2401 1028 est
2436 992 2450 1029 :
2481 990 2669 1030 verum
2718 990 2782 1028 ea
2824 989 2946 1045 quas
2991 973 3147 1030 vobis
3191 971 3312 1028 ﬁeri
3357 988 3470 1029 non

1874 1060 2057 1127 vultis,
2090 1060 2182 1116 alii
2210 1078 2280 1117 ne
2308 1061 2537 1118 faciatis.

1944 1149 2114 1204 Vens.
2175 1153 2264 1208 29.
2317 1180 2386 1190 —
2438 1152 2506 1208 Ut
2548 1151 2882 1207 abstineatis
2929 1166 3042 1216 vos,
3093 1157 3195 1205 etc.
3246 1146 3469 1221 (Ten'r.)

1871 1238 2164 1310 PrOpterea
2192 1237 2361 1312 igitur
2391 1238 2645 1309 quoniam
2676 1246 2904 1309 utraque
2935 1235 3167 1308 species,
3202 1245 3330 1305 etc.,
3362 1253 3466 1293 us—

1872 1344 1975 1401 que
2003 1328 2076 1383 ad
2106 1344 2338 1409 quorum
2365 1327 2627 1383 munditia
2674 1327 2850 1401 magis
2890 1327 2962 1383 ad
3005 1327 3179 1382 Deum
3208 1325 3465 1397 pertinet,

1872 1432 2036 1488 quam
2066 1415 2467 1472 intestinorum.

1947 1505 2117 1560 Vens.
2154 1505 2243 1559 34.
2263 1535 2332 1544 —
2362 1506 2547 1561 Visum
2576 1509 2660 1560 est
2689 1506 2903 1560 autem.
2928 1503 3115 1575 (ΗΑΒ.)
3138 1501 3361 1559 Materia
3380 1508 3469 1559 est

1870 1592 2039 1648 futuri
2059 1592 2329 1649 sermonis
2350 1611 2363 1647 :
2388 1594 2549 1650 Solus
2569 1597 2763 1649 autem
2781 1593 2955 1649 Judas
2972 1592 3112 1648 abiit
3126 1592 3443 1648 Jerusalem

1942 1681 2109 1737 Vens.
2141 1685 2230 1738 39.
2260 1711 2331 1723 —
2357 1683 2665 1738 Dissensio.
2695 1681 2819 1737 Non
2847 1680 2904 1735 in
2927 1681 3033 1737 hoc
3059 1678 3464 1751 delinquebant,

1787 1796 1840 1856 Β
1870 1769 1995 1842 quia
2024 1786 2133 1826 non
2160 1770 2339 1827 omnis
2367 1770 2660 1828 commotio
2688 1778 2772 1825 est
2800 1776 3106 1841 peccatum,
3139 1769 3237 1823 sed
3258 1767 3448 1823 irratio

1869 1857 2084 1929 nabilis,
2134 1868 2188 1915 et
2217 1876 2337 1931 quae
2359 1860 2506 1930 juste
2536 1874 2646 1915 non
2678 1857 2756 1913 ﬁt.
2788 1858 3086 1931 Assumpto
3120 1858 3317 1914 Marco.
3368 1856 3470 1913 Hic

1868 1955 1985 2003 erat
2011 1946 2285 2004 aﬁinitatis
2329 1947 2547 2005 vinculo
2576 1948 2900 2019 conjunctus
2928 1944 3207 2012 Barnabaa,
3242 1945 3388 2000 unde
3414 1950 3471 1999 et

1867 2035 2125 2109 leguntur
2152 2035 2321 2092 fuisse
2349 2035 2687 2093 consobrini.
2720 2034 2994 2091 Barnabas
3023 2050 3055 2089 a
3083 2032 3250 2089 Paulo
3278 2032 3468 2088 dimis-

1867 2141 1979 2195 sus,
2041 2125 2267 2196 patriam
2298 2125 2530 2181 insulam
2558 2124 2795 2196 repetiit,
2846 2132 2900 2180 et
2945 2121 3297 2180 nihilominus
3325 2136 3464 2194 opus

1866 2213 2151 2286 Evangelii
2180 2213 2285 2268 sibi
2315 2213 2616 2283 injunctum
2645 2212 2906 2270 exercuit.

1937 2302 2108 2357 Vens.
2141 2304 2230 2357 40.
2270 2332 2341 2343 -
2388 2303 2577 2360 Electa
2606 2303 2738 2358 sila.
2787 2301 2970 2373 (ΒΑΒ.)
3027 2300 3112 2356 Ad
3141 2301 3245 2356 hoc
3273 2314 3459 2356 rema-

1866 2406 2001 2447 nere
2032 2406 2158 2445 eum
2186 2390 2313 2446 fecit
2326 2390 2609 2459 Dominus,
2627 2391 2779 2460 juxta
2807 2389 2939 2444 illud
2973 2406 2987 2444 :
3031 2390 3215 2446 Visum
3243 2392 3329 2445 est
3357 2404 3461 2446 au-

1869 2484 1985 2537 tem
2013 2480 2145 2537 Sila:
2171 2479 2250 2534 ibi
2276 2495 2592 2546 remanere,
2624 2485 2684 2534 ut
2711 2478 2875 2534 Paulo
2903 2484 3290 2550 cooperaretur
3318 2476 3460 2533 sicut

1867 2568 2082 2626 Marcus
2109 2567 2389 2626 Barnabas.
2422 2566 2544 2624 Fuit
2592 2566 2737 2624 enim
2783 2566 2839 2622 in
2884 2566 2991 2623 hoc
3036 2565 3279 2622 divinum
3322 2578 3460 2623 con-

1868 2656 2069 2713 silium.

2454 2771 2683 2829 CAPUT
2717 2769 2864 2828 XVI.

1937 2914 2107 2970 Vens.
2142 2917 2194 2968 t.
2226 2942 2296 2955 -
2332 2912 2518 2971 Viduae
2543 2914 2719 2983 ﬁlius.
2744 2914 2930 2984 (BNL)
2952 2911 3051 2970 Vel
3067 2910 3290 2971 Iudam.
3312 2908 3453 2970 Eam

1866 3018 1999 3060 vero
2024 3002 2191 3058 fuisse
2219 3018 2425 3076 genere
2444 3001 2708 3069 Judaeam,
2733 3009 2962 3075 apparet
2990 3016 3058 3059 ex
3086 3002 3192 3059 hoc
3219 3001 3365 3074 quod
3384 3001 3461 3059 ait

248 3107 406 3162 Vens.
439 3111 534 3166 20.
564 3138 634 3148 —
662 3109 733 3163 Et
764 3108 1070 3178 suﬂ‘ocatis.
1103 3107 1433 3165 Suffocatum
1465 3116 1547 3165 est
1573 3108 1765 3164 morti-

1885 3096 2029 3149 )atre
2055 3093 2261 3165 gentili
2287 3090 2456 3147 fuisse
2486 3090 2796 3147 oriundum.

1936 3179 2088 3217 Vnna
2137 3184 2166 3217 ἢ
2218 3211 2288 3217 _
2314 3181 2377 3217 ΡΙ
2407 3180 2765 3217 nirnumns’da’f
2803 3179 2887 3217 [In
2912 3178 2933 3217 Χ
2953 3178 3327 3217 Thimnthnnm
3360 3177 3407 3217 ni

189 3195 369 3261 sinum,
398 3196 466 3252 de
496 3211 609 3268 quo
637 3195 892 3252 Ezechiel
921 3196 1087 3251 dicit:
1122 3196 1298 3253 Omne
1316 3198 1689 3255 morticinum
1709 3202 1765 3254 et

1936 3179 2109 3235 Vens.
2136 3184 2187 3235 3.
2218 3211 2288 3221 —
2306 3181 2377 3237 Et
2406 3180 2781 3237 circumcidit.
2803 3178 2933 3253 (10.)
2953 3178 3340 3268 Thimotheumi
3360 3178 3463 3268 cirf

189 3289 395 3356 captum
424 3303 459 3341 a
491 3286 674 3341 bestia
702 3285 769 3339 de
796 3285 989 3340 avibus
1018 3289 1074 3340 et
1101 3286 1406 3356 pecoribus,
1455 3286 1767 3343 sacerdotes

188 3389 287 3429 non
314 3374 610 3429 comedent
638 3374 858 3442 (Ezech.
884 3374 985 3443 ιν).
1011 3374 1127 3429 Hoc
1153 3383 1484 3444 praeceptum
1514 3375 1767 3430 convenit

188 3475 378 3517 servare
407 3462 536 3527 illis,
569 3461 660 3533 qui
686 3461 835 3517 uncti
866 3470 991 3516 sunt
1021 3461 1145 3517 oleo
1171 3462 1455 3533 spirituali,
1487 3479 1557 3519 ne
1583 3478 1767 3520 come-

189 3548 299 3603 dant
337 3550 487 3621 illud,
541 3551 696 3618 cujus
752 3550 975 3622 sanguis
1031 3566 1140 3605 non
1194 3559 1279 3606 est
1338 3549 1561 3618 eﬂ'usus,
1619 3552 1764 3625 quod

190 3637 392 3707 epistola
419 3638 795 3710 apostolorum
826 3639 1155 3693 servandum
1186 3639 1441 3695 decrevit.

245 3728 305 3782 Et
349 3728 647 3801 sanguine.
698 3727 884 3798 (ΗΑΒ.)
942 3725 1221 3783 Et‘r‘usione
1271 3727 1491 3783 humani
1535 3728 1762 3802 sangui-

190 3813 280 3881 nis,
309 3824 431 3884 etc.,
465 3832 643 3889 usque
671 3816 744 3871 ad
774 3816 871 3871 sed
899 3823 956 3870 ut
981 3816 1116 3871 casti
1146 3815 1254 3871 sint
1280 3823 1334 3871 et
1363 3816 1687 3873 abstineant.

247 3920 402 3976 Vens.
423 3926 514 3979 22.
541 3952 610 3961 —
631 3924 780 3978 Tunc
803 3924 1040 3994 placuit.
1066 3922 1195 3993 (11).)
1213 3922 1439 3978 Dicente
1460 3923 1619 3979 Petro
1639 3939 1761 3988 nar-

190 4009 401 4064 rantibus
441 4010 684 4065 Barnaba
733 4019 786 4065 et
830 4010 1012 4079 Paulo,
1062 4011 1336 4079 judicante
1369 4012 1570 4067 Jacoho
1596 4013 1759 4068 Jero-

193 4097 496 4169 solymorum
531 4099 807 4170 episcopo,
842 4099 1034 4155 merito
1059 4099 1260 4170 placuit
1287 4100 1570 4156 sententia.
1619 4102 1758 4157 Pla-

194 4188 295 4241 cuit
320 4190 546 4245 mittere
577 4189 954 4245 Antiochiam.
986 4188 1137 4243 Missi
1155 4205 1185 4243 a
1211 4188 1423 4245 Christo
1444 4188 1610 4263 legati
1629 4205 1758 4246 suos

189 4284 388 4343 possunt
412 4276 627 4332 mittere
658 4276 887 4347 legatos.

249 4390 404 4445 Vens.
434 4396 527 4448 23.
559 4422 629 4432 —
656 4393 905 4465 Apostoli
952 4397 1011 4449 et
1054 4394 1323 4449 seniores.
1372 4393 1757 4464 Apostolorum

190 4479 461 4580 communis
492 4480 676 4535 titulus
704 4480 1054 4552 praeponitur,
1088 4497 1158 4537 ne
1186 4481 1365 4554 aliqua
1393 4481 1752 4539 dissensionis
1771 4514 1825 4575 D
1855 4542 1919 4580 su

192 4564 498 4638 relinquatur
527 4569 760 4625 occasio.

252 4657 523 4714 Fratribus
551 4675 625 4714 ex
655 4659 933 4731 gentibus.
967 4659 1157 4731 (ΗΑΒ.)
1177 4659 1413 4714 Primum
1436 4659 1559 4731 styli
1588 4661 1757 4716 bene-

193 4739 347 4797 ﬁcium
400 4754 497 4813 est,
555 4747 699 4819 quod
752 4747 980 4818 apostoli
1026 4748 1259 4819 gentiles
1298 4756 1493 4804 vocant
1537 4747 1751 4819 fratres,

192 4827 238 4883 id
263 4840 338 4886 est
362 4834 516 4890 unius
546 4836 648 4890 Dei
678 4835 836 4891 filios.
867 4837 1143 4893 Salutem.
1175 4836 1429 4908 Eclipsis,
1478 4838 1602 4909 quia
1628 4838 1740 4893 lati-

193 4919 350 4976 tudine
379 4924 650 4979 charitatis
669 4940 832 4980 omne
851 4925 1082 4981 verbum
1112 4926 1393 4996 augustius
1422 4933 1522 4992 est,
1548 4934 1602 4982 et
1628 4927 1754 4983 ideo

194 5007 373 5065 nullum
411 5012 636 5068 verbum
676 5013 914 5084 ponitur,
965 5021 1024 5069 ut
1066 5014 1251 5070 omnia
1286 5014 1447 5070 simul
1491 5015 1632 5071 bona
1673 5015 1754 5071 eis

196 5095 313 5154 velle
336 5098 715 5173 intelligantur.

252 5194 404 5252 Vens.
426 5202 493 5257 24
506 5241 520 5255 .
539 5230 610 5240 -
628 5202 957 5257 Evertentes
977 5200 1223 5257 animas.
1250 5201 1308 5256 In
1331 5200 1563 5258 Graeco:
1585 5203 1752 5258 Ever-

203 5284 354 5341 tentes
372 5289 591 5345 animas
606 5293 841 5356 vestras,
857 5291 1108 5347 dicentes
1121 5310 1139 5346 :
1157 5291 1495 5347 Circumcidi
1510 5294 1745 5363 oportet,

200 5372 246 5423 et
268 5373 532 5433 observare
564 5379 739 5449 legem
767 5378 966 5451 quibus
996 5395 1113 5435 non
1142 5379 1557 5435 mandavimus.

258 5494 405 5553 Vens.
433 5503 520 5555 28.
571 5529 641 5540 -
697 5501 883 5557 Visum
913 5504 1015 5556 est.
1052 5500 1110 5555 1d
1139 5509 1221 5556 est
1246 5500 1461 5572 placuit.
1508 5501 1750 5573 Spiritui

203 5589 381 5641 sancto.
428 5587 529 5657 Qui
572 5587 774 5644 arbiter
797 5605 909 5645 suae
933 5590 1235 5660 potestatis,
1282 5588 1375 5644 ubi
1422 5588 1533 5645 vult
1560 5588 1744 5659 spirat,

204 5675 246 5725 et
269 5688 373 5744 qua:
395 5676 503 5732 vult
529 5676 786 5749 loquitur.

446 5799 685 5856 PA'rnoe.
720 5798 909 5857 CXIV.

1864 3268 2123 3325 cumcidit
2166 3284 2269 3340 pro
2311 3268 2569 3324 seandalo
2596 3268 2928 3337 Iudaeorum,
2980 3284 3051 3324 ne
3078 3268 3260 3342 legem
3289 3265 3462 3340 Moysi

1863 3357 2139 3413 videretur
2166 3357 2444 3427 damnare,
2498 3357 2596 3413 sed
2627 3373 2747 3413 eam
2776 3357 2930 3430 quasi
2959 3373 3068 3413 non
3099 3356 3463 3413 necessariam

1863 3446 2119 3519 gentibus
2147 3461 2256 3501 non
2287 3446 2591 3516 imponere.
2635 3446 2811 3502 Titum
2840 3462 2950 3501 non
2982 3445 3340 3512 circumcidit,
3390 3460 3461 3501 ne

1862 3534 2208 3591 occasionem
2237 3533 2658 3590 circumcidendi
2701 3534 3014 3605 acciperent
3046 3542 3241 3607 gentes
3272 3533 3343 3589 ab
3372 3548 3458 3589 eo.

1861 3622 1929 3677 Et
1960 3622 2106 3694 quod
2133 3631 2217 3677 est
2242 3623 2387 3695 quod
2408 3622 2540 3679 dicit
2570 3640 2585 3678 :
2620 3623 2726 3681 Sed
2742 3627 2974 3696 propter
3002 3622 3458 3680 subintroductos

1860 3713 2074 3782 fratres
2104 3712 2301 3782 falsos,
2335 3718 2443 3768 etc.

1931 3817 2102 3872 Vens.
2139 3818 2189 3872 4.
2222 3846 2293 3858 -
2324 3817 2612 3874 Custodire
2642 3816 2923 3889 dagmata,
2956 3832 3078 3889 quae
3106 3819 3294 3872 erant.
3327 3815 3459 3887 (11).)

1857 3904 1983 3961 Non
2016 3905 2388 3976 praedicabant
2434 3905 2579 3977 quod
2616 3904 2722 3977 ipsi
2761 3903 3027 3969 fecerant,
3079 3904 3177 3959 sed
3219 3903 3277 3959 id
3305 3903 3454 3976 quod

1857 4001 2083 4065 propter
2109 3994 2446 4050 voluntatem
2474 3994 2575 4050 Dei
2604 3992 2834 4065 apostoli
2863 3994 3236 4049 decreverant.
3273 3992 3344 4048 Et
3371 3999 3455 4047 est

1858 4082 2167 4153 exemplum
2197 4091 2347 4139 recte
2376 4082 2609 4155 docendi
2635 4082 2798 4138 etiam
2828 4083 2975 4154 quod
3002 4097 3113 4139 non
3141 4080 3359 4137 feceris.
3389 4081 3451 4136 In

1857 4169 2033 4243 ﬁgura
2062 4172 2224 4242 hujus
2252 4171 2377 4227 facti
2404 4170 2747 4228 feminalibus
2794 4171 3160 4227 induebantur
3187 4170 3452 4226 sacerdo-

1856 4266 1957 4327 tes,
1992 4260 2140 4318 velut
2168 4259 2484 4318 senunaturi
2527 4276 2664 4333 opus
2706 4276 2817 4317 non
2855 4267 3035 4316 autem
3072 4267 3328 4332 tanquam
3364 4257 3451 4314 fa-

1856 4349 2019 4405 cturi.

1925 4437 2095 4492 Vens.
2130 4439 2183 4493 5.
2211 4467 2281 4478 —
2312 4439 2384 4494 Et
2416 4438 2667 4495 ecclesiae
2684 4438 2930 4510 quidem,
2954 4444 3059 4494 etc.
3080 4435 3213 4508 (11).)
3233 4434 3352 4492 Hoc
3370 4442 3456 4491 est

1921 4525 2232 4597 perioribus
2279 4526 2526 4597 capitulis
2557 4525 2757 4597 saepius
2786 4524 3109 4596 expositum,
3159 4539 3283 4579 cum
3312 4522 3451 4577 dixi-

1853 4630 1975 4669 mus
2004 4613 2312 4683 hujusmodi
2360 4613 2623 4669 sententia
2670 4612 3008 4685 superiorem
3035 4611 3213 4668 claudi
3251 4626 3447 4669 narra-

1854 4701 2078 4771 tionem,
2111 4710 2165 4758 et
2196 4701 2406 4757 initium
2435 4700 2551 4757 fieri
2584 4701 2883 4773 sequentis.

1923 4791 2095 4846 Vens.
2130 4792 2183 4846 7.
2211 4822 2280 4831 —
2300 4790 2612 4846 Tentabant
2632 4791 2733 4845 ire.
2758 4788 2889 4861 (10.)
2906 4788 3297 4844 Permittuntur
3314 4802 3445 4859 apo-

1853 4879 1976 4936 stoli
2006 4879 2165 4949 velle,
2200 4879 2301 4935 sed
2329 4894 2437 4934 non
2466 4878 2567 4948 ire,
2598 4885 2705 4935 etc.
2715 4918 2729 4948 ,
2762 4893 2937 4951 usque
2966 4878 3040 4934 ad
3068 4878 3238 4934 Lucas
3265 4876 3323 4933 in
3351 4876 3445 4932 Bi-

1852 4966 2059 5040 thynia,
2095 4975 2200 5023 etc.

1922 5057 2093 5112 Vens.
2126 5059 2179 5111 9.
2209 5084 2280 5095 -—
2316 5056 2407 5111 Vir
2437 5055 2671 5112 Macedo.
2704 5053 2950 5128 Angelus
2977 5053 3120 5110 illius
3149 5052 3329 5128 gentis
3357 5068 3447 5109 as‘

1850 5143 2115 5200 similatus
2168 5143 2287 5199 viro
2336 5143 2639 5214 Macedoni,
2693 5142 3022 5215 proprietate
3077 5142 3298 5217 lingua),
3358 5139 3485 5200 vel’

1849 5232 2022 5289 forma
2050 5231 2294 5304 speciali,
2328 5231 2417 5288 vel
2436 5231 2640 5301 judicio
2668 5232 2838 5288 verbi.

1918 5322 2133 5394 Adjuva
2159 5336 2279 5377 nos.
2330 5320 2517 5392 (ΚΑΒ.)
2566 5320 2679 5376 Hoc
2726 5337 2792 5377 ex
2818 5336 3050 5391 persona
3077 5320 3312 5377 hominis
3352 5316 3443 5376 di-

1847 5418 2013 5477 ctum,
2036 5425 2146 5472 non
2175 5408 2319 5464 enim
2347 5409 2528 5481 angeli
2557 5410 2791 5464 humano
2822 5409 3021 5464 auxilio
3049 5408 3313 5481 indigent.
3338 5408 3440 5464 Vel

1846 5499 1951 5555 hoc
1979 5499 2109 5554 dicit
2135 5497 2365 5570 angelus
2403 5505 2627 5568 propter
2680 5497 2800 5553 illos
2831 5498 3026 5569 quibus
3053 5497 3329 5569 praesidet,
3379 5503 3440 5550 ut

1846 5587 2186 5658 haptizentur
2214 5593 2268 5641 et
2295 5584 2430 5640 salvi
2457 5584 2607 5640 ﬁant.

1919 5676 2138 5748 Adjuva
2183 5690 2304 5733 nos.
2352 5672 2603 5731 Ostendit
2646 5673 2975 5732 Macedones
3016 5673 3105 5730 vel
3150 5669 3374 5746 angelos
3403 5685 3439 5726 ι

3119 5799 3189 5851 15
