3964 6180
444 264 548 320 459

954 253 1357 316 WALAFRlDl
1395 253 1639 312 STRABI
1675 246 1873 309 FULI).
1914 244 2092 309 MON.
2129 230 2282 305 opp.
2323 244 2499 304 rans
2535 247 2577 302 ι.
2619 275 2687 287 -
2724 240 3195 300 THEOLOGICA.

3629 240 3735 294 460

445 386 562 442 Deo
590 383 857 457 inspirari,
905 384 993 440 vel
1035 383 1244 453 aliquos
1292 381 1539 436 doctores
1566 376 1799 447 coepisse
1829 373 2029 430 doceri.
2061 372 2118 433 A
2137 372 2281 445 gelio
2305 390 2318 427 :
2345 372 2538 428 Omnis
2567 371 2664 444 qui
2683 386 2740 426 se
2762 384 2947 440 regem
2966 369 3129 440 facit,
3153 365 3496 421 contradicit
3518 363 3732 457 (laesuri

518 474 691 529 VBRS.
727 477 812 528 11.
843 503 912 513 -—
938 465 1679 532 Samothraciam.Thracia,
1710 463 1965 536 Neapolis
1982 470 2036 519 et

448 562 699 635 Philippi,
732 562 973 618 civitates
1006 567 1146 615 sunt.

520 652 693 708 Vsus.
730 653 814 708 12.
848 679 917 690 -
941 649 1186 721 Aliquot,
1225 647 1600 717 conferentes.
1631 643 1693 698 In
1713 640 2037 714 quibusdam

447 739 600 797 libris
641 738 911 796 invenitur
960 756 975 793 :
1015 734 1367 792 Conferentes
1412 733 1637 790 verbum
1684 730 1902 787 Domini
1949 729 2037 785 die

447 828 676 885 sabbati.

517 917 689 973 Vnus.
740 917 826 971 14.
879 943 950 955 --
996 912 1369 986 Purpuraria.
1421 910 1629 982 Regina
1658 908 1842 963 induta
1869 905 2036 978 regali

444 1019 686 1079 purpura
742 1003 830 1059 vel
882 1018 1133 1075 purpurae
1189 1001 1402 1070 textrix,
1453 998 1540 1055 vel
1566 1011 1858 1070 purpuram
1899 1011 2038 1052 ven-

443 1095 599 1164 dens,
646 1091 914 1166 significat
959 1090 1265 1147 Ecclesium
1311 1104 1432 1161 quas
1477 1102 1775 1159 purpuram
1830 1082 2035 1153 vendit,

442 1183 570 1238 dum
601 1181 921 1254 sanguinem
969 1195 1067 1251 pro
1095 1178 1304 1235 Christo
1334 1176 1525 1246 fundit,
1584 1183 1641 1230 ut
1671 1174 1782 1231 vita
1812 1171 2040 1228 mercari

440 1271 631 1342 possit.
679 1271 920 1341 Purpura
960 1277 1108 1324 recte
1157 1265 1477 1340 sanguinem
1526 1265 1707 1321 colore
1753 1271 1805 1318 et
1851 1269 2041 1316 natura

443 1359 711 1431 designat,
746 1358 867 1430 quia
899 1357 967 1412 de
996 1355 1261 1428 sanguine
1300 1354 1708 1427 conchyliorum
1738 1359 1818 1407 est
1847 1350 2039 1407 confe-

445 1455 549 1504 cta.
597 1447 781 1519 Lydda
819 1446 1141 1518 apostolum,
1192 1460 1313 1500 cum
1354 1443 1517 1498 sociis
1547 1442 1660 1497 suis
1689 1441 1911 1496 domum
1957 1439 2040 1494 in-

442 1542 583 1592 trare
629 1535 812 1606 coegit
856 1551 871 1589 :
920 1533 1049 1605 quia
1086 1533 1354 1604 repulsam
1394 1530 1835 1602 praedicationem
1874 1545 1905 1582 a
1942 1527 2041 1582 Ju-

445 1624 580 1681 daais
608 1622 853 1680 Ecclesia
881 1621 1076 1678 devoto
1104 1621 1267 1677 corde
1298 1619 1556 1692 suscepit.

2134 463 2293 519 Joan.
2317 459 2502 531 xvm).
2538 458 2783 530 Apostoli
2811 472 2944 513 vero
2983 454 3423 511 contradicebant
3451 451 3731 506 Christum

2080 602 2088 609 .
2136 566 2321 622 regem
2348 565 2471 605 esse
2496 548 2825 614 Iudaeorum,
2884 545 2939 599 id
2968 552 3050 600 est
3077 542 3468 608 confitentium,
3496 541 3644 596 unde
3676 546 3731 594 et

2134 639 2305 694 Judaai
2341 638 2520 710 ipsum
2547 636 2819 692 Christum
2847 634 3199 691 accusabant.

2206 728 2375 783 VERS.
2411 729 2497 782 13.
2518 755 2600 813 ,-
2618 725 2876 781 APaulo.
2900 722 3005 793 Qui
3024 729 3136 779 erat
3155 722 3262 777 dux
3291 719 3444 777 verbi
3473 736 3487 774 :
3520 726 3573 774 et
3604 718 3733 773 ideo

2133 824 2329 888 postea
2367 807 2522 872 solus
2546 814 2804 871 dimissus
2840 821 2942 879 est,
2974 820 3035 867 ut
3061 812 3163 867 iret
3199 810 3269 867 de
3311 807 3635 865 Macedonia
3663 807 3734 862 ad

2136 921 2303 960 mare.

2208 1008 2379 1063 Vens.
2415 1009 2501 1062 15.
2541 1035 2610 1046 -
2638 1005 2909 1077 Profecti.
2943 1003 3132 1075 (ΗΑΒ.)
3165 1001 3247 1057 Ab
3276 1000 3503 1056 Athenis
3534 999 3737 1054 fratres

2136 1095 2214 1150 illi
2244 1095 2335 1166 qui
2363 1095 2627 1150 duxerunt
2656 1092 2902 1159 Paulum,
2936 1090 3167 1163 profecti
3198 1097 3339 1145 sunt.
3396 1088 3639 1158 Quidam
3668 1087 3738 1142 de

2139 1183 2251 1239 Sila
2278 1183 2479 1239 dictum
2506 1189 2696 1253 putant
2724 1190 2777 1236 et
2805 1181 3147 1246 Thimotheo,
3188 1178 3333 1251 quod
3371 1178 3440 1233 de
3470 1176 3738 1232 Macedo-

2139 1272 2232 1328 nia
2259 1273 2331 1327 ad
2361 1272 2581 1327 Paulum
2610 1269 2838 1342 profecti
2867 1270 2990 1325 sint.

2209 1380 2381 1434 Vens.
2399 1382 2485 1433 18.
2500 1408 2570 1418 —-
2581 1378 2859 1450 Epicurei.
2884 1375 3017 1447 (10.)
3028 1375 3302 1430 Vocantur
3322 1373 3401 1428 sic
3417 1373 3489 1427 ab
3508 1378 3741 1427 auctore

2141 1483 2261 1533 suo,
2310 1466 2403 1538 qui
2446 1466 2643 1521 dicitur
2668 1464 2955 1535 voluptatis
2986 1470 3244 1518 assertor.
3295 1460 3461 1518 Stoici
3512 1460 3737 1525 Graece,

2140 1555 2329 1612 Latine
2341 1555 2612 1610 elementa
2624 1572 2639 1621 ;
2663 1552 2753 1626 qui
2766 1552 3167 1609 contendebant
3179 1550 3334 1623 paria
3343 1565 3465 1606 esse
3482 1556 3739 1622 peccata,

2142 1644 2197 1699 id
2227 1652 2311 1700 est
2340 1660 2500 1699 omne
2525 1650 2809 1725 peccatum
2838 1641 3114 1697 uniforme
3144 1657 3286 1696 esse.

517 1712 745 1803 “mni
840 1741 910 1752 ’““
942 1712 1127 1803 coegi?
1157 1728 1279 1803 "98'
1313 1708 1500 1780 (R‘m')
1548 1706 1834 1803 H‘°.da‘“f‘
1858 1720 2115 1795 exem’B
2227 1732 2365 1803 Quid
2392 1706 2990 1788 vult-seminiverbius.
3041 1727 3468 1785 Seminiverbius
3515 1734 3608 1782 est
3653 1726 3745 1799 qui

446 1802 596 1874 plum
638 1794 724 1857 vel
761 1801 870 1856 duo
911 1799 1155 1871 exempla
1187 1799 1378 1853 dantur
1409 1816 1422 1851 :
1456 1813 1623 1852 unum
1663 1795 1907 1867 hospites
1944 1808 2042 1849 co-

448 1889 633 1964 gendi,
666 1889 892 1944 alterum
919 1889 987 1943 ad
1016 1904 1191 1959 nuper
1220 1901 1516 1944 conversos
1546 1883 1801 1939 intrandi.

522 1979 691 2033 Vens.
727 1979 815 2033 17.
846 2008 916 2019 -
961 1977 1265 2033 Subsecuta
1294 1975 1558 2031 Paulum.
1611 1972 1741 2044 (11).)
1787 1970 2045 2040 Quamvis

449 2065 739 2131 obviasset,
771 2081 879 2121 non
912 2065 965 2119 in
994 2064 1150 2131 facie,
1185 2064 1284 2120 sed
1312 2070 1436 2135 post
1464 2078 1560 2118 eos
1592 2061 1784 2117 clamat
1813 2059 2040 2127 femina,

450 2170 676 2211 servans
704 2153 1035 2225 pudicitiam.

523 2244 693 2300 Vens.
724 2247 889 2301 23.—
915 2244 1191 2299 Miserunt
1221 2258 1310 2299 eos
1342 2243 1403 2297 in
1433 2255 1739 2297 carcerem.
1772 2236 1905 2309 (11).)
1942 2236 2048 2295 Per
2112 2249 2116 2254 ·

451 2332 558 2389 hoc
584 2332 756 2402 major
782 2331 952 2388 virtus
982 2338 1063 2387 est
1093 2330 1388 2385 liberantis.
1451 2328 1535 2384 Ad
1562 2328 1708 2383 idem
1752 2332 1957 2397 spectat
1994 2331 2048 2379 et

452 2422 597 2495 quod
630 2421 870 2494 sequitur
902 2437 915 2475 :
951 2420 1099 2476 Misit
1118 2421 1182 2475 in
1202 2419 1535 2475 interiorem
1556 2432 1861 2482 carcerem,
1885 2418 1941 2470 et
1954 2429 2047 2486 pe-

449 2511 547 2566 des
576 2526 771 2568 eorum
802 2510 1047 2566 strinxit
1089 2508 1263 2581 ligno.

523 2600 693 2655 Vens.
724 2599 814 2656 25.
860 2628 929 2638 -
980 2597 1156 2653 Media
1184 2601 1380 2652 autem
1409 2599 1594 2659 nocte,
1628 2601 1734 2650 etc.
1769 2591 2049 2648 Orandum

453 2694 539 2743 est
562 2687 742 2743 media
771 2695 929 2743 nocte
975 2694 1028 2742 et
1072 2685 1128 2740 in
1174 2684 1428 2756 periculis
1476 2682 1741 2739 servanda
1770 2678 2049 2754 diligentia

452 2776 729 2831 orationis.
1255 2757 1263 2767 ’

526 2862 695 2920 Vens.
726 2867 816 2921 26.
836 2894 906 2903 —
930 2866 1109 2920 Terrae
1128 2866 1315 2919 motus
1336 2864 1525 2934 factus
1546 2863 1630 2916 est
1655 2874 1917 2930 magnus,
1942 2863 2044 2911 etc.

453 2946 682 3011 Devotio
738 2951 1000 3008 orantium
1056 2959 1110 3006 et
1162 2950 1329 3006 virtus
1383 2948 1638 3005 orationis
1698 2945 2044 3018 exprimitur,

453 3026 578 3116 quia
618 3041 725 3097 illis
772 3041 827 3095 in
877 3056 1092 3097 carcere
1139 3042 1371 3111 hymnos
1414 3036 1751 3101 canentibus,
1803 3034 1919 3089 laus
1948 3049 2048 3088 eo—

453 3148 573 3186 rum
619 3138 814 3186 terram
840 3136 1021 3185 movet
1051 3146 1064 3182 :
1098 3126 1330 3185 carceris
1378 3125 1727 3181 fundamenta
1785 3122 2042 3188 concutit,

455 3220 596 3277 ostia
622 3217 810 3290 aperit,
843 3225 1061 3274 catenas
1089 3217 1391 3273 vinctorum
1420 3214 1598 3270 solvit.

529 3334 699 3391 Vens.
723 3336 812 3392 29.
843 3362 913 3374 -—-
942 3332 1210 3397 Procidit,
1245 3339 1348 3387 etc.
1384 3327 1570 3401 (ΗΑΒ.)
1601 3328 1827 3399 Propter
1854 3332 2052 3397 poten-

456 3423 582 3479 tiam
630 3431 683 3479 et
724 3421 1005 3478 scientiam
1036 3439 1049 3475 :
1081 3419 1321 3492 potentia
1342 3460 1356 3489 ,
1398 3418 1522 3489 quia
1564 3422 1873 3472 terraemotu
1917 3414 2054 3469 ostia

461 3520 586 3568 sunt
612 3519 793 3583 aperta
827 3528 840 3565 :
875 3509 1119 3579 scientia,
1170 3507 1295 3580 quia
1325 3506 1580 3578 cognovit
1624 3504 1818 3559 Paulus
1857 3519 1955 3558 cur
1993 3519 2053 3559 se

459 3601 623 3658 vellet
663 3598 967 3655 interficere
1001 3616 1014 3652 :
1045 3598 1171 3653 ideo
1198 3612 1313 3668 prae
1362 3593 1612 3651 omnibus
1654 3592 1820 3648 Paulo
1850 3600 1902 3648 et
1930 3591 2055 3647 Silze

459 3689 689 3763 procidit
717 3688 785 3744 ad
812 3688 1002 3760 pedes.

530 3806 705 3861 Vsus.
735 3807 823 3859 33.
858 3832 928 3843 —-
956 3801 1118 3857 Lavit
1146 3800 1342 3872 plagas
1371 3814 1584 3856 eorum.
1618 3796 1803 3869 (Βευ.)
1824 3795 2054 3852 Pulchra

458 3910 642 3951 rerum
683 3892 934 3950 varietas.
987 3889 1197 3958 Quibus
1224 3888 1415 3960 plagas
1457 3886 1698 3943 vulneris
1745 3884 1892 3953 lavit,
1954 3900 2056 3955 per

462 3998 559 4040 eos
586 3981 776 4053 plagas
818 3977 1061 4036 criminis
1088 3975 1284 4030 amisit.
1314 3976 1609 4032 Continuo.
1633 3972 1821 4046 (llam)
1844 3971 2056 4028 Veloci-

461 4078 546 4127 tas
574 4067 897 4125 obedientiae
926 4066 1191 4138 signatur.
1223 4062 1411 4119 Nescit
1440 4062 1591 4118 tarda
1618 4060 1896 4117 molimina
1927 4060 2054 4132 Spi-

461 4158 599 4213 ritus
629 4155 800 4212 sancti
825 4153 1020 4227 gratia.

537 4272 710 4328 Vens.
756 4272 844 4326 34.
891 4298 961 4310 -
1009 4270 1252 4341 Cumque
1293 4267 1657 4340 perduxisset
1682 4265 1941 4339 apposuit
1974 4265 2056 4320 eis

465 4378 744 4431 mensam,
776 4366 879 4416 etc.
913 4356 1044 4429 (10.)
1088 4356 1361 4428 Optimum
1391 4355 1669 4427 utriusque
1698 4354 2004 4425 exemplum
2038 4369 2051 4406 :

466 4451 752 4525 ingressus
778 4448 993 4516 domus,
1029 4454 1084 4502 et
1111 4461 1318 4502 mensae
1344 4443 1627 4516 appositio.

1046 4613 1272 4671 CAPUT
1308 4610 1483 4667 XVII.

546 4759 716 4817 Vsus.
747 4759 802 4814 4.
825 4787 893 4797 -
914 4758 984 4814 Et
1007 4755 1073 4811 de
1095 4754 1404 4813 colentibus
1424 4750 1857 4824 gentilibusque.
1877 4747 1939 4803 Id
1958 4753 2061 4816 est,

474 4857 527 4905 et
556 4848 625 4904 de
655 4846 741 4903 his
769 4844 861 4918 qui
890 4844 1149 4917 gentilem
1177 4842 1335 4897 ritum
1381 4840 1660 4895 Judaismo
1698 4842 2061 4905 mutaverunt,

477 4945 534 4994 et
558 4937 628 4992 de
656 4935 741 4990 his
783 4933 876 5006 qui
908 4932 1141 5005 gentiles
1171 4936 1582 5001 permanserant
1605 4926 1759 4982 multi
1806 4925 1877 4981 ad
1906 4923 2064 4981 Chri-

477 5032 620 5080 stum
648 5020 1010 5080 conﬂuebant.

550 5111 739 5184 (ΗΑΒ.)
785 5109 963 5164 Prima
1003 5123 1165 5164 causa
1208 5104 1422 5160 malitia:
1468 5112 1553 5159 est
1599 5102 1747 5175 quod
1782 5101 1820 5157 ii
1849 5100 1957 5158 sint
1998 5100 2069 5157 de

479 5199 675 5272 vulgo;
708 5196 947 5255 secunda
976 5194 1120 5268 quod
1151 5201 1204 5249 et
1234 5192 1362 5248 mali
1392 5200 1545 5248 erant
1572 5207 1685 5263 prae
1713 5190 1897 5263 vulgo.

555 5288 725 5344 Vens.
749 5288 801 5343 6.
824 5316 893 5327 —-
917 5283 1233 5341 Trahebant
1248 5283 1529 5338 Jasonem.
1551 5279 1735 5351 (Βεο.)
1757 5279 1819 5334 In
1841 5278 2066 5335 Graeco:

479 5380 741 5436 Iasonem
770 5378 826 5430 et
855 5372 1120 5447 quosdam
1149 5371 1288 5426 alios
1316 5372 1546 5442 fratres.
1580 5367 1735 5424 Unde
1764 5366 2072 5440 intelligen-

480 5466 613 5523 dum
642 5471 725 5520 est
750 5464 1008 5518 Jasonem
1035 5458 1249 5515 fratrem
1281 5466 1337 5514 et
1365 5456 1583 5512 fidelem
1612 5454 1802 5511 fuisse.

551 5554 721 5611 Vana.
746 5554 798 5608 7.
821 5551 1104 5622 —Regem
1123 5549 1325 5604 alium.
1348 5545 1535 5617 (ΗΑΒ.)
1558 5546 1758 5601 Praeter
1777 5543 2068 5601 Caesarem.

477 5644 593 5701 Hoc
620 5647 807 5701 contra
835 5639 1116 5696 decretum
1159 5634 1392 5693 Caesaris
1441 5641 1575 5706 erat,
1617 5633 1763 5691 unde
1793 5632 1851 5689 in
1894 5632 2075 5693 Evan-

2143 1822 2368 1878 verbum
2394 1820 2660 1887 seminat;
2718 1819 2806 1876 vel
2836 1817 3276 1885 seminiverbius,
3326 1816 3382 1871 id
3411 1823 3495 1871 est
3524 1830 3745 1871 sermo-

2142 1910 2302 1984 logus
2326 1928 2341 1977 ;
2374 1910 2500 1981 quia
2527 1924 2713 1964 semen
2743 1915 2827 1963 est
2860 1907 3083 1964 verbum
3105 1906 3241 1973 Dei;
3271 1905 3416 1961 unde
3449 1922 3461 1959 :
3495 1903 3555 1960 Si
3585 1902 3747 1959 vobis

2145 1999 2552 2065 seminavimus,
2586 2006 2690 2053 etc.

2216 2087 2409 2160 (AUG.)
2454 2087 2713 2160 Legimus
2745 2085 2971 2140 Paulum
2999 2083 3305 2156 apostolum
3335 2083 3541 2139 dictum
3572 2081 3746 2137 fuisse

2146 2177 2534 2232 seminatorem
2564 2176 2873 2244 verborum,
2907 2173 3052 2245 quod
3072 2172 3273 2228 dictum
3295 2180 3378 2227 est
3406 2172 3474 2227 ab
3504 2170 3746 2227 irriden-

2147 2266 2311 2331 tibus,
2372 2266 2469 2320 sed
2524 2280 2636 2320 non
2690 2263 3054 2335 respuendum
3110 2277 3143 2317 a
3192 2261 3582 2327 credentibus;
3635 2268 3752 2316 erat

2147 2354 2347 2427 quippe
2393 2353 2688 2409 seminator
2736 2353 3045 2418 verborum,
3091 2351 3187 2406 sed
3242 2366 3456 2406 messor
3500 2365 3743 2405 morum.

2148 2445 2216 2499 Et
2243 2459 2362 2507 nos,
2394 2441 2523 2498 licet
2548 2440 2776 2512 parvuli,
2811 2456 2913 2496 nec
2942 2440 3018 2494 illi
3048 2439 3395 2511 comparandi
3413 2439 3627 2510 inagro
3648 2438 3750 2493 Dei

2147 2532 2317 2604 (quod
2350 2539 2433 2586 est
2458 2547 2553 2587 cor
2580 2530 2846 2601 vestrum)
2876 2529 3206 2585 seminamus
3237 2528 3462 2583 verbum
3494 2529 3623 2594 Dei,
3654 2544 3751 2583 ex-

2148 2626 2458 2692 spectantes
2486 2619 2713 2675 uberem
2741 2618 2977 2692 frugem,
3023 2618 3112 2674 vel
3137 2616 3370 2674 fructum
3396 2616 3466 2673 de
3494 2616 3750 2672 moribus

2148 2708 2367 2765 vestris.

2219 2798 2335 2853 Alii
2366 2813 2513 2854 vero.
2564 2797 2749 2869 (ΒΑΒ.)
2797 2798 2842 2852 Α
2872 2794 3073 2852 Iudaeis
3102 2795 3388 2851 audierunt
3416 2792 3751 2851 vocabulum

2147 2885 2542 2941 daemoniorum
2568 2902 2692 2942 esse
2720 2884 3102 2954 abominabile,
3136 2893 3190 2940 et
3218 2884 3343 2940 ideo
3370 2882 3493 2938 huic
3526 2882 3751 2939 abomi-

2146 2974 2350 3030 nationi
2380 2982 2693 3046 comparant
2721 2974 3024 3030 doctrinam
3051 2973 3242 3041 Pauli;
3297 2972 3379 3028 vel
3416 2971 3595 3028 Judaei
3626 2980 3753 3028 sunt

2148 3063 2240 3137 qui
2270 3064 2373 3119 hoc
2402 3062 2608 3133 dicunt,
2639 3063 2698 3118 id
2725 3071 2808 3118 est
2844 3061 3136 3119 sadducazi.

2224 3179 2396 3233 Vans.
2432 3182 2518 3234 19.
2569 3208 2639 3219 -
2682 3179 2766 3235 Ad
2791 3179 3158 3251 Areopagum.
3207 3176 3392 3248 (ΚΑΒ.)
3420 3176 3643 3231 Nomen
3671 3185 3755 3232 est

2152 3267 2317 3324 curiae
2346 3267 2488 3338 apud
2520 3267 2775 3334 Athenas,
2826 3267 3026 3323 dictum
3072 3267 3139 3321 ab
3185 3265 3331 3322 idolo
3360 3265 3571 3337 Martis,
3604 3265 3754 3338 quod

2152 3356 2300 3427 apud
2330 3372 2427 3411 eos
2456 3356 2619 3412 Arios
2646 3364 2892 3412 vocatur.
3344 3400 3347 3403 .

2229 3446 2394 3500 Vnus.
2426 3449 2517 3515 22,
2548 3449 2636 3503 23.
2687 3475 2758 3485 —
2813 3446 2926 3501 Viri
2971 3444 3361 3515 Athenienses,
3423 3453 3530 3500 etc.
3596 3443 3753 3512 Quod

2153 3536 2482 3606 ignorantes
2511 3535 2717 3600 colitis,
2745 3534 2844 3590 hoc
2863 3536 3167 3590 annuntio.
3201 3532 3513 3604 Respondet
3545 3533 3620 3587 ad
3649 3533 3755 3588 hoc

2154 3622 2299 3694 quod
2330 3623 2577 3677 dixerant
2605 3622 2692 3678 vel
2727 3622 3108 3693 praemiserant
3143 3640 3156 3677 :
3193 3623 3339 3679 Nova
3367 3620 3631 3696 quaedam
3662 3624 3755 3677 in-

2152 3714 2289 3782 fers,
2323 3711 2477 3783 quasi
2494 3711 2640 3767 dicat
2664 3729 2676 3765 :
2696 3711 2853 3767 Nova
2871 3728 2993 3783 quae
3012 3710 3187 3766 infero
3202 3710 3343 3767 inter
3361 3719 3545 3766 vetera
3568 3719 3758 3766 vestra

2154 3800 2382 3856 habetis.
2445 3802 2560 3857 Hoc
2615 3807 2796 3856 autem
2853 3800 2982 3856 dicit
3033 3800 3103 3855 ad
3166 3800 3629 3872 persuadendum,
3688 3815 3758 3854 ne

2154 3889 2309 3960 quasi
2336 3904 2480 3945 nova
2506 3888 2739 3945 refutent
2768 3904 2869 3944 sua
2898 3890 3089 3945 verba.

2227 3980 2418 4050 Ignoto
2449 3980 2577 4033 Deo.
2612 3978 2799 4049 (ΚΑΒ.)
2830 3978 2890 4032 ld
2911 3985 3012 4045 est,
3050 3993 3182 4034 vero
3215 3979 3353 4052 Deo,
3398 3992 3758 4049 quem-nemo

2153 4067 2303 4123 novit
2328 4073 2385 4121 ut
2412 4073 2515 4132 est,
2547 4074 2677 4135 etc.,
2706 4082 2879 4139 usque
2911 4067 2983 4121 ad
3020 4066 3163 4138 quod
3183 4072 3406 4134 tacetur,
3429 4067 3518 4134 vel
3549 4066 3757 4139 siran-

2157 4156 2292 4212 citer
2320 4154 2583 4225 scriptum
2614 4162 2730 4210 erat
2763 4173 2776 4209 :
2808 4156 2998 4227 Ignoto
3025 4157 3153 4212 Deo.

2230 4270 2402 4324 Vens.
2426 4270 2758 4340 24.—Deus,
2774 4271 2873 4342 qui
2891 4271 3030 4341 fecit
3049 4246 3757 4326 mundum.Notaordinem

2155 4359 2317 4429 hujus
2349 4358 2750 4430 disputationis,
2803 4358 2927 4430 quia
2956 4358 3135 4430 primo
3163 4375 3329 4414 unum
3356 4359 3533 4414 Deum
3567 4367 3759 4415 aucto-

2076 4449 2130 4510 D
2162 4464 2276 4503 rem
2306 4446 2494 4502 mundi
2524 4446 2767 4503 omnium
2792 4446 2954 4503 docet
2972 4462 3114 4515 esse,
3138 4447 3196 4501 in
3224 4462 3331 4519 quo
3357 4446 3613 4517 vivimus,
3649 4462 3761 4502 mo-

2162 4552 2372 4605 vemur,
2419 4542 2472 4591 et
2514 4551 2719 4606 sumus,
2770 4537 2922 4605 cujus
2968 4543 3022 4591 et
3067 4552 3242 4609 genus
3289 4551 3476 4591 sumus
3510 4552 3525 4590 :
3559 4543 3621 4590 ut
3648 4552 3761 4591 non

2164 4624 2340 4680 solum
2383 4640 2483 4696 pro
2529 4624 2651 4680 luce
2699 4632 2754 4679 et
2798 4623 2929 4692 vita,
2961 4624 3058 4679 sed
3088 4624 3247 4680 etiam
3288 4639 3390 4696 pro
3428 4616 3761 4695 cognatione

2163 4713 2404 4783 generis,
2438 4712 2746 4785 diligendus
2774 4712 3111 4770 ostendatur.

2236 4831 2407 4886 Vsus.
2437 4831 2528 4887 26.
2560 4859 2631 4870 ——
2670 4830 2758 4891 Ea;
2786 4845 2900 4885 uno
2927 4845 3092 4886 omne
3120 4844 3298 4902 genus
3329 4829 3646 4885 hominum.
3701 4828 3761 4882 In

2166 4917 2358 4974 Graeco
2392 4936 2406 4973 :
2438 4934 2513 4974 ea:
2540 4933 2654 4974 uno
2684 4919 2979 4991 sanguine,
3004 4917 3129 4990 quia
3150 4918 3378 4991 sanguis
3396 4917 3764 4989 propaginem

2167 5006 2348 5063 carnis
2374 5006 2643 5079 designat,
2676 5012 2731 5062 et
2757 5022 2856 5078 per
2882 5021 3103 5062 carnem
3133 5007 3296 5062 homo
3323 5004 3668 5076 intelligitur.

2239 5104 2410 5160 Vens.
2432 5107 2523 5161 28.
2546 5135 2616 5145 —
2635 5104 2700 5160 In
2721 5106 2840 5177 ipso
2860 5104 3013 5160 enim
3032 5105 3294 5159 vivimus.
3317 5102 3510 5175 (Auu.)
3535 5101 3678 5171 Quia
3709 5101 3767 5157 id

2168 5200 2427 5263 operatur
2443 5191 2499 5246 in
2517 5192 2697 5259 nobis,
2717 5192 2862 5264 quod
2880 5192 3441 5259 viuimus,movemur
3459 5195 3519 5247 et
3540 5208 3766 5260 sumus,

2170 5287 2297 5351 etc.,
2332 5297 2505 5354 usque
2532 5282 2605 5337 ad
2636 5280 2761 5353 quia
2794 5280 2924 5353 quid
2944 5296 3053 5336 non
3074 5296 3141 5336 ex
3159 5280 3280 5351 ipso
3298 5280 3368 5336 de
3389 5294 3498 5352 quo
3526 5279 3771 5335 dicitur:

2170 5370 2258 5425 Ex
2279 5371 2418 5441 ipso,
2433 5373 2490 5424 et
2503 5385 2602 5441 per
2612 5371 2818 5441 ipsum,
2833 5370 2965 5425 etin
2976 5370 3097 5442 ipso
3108 5373 3246 5426 sunt
3261 5370 3454 5426 omnia
3465 5367 3647 5438 (Rom.
3662 5368 3731 5439 ιι)
3742 5367 3773 5422 τ

2241 5458 2403 5514 Sicut
2418 5462 2476 5514 et
2493 5458 2722 5530 quidam
2742 5463 3057 5515 vestrorum
3072 5462 3390 5531 poetarum.
3410 5457 3509 5512 His
3530 5457 3624 5529 qui
3642 5472 3772 5528 pro-

2171 5547 2364 5618 phetas
2391 5562 2503 5602 non
2531 5546 2883 5619 recipiebant,
2934 5562 3045 5603 non
3073 5546 3267 5619 Moysi,
3314 5561 3426 5602 non
3452 5545 3631 5616 Isaiae,
3680 5545 3777 5601 vel

2171 5633 2398 5704 alicujus
2423 5636 2834 5708 prophetarum,
2867 5635 2966 5692 sed
2985 5642 3267 5693 auctorum
3285 5650 3508 5692 suorum
3526 5633 3776 5707 loquitur
