3948 6178
356 197 454 254 161

1215 187 1487 246 GLOSSA
1523 181 1932 243 ORDINARIA.
1975 211 2043 222 —
2082 179 2206 235 LIB.
2240 177 2523 236 ACTUUM
2552 175 2784 235 'APOS'I‘

3556 171 3660 228 L61

369 319 764 385 testimonium,
817 332 1038 373 versum
1094 315 1247 370 Arati
1293 330 1521 386 ponens,
1583 320 1636 366 et
1692 312 1760 366 de
1817 307 1967 363 falsis
1998 307 2299 375 AProfuit
2329 306 2576 360 multum
2607 303 2982 367 credentibus,
3023 317 3123 372 per
3168 298 3422 372 gratiam,
3452 299 3558 352 hoc
3587 303 3673 351 est

364 425 563 464 eorum
596 408 793 480 quibus
823 405 1198 461 contradicere
1230 420 1338 458 non
1368 409 1639 473 poterant,
1685 415 1839 453 suam
1871 413 1969 453 ve-

368 499 588 552 ritatem
619 503 909 551 conservat
939 501 990 549 et
1020 492 1324 550 confirmat.
1356 491 1534 563 Ipsius
1562 489 1736 554 enim,
1761 496 1864 542 etc.
1891 488 1970 540 De

362 588 533 640 Arato
563 593 728 655 poeta
756 586 861 640 hoc
893 592 1166 653 sumptum
1198 588 1281 635 est
1313 577 1699 646 testimonium,
1743 592 1853 630 non
1901 575 1969 630 de

362 674 548 729 divina
578 673 799 744 pagina,
834 689 903 726 ne
932 687 1074 726 nova
1107 671 1358 727 videatur
1385 666 1606 723 inferre.

434 791 608 846 Vens.
635 795 723 846 29.
749 819 818 830 -
839 791 1024 845 Genus
1039 804 1186 859 ergo,
1205 795 1332 854 etc.,
1347 802 1462 841 non
1483 784 1764 840 debemus.
1779 779 1966 852 (ΗΑΒ.)

362 880 544 934 Homo
577 879 631 932 in
661 878 842 932 medio
873 885 976 946 est,
1009 877 1220 931 habens
1251 875 1424 929 Deum
1471 871 1827 943 superiorem,
1863 885 1966 924 au-

361 985 488 1022 rum
518 977 571 1022 et
603 974 914 1040 argentum,
947 981 1070 1020 cum
1101 963 1314 1020 caeteris
1344 961 1654 1032 bujusmodi
1682 957 1964 1025 inferiora,

362 1074 487 1128 quas
516 1073 626 1110 non
657 1055 937 1110 debentei
969 1052 1290 1124 comparari.
1848 1095 1855 1103 .

435 1146 606 1199 Vens.
644 1148 732 1198 30.
767 1174 835 1183 —
865 1144 1189 1214 Despiciens
1209 1144 1376 1196 Deus.
1400 1140 1531 1210 (10.)
1563 1139 1623 1192 Id
1651 1145 1752 1202 est,
1786 1135 1966 1206 ignos-

360 1249 495 1290 cens
525 1242 584 1288 ut
615 1232 868 1300 venialia,
902 1240 956 1286 et
977 1240 1102 1287 tunc
1164 1229 1491 1300 despiciens,
1524 1227 1579 1282 id
1608 1235 1708 1295 est,
1741 1224 1966 1295 indigna

351 1322 616 1390 judicans
645 1337 745 1375 sua
773 1321 978 1375 notitia.

435 1411 606 1465 Vens.
631 1414 718 1464 31.
743 1441 812 1450 -
832 1410 1024 1463 Fidem
1040 1408 1294 1480 praebens
1319 1406 1594 1463 omnibus.
1618 1402 1748 1474 (11).)
1770 1402 1965 1457 Resur-

361 1499 623 1554 rectionis
653 1515 766 1553 suae
806 1497 1056 1567 exemplo
1091 1515 1104 1551 :
1138 1496 1225 1551 vel
1253 1494 1435 1549 statuit
1459 1493 1727 1562 judicare,
1761 1500 1813 1546 et
1842 1497 1965 1561 post

359 1588 440 1643 sic
466 1587 812 1660 jungendum
853 1594 955 1652 est,
1007 1584 1169 1640 fidem
1218 1584 1472 1656 praebens
1520 1581 1772 1637 omnibus
1819 1577 1964 1650 quod

360 1684 674 1747 resurgant.

443 1766 618 1820 Vens.
643 1767 729 1819 34.
761 1794 830 1804 -
859 1763 1179 1835 Dionysius.
1214 1762 1398 1830 (Bem)
1427 1759 1527 1815 Hic
1555 1767 1638 1814 est
1669 1757 1963 1828 Dionysius

361 1855 475 1926 qui,
508 1862 697 1924 postea
727 1853 1014 1924 episcopus
1055 1850 1460 1906 Corinthiorum
1488 1848 1788 1913 ordinatus,
1821 1847 1962 1901 bene

357 1943 501 1998 rexit
561 1942 886 2008 Ecclesiam,
938 1941 1008 1995 ad
1041 1941 1192 2009 cujus
1239 1939 1526 1993 utilitatem
1578 1936 1739 1991 etiam
1794 1935 1964 1990 multa

359 2032 580 2103 reliquit
611 2031 905 2097 volumina,
936 2045 1243 2102 cognomen
1262 2045 1292 2081 a
1312 2027 1431 2082 loco
1449 2027 1536 2082 cui
1564 2033 1797 2096 przeerat
1825 2024 1963 2079 acci-

358 2121 536 2192 piens.
572 2123 899 2192 Areopagus
930 2127 1013 2173 est
1043 2119 1379 2172 Athenarum
1409 2115 1578 2183 curia,
1610 2131 1810 2169 nomen
1842 2121 1960 2168 tra-

356 2211 496 2265 hens
518 2226 552 2265 a
573 2197 767 2278 Marte,
798 2207 891 2280 qui
919 2207 1111 2263 Graece
1140 2205 1301 2261 Arios
1333 2204 1544 2270 dicitur,
1578 2220 1776 2277 pagus,
1808 2201 1955 2259 villa.

929 2376 1156 2433 CAPUT
1186 2375 1385 2432 XVIII.

431 2523 604 2578 Vens.
619 2527 673 2579 2.
698 2553 766 2562 -
789 2524 860 2578 Eo
873 2521 1013 2594 quod
1028 2520 1386 2593 praecepisset
1401 2516 1668 2574 Claudius
1681 2515 1961 2571 discedere

357 2629 572 2670 omnes.
599 2611 935 2680 (Ben.)Hoc
951 2610 1219 2679 Josephus
1259 2622 1403 2661 nono
1445 2620 1588 2659 anno
1610 2604 1818 2658 Claudii
1839 2603 1959 2660 fac-

358 2710 473 2756 tum
503 2709 705 2754 narrat.
760 2699 1048 2755 Suetonius
1091 2697 1220 2752 dicit
1249 2695 1394 2768 quod
1442 2693 1702 2748 Claudius
1741 2693 1959 2748 Judaeos

358 2791 528 2846 Roma
559 2788 782 2860 expulit.

434 2889 608 2942 Vens.
629 2890 680 2940 3.
696 2917 764 2925 ——
777 2885 1212 2956 Scenofactoriw
1222 2886 1384 2940 artis.
1401 2884 1532 2955 (10.)
1557 2881 1726 2952 Quasi
1744 2879 1960 2937 exsules

358 2985 410 3033 et
439 2975 720 3048 peregrini
750 2959 978 3030 tentoria
1011 2973 1114 3028 sibi
1144 2973 1340 3045 quibus
1359 2973 1410 3027 in
1432 2973 1520 3028 via
1551 2980 1767 3027 utantur
1793 2965 1960 3024 aedifi-

357 3073 496 3130 cant,
532 3074 663 3130 etc.,
698 3080 868 3137 usque
899 3064 970 3118 ad
1001 3072 1053 3117 et
1081 3079 1112 3116 a
1144 3062 1317 3119 ventis
1350 3061 1671 3117 insidiarum
1700 3059 1870 3116 verbo
1904 3065 1956 3113 et

358 3171 518 3226 opere
551 3153 812 3208 defendit.

430 3243 599 3297 Vens.
635 3246 686 3296 6.
721 3271 789 3281 —
822 3241 1065 3312 Sanguis
1093 3243 1294 3295 vester.
1329 3239 1589 3309 (Cnnvs.)
1641 3239 1754 3293 Hoc
1803 3236 1951 3306 facit,

363 3340 414 3386 ut
443 3347 555 3386 non
579 3330 702 3385 solo
731 3331 900 3384 verbo
941 3336 1164 3395 terreat,
1202 3337 1254 3383 et
1284 3327 1661 3384 vehementius
1711 3325 1950 3392 disserit,

358 3429 541 3491 utpote
573 3419 756 3473 multis
786 3418 1084 3489 persuasis.

426 3509 596 3562 Vens.
629 3510 757 3562 7.—
793 3508 901 3562 Titi
916 3509 1082 3571 Iusti,
1107 3507 1345 3562 colentis
1362 3507 1559 3561 Deum.
1589 3504 1742 3559 Titus
1765 3504 1950 3558 Justus

357 3607 445 3652 aut
476 3597 761 3668 proprium
791 3611 991 3650 nomen
1023 3595 1141 3649 viro
1188 3594 1305 3661 fuit,
1357 3602 1448 3648 aut
1495 3593 1690 3648 merito
1729 3593 1950 3662 justitiae

355 3687 431 3742 sic
461 3685 881 3757 cognominatus
926 3693 1026 3740 est.
1061 3685 1181 3738 Non
1213 3682 1312 3737 fuit
1340 3683 1428 3738 hic
1457 3683 1606 3737 Titus
1654 3682 1951 3752 discipulus

357 3775 504 3829 Pauli
535 3775 621 3830 cui
654 3774 773 3844 ipse
811 3773 1110 3844 Epistolam
1143 3771 1377 3842 scripsit,
1413 3779 1464 3827 et
1512 3771 1687 3826 Cretae
1732 3770 1948 3840 episco-

350 3880 478 3935 pum
509 3862 821 3928 ordinavit;
847 3878 969 3917 cum
1005 3877 1114 3931 quo
1141 3868 1193 3915 et
1227 3859 1504 3914 Barnabas
1535 3859 1840 3914 ascendens
1868 3859 1952 3914 Je—

352 3952 702 4022 rosolymam,
735 3950 957 4005 contulit
989 3949 1346 4021 Evangelium
1390 3965 1511 4003 cum
1543 3948 1824 4018 apostolis,
1857 3947 1946 4001 in-

351 4041 572 4112 quirens
602 4040 657 4093 in
687 4039 920 4095 concilio
968 4054 1156 4093 eorum
1189 4054 1258 4092 an
1300 4045 1448 4093 recte
1494 4037 1818 4108 praedicaret
1845 4054 1946 4108 per

349 4129 620 4200 baptisma
670 4127 796 4182 fidei
845 4135 1039 4200 gentes
1089 4126 1206 4181 sine
1253 4126 1671 4182 circumcisione
1722 4126 1943 4194 salvari,

350 4234 456 4273 non
489 4221 611 4288 quia
640 4217 756 4288 ipse
787 4217 854 4271 de
897 4217 1000 4271 hoc
1045 4215 1331 4284 dubitaret,
1369 4216 1466 4270 sed
1496 4223 1553 4269 ut
1579 4222 1793 4270 mentes
1836 4215 1943 4270 du-

349 4307 632 4361 bitantium
664 4305 1035 4376 apostolorum
1065 4304 1382 4360 auctoritate
1413 4302 1780 4360 confirmaret.

417 4414 589 4469 Vens.
625 4417 707 4468 15.
735 4443 802 4451 -
832 4413 890 4468 Si
923 4428 1045 4467 vero
1096 4413 1431 4483 quwstiones
1479 4416 1616 4467 sunt
1645 4411 1711 4467 de
1761 4410 1936 4467 verbo.

346 4503 501 4558 Nunc
530 4501 783 4556 nimirum
814 4499 1088 4555 declarato
1118 4508 1170 4554 et
1201 4507 1442 4568 narrato,
1477 4499 1531 4553 id
1561 4507 1644 4554 est
1678 4500 1938 4570 Evange-

347 4591 464 4645 lio:
512 4595 570 4646 et
614 4590 935 4647 nominibus
979 4589 1182 4660 (Jesus)
1231 4596 1285 4644 et
1333 4589 1480 4658 (Dei)
1529 4589 1616 4644 vel
1662 4588 1785 4658 (Dei
1832 4589 1940 4642 Pa-

345 4679 486 4750 tris).
523 4680 581 4733 In
612 4680 808 4735 Graeco
842 4696 854 4732 :
887 4677 1378 4751 Apprehendentes
1410 4693 1602 4734 omnes
1635 4679 1811 4734 Graeci
1837 4677 1938 4733 So-

347 4768 625 4834 sthencm,
661 4776 762 4823 etc.

414 4857 584 4911 Vens.
621 4861 705 4911 18.
737 4885 806 4895 -
839 4855 945 4923 Qui
973 4855 1080 4910 sibi
1112 4855 1447 4911 totonderat.
1482 4856 1668 4927 (ΗΑΒ.)
1700 4854 1802 4924 Qui
1834 4854 1938 4909 sibi

344 4945 678 5002 totonderint
707 4954 870 5016 caput
898 4951 981 4998 est
1011 4944 1300 5010 incertum,
1335 4944 1488 4999 fuere
1519 4952 1700 4999 tamen
1737 4944 1937 4999 Paulus

344 5036 427 5091 vel
456 5034 685 5106 Aquila;
713 5034 800 5089 vel
819 5034 1016 5088 timore
1045 5033 1375 5102 Judzeorum,
1409 5033 1497 5089 vel
1526 5033 1783 5090 aviditate
1811 5049 1938 5089 con-

343 5124 591 5180 vertendi
621 5140 716 5179 eos
739 5124 767 5178 ?
791 5123 1060 5194 Ambigue
1108 5130 1290 5177 tamen
1333 5123 1438 5178 hoc
1466 5122 1669 5178 dictum
1703 5130 1804 5192 est,
1838 5121 1934 5178 sed

343 5213 640 5270 secundum
669 5213 1081 5283 Hieronymum,
1103 5211 1170 5266 de
1194 5211 1360 5266 Paulo
1390 5220 1473 5267 est
1501 5211 1932 5284 intelligendum.

411 5304 582 5357 Vens.
613 5305 704 5359 22.
737 5332 806 5342 -
839 5302 1168 5357 Caesaream.
1188 5299 1319 5372 (10.)
1341 5301 1594 5357 Czesarea
1616 5300 1934 5370 metropolis

338 5399 418 5446 est
447 5391 828 5462 Cappadociae.
860 5391 1114 5444 Nondum
1145 5389 1289 5445 enim
1332 5389 1388 5444 in
1419 5389 1630 5461 Syriam
1663 5387 1934 5444 Phoenicis

341 5489 584 5537 venerat.

409 5571 580 5626 Vens.
614 5570 704 5626 27.
738 5599 807 5609 —
837 5569 1095 5626 Contulit
1134 5568 1405 5625 multum.
1437 5566 1556 5623 Alia
1601 5565 1883 5621 translatio
1915 5583 1929 5620 :

2076 394 2221 465 quod
2250 393 2544 464 Apostolus
2573 392 2763 448 scribit
2789 409 2801 446 :
2823 393 2928 463 Ego
2949 391 3227 463 plantavi,
3252 388 3442 459 Apollo
3461 387 3668 458 rigavit

2069 483 2121 552 (Ι
2148 484 2270 538 Cor.
2293 482 2405 552 ιιι),
2437 489 2542 538 etc.

2675 646 2899 703 CAPUT
2928 646 3080 702 XIX.

2138 812 2310 866 Vens.
2335 813 2387 866 4.
2407 842 2476 851 -
2498 815 2742 868 Joannes
2765 813 3088 885 baptizavit.
3113 812 3297 884 (Ben.)
3314 814 3435 868 Non
3458 827 3660 884 pecca-

2065 907 2121 954 ta
2152 901 2389 955 Joannes
2430 917 2529 954 suo
2552 900 2876 970 baptismate
2926 901 3148 968 remisit,
3175 902 3271 956 sed
3292 903 3663 972 paenitentiam

2065 989 2265 1044 docuit.
2289 990 2430 1043 Nam
2461 990 2599 1044 sicut
2619 990 2963 1045 circumcisio
2986 991 3040 1043 in
3055 990 3372 1060 patriarchis
3403 992 3661 1062 signacu-

2064 1077 2175 1130 lum
2206 1077 2332 1131 fidei
2380 1093 2540 1149 quam
2571 1079 2838 1132 habebant
2873 1077 3002 1131 fuit:
3036 1079 3108 1131 ita
3139 1085 3191 1132 et
3219 1079 3323 1133 hoc
3371 1078 3650 1134 lavacrum

2065 1166 2299 1236 populus
2330 1167 2602 1236 paenitens
2632 1167 2788 1237 quasi
2821 1167 3160 1237 srgnaculum
3193 1182 3305 1223 suae
3352 1167 3659 1222 devotionis

2065 1255 2315 1324 accepit:
2340 1255 2485 1326 quod
2515 1255 2714 1309 Christi
2746 1256 3032 1327 baptisma,
3067 1256 3121 1310 in
3147 1272 3254 1327 quo
3295 1255 3352 1310 fit
3382 1256 3654 1325 remissio,

2066 1344 2358 1416 figurabat.

2136 1433 2338 1503 (ΚΑΒ.)
2367 1432 2490 1485 Νοιι
2517 1441 2600 1486 est
2628 1431 2901 1502 baptisma
2944 1432 3088 1503 quod
3119 1448 3228 1487 non
3274 1432 3432 1488 datur
3461 1433 3516 1487 in
3548 1448 3654 1488 no-

2064 1520 2210 1574 mine
2242 1520 2540 1575 Trinitatis.
2587 1521 2846 1591 Baptizati
2867 1521 3053 1575 aJuda
3093 1538 3201 1575 non
3233 1521 3654 1592 rebaptizantur,

2067 1609 2190 1680 quia
2222 1609 2275 1662 in
2309 1608 2413 1663 fide
2443 1609 2723 1664 Trinitatis
2748 1629 2762 1676 ;
2791 1611 2885 1665 sed
2927 1610 3176 1680 baptizati
3204 1625 3238 1664 a
3265 1611 3495 1676 Joanne,
3528 1610 3658 1681 quia

1975 1667 2028 1726 Β
2059 1667 2262 1752 Joanne
2291 1698 2347 1751 in
2376 1714 2515 1768 aqua
2567 1667 2771 1752 tantum
2797 1718 2810 1764 ;
2835 1707 2885 1753 at
2918 1667 3163 1753 Christus
3189 1699 3242 1752 in
3283 1667 3494 1769 Spiritu,
3524 1667 3657 1752 san-

2062 1795 2150 1842 cto
2182 1787 2434 1857 baptizat.
2470 1789 2602 1841 Cum
2651 1804 2786 1860 ergo
2835 1789 3007 1841 bonus
3050 1788 3136 1842 vel
3183 1788 3358 1842 malus
3407 1787 3657 1842 minister

2062 1875 2316 1945 baptizat,
2353 1875 2398 1929 si
2427 1876 2590 1945 plena
2619 1884 2700 1930 est
2738 1876 3012 1930 Trinitatis
3039 1875 3194 1941 fides,
3247 1876 3508 1930 Dominus
3552 1875 3656 1930 ba-

2060 1964 2224 2034 ptizat
2259 1983 2272 2029 ;
2307 1963 2361 2018 in
2407 1979 2552 2034 aqua
2605 1979 2736 2019 vero
2794 1965 2914 2020 sola
2959 1981 2991 2019 a
3019 1966 3229 2020 Joanne
3285 1964 3558 2035 baptizati,
3623 1978 3658 2018 a

2061 2052 2230 2107 Paulo
2251 2061 2374 2106 sunt
2405 2053 2676 2123 baptizati.

2132 2141 2290 2211 (Ben.
2316 2140 2593 2211 )Quznstio
2624 2149 2726 2210 est,
2752 2150 2926 2196 utrum
2949 2141 3039 2197 ille
3057 2141 3147 2214 qui
3170 2157 3271 2212 per
3290 2140 3655 2214 ignorantiam

2059 2229 2195 2285 forte
2221 2245 2378 2284 anon
2426 2230 2712 2300 baptizata,
2747 2231 2845 2285 sed
2893 2238 3072 2285 tamen
3115 2238 3282 2287 rectae
3322 2229 3450 2285 fidei
3480 2229 3658 2300 bapti-

2061 2326 2210 2372 zatus
2269 2326 2351 2372 est
2404 2319 2602 2373 debeat
2655 2319 3018 2389 rebaptizari?
3070 2317 3246 2388 Quam
3288 2320 3394 2375 hoc
3421 2317 3656 2388 capitulo

2062 2406 2365 2476 expositam
2393 2422 2534 2462 reor.
2568 2406 2712 2474 Quid
2730 2407 2874 2462 enim
2906 2406 3102 2473 differt,
3147 2423 3216 2462 an
3239 2414 3368 2463 tunc
3399 2415 3524 2463 ante
3552 2405 3655 2461 ini-

2059 2494 2192 2550 tium
2223 2495 2478 2565 baptismi
2508 2495 2722 2564 Christi,
2772 2511 2842 2550 an
2893 2511 3040 2552 nunc
3068 2511 3100 2550 a
3129 2495 3386 2567 qu0piam
3416 2495 3534 2550 sine
3563 2511 3657 2549 su-

2062 2583 2338 2653 sceptione
2369 2583 2614 2652 ejusdem
2645 2583 2933 2655 quisquam
2954 2584 3312 2654 baptizaretur
3326 2584 3353 2637 ?
3373 2601 3496 2639 cum
3518 2599 3656 2655 quos

2060 2672 2300 2726 Joannes
2327 2671 2382 2725 in
2409 2671 2516 2726 fide
2555 2680 2607 2726 et
2634 2672 2854 2728 nomine
2884 2671 3088 2728 Christi
3108 2673 3319 2728 venturi
3341 2672 3656 2743 baptizavit,

2058 2759 2257 2815 iterum
2285 2760 2640 2831 baptizandos
2667 2761 2999 2831 praedicavit,
3031 2761 3220 2817 dicens
3258 2778 3272 2816 :
3298 2763 3406 2834 Ego
3435 2763 3656 2834 baptizo

2057 2850 2120 2904 in
2149 2866 2313 2921 aqua,
2348 2849 2450 2904 ille
2509 2851 2814 2921 baptizabit
2845 2851 2907 2906 in
2937 2851 3156 2922 Spiritu
3185 2855 3402 2906 sancto.

2131 2938 2302 2992 Vens.
2328 2939 2381 2992 7.
2416 2968 2484 2977 -
2516 2940 2697 2993 Erant
2739 2943 2930 2996 autem
2978 2938 3409 3010 omnes.f(RAa.)
3445 2937 3656 2995 Iudicia

1990 3025 2161 3088 CDei
2209 3027 2440 3097 abyssus
2482 3027 2652 3081 multa
2702 3029 2844 3083 Ecce
2885 3027 3013 3082 Asia
3057 3025 3426 3098 apostolorum
3470 3027 3655 3083 visita-

2059 3115 2202 3170 tione
2246 3115 2492 3188 indigna,
2540 3131 2681 3170 nunc
2729 3116 3030 3186 apostolico
3073 3132 3299 3172 numero
3347 3124 3562 3173 sacrata
3603 3123 3659 3172 et

2055 3204 2357 3273 prOphetiaa
2385 3220 2607 3259 munere
2631 3212 2714 3259 est
2743 3205 3053 3260 sublimata.
3085 3206 3151 3260 Et
3181 3206 3480 3260 notandum
3509 3207 3658 3277 quod

2056 3292 2287 3362 Spiritus
2334 3300 2555 3348 sanctus
2601 3293 2688 3348 hic
2719 3292 2773 3346 in
2805 3294 3092 3350 duodecim
3124 3293 3438 3366 discipulos,
3474 3301 3527 3350 et
3555 3311 3652 3349 su—

2053 3397 2154 3451 pra
2203 3380 2258 3434 in
2308 3389 2526 3436 centum
2573 3389 2625 3436 et
2673 3381 2865 3454 viginti
2909 3382 3025 3454 (qui
3074 3399 3336 3438 numerus
3373 3380 3652 3454 perﬁcitur

2052 3469 2386 3524 duodenario
2416 3469 2600 3524 decies
2640 3469 2822 3536 ducto)
2871 3471 3156 3526 adventus.
3192 3471 3275 3526 sui
3307 3471 3466 3543 signa
3508 3488 3666 3528 mon-

2051 3558 2239 3611 stravit
2278 3557 2412 3612 illud
2442 3558 2495 3612 in
2527 3559 2846 3625 Jerusalem,
2892 3559 2996 3614 hoc
3025 3560 3082 3612 in
3110 3559 3349 3630 Epheso,
3398 3577 3518 3632 qua
3560 3569 3642 3616 est

2050 3645 2239 3701 civitas
2270 3645 2607 3701 Grzncorum.
2656 3647 2717 3701 In
2765 3663 2872 3719 quo
2917 3647 3218 3702 ostenditur
3259 3647 3384 3704 illos
3428 3656 3632 3704 tantum

2048 3734 2198 3804 (sive
2227 3735 2295 3789 de
2324 3735 2546 3800 Judaeis,
2585 3735 2700 3791 sive
2731 3735 2799 3790 de
2821 3735 3109 3808 gentibus)
3137 3736 3386 3807 spiritum
3406 3737 3638 3809 replere,

2049 3823 2139 3894 qui
2172 3831 2294 3877 sunt
2321 3823 2377 3876 in
2407 3823 2670 3879 catholica
2701 3824 2921 3878 unitate.

2116 3927 2288 3982 Vens.
2309 3933 2360 3982 9.
2382 3956 2451 3968 —
2481 3929 2732 3996 Quotidie
2746 3928 3044 4000 disputans
3056 3930 3119 3982 in
3131 3926 3341 3984 schola.
3358 3928 3542 4000 (Ben.)
3558 3930 3643 3985 Ab

2039 4016 2178 4072 hora
2235 4017 2422 4088 quinta
2460 4033 2632 4088 usque
2699 4017 2767 4070 ad
2798 4017 2987 4072 horam
3032 4031 3234 4071 nonam
3263 4025 3317 4072 et
3342 4016 3650 4073 decimam:

2045 4106 2184 4160 sicut
2215 4106 2446 4160 traditur
2475 4121 2508 4160 a
2538 4105 2864 4176 quibusdam
2889 4123 2901 4160 :
2925 4106 3053 4177 quia
3082 4108 3242 4161 horas
3291 4106 3444 4176 operi
3474 4107 3638 4178 quin-

2043 4211 2168 4264 que,
2229 4193 2361 4248 alias
2416 4193 2654 4266 quinque
2711 4195 2970 4250 doctrinas
3027 4195 3162 4250 duas
3219 4195 3382 4250 dabat
3435 4195 3558 4250 cibo
3586 4203 3642 4250 et

2041 4283 2288 4349 orationi,
2320 4283 2466 4354 quod
2495 4283 2640 4337 nulla
2688 4291 2864 4338 tamen
2894 4283 3208 4339 auctoritate
3256 4282 3519 4338 firmatur.
3569 4285 3633 4340 In

1959 4383 2012 4444 D
2040 4370 2233 4427 schola
2265 4373 2520 4443 tyranni.
2552 4372 2726 4443 (Ras.
2746 4373 3003 4442 )Tyranni
3032 4387 3232 4426 nomen
3275 4373 3510 4442 positum
3552 4380 3637 4427 est

2040 4476 2142 4530 pro
2173 4459 2457 4532 dignitate,
2491 4461 2578 4515 vel
2609 4470 2690 4515 est
2719 4460 3001 4530 proprium
3032 4475 3251 4526 nomen,
3284 4469 3338 4516 et
3366 4461 3636 4532 interpre-

2041 4556 2186 4603 tatur
2215 4550 2516 4606 continens
2547 4564 2660 4614 eos,
2695 4549 2782 4604 vel
2811 4549 3176 4617 conﬁrmans.

2114 4637 2284 4691 Vens.
2302 4640 2388 4692 10.
2407 4668 2475 4677 -—
2496 4640 2604 4693 Per
2620 4638 2928 4692 biennium.
2951 4637 3064 4691 Hoc
3077 4644 3343 4707 tempore,
3359 4638 3556 4694 Paulus
3573 4638 3629 4694 in

2037 4724 2257 4796 Epheso
2287 4725 2504 4796 scripsit
2533 4724 2757 4796 primam
2787 4722 3084 4795 Epistolam
3113 4725 3185 4780 ad
3215 4725 3544 4783 Corinthios.

2109 4831 2278 4886 Vens.
2307 4833 2467 4887 12.—
2485 4831 2869 4887 Semicinctia.
2894 4831 3052 4902 (line.
3079 4831 3294 4896 )Vestes
3320 4847 3386 4887 ex
3415 4847 3522 4888 uno
3551 4832 3632 4888 la-

2036 4927 2150 4975 tere
2179 4919 2498 4990 pendentes,
2535 4919 2619 4974 vel
2651 4934 2800 4974 zonae
2833 4919 2949 4974 sive
2978 4926 3158 4976 vestes
3195 4928 3492 4991 nocturnae,
3537 4921 3627 4978 vel

2037 5024 2212 5081 genus
2243 5008 2465 5074 sudarii,
2503 5025 2609 5079 quo
2643 5007 2860 5064 Hebrmi
2888 5016 3112 5064 utuntur
3142 5008 3338 5080 capite.

2105 5123 2276 5178 Vens.
2312 5126 2397 5178 13.
2430 5153 2498 5162 ——
2531 5125 2865 5179 Emorcistis.
2899 5121 3238 5195 Excogitavit
3271 5121 3550 5195 Salomon,
3575 5132 3628 5180 et
3685 5109 3690 5122 ’

2034 5209 2214 5266 docuit
2246 5227 2394 5266 suam
2427 5220 2647 5284 gentem
2675 5211 2870 5266 modos
2899 5210 3209 5277 exorcismi,
3242 5210 3298 5266 id
3328 5221 3412 5268 est
3432 5215 3626 5283 conju-

2034 5299 2262 5354 rationis
2294 5300 2492 5370 quibus
2511 5299 2776 5354 immundi
2805 5299 3029 5370 spiritus
3057 5297 3269 5370 expulsi
3310 5316 3421 5357 non
3450 5301 3624 5357 aude-

2034 5387 2165 5442 bant
2196 5389 2265 5443 ad
2295 5387 2542 5444 homines
2573 5387 2794 5443 reverti.
2828 5387 2910 5442 Fit
2939 5395 3123 5442 autem
3151 5389 3257 5444 hoc
3285 5403 3385 5458 per
3427 5404 3626 5458 repro-

2033 5475 2134 5532 bos
2211 5477 2282 5531 ad
2352 5477 2856 5532 condemnationem
2928 5476 3172 5546 ipsorum
3230 5484 3284 5530 et
3337 5475 3622 5530 utilitatem

2033 5581 2221 5622 eorum
2251 5564 2343 5635 qui
2373 5563 2558 5620 vident
2586 5573 2637 5620 et
2673 5563 2897 5620 audiunt
2929 5581 2942 5620 :
2973 5565 3096 5638 quia
3124 5564 3252 5620 licet
3278 5563 3400 5618 illos
3429 5563 3620 5634 despi-
