3964 6180
300 210 402 266 463

752 206 1159 266 WALAFRIDI
1183 155 1435 266 srasm
1470 200 1856 268 ruL0.MON.
1896 204 2051 264 opr.
2100 203 2277 264 rAus
2304 173 2345 263 ι’
2383 204 2952 265 —THEOLOGICA.

3506 208 3612 267 464

300 335 446 392 ciant
483 334 575 406 qui
604 332 765 408 signa
791 333 1014 405 faciunt,
1047 340 1233 391 tamen
1276 336 1452 392 Deum
1495 332 1787 401 honorant,
1837 332 1906 389 ad
1931 335 1984 396 Α
2013 331 2188 389 moria
2217 332 2383 388 etiam
2428 332 2676 406 magistri
2700 333 2813 403 jam
2854 331 3151 390 discessuri
3194 332 3399 389 arctius
3442 332 3617 390 menti

309 424 464 494 cujus
491 423 891 480 invocationem
924 422 1001 478 ﬁt.

379 514 550 568 Vens.
577 515 663 568 14.
687 542 758 553 -
776 514 995 586 Septem
1014 513 1142 583 ﬁlii,
1166 521 1270 569 etc.
1297 512 1496 585 (830.)
1518 510 1787 582 Quoniam
1807 511 1906 567 Sa-

305 609 463 657 tanas
479 600 832 675 transfigurat
853 618 912 657 se
932 602 988 656 in
1009 599 1268 674 angelum
1308 601 1463 670 lucis,
1489 609 1618 671 etc.,
1643 618 1816 674 usque
1832 601 1905 657 ad

311 690 549 746 ostendit
602 689 672 745 de
716 690 912 762 quibus
958 690 1274 746 custodibus
1328 689 1592 746 Ecclesiae
1647 688 1904 761 praecipi-

311 786 437 834 tur:
464 780 656 852 Capite
683 779 841 837 nobis
869 780 1194 851 vulpeculas
1225 795 1347 852 qua:
1375 779 1674 836 devastant
1711 780 1907 835 vineas

314 868 507 937 (Cant.
529 866 611 939 ιι).

386 955 555 1010 Vnus.
575 959 638 1010 19
647 996 661 1009 .
674 985 744 996 -
754 956 919 1011 Multi
933 960 1127 1012 autem
1139 973 1213 1013 ea:
1223 957 1306 1012 eis
1320 957 1418 1029 qui
1428 955 1651 1013 curiosa
1669 958 1910 1028 fuerant

312 1045 534 1101 sectati.
550 1043 733 1115 (Βευ.)
764 1043 987 1117 Magicae
1007 1044 1140 1099 artis
1168 1044 1490 1100 industriam
1515 1063 1529 1100 :
1553 1045 1708 1114 cujus
1724 1051 1907 1099 secta-

313 1139 461 1189 tores
488 1132 685 1187 merito
726 1132 900 1187 libros
949 1132 1261 1203 incendunt,
1313 1133 1440 1190 licet
1484 1132 1658 1204 pretio
1703 1148 1906 1206 magno

311 1220 623 1289 aestimatos,
660 1221 787 1293 quia
817 1222 1094 1278 daemones
1113 1222 1343 1293 (quibus
1362 1221 1907 1293 servierant)Jesum

315 1309 587 1381 appellare
618 1317 672 1364 et
698 1311 973 1381 apostolos
1004 1310 1121 1379 ejus
1150 1311 1334 1366 vident
1362 1311 1654 1367 honorare.

386 1399 555 1454 Vnus.
580 1402 669 1456 21.
697 1428 766 1440 --
787 1401 885 1454 llis
905 1404 1097 1456 autem
1118 1401 1390 1472 expletis,
1407 1408 1510 1457 etc.
1535 1399 1792 1471 (Cunvs.)
1816 1399 1908 1455 Sat

316 1486 408 1543 diu
428 1495 781 1543 conversatus
800 1488 858 1542 in
894 1487 1128 1556 civitate,
1170 1496 1299 1560 etc.,
1322 1505 1499 1562 usque
1520 1489 1592 1545 ad
1611 1488 1684 1544 ita
1702 1488 1906 1560 ubique

315 1575 553 1632 contexit
581 1591 768 1648 opera.

2008 420 2281 494 inligatur.

2081 529 2249 584 Vnus.
2272 530 2357 583 10.
2380 558 2451 568 -
2484 529 2621 584 Cum
2651 527 3029 584 descendisset
3056 529 3290 596 Paulus,
3325 530 3609 586 incubuit.

2007 615 2138 688 (I0.)
2184 616 2481 672 Descendit
2531 624 2584 672 et
2630 616 2893 685 incubuit,
2947 617 3264 688 complexus
3313 625 3417 684 est,
3467 626 3598 684 etc.,

2007 722 2180 777 usque
2212 706 2285 761 ad
2315 713 2368 760 et
2397 704 2512 761 sole
2538 705 2760 773 justitiaa
2791 704 3022 775 atilante,
3076 705 3355 762 redivivus
3384 704 3611 762 adduci-

2004 801 2112 849 tur.
2137 795 2345 850 Anima
2365 795 2520 850 enim
2538 795 2717 867 ipsius
2748 797 2813 850 in
2833 797 2951 867 ipso
2982 799 3085 850 est.
3109 796 3297 866 (ΚΑΒ.)
3318 795 3379 850 Id
3396 803 3480 850 est
3500 810 3613 851 non

2006 899 2072 938 ex
2102 890 2215 938 toto
2244 882 2517 950 discessit,
2548 882 2636 939 vel
2666 882 2845 939 rediit.
2891 883 3007 939 Hoc
3036 891 3264 955 propter
3292 883 3609 940 incredulos

2006 971 2158 1039 dixit,
2192 979 2287 1026 ut:
2311 972 2432 1028 Non
2472 975 2559 1027 est
2590 975 2818 1029 mortua
2852 973 3069 1045 puella,
3109 972 3206 1029 sed
3240 972 3495 1030 dormit:
3523 971 3604 1028 sic

2008 1060 2153 1116 enim
2182 1060 2491 1131 desperatio
2521 1059 2747 1116 tollitur.

2076 1148 2246 1203 Vens.
2273 1150 2360 1203 16.
2380 1178 2450 1189 -
2468 1150 2859 1205 Pentecosten.
2884 1149 3107 1205 Constat
3135 1150 3358 1206 Paschaa
3387 1157 3604 1222 tempus

2005 1243 2059 1292 et
2087 1236 2440 1294 Pentecostes
2470 1237 2809 1309 temporibus
2855 1238 3223 1309 apostolorum
3270 1238 3604 1295 celebratum

2005 1341 2147 1381 esse.

2077 1415 2246 1470 Vens.
2267 1417 2355 1469 31.
2370 1444 2440 1455 -
2458 1415 2719 1472 Memoria
2738 1418 3071 1472 retinentes.
3088 1415 3276 1488 (ΗΑΒ.)
3290 1414 3449 1485 Quod
3469 1416 3607 1487 ipsis

2005 1502 2236 1570 dixerat,
2288 1503 2401 1558 vult
2447 1503 2580 1558 illud
2628 1520 2751 1560 esse
2778 1505 3041 1560 memoria
3078 1504 3444 1574 retinendum,
3493 1520 3607 1560 non

2005 1591 2151 1647 enim
2178 1607 2344 1663 parva
2382 1599 2464 1647 est
2493 1592 2757 1663 custodia,
2808 1593 2976 1649 divini
3012 1593 3273 1665 praecepti
3319 1593 3602 1649 memoria.

387 1666 620 1758 Romae:
640 1666 847 1758 videre-
881 1664 1068 1758 (RAB)
1089 1665 1240 1758 Hanc
1256 1665 1412 1758 prius
1432 1681 1543 1758 {lor}
1562 1664 1772 1722 viderat
1800 1664 1907 1722 for—
1927 1697 1981 1758 Β
2080 1681 2251 1737 Vnus.
2284 1683 2372 1736 35.
2404 1710 2476 1721 —
2503 1682 2730 1738 Beatius
2760 1686 2863 1738 est.
2897 1664 3030 1753 (10.)
3073 1683 3190 1738 Hoc
3210 1664 3274 1736 in
3302 1682 3603 1755 Evangelio

314 1752 473 1823 sitan,
506 1754 591 1811 vel
623 1754 747 1826 quia
792 1754 970 1811 levem
1016 1754 1252 1810 ducebat
1298 1755 1699 1817 tribulationem
1745 1771 1900 1827 quam

2011 1784 2121 1825 non
2148 1768 2369 1842 legitur,
2400 1785 2512 1825 non
2540 1769 2685 1825 enim
2714 1752 3133 1841 omniascripta
3162 1778 3306 1838 sunt,
3340 1771 3437 1826 sed
3463 1752 3604 1825 Pau-

268 1872 273 1883 ~
312 1841 389 1897 ibi
418 1858 678 1914 passurus
706 1850 824 1899 erat
854 1862 869 1910 ;
904 1843 1090 1900 videre
1118 1851 1326 1899 tantum
1373 1843 1520 1913 dicit,
1567 1860 1680 1900 non
1726 1852 1907 1901 autem

314 1930 485 1987 multa
512 1931 643 2002 pati.

387 2038 558 2093 Vnus.
588 2041 677 2096 22.
707 2068 776 2078 -—
805 2039 871 2094 In
895 2038 1291 2097 Macedoniam.
1323 2040 1482 2111 (Rau.
1504 2038 1524 2111 )
1544 2039 1798 2096 Transire
1818 2056 1910 2095 vo-

314 2125 461 2182 lebat
488 2126 558 2182 de
588 2127 735 2193 Asia,
768 2127 825 2181 in
854 2144 959 2199 qua
989 2135 1071 2184 est
1098 2128 1370 2199 Ephesus,
1403 2127 1460 2182 in
1487 2128 1780 2199 Europam,
1814 2129 1907 2185 ubi

313 2214 629 2271 Macedonia
649 2223 701 2270 et
720 2216 925 2271 Achaia
954 2222 1078 2272 sunt
1101 2235 1115 2283 ;
1150 2224 1203 2272 et
1223 2216 1302 2272 sic
1322 2233 1506 2273 rursus
1525 2216 1607 2272 ire
1623 2217 1679 2271 in
1698 2217 1901 2283 Asiam,

312 2302 368 2358 id
397 2311 481 2359 est
509 2303 812 2360 Jerusalem
841 2320 966 2361 cum
1013 2305 1382 2378 eleemosyna,
1432 2305 1501 2362 de
1544 2321 1650 2378 qua
1692 2305 1906 2378 scripsit

306 2391 625 2448 Corinthiis.

305 2497 316 2503 ·
382 2482 552 2537 Vnus.
583 2485 672 2539 28.
704 2511 773 2522 -
802 2482 1002 2554 Magna
1048 2483 1232 2538 Diana
1279 2484 1667 2555 Ephesiorum.
1719 2482 1903 2555 (Βεο.)

304 2567 480 2639 Quam
511 2570 814 2626 Demetrius
843 2571 1141 2642 perituram
1171 2571 1307 2626 dixit
1338 2571 1582 2642 Dianam,
1616 2571 1697 2626 illi
1729 2587 1902 2628 econ-

304 2658 470 2714 trario
497 2674 752 2731 magnam
781 2675 903 2715 esse
932 2659 1219 2715 mirantur.

379 2747 551 2802 Vnus.
585 2751 673 2805 32.
707 2777 777 2788 —-
806 2748 923 2804 Alii
950 2752 1145 2805 autem
1176 2749 1334 2805 aliud
1370 2748 1714 2805 clamabant.
1763 2744 1904 2801 Illud

303 2834 452 2890 aliud
505 2835 652 2906 quod
700 2835 1007 2891 clamabant
1051 2843 1185 2905 erat,
1233 2836 1322 2891 vel
1369 2845 1426 2890 ut
1476 2842 1799 2907 raperentur
1843 2834 1901 2889 in

301 2923 592 2988 theatrum,
653 2923 741 2980 vel
785 2925 932 2995 quod
973 2924 1111 2980 alius
1142 2932 1288 2979 esset
1315 2925 1463 2980 Deus
1506 2940 1757 2997 magnus,
1812 2922 1900 2979 vel

303 3011 450 3084 quod
478 3011 629 3067 aliud
657 3011 884 3082 idolum,
918 3012 1004 3068 vel
1034 3013 1196 3069 etiam
1223 3013 1280 3067 in
1324 3013 1550 3070 Paulum
1599 3010 1897 3083 opprobria

297 3098 590 3170 iaciebant.

371 3207 541 3262 Vnus.
563 3208 650 3262 34.
674 3236 745 3247 —-
775 3209 885 3265 Vox
906 3210 1063 3279 facta
1076 3213 1161 3264 est
1180 3225 1295 3265 una
1314 3209 1588 3275 omnium,
1614 3209 1774 3282 quasi
1790 3223 1894 3281 per

299 3294 465 3351 horas
486 3294 628 3350 duas
644 3296 1023 3351 clamantium
1045 3315 1063 3352 :
1084 3297 1281 3369 Magna
1301 3299 1482 3354 Diana
1503 3298 1889 3370 Ephesiorum.

296 3382 486 3438 Merito
544 3383 831 3438 extrahunt
883 3384 1055 3440 Judaei
1110 3385 1349 3442 scribam
1401 3385 1770 3443 Alexandrum
1824 3384 1893 3441 de

296 3471 453 3526 turba
482 3471 571 3526 illa
603 3488 724 3544 quae
752 3480 865 3528 tota
903 3474 1134 3529 Dianam
1163 3475 1438 3531 adorabat.

370 3559 543 3615 Vens.
565 3562 653 3616 37.
674 3591 743 3601 —
763 3562 947 3634 Neque
965 3564 1287 3635 sacrilegos,
1310 3580 1490 3637 neque
1507 3564 1895 3638 blaspheman-

300 3650 382 3703 tes
410 3648 573 3704 deam
602 3654 868 3706 vestram.
893 3651 1078 3723 (ΗΑΒ.)
1128 3651 1392 3725 Sacrilegi
1421 3653 1675 3709 dicuntur
1702 3670 1733 3708 a
1760 3670 1893 3726 pro-

297 3735 423 3792 fana
448 3736 751 3811 diligentia.
787 3739 1014 3796 Sacrum
1054 3740 1199 3796 enim
1228 3742 1491 3797 mundum
1522 3749 1577 3797 et
1603 3741 1892 3814 profanum

298 3824 588 3899 signiﬁcat.

369 3914 540 3970 Vnus.
574 3916 665 3970 40.
696 3947 765 3957 -
796 3918 867 3972 Et
895 3934 1026 3974 cum
1055 3918 1171 3974 haec
1201 3919 1462 3975 dixisset.
1496 3919 1613 3976 Hoc
1653 3919 1894 3992 loquitur

296 4002 452 4074 quasi
479 4003 720 4071 Iudaeus,
755 4004 948 4060 nolens
976 4006 1192 4060 Iudaeos
1214 4007 1282 4060 ab
1300 4006 1570 4062 idolorum
1590 4007 1894 4064 cultoribus

297 4090 506 4157 occidi;
531 4098 625 4146 aut
653 4091 808 4163 quasi
839 4091 1179 4148 Christianus
1208 4093 1421 4151 locutus
1453 4103 1556 4151 est.

891 4261 1114 4317 CAPUT
1152 4262 1277 4317 XX.

372 4424 541 4484 Vsus.
553 4430 609 4486 2.
627 4457 697 4469 —
715 4428 798 4485 Ad
813 4429 1104 4486 Graeciam.
1129 4430 1343 4487 Graecia
1354 4432 1630 4503 provincia
1641 4433 1881 4502 Achaiae;
1913 4412 1967 4474 D

300 4515 371 4572 ad
397 4517 541 4573 hanc
570 4516 716 4574 venit
769 4518 968 4574 Paulus
1025 4526 1147 4589 post
1192 4520 1563 4577 Macedoniam
1596 4540 1609 4577 :
1645 4523 1771 4595 quia
1817 4523 1895 4580 sic

296 4613 677 4675 proposuerat,
710 4613 768 4661 ut
798 4623 961 4678 supra
996 4607 1201 4664 dictum
1251 4616 1335 4664 est
1367 4628 1381 4677 ;
1417 4610 1615 4665 transit
1647 4618 1831 4668 autem
1863 4628 1895 4666 a

204 4710 214 4723 ⁸
299 4682 617 4748 Macedonia
645 4701 698 4749 et
726 4695 930 4750 Achaia
958 4695 1039 4752 ire
1066 4697 1389 4752 Jerusalem.

373 4779 545 4839 Vsus.
579 4782 632 4836 4.
665 4811 735 4822 -
762 4782 1064 4854 Sosipater.
1086 4785 1148 4838 In
1163 4785 1394 4842 Hebraeo
1425 4787 1708 4860 Sosipater
1732 4787 1896 4845 inter-

302 4874 550 4939 pretatur
575 4867 721 4924 idem
744 4884 869 4925 esse
891 4871 1041 4941 quod
1069 4888 1318 4930 narrans
1348 4874 1773 4948 dispersione-In,
1804 4877 1894 4935 vel

301 4956 532 5013 salvans
563 4957 857 5030 dispersos.

374 5044 544 5099 Vnus.
576 5046 629 5100 7.
663 5075 733 5086 —
766 5048 882 5104 Una
909 5051 1104 5105 autem
1133 5049 1371 5106 sabbati.
1404 5051 1618 5109 Nomen
1634 5052 1742 5108 diei
1758 5052 1894 5111 dici-

297 5137 400 5200 tur,
424 5138 482 5185 ut
510 5130 579 5185 sit
609 5134 934 5203 praeparatio
984 5135 1196 5191 virtutis
1245 5136 1504 5194 faciendae
1536 5148 1589 5196 et
1620 5140 1886 5198 dicendae.

368 5219 554 5290 (Βεο.)
584 5220 953 5291 Coenaculum,
996 5222 1221 5279 altitudo
1279 5226 1687 5285 charismatum.
1746 5230 1887 5298 Nox,

291 5304 598 5362 obscuritas
630 5308 1051 5380 Scripturarum,
1087 5318 1217 5380 etc.,
1266 5330 1438 5386 usque
1468 5317 1539 5372 ad
1569 5317 1884 5389 subjunxit;

292 5392 419 5451 Htec
447 5400 641 5452 autem
671 5402 811 5454 sunt
832 5398 938 5455 duo
976 5401 1352 5458 Testamenta.

362 5484 533 5547 Vnus.
569 5488 622 5541 9.
654 5516 724 5527 —
756 5487 1046 5554 Eutichus,
1082 5495 1186 5544 etc.
1218 5489 1351 5562 (10.)
1371 5491 1635 5550 Hebraice
1667 5512 1887 5567 amens,

283 5569 480 5629 Grmce
506 5577 840 5646 fortunatus
868 5575 1270 5650 interpretatur,
1304 5588 1433 5651 etc.,
1469 5599 1643 5657 usque
1673 5585 1746 5642 ad
1772 5602 1889 5643 me-

2006 1857 2093 1913 lus
2135 1856 2369 1913 forsitan
2410 1858 2515 1914 hoc
2559 1858 2627 1913 ab
2673 1858 2935 1930 apostolis
2978 1858 3219 1926 audivit,
3265 1859 3354 1915 vel
3397 1875 3429 1915 a
3475 1858 3604 1931 Spi-

2007 1946 2114 2001 ritu
2141 1953 2327 2001 sancto
2364 1946 2594 2018 accepit,
2645 1948 2733 2003 vel
2780 1955 2959 2018 potest
3005 1947 3114 2004 dici
3187 1948 3352 2020 quod,
3403 1948 3451 2003 si
3492 1964 3603 2003 non

2007 2034 2195 2101 verba,
2229 2051 2450 2090 sensum
2478 2035 2638 2090 istum
2666 2037 2826 2091 Jesus
2854 2035 3130 2104 indicavit,
3163 2036 3353 2093 dicens
3385 2054 3400 2091 :
3436 2037 3604 2094 Omni

2000 2126 2226 2195 petenti
2252 2124 2366 2190 da;
2409 2131 2461 2178 et
2489 2123 2616 2178 alibi
2652 2141 2666 2178 :
2698 2125 2881 2181 Nolite
2925 2126 3180 2198 accipere
3219 2143 3445 2194 aurum,
3492 2134 3597 2182 etc.

2006 2211 2192 2283 (Βευ.)
2246 2212 2371 2267 Non
2411 2210 2520 2267 illis
2568 2212 2661 2284 qui
2711 2212 2912 2270 relictis
2952 2213 3206 2269 omnibus
3250 2214 3425 2270 secuti
3477 2221 3603 2269 sunt

2005 2299 2317 2367 Dominum,
2350 2299 2545 2356 divites
2567 2300 3028 2372 eleemosynarios
3047 2303 3334 2374 praaponit,
3360 2303 3456 2360 sed
3475 2302 3600 2359 illos

2005 2388 2239 2445 maxime
2268 2387 2554 2462 gloriﬁcat,
2591 2389 2684 2461 qui
2712 2390 2919 2446 cunctis
2950 2408 3071 2463 quae
3096 2392 3381 2462 possident
3422 2392 3478 2445 in
3506 2408 3599 2446 se-

2004 2485 2116 2533 met
2171 2479 2543 2534 renuntiantes
2568 2520 2582 2545 ,
2624 2478 2974 2534 nihilominus
3025 2479 3279 2536 laborant
3322 2479 3597 2551 operando

2004 2565 2258 2621 manibus
2289 2574 2347 2621 ut
2373 2566 2611 2623 habeant
2638 2567 2782 2623 unde
2810 2568 3049 2624 tribuant
3084 2568 3469 2626 necessitatem
3496 2584 3598 2640 pa-

2003 2653 2175 2710 tienti.
2208 2654 2320 2710 Vos
2344 2654 2513 2729 igitur
2541 2655 2807 2728 episcOpi,
2840 2664 3014 2714 estote
3043 2656 3265 2715 solliciti
3293 2658 3364 2715 de
3390 2657 3598 2716 alendis

2002 2742 2244 2815 pupillis,
2275 2751 2380 2800 etc.

2528 2887 2755 2945 CAPUT
2772 2888 2925 2944 XXI.

2072 3026 2244 3083 Vens.
2269 3031 2321 3082 1.
2342 3057 2411 3068 -—
2435 3029 2575 3085 Cum
2592 3034 2807 3098 autem,
2830 3038 2935 3086 etc.
2953 3030 3144 3099 Coum,
3166 3031 3438 3101 Rhodum,
3460 3032 3594 3090 inde

1997 3116 2291 3171 Pataram.
2324 3116 2514 3188 (ΗΑΒ.)
2544 3117 2689 3174 Cous
2721 3126 2775 3174 et
2795 3119 2987 3174 Patara
3017 3119 3210 3175 insulae
3237 3128 3381 3176 sunt.

2066 3204 2238 3259 Vens.
2275 3209 2326 3260 8.
2359 3235 2428 3245 —
2458 3206 2709 3279 Philippi
2739 3209 3119 3280 evangelista.
3170 3207 3255 3264 Ob
3283 3217 3597 3280 promptum

1994 3292 2398 3363 praedicationis
2428 3293 2664 3350 ofﬁcium
2693 3295 3030 3368 evangelista
3057 3295 3258 3352 meruit
3286 3296 3490 3353 vocari.

2065 3381 2234 3436 Vens.
2268 3385 2321 3436 9.
2354 3412 2424 3423 —
2452 3384 2592 3440 Huic
2625 3387 2819 3440 autem
2847 3388 3019 3441 erant
3043 3385 3199 3456 ﬁlim.
3231 3385 3420 3458 (ΕΑΒ.)
3449 3384 3595 3441 Alibi

1994 3467 2119 3525 tiliae
2137 3468 2371 3541 Philippi
2386 3471 2621 3542 apostoli
2640 3474 3002 3544 prophetissae
3022 3474 3276 3548 leguntur
3292 3473 3481 3542 fuisse,
3497 3474 3598 3529 sed

1991 3556 2203 3613 veritati
2230 3558 2393 3627 hujus
2423 3559 2532 3616 loci
2559 3576 2670 3616 non
2699 3569 2790 3617 est
2813 3562 3314 3631 contradicendum,
3349 3563 3455 3617 nisi
3485 3562 3593 3618 for-

1992 3652 2138 3701 tasse
2160 3653 2390 3718 uterque
2411 3647 2550 3703 ﬁlias
2568 3651 2941 3722 prophetissas
2960 3651 3219 3707 habuisse
3238 3650 3593 3725 intelligatur.

2064 3734 2236 3791 Vnus.
2271 3739 2358 3791 11.
2390 3766 2461 3778 —
2492 3738 2615 3794 Haec
2661 3739 2802 3796 dicit
2830 3740 3076 3812 Spiritus
3109 3745 3363 3797 sanctus.
3411 3740 3592 3812 (880).

1992 3821 2291 3893 Prophetas
2339 3832 2555 3880 veteres
2606 3826 2878 3895 imitatur,
2930 3828 3025 3901 qui
3073 3829 3256 3885 dicere
3297 3828 3594 3885 solebant:

1992 3911 2119 3967 Haec
2156 3911 2299 3968 dicit
2343 3914 2617 3971 Dominus
2668 3917 2836 3983 Deus,
2893 3916 3023 3987 quia
3072 3917 3306 3989 Spiritus
3354 3924 3595 3984 sanctus,

1993 4013 2150 4070 atque
2180 4007 2237 4054 ut
2266 4001 2425 4056 Pater
2453 4009 2507 4057 et
2536 4002 2721 4070 Filius,
2755 4005 3021 4060 Dominus
3069 4014 3123 4060 et
3160 4007 3310 4061 Deus
3340 4013 3442 4071 est,
3494 4022 3595 4062 nec

1990 4101 2182 4144 eorum
2231 4090 2468 4160 separari
2512 4091 2758 4162 operatio
2804 4101 2984 4164 potest
3023 4109 3258 4166 quorum
3304 4102 3497 4151 natura
3544 4102 3598 4151 et

1994 4175 2246 4232 voluntas
2275 4193 2381 4231 una
2409 4186 2510 4235 est.

2066 4265 2239 4321 Vnus.
2271 4269 2363 4323 21.
2388 4296 2458 4307 -
2484 4269 2690 4325 Dicens
2719 4286 2835 4326 non
2864 4270 3079 4329 debere.
3102 4272 3288 4345 (Βευ.)
3309 4273 3479 4343 Quasi
3503 4274 3595 4331 (li-

1997 4361 2186 4409 cerent
2215 4371 2230 4408 :
2263 4355 2325 4409 In
2353 4354 2598 4412 doctrina
2628 4358 2830 4413 Christi
2858 4358 3087 4416 damnas
3114 4361 3265 4417 velut
3305 4363 3591 4437 sacrilega,

1998 4448 2128 4509 etc.,
2161 4459 2336 4515 usque
2374 4444 2449 4499 ad
2488 4446 2585 4500 sed
2612 4446 2786 4502 Judaei
2814 4463 2924 4503 non
2950 4449 3395 4520 prohibebantur.

2065 4532 2249 4603 Neque
2277 4533 2610 4590 secundum.
2644 4536 2769 4591 Non
2796 4544 2923 4591 sunt
2950 4538 3209 4608 prohibiti
3253 4557 3320 4595 eo
3348 4547 3596 4612 tempore

1991 4618 2164 4674 Judaei
2194 4619 2251 4674 in
2280 4620 2554 4676 Christum
2583 4623 2889 4692 credentes,
2921 4628 3221 4683 secundum
3273 4628 3459 4702 legem
3500 4630 3589 4685 in-

1993 4707 2172 4780 gredi,
2204 4716 2379 4766 stante
2409 4711 2587 4768 adhuc
2617 4714 2819 4784 templo
2848 4723 2901 4770 et
2931 4732 3028 4771 sua
3056 4717 3339 4790 religione,
3396 4735 3592 4791 quam-

1992 4795 2077 4852 vis
2106 4796 2162 4851 in
2190 4799 2548 4855 sacramentis
2567 4801 2708 4857 Novi
2726 4803 3056 4861 Testamenti
3089 4807 3319 4862 salutem
3333 4808 3591 4879 habituri,

1993 4884 2092 4939 sed
2121 4886 2408 4943 credentes
2439 4904 2506 4943 ex
2534 4889 2793 4962 gentibus
2820 4894 3254 4963 prohibebantur
3298 4896 3370 4951 ad
3411 4895 3595 4970 legem

1991 4973 2273 5041 converti,
2322 4975 2416 5047 qui
2462 4984 2646 5034 tamen
2696 4979 2835 5051 legis
2880 4983 3138 5040 mandata
3182 4984 3251 5039 ad
3308 5000 3493 5041 mores
3541 4993 3596 5042 et

1992 5061 2319 5117 munditiam
2345 5065 2599 5135 corporis
2626 5068 2971 5138 pertinentia,
3003 5079 3060 5127 ut
3088 5080 3209 5127 est:
3234 5074 3356 5130 Non
3387 5091 3594 5131 concu-

1987 5150 2193 5221 pisces,
2227 5158 2357 5219 etc.,
2389 5151 2684 5226 diligenter
2714 5156 3014 5216 observare
3047 5159 3398 5229 jubebantur.
3452 5162 3596 5231 Qua-

1990 5237 2219 5308 druplex
2252 5239 2495 5310 synodus
2524 5243 2879 5315 Jerosolymis
2908 5246 3085 5302 habita
3115 5256 3198 5304 est
3234 5267 3248 5304 :
3278 5250 3455 5322 prima
3496 5250 3594 5307 fuit

1989 5323 2058 5381 de
2089 5326 2353 5384 electione
2382 5328 2603 5385 alterius
2633 5332 2864 5403 apostoli
2891 5352 2993 5407 pro
3038 5336 3212 5405 Juda;
3245 5339 3482 5395 secunda
3523 5340 3593 5396 de

1990 5411 2253 5472 electione
2294 5426 2504 5489 septem
2550 5418 2944 5490 diaconorum;
2978 5426 3138 5481 tertia
3181 5427 3250 5483 de
3291 5427 3587 5485 circumci-

1989 5502 2145 5562 sione
2174 5520 2285 5562 non
2313 5505 2642 5579 imponenda
2671 5509 2783 5566 illis
2830 5512 2923 5584 qui
2952 5514 3250 5571 credebant
3290 5516 3360 5572 de
3405 5516 3589 5589 genti-

1988 5590 2129 5661 bus;
2162 5602 2357 5666 quarta
2383 5596 2502 5654 haec
2529 5594 2598 5655 de
2626 5596 2831 5656 Judaeis
2856 5595 2952 5659 illo
2981 5609 3227 5675 tempore
3264 5620 3376 5662 non
3404 5605 3590 5677 prohi-
