3948 6178
292 294 387 350 465

1120 279 1393 337 GLOSSA
1430 278 1841 335 ORDINARIA.
1874 308 1944 320 —
1974 278 2102 335 LIB.
2143 278 2427 336 ACTUUM
2456 277 2699 335 APOST.

3469 281 3575 336 466

294 412 473 471 bendis
499 408 611 481 (ubi
640 406 937 464 necessitas
974 405 1261 477 exigeret,)
1302 403 1567 478 legalibus
1609 418 1874 460 czeremo-
1903 403 2227 466 Atribunus
2274 403 2507 460 civitatis
2553 404 2811 464 Romana:
2855 402 2988 459 civis
3045 418 3168 459 esse
3215 418 3325 459 non
3365 412 3573 476 posset,

291 504 387 559 niis
416 498 605 555 initiari
635 504 851 569 pr0pter
897 494 1209 551 scandalum
1255 508 1441 549 eorum
1487 492 1579 565 qui
1618 492 1884 563 putabant

291 588 545 665 apostolos
604 587 782 658 legem
836 584 1009 656 Moysi
1079 584 1215 639 sicut
1261 581 1558 637 idololatraa
1631 580 1883 652 dogmata

299 680 562 736 damnare.

360 768 523 822 Vens.
556 764 652 821 24.
690 794 760 805 -
795 762 939 830 Quia
967 778 1091 829 quae
1121 760 1187 817 de
1215 764 1288 827 te,
1321 766 1429 815 etc.
1467 758 1590 815 Non
1636 756 1782 814 enim
1809 756 1885 812 ita

292 855 537 928 reprobas
562 851 759 927 legalia
790 851 926 907 sicut
953 850 1154 906 dictum
1183 856 1284 916 est,
1316 847 1363 904 si
1383 855 1563 904 autem
1584 846 1709 903 ideo
1737 845 1882 902 cele-

292 948 479 1011 braret,
512 950 570 998 ut
596 942 805 998 actione
838 938 1084 994 simulata
1130 953 1280 993 suam
1325 936 1620 994 occultaret
1665 942 1883 991 senten-

293 1036 427 1100 tiam,
452 1047 560 1087 non
593 1032 697 1086 hoc
724 1029 933 1085 diceret
956 1026 1212 1083 Jacobus.

355 1124 521 1179 Vens.
552 1122 642 1177 27.
675 1148 745 1158 —
777 1118 913 1174 Cum
931 1121 1125 1172 autem
1154 1119 1367 1189 septem
1416 1114 1556 1181 dies,
1588 1118 1691 1169 etc.
1724 1112 1881 1167 Non-

291 1214 407 1269 dum
435 1207 794 1267 consummati
823 1214 994 1267 erant.
1027 1205 1123 1260 sed
1145 1220 1330 1260 eorum
1383 1218 1576 1259 cursus
1621 1202 1883 1273 agebatur

292 1301 474 1365 adhuc,
505 1306 633 1366 etc.,
678 1312 849 1369 usque
879 1296 952 1350 ad
980 1310 1051 1350 ne
1092 1294 1339 1350 venirent
1380 1291 1611 1348 Romani
1639 1298 1694 1347 et
1721 1289 1881 1347 tolle-

291 1396 401 1447 rent
429 1388 607 1445 locum
635 1395 686 1443 et
714 1393 954 1459 gentem.

288 1459 298 1471 ’
354 1479 520 1534 Vnus.
554 1480 644 1532 35.
677 1506 748 1516 —
777 1476 847 1529 Et
874 1490 1004 1529 cum
1034 1470 1369 1528 venissetad
1394 1469 1627 1541 gradus.
1663 1468 1880 1524 Gradus

290 1584 389 1625 non
413 1563 788 1622 descensionis
817 1562 885 1617 de
916 1560 1136 1633 templo,
1168 1559 1266 1615 sed
1302 1557 1640 1619 ascensionis
1670 1557 1726 1612 in
1759 1572 1881 1613 cas-

292 1666 366 1712 tra
392 1653 683 1728 signiﬁcat.

1983 493 2080 547 sed
2100 493 2433 549 consortium
2478 493 2708 549 civitatis
2755 499 2979 563 emerat,
3012 500 3071 547 ut
3100 500 3245 547 esset
3282 493 3577 565 particeps.

1982 581 2183 636 Paulus
2220 598 2287 637 eo
2319 581 2521 655 .magis
2577 590 2693 637 erat
2750 581 2886 637 civis
2934 581 3228 652 Romanus,
3275 581 3421 655 quod
3469 597 3579 638 non

1981 671 2368 743 comparando,
2402 671 2500 728 sed
2528 671 2634 727 hoc
2662 669 2941 726 nascendo
2969 669 3220 726 habebat.

2552 812 2777 871 CAPUT
2805 814 3008 869 XXIII.

2052 942 2223 998 Vens.
2257 945 2308 998 3.
2335 970 2406 983 -—
2425 944 2717 999 Percutiet
2745 947 2819 1000 te.
2852 942 3039 1015 (ΗΑΒ.)
3068 943 3193 998 Non
3223 941 3354 999 dicit
3378 959 3585 1015 pereu-

1984 1032 2112 1097 tiat,
2147 1031 2271 1102 quia
2299 1031 2585 1102 prophetia
2615 1039 2716 1097 est,
2741 1047 2851 1086 non
2880 1032 3211 1099 maledictio,
3245 1039 3373 1100 etc.,
3408 1047 3582 1105 usque

1981 1119 2053 1175 ad
2083 1119 2181 1174 sed
2210 1119 2563 1191 inspiratione
2594 1119 2777 1174 divina
2807 1120 2941 1174 dixit
2971 1120 3283 1191 Apostolus.
3364 1118 3370 1125 '

2052 1207 2223 1262 Vens.
2248 1210 2301 1263 5.
2321 1238 2390 1248 -
2411 1208 2753 1275 Nesciebam,
2784 1210 3016 1280 fratres.
3052 1209 3112 1262 Id
3131 1216 3214 1263 est
3243 1223 3352 1263 non
3383 1222 3583 1282 cogno-

1982 1295 2201 1351 scebam
2231 1312 2355 1352 esse
2385 1296 2651 1352 Ananiam
2685 1315 2700 1363 ;
2733 1296 2821 1353 vel
2851 1296 3119 1351 subtiliter
3146 1296 3279 1353 dicit
3307 1313 3367 1353 se
3396 1295 3581 1355 nesci-

1982 1401 2044 1442 re
2071 1386 2398 1458 principem,
2430 1384 2560 1458 quia
2605 1385 2975 1441 sacerdotium
3023 1384 3336 1441 Judaeorum
3384 1372 3582 1457 repro-Q

1980 1473 2170 1530 batum
2199 1481 2301 1529 est.

2054 1564 2223 1619 Vens.
2250 1568 2301 1618 9.
2322 1593 2391 1604 —
2417 1563 2560 1631 Quid
2588 1565 2639 1621 si
2665 1564 2902 1636 spiritus
2938 1568 2962 1621 ?
3014 1562 3201 1634 (ΗΑΒ.)
3232 1562 3333 1620 Hic
3360 1571 3586 1636 apparet

1974 1653 2126 1722 juxta
2155 1652 2549 1723 Hieronymum
2598 1652 2917 1708 sadducaeos
2968 1652 3217 1724 spiritum
3265 1667 3377 1708 non
3405 1650 3583 1708 confi-

354 1746 519 1800 Vaas.
557 1744 626 1798 37
655 1772 726 1783 —
758 1742 941 1798 erce
968 1738 1165 1796 nosti?
1193 1737 1381 1828 (Rea)
1412 1734 1906 1828 Interrogatiohest]

2005 1752 2080 1807 eri
2109 1760 2162 1809 et
2190 1752 2438 1826 angelos,
2472 1759 2526 1807 et
2554 1751 2679 1807 ideo
2710 1751 2972 1808 Pharisaei
3020 1751 3270 1823 spiritum
3302 1751 3585 1807 nominant

285 1835 363 1891 vel
389 1831 692 1901 afﬁrmatio,
726 1830 849 1902 quia
878 1829 961 1899 (ut
983 1828 1220 1898 putatur)
1251 1825 1496 1881 tribunus
1529 1823 1723 1880 Grmca
1761 1822 1873 1877 lin-

285 1939 380 1996 gua
406 1921 750 1993 loquebatur,
784 1917 888 1982 vel,
920 1933 991 1972 ne
1018 1915 1190 1971 Judaei
1216 1919 1632 1986 cognoscerent.

356 2011 522 2066 Vnus.
556 2012 647 2063 39.
679 2038 749 2048 —
775 2008 817 2062 Α
845 2008 1030 2072 Tarso,
1053 2012 1154 2061 etc.
1188 2004 1321 2076 (ιο.)
1370 2001 1490 2072 Quo
1536 2002 1728 2073 captus
1757 2016 1879 2056 cum

284 2099 592 2174 parentibus
620 2094 1017 2168 commigravit.
1094 2172 1104 2179 ι
1572 2116 1578 2121 ι

862 2262 1085 2319 CAPUT
1122 2260 1300 2316 XXII.

361 2441 529 2495 Vrsas.
564 2442 622 2493 3.
661 2466 731 2477 ——
760 2436 936 2492 Natus
956 2434 1020 2488 in
1057 2434 1240 2489 Tarso.
1273 2430 1457 2501 (Br-:0.)
1497 2427 1668 2484 Natus
1699 2425 1753 2481 in
1784 2440 1879 2497 0p-

288 2529 408 2603 pido
436 2527 679 2584 Galilaeie
708 2523 909 2580 Giscali
939 2521 1157 2582 nomine
1188 2519 1283 2575 fuit
1302 2517 1516 2583 Paulus,
1549 2525 1675 2580 etc.,
1706 2530 1879 2587 usque

289 2619 356 2675 ad
384 2618 461 2673 sic
505 2615 777 2680 Christus,
810 2612 867 2667 in
894 2610 1169 2668 Bethleem
1217 2615 1394 2676 natus,
1442 2606 1748 2661 Nazarenus
1798 2609 1881 2658 est

290 2706 605 2779 appellatus.

359 2794 680 2852 .Emulator
720 2792 877 2863 legis.
911 2788 969 2843 In
998 2787 1188 2844 Graeco
1222 2803 1234 2839 :
1268 2785 1585 2841 Aimulator
1618 2780 1751 2851 legis
1783 2779 1880 2835 Dei

292 2883 615 2951 existentis,
649 2879 943 2935 secundum
976 2876 1143 2932 illud:
1171 2873 1574 2932 Testimonium
1602 2871 1724 2926 illis
1750 2884 1879 2942 per-

293 2974 460 3042 hibeo,
486 2972 635 3046 quod
663 2969 1089 3024 aemulationem
1118 2964 1217 3021 Dei
1260 2963 1484 3027 habent,
1517 2959 1614 3017 sed
1643 2974 1759 3015 non
1786 2974 1877 3013 se-

290 3063 536 3120 cundum
567 3059 867 3116 scientiam
901 3056 1076 3127 (Rom.
1110 3054 1193 3121 χ).

355 3151 531 3205 Vrsas.
568 3149 623 3203 ’7.
656 3177 726 3187 -
753 3123 941 3214 Saule,
965 3144 1152 3200 Saule.
1186 3140 1374 3212 (ΗΑΒ.)
1406 3136 1667 3207 Quaedam
1699 3150 1881 3191 exem-
1910 3123 1960 3187 C

287 3240 447 3312 plaria
474 3237 685 3293 habent
719 3252 732 3288 :
764 3235 921 3300 Saul,
953 3232 1111 3295 Saul,
1143 3238 1201 3285 ut
1232 3227 1540 3285 ostendatur
1566 3225 1636 3282 de
1662 3223 1881 3281 nomine

290 3328 459 3386 Saulis
480 3324 709 3382 Saulum
737 3320 1068 3378 nominatum
1098 3334 1241 3375 esse.

353 3417 524 3471 Vens.
578 3416 631 3467 9.
664 3442 733 3453 —
762 3410 1104 3468 Audierant.
1152 3408 1282 3479 (10.)
1331 3403 1732 3467 Intellexerunt,
1784 3401 1882 3457 sed

290 3505 457 3573 solum
487 3517 688 3558 sonum
719 3500 868 3556 vocis
906 3497 1074 3564 Pauli,
1109 3497 1196 3553 vel
1226 3496 1342 3565 ejus
1370 3493 1461 3567 qui
1488 3490 1651 3548 Paulo
1686 3490 1882 3563 loque-

289 3594 458 3650 batur.

356 3683 526 3737 Vaas.
566 3683 651 3735 1ο.
685 3709 754 3719 -
784 3681 855 3734 Et
881 3676 978 3733 ibi.
1012 3674 1143 3746 (10.)
1178 3671 1501 3744 Exemplum
1546 3666 1880 3733 humilitatis,

289 3778 467 3828 contra
495 3769 752 3826 doctores
781 3782 889 3822 non
945 3764 1274 3836 disputandi,
1308 3778 1409 3817 nec
1438 3761 1505 3816 de
1534 3757 1692 3815 nobis
1734 3772 1881 3828 pre-

289 3858 562 3923 sumendi,
594 3856 746 3930 quasi
776 3871 807 3909 a
832 3856 950 3909 Deo
976 3852 1146 3908 simus
1177 3850 1375 3906 edocti.

355 3949 529 4003 Vnus.
582 3950 670 4001 13.
703 3944 967 3999 —Saule
1010 3944 1213 4013 frater,
1283 3940 1517 4012 respice.
1585 3936 1714 4006 (10.)
1762 3934 1883 3990 Duo

290 4044 441 4093 erant
487 4037 545 4091 in
594 4032 763 4090 oculis
802 4030 969 4094 Pauli,
1020 4028 1307 4085 excaecatio
1355 4035 1408 4084 et
1434 4024 1754 4082 illuminatio
1786 4041 1799 4078 :
1833 4030 1885 4078 et

288 4125 407 4181 ideo
436 4124 635 4181 merito
662 4120 912 4177 credidit.

358 4215 530 4269 Vens.
578 4215 664 4267 14.
697 4240 766 4251 -
796 4207 1204 4265 Ρνίεονᾶὶηαυὶι
1242 4209 1325 4261 'te.
1363 4203 1494 4275 (10.)
1542 4200 1886 4257 Conveniens

288 4303 445 4359 ordo:
470 4301 668 4373 primo,
695 4298 1091 4370 prmordinatus
1108 4296 1161 4349 in
1182 4292 1520 4366 prmscientia
1536 4290 1666 4358 Dei;
1687 4289 1885 4345 deinde

289 4390 572 4463 cOgnoscit
628 4388 925 4452 veritatem,
985 4385 1131 4440 videt
1182 4384 1413 4451 Justum,
1474 4380 1624 4436 audit
1679 4395 1743 4434 ex
1790 4393 1887 4433 ore

1978 1849 2033 1896 et
2086 1840 2361 1914 angelum,
2421 1841 2551 1913 quia
2605 1842 2711 1896 hoc
2769 1848 3037 1897 noverant
3080 1841 3416 1897 contrarium
3460 1856 3583 1896 esse

1979 1929 2107 1985 illis.

2051 2019 2220 2074 Vaas.
2257 2023 2418 2074 10.—
2429 2020 2506 2075 Ne
2524 2019 2938 2092 discerperetur
2949 2020 3161 2076 Paulus
3180 2018 3246 2075 ab
3262 2020 3419 2091 ipsis.
3451 2016 3582 2088 (10.)

1979 2108 2293 2164 Sadducaeis
2322 2107 2630 2164 volentibus
2668 2124 2793 2164 eum
2823 2123 3036 2180 rapere,
3086 2107 3173 2163 vel
3219 2107 3288 2162 ab
3336 2106 3583 2179 utrisque

1979 2196 2139 2252 simul
2172 2196 2642 2252 contendentibus.

2050 2286 2219 2341 Vens.
2248 2289 2332 2343 12.
2357 2314 2428 2325 —
2446 2287 2795 2342 Devoverunt
2821 2302 2879 2342 se
2911 2286 3182 2343 dicentes.
3216 2284 3430 2355 Graece,
3461 2300 3584 2340 ana-

1979 2373 2463 2431 thematizaverunt
2495 2392 2508 2428 :
2542 2374 2648 2430 hoc
2679 2374 2901 2430 verbum
2942 2381 3156 2445 quantae
3187 2374 3258 2428 sit
3283 2373 3579 2430 auctorita-

1978 2463 2048 2519 tis
2091 2470 2291 2518 norunt
2331 2462 2422 2534 qui
2454 2464 2790 2518 anathemate
2848 2462 3176 2519 sacerdotali
3233 2478 3268 2518 a
3322 2462 3579 2519 societate

1980 2551 2179 2608 Christi
2209 2558 2263 2607 et
2293 2550 2558 2607 Ecclesiae
2589 2550 2907 2606 alienantur.

2052 2641 2221 2696 VERS.
2246 2644 2334 2699 23.
2358 2643 2651 2696 —Parate
2680 2641 2895 2696 milites
2928 2639 3229 2709 ducentos,
3252 2648 3355 2696 etc.
3388 2638 3578 2711 (ΚΑΒ.)

1979 2728 2241 2785 Hoc'fieri
2264 2729 2437 2799 jubet,
2473 2745 2541 2785 ne
2571 2745 2697 2784 eum
2724 2729 2897 2784 Judaei
2926 2727 3219 2798 auferrent,
3250 2737 3303 2784 et
3331 2727 3449 2799 ipse
3480 2728 3576 2783 tri-

1979 2818 2157 2874 bunus
2204 2818 2448 2875 criminis
2495 2825 2850 2874 accusaretur
2899 2818 3043 2890 apud
3089 2817 3399 2889 praesidem,
3459 2825 3578 2889 tan-

1980 2923 2146 2981 quam
2198 2915 2522 2979 accepturus
2567 2906 2856 2979 pecuniam
2898 2922 2930 2961 a
2970 2905 3192 2976 Iudaeis,
3240 2914 3293 2961 et
3344 2905 3575 2979 pretium

1978 2997 2166 3054 mortis
2196 2995 2365 3052 Pauli.

2542 3111 2766 3168 CAPUT
2801 3108 3004 3166 XXIV.

2053 3254 2222 3309 Vaas.
2250 3255 2336 3309 14.
2359 3283 2428 3293 -
2450 3254 2611 3309 Patri
2631 3257 2687 3309 et
2715 3255 2822 3311 Deo
2850 3270 2993 3312 meo.
3025 3254 3210 3326 (ΗΑΒ.)
3240 3252 3404 3324 Cujus
3431 3251 3576 3308 ﬁlius

1982 3342 2349 3413 demonstror,
2401 3356 2511 3399 non
2546 3358 2758 3412 servus,
2803 3351 2861 3398 ut
2906 3342 2962 3397 in
3008 3342 3128 3399 aliis
3164 3342 3444 3400 codicibus
3472 3343 3574 3397 ha-

1981 3431 2156 3488 betur.

2052 3520 2223 3575 Vaas.
2253 3523 2342 3577 21.
2375 3550 2443 3559 —
2473 3520 2595 3576 Nisi
2622 3520 2688 3576 de
2718 3537 2837 3577 una
2867 3520 2989 3576 hac.
3022 3520 3152 3591 (Ιυ.)
3182 3520 3298 3576 Hoc
3335 3520 3573 3592 loquitur

1981 3624 2079 3680 per
2106 3607 2475 3680 antiphrasim,
2510 3609 2715 3665 sciebat
2743 3609 2889 3665 enim
2917 3610 3021 3664 hoc
3043 3609 3121 3664 eis
3138 3608 3354 3680 placere
3379 3626 3393 3663 :
3419 3609 3574 3680 quasi

1982 3696 2125 3754 dicat
2152 3697 2287 3752 nihil
2313 3696 2582 3767 commisi,
2615 3697 2718 3752 nisi
2748 3697 2875 3770 quia
2903 3697 3193 3769 praedicavi
3222 3696 3368 3769 quod
3397 3704 3450 3753 et
3468 3697 3574 3769 ipsi

1983 3786 2232 3843 credunt.

2054 3876 2222 3930 Vaas.
2256 3878 2346 3933 23.
2378 3905 2447 3915 -
2475 3877 2551 3931 De
2580 3878 2699 3932 suis
2728 3876 3080 3932 ministrare.
3122 3875 3251 3948 (1b.)
3284 3874 3575 3947 Discipulis

1984 3973 2038 4021 et
2083 3964 2293 4033 sociis;
2332 3963 2505 4035 aliter,
2543 3964 2704 4034 jussit
2749 3981 2860 4021 non
2904 3964 3195 4036 prohibere
3245 3980 3574 4037 quemquam

1984 4054 2293 4109 ministrare
2322 4053 2374 4109 ei
2400 4053 2469 4109 de
2498 4055 2610 4109 suis
2638 4054 2802 4110 rebus
2834 4054 2920 4111 vel
2948 4053 3307 4110 facultatibus.

2057 4145 2225 4199 Vens.
2249 4147 2337 4201 25.
2369 4174 2439 4183 -
2475 4145 2873 4215 Tremefactus,
2909 4153 3035 4209 etc.,
3070 4149 3125 4199 et
3156 4160 3409 4216 sperans.
3441 4142 3573 4214 (10.)

1987 4232 2078 4289 Sic
2099 4233 2270 4305 junge
2303 4250 2315 4286 :
2349 4232 2694 4288 tremefactus
2723 4240 2777 4288 et
2806 4248 3054 4304 sperans,
3085 4248 3185 4303 pro
3231 4232 3316 4286 his
3362 4231 3576 4287 duobus

1986 4321 2189 4376 dimisit
2219 4338 2342 4376 eum
2372 4321 2554 4377 liberae
2585 4322 2865 4390 custodiae,
2901 4338 3017 4393 prae
3046 4321 3239 4377 timore
3269 4316 3371 4377 Dei
3399 4328 3454 4376 et
3484 4336 3582 4392 spe

1985 4427 2248 4483 pecuniae.

285 4480 505 4572 ipsius;
536 4485 726 4550 postea
756 4475 814 4531 fit
844 4475 998 4531 testis
1027 4489 1213 4529 eorum
1242 4487 1362 4544 qua:
1407 4468 1680 4541 cognovit,
1730 4466 1881 4535 vidit,
1901 4485 1955 4545 D
1986 4466 2004 4483 ⁸
2038 4466 2226 4555 ᾔδη.
2284 4502 2374 4557 27.
2406 4529 2475 4540 _
2505 4500 2748 4572 Reliquit
2806 4501 3050 4555 pauzum
3106 4500 3381 4554 uinctum.
3443 4493 3579 4568 (10.)-

289 4568 515 4624 audivit.

357 4658 533 4713 Vnus.
559 4658 647 4711 17.
671 4686 741 4695 -
759 4655 911 4710 Fieri
935 4669 1025 4708 me
1046 4655 1110 4707 in
1141 4655 1367 4723 stupore
1387 4648 1619 4705 mentis.
1640 4645 1756 4701 Hoc
1775 4660 1882 4700 non

287 4755 463 4801 narrat
513 4746 584 4800 ad
631 4744 937 4808 elationem,
987 4741 1083 4796 sed
1130 4747 1349 4810 propter
1388 4735 1783 4800 necessitatem,
1828 4742 1886 4788 ut

288 4835 535 4892 videatur
564 4833 796 4888 idoneus
825 4829 1204 4904 evangelizare
1235 4827 1511 4901 gentibus.

356 4950 533 5006 Vens.
556 4951 645 5006 20.
670 4978 738 4987 -
762 4946 1205 5003 Consentiebam.
1230 4941 1547 4999 Conﬁtendo
1579 4939 1724 5012 quod
1754 4952 1888 4995 con-

289 5038 469 5105 sentit,
500 5044 650 5092 notat
678 5035 800 5107 quia
830 5050 939 5093 non
967 5033 1185 5100 occidit,
1237 5031 1343 5087 nisi
1385 5031 1601 5087 credens
1646 5026 1886 5099 accipia-

288 5135 372 5182 tur
397 5141 501 5199 pro
534 5124 808 5191 occidens,
835 5122 923 5179 vel
951 5121 1205 5179 occidere
1235 5136 1450 5177 curans.

356 5235 535 5291 Vnus.
554 5237 642 5291 28.
666 5262 736 5273 -
756 5234 865 5302 Ego
895 5232 1080 5286 multa
1100 5246 1343 5285 summa.
1375 5226 1494 5282 Alia
1523 5225 1687 5281 editio
1717 5221 1890 5278 mani-

290 5321 483 5378 festius
530 5321 766 5375 insinuat
806 5320 936 5391 quid
984 5318 1182 5373 dixerit
1229 5316 1493 5372 tribunus.
1537 5313 1683 5370 Dixit
1719 5312 1889 5366 tribu-

291 5428 392 5466 nus
428 5430 442 5466 :
477 5418 589 5466 tam
621 5409 776 5465 facile
803 5408 941 5463 dicis
970 5408 1143 5463 civem
1175 5406 1480 5462 Romanum
1508 5410 1559 5458 te
1588 5418 1712 5458 esse
1733 5402 1761 5456 ‘?
1787 5414 1891 5471 ego

290 5500 434 5555 enim
463 5507 668 5571 quanto
698 5496 875 5569 pretio
905 5496 1219 5552 civilitatem
1251 5493 1471 5567 possedi
1502 5492 1682 5547 istam.

363 5589 733 5645 Civilitatem.
758 5586 818 5640 Id
846 5592 930 5640 est
961 5584 1217 5641 socialem
1252 5583 1392 5637 inter
1422 5582 1568 5637 cives
1596 5594 1892 5636 conversa-

294 5677 521 5742 tionem,
553 5676 639 5732 vel
668 5674 982 5748 reipublicm
1027 5671 1563 5729 administrationem.
1598 5669 1720 5726 Non
1751 5668 1894 5725 enim

1982 4590 2171 4645 Utrum
2200 4587 2350 4644 Felix
2397 4589 2587 4644 vivens
2615 4603 2684 4641 an
2710 4587 2951 4642 moriens
2997 4587 3222 4642 Paulum
3272 4586 3572 4658 reliquerit,

1982 4677 2250 4734 incertum
2271 4686 2353 4732 est
2376 4695 2390 4743 ;
2415 4677 2511 4732 sed
2533 4685 2714 4731 tamen
2734 4676 2928 4733 melius
2947 4676 3176 4747 videtur,
3210 4674 3355 4748 quod
3386 4674 3575 4732 vivens

1981 4766 2185 4822 Iudaeis
2214 4766 2444 4841 gratiam
2473 4766 2801 4838 praestiterit.
3128 4764 3133 4771 ’

2570 4908 2795 4964 CAPUT
2832 4907 3009 4963 XXV.

2061 5036 2229 5091 Vens.
2266 5038 2315 5089 1.
2352 5064 2421 5074 -
2452 5035 2646 5089 Festus
2677 5049 2801 5105 ergo
2830 5049 2962 5088 cum
2993 5032 3237 5089 venisset
3267 5033 3331 5087 in
3358 5032 3582 5104 provin-

1987 5127 2155 5189 ciam,
2200 5131 2303 5179 etc.
2353 5122 2539 5194 (ΗΑΒ.)
2587 5122 2884 5177 Palaestina
2932 5120 3268 5192 provinciam
3315 5119 3580 5194 intellige,

1989 5214 2125 5270 sicut
2152 5211 2450 5268 Palaastinze
2478 5212 2741 5283 praesides
2770 5210 2861 5265 alii
2890 5225 3109 5281 semper
3138 5207 3259 5264 aliis
3291 5209 3589 5265 succeden-

1991 5310 2072 5359 tes
2101 5319 2131 5356 a
2161 5301 2423 5357 Romanis
2451 5301 2825 5356 mittebantur.
2968 5290 2974 5297 ’

2060 5392 2230 5448 VERS.
2266 5394 2352 5445 18.
2385 5421 2454 5430 -
2484 5392 2559 5446 De
2587 5391 2802 5463 quibus,
2837 5396 2941 5445 etc.
2975 5386 3107 5461 (10.)
3136 5387 3233 5442 His
3262 5386 3459 5451 causis,
3495 5384 3581 5440 vel

1992 5480 2175 5550 rebus,
2209 5479 2323 5536 sive
2354 5478 2532 5535 verbis
2557 5496 2570 5533 :
2603 5479 2671 5533 de
2701 5477 2900 5551 quibus
2929 5493 3033 5550 ego
3064 5468 3400 5545 suspicabar,
3424 5471 3478 5526 id
3501 5472 3585 5527 ést

1992 5570 2061 5625 ab
2091 5568 2495 5626 accusatoribus
2542 5567 2943 5639 exspectabam,
2995 5566 3082 5621 vel
3112 5563 3251 5617 mala
3281 5562 3348 5615 de
3395 5559 3590 5631 quibus

1995 5659 2314 5734 suspicabar
2344 5678 2358 5726 ;
2392 5658 2566 5729 aliter,
2610 5656 2678 5714 de
2727 5656 2942 5729 quibus,
2976 5653 3031 5709 id
3063 5661 3144 5708 est
3185 5648 3597 5707 accusatoribus
