3948 6178
327 338 431 393 467

330 459 649 532 suspicabar
697 459 900 514 malum
952 475 965 512 :

335 557 511 605 morte
541 546 879 604 deferebant.

402 636 574 693 Vens.
609 640 695 693 19.
719 667 788 678 -
809 637 922 694 Sua
951 633 1375 706 superstitione.
1399 629 1585 703 (ΗΑΒ.)
1607 628 1930 694 Amborum,

331 725 390 781 id
431 735 512 781 est
548 724 700 780 Pauli
739 733 791 780 et
828 724 1141 778 Iudaeorum
1181 721 1362 794 legem
1399 719 1624 776 vocabat
1663 717 1932 789 supersti-

337 815 560 871 tionem.

407 904 576 958 Vens.
600 905 689 959 23.
723 929 793 942 --
827 901 963 958 Cum
993 901 1180 955 multa
1209 899 1532 954 ambitione.
1575 898 1706 969 (Id.)
1748 896 1808 950 Id
1855 902 1935 950 est

336 992 506 1048 multa
549 990 708 1045 turba
747 989 1019 1044 ambiente
1051 1004 1164 1057 eos,
1207 988 1295 1042 vel
1337 1003 1458 1043 cum
1498 987 1668 1041 multo
1709 985 1932 1039 deside-

336 1081 420 1136 rio
451 1079 673 1134 Paulum
717 1078 994 1134 audiendi.
1029 1078 1133 1132 Pro
1163 1076 1456 1130 ambitione
1493 1076 1549 1130 in
1591 1075 1787 1130 Graeco
1830 1088 1934 1144 po-

336 1169 480 1223 nitur
551 1167 854 1239 phantasia,
923 1167 978 1220 id
1053 1173 1136 1220 est
1196 1165 1474 1235 multiplex
1513 1172 1826 1235 apparatus
1883 1170 1936 1216 et

334 1271 536 1329 pompa
580 1255 787 1328 regalis
817 1253 977 1310 oﬁicii
1012 1272 1026 1309 :
1059 1270 1163 1325 qua
1193 1253 1341 1308 illam
1384 1251 1652 1308 ambiente
1693 1251 1931 1322 undique

341 1345 656 1419 stipabatur.

909 1458 1134 1514 CAPUT
1172 1457 1371 1512 XXVI.

413 1615 584 1670 Vens.
619 1617 670 1667 8.
693 1641 763 1654 --
796 1611 936 1679 Quid
966 1612 1294 1668 incredibile
1319 1616 1341 1667 ἵ
1367 1610 1554 1682 (ΗΑΒ.)
1576 1609 1676 1665 Vel
1693 1609 1798 1665 sic:
1822 1610 1937 1664 Bex

344 1703 474 1775 quid
521 1701 704 1758 dicis?
750 1699 1068 1755 incredibile
1114 1700 1384 1769 judicatur
1439 1699 1582 1770 apud
1625 1700 1766 1754 vos?
1805 1707 1932 1767 etc.,

339 1789 756 1864 interrOgando,
829 1789 980 1860 quasi
1033 1789 1174 1844 dicat
1224 1806 1237 1842 :

342 1880 633 1938 Suscitavit
664 1879 886 1950 quidem
915 1886 1039 1933 ante
1065 1885 1310 1933 mortuos
1342 1877 1397 1932 in
1417 1877 1723 1947 exemplum
1745 1875 1928 1945 futuri,

343 1969 432 2027 vel
462 1967 703 2025 suscitat.

415 2059 584 2115 Vens.
611 2061 772 2112 10.—
788 2058 924 2113 Cum
941 2056 1334 2113 occiderentur
1345 2055 1931 2111 detulitsententiam.

339 2147 472 2218 (In.)
520 2147 637 2202 Alia
668 2146 832 2201 editio
865 2164 878 2198 :
913 2143 1347 2215 Uccidendisque
1377 2143 1566 2198 detulit
1595 2143 1933 2208 sententiam,

340 2236 395 2290 id
444 2243 523 2290 est
572 2234 804 2308 qualiter
850 2234 1232 2290 occiderentur
1270 2234 1386 2302 ipse
1427 2231 1746 2288 sententiam
1787 2231 1932 2286 dedi.

342 2325 533 2381 Detuli
563 2325 927 2379 sententiam.
973 2320 1218 2376 Iudicavi
1255 2321 1378 2376 illos
1419 2320 1751 2376 occidendos
1782 2338 1794 2373 :
1828 2335 1937 2374 non

343 2413 415 2468 ait
446 2412 642 2481 occidi,
694 2412 798 2466 nisi
846 2411 980 2466 forte
1010 2411 1076 2464 ad
1109 2410 1440 2466 occisionem
1479 2409 1745 2480 pertineat
1791 2408 1938 2480 quod

344 2501 619 2573 sequitur:
636 2501 887 2557 Puniens
900 2516 1008 2566 eos,
1026 2507 1152 2564 etc.,
1170 2499 1482 2571 etamplius
1495 2498 1811 2565 insaniens,
1829 2506 1933 2553 etc.

412 2591 583 2645 Vens.
620 2592 705 2643 14.
758 2619 826 2628 -
875 2590 1081 2645 Contra
1109 2590 1430 2643 stimulum.
1465 2587 1595 2656 (In.)
1645 2586 1937 2657 Hucusque

346 2679 464 2734 sine
493 2678 708 2733 stimulo
757 2676 1018 2743 restitisti,
1070 2677 1168 2732 sed
1217 2691 1360 2731 nunc
1409 2675 1454 2729 si
1498 2674 1704 2730 resistis
1752 2683 1939 2730 contra

348 2767 624 2822 stimulum
655 2765 980 2831 calcitrabis,
1031 2765 1176 2836 quod
1221 2765 1348 2818 satis
1377 2765 1574 2818 durum
1601 2770 1700 2818 est.
1735 2763 1937 2818 Stimu-

339 2857 428 2912 lus
459 2863 538 2912 est
569 2855 689 2928 ipsa
717 2854 1002 2910 correctio.

421 2946 664 3014 Insanis,
697 2945 891 3000 Paule.
917 2941 1101 3014 (Ben.)
1124 2941 1390 2996 Insaniam
1410 2948 1581 3013 putat,
1601 2941 1747 3012 quod
1774 2941 1938 2997 homo

346 3034 559 3090 vinctus
588 3034 708 3089 loco
736 3031 1066 3088 defendendi
1113 3039 1359 3101 accepto,
1409 3037 1534 3100 etc.,
1585 3046 1759 3103 usque
1789 3029 1860 3086 ad
1889 3038 1940 3085 et

347 3124 618 3194 PrOpheta
642 3139 655 3174 :
681 3123 800 3177 Non
819 3121 1073 3192 respexit
1091 3120 1154 3176 in
1174 3121 1456 3177 vanitates
1475 3124 1532 3176 et
1550 3120 1807 3178 insanias
1827 3120 1938 3190 fal-

353 3228 444 3268 sas
471 3210 674 3283 (Psal.)
704 3209 935 3281 χχχιχ).

417 3317 590 3374 Vens.
620 3317 710 3374 24.
743 3345 814 3357 -
844 3316 1033 3371 Multae
1058 3319 1127 3372 te.
1153 3314 1667 3386 (RAB.)Philosophi
1698 3315 1942 3388 gentium

345 3406 514 3461 multa
562 3405 798 3478 legendo
828 3413 1002 3460 sectas
1049 3404 1466 3460 commutabant.
1512 3405 1596 3460 Ad
1626 3406 1938 3473 insaniam,

348 3494 576 3552 subaudi
618 3493 1024 3559 mutabilitatis;
1069 3493 1155 3549 vel
1201 3493 1461 3547 insaniam
1509 3492 1640 3549 dicit
1690 3510 1942 3550 resurre-

345 3583 582 3642 ctionem
610 3591 960 3650 mortuorum,
997 3598 1156 3654 quam
1185 3581 1486 3637 annuntiat.

893 3763 1118 3820 CAPUT
1155 3764 1387 3819 XXVII.

415 3909 585 3964 Vens.
615 3910 741 3961 1.—
761 3908 824 3964 Ut
844 3911 1036 3962 autem
1049 3907 1376 3978 judicatum
1397 3911 1480 3962 est
1503 3923 1632 3963 eum
1651 3908 1938 3978 navigare,

344 4005 447 4053 etc.
483 3998 544 4051 In
575 3995 770 4051 Graeco
795 4013 806 4049 :
830 3996 899 4050 Ut
920 3995 1217 4062 judicatum
1237 4003 1319 4049 est
1340 4011 1440 4050 nos
1470 3995 1730 4067 navigare
1762 3995 1815 4048 in
1849 3997 1946 4048 Ita-

347 4085 496 4155 liam,
531 4083 867 4138 tradiderunt
912 4083 1135 4137 Paulum
1166 4091 1219 4138 et
1248 4083 1511 4155 quosdam
1559 4083 1693 4138 alios
1733 4083 1942 4139 vinctos

347 4173 671 4230 centurioni.

417 4263 588 4318 Vens.
612 4265 664 4318 2.
690 4261 1223 4316 —Adrumetinam.
1245 4260 1430 4331 (ΗΑΒ.)
1447 4258 1508 4314 Id
1529 4268 1609 4315 est
1629 4260 1696 4315 ad
1718 4261 1944 4316 Romam

345 4351 691 4425 navigantem
723 4351 1021 4406 secundum
1053 4349 1334 4420 quosdam,
1378 4349 1475 4405 sed
1503 4350 1698 4404 melius
1728 4349 1942 4404 deriva-

348 4451 435 4497 tur
455 4441 523 4496 de
542 4439 760 4496 nomine
780 4437 1011 4494 civitatis
1035 4437 1229 4494 Africae
1247 4455 1369 4509 quae
1387 4438 1696 4494 Adrumetis
1717 4437 1941 4494 dicitur.

417 4539 588 4595 Vens.
622 4543 674 4594 5.
697 4567 767 4580 --
795 4541 1056 4594 Venimus
1088 4540 1362 4610 Lystram.
1395 4537 1577 4608 (Ben.)
1608 4538 1713 4592 Pro
1729 4538 1938 4608 Lystra,
1959 4528 2014 4588 D

346 4629 403 4683 in
433 4627 628 4683 Graeco
674 4626 908 4698 Smyrna
955 4625 1218 4698 scriptum
1266 4635 1366 4681 est.
1417 4626 1780 4696 Hieronymus
1816 4641 1944 4681 vero

346 4717 618 4789 Myrrham
645 4715 815 4786 ponit.

419 4823 590 4878 Vens.
623 4825 675 4876 9.
729 4849 798 4860 —
845 4821 1153 4890 Jejunium.
1202 4820 1388 4892 (ΚΑΒ.)
1434 4820 1629 4877 Fames
1657 4836 1857 4892 magna
1889 4821 1943 4876 in

348 4911 566 4984 navigio
620 4907 949 4964 inﬁrmiores
1008 4909 1244 4964 reddens
1318 4917 1527 4964 nautas.
1608 4909 1711 4965 Alii
1759 4910 1944 4966 dicunt

346 5008 473 5054 tunc
528 4998 695 5054 fuisse
754 4997 1233 5070 quadragesimam
1291 5006 1412 5053 ante
1470 4997 1645 5053 natale
1704 4999 1939 5069 Domini,

351 5086 496 5160 quod
525 5101 634 5142 non
663 5093 746 5142 est
773 5085 1074 5156 probabile.
1125 5085 1316 5141 Melius
1355 5087 1617 5156 jejunium
1649 5088 1943 5158 septimum

347 5175 645 5248 putandum
693 5181 792 5240 est,
845 5173 897 5227 in
937 5190 1044 5245 quo
1093 5172 1306 5229 occisus
1357 5183 1468 5230 erat
1513 5175 1791 5231 Godolias.
1844 5176 1944 5232 Vel

347 5265 466 5320 dies
488 5263 677 5333 jejunii
707 5261 902 5317 decimi
944 5263 996 5316 in
1039 5263 1352 5331 Juanuario,
1395 5265 1613 5334 quando
1659 5280 1943 5338 cognove-

346 5360 474 5408 runt
527 5352 583 5407 in
635 5350 908 5422 Babylone
967 5351 1162 5422 captivi
1219 5351 1475 5424 templum
1535 5368 1657 5409 esse
1723 5353 1943 5408 destru-

347 5451 490 5498 οιιιπι
501 5485 512 5496 .

418 5531 591 5585 Vens.
625 5531 711 5586 η.
745 5559 813 5568 -
843 5531 1097 5599 Portum,
1130 5537 1232 5586 etc.
1265 5530 1396 5601 (11).)
1428 5529 1622 5585 Portus
1651 5531 1826 5588 Cretae
1861 5496 1961 5586 di-t

347 5620 486 5674 citur
514 5618 606 5689 qui
637 5626 719 5674 est
747 5619 802 5673 in
833 5619 1088 5676 thnice
1136 5634 1166 5674 e
1214 5618 1439 5690 regione
1471 5619 1645 5675 Creta:
1679 5638 1692 5674 :
1725 5630 1943 5690 portum

349 5713 523 5762 autem
553 5707 727 5764 Creta
755 5708 1032 5780 petebant,
1068 5707 1191 5779 quia
1222 5707 1432 5764 Cretam
1464 5707 1809 5779 navigabant.

784 331 1186 390 WALAFRIDI
1225 329 1467 386 STRABI
1509 327 1705 384 FULD.
1749 321 1918 379 MON.
1963 319 2114 376 OPP.
2159 320 2332 377 PARS
2371 320 2414 375 I.
2454 349 2522 360 -
2560 315 2984 374 THELOGICA.

3525 316 3621 367 468

1023 456 1148 528 quia
1191 454 1396 510 nullam
1439 468 1659 510 causam
1708 446 2008 523 dignamA
2107 446 2188 502 Ad
2217 446 2496 517 Africum,
2548 452 2652 498 etc.
2686 442 2904 497 Africus
2935 447 3037 495 stat
3083 438 3227 494 inter
3273 436 3625 528 meridianam

2034 535 2252 608 plagam
2283 542 2335 589 et
2364 532 2778 598 occidentalem,
2810 531 2987 602 magis
3018 543 3252 602 vergens
3281 526 3353 581 ad
3379 526 3628 581 occiden-

2035 625 2196 679 talem
2221 643 2235 690 ;
2269 624 2439 678 Corus
2471 623 2607 676 inter
2628 618 3105 691 septentrionalem
3135 625 3188 672 et
3219 615 3626 683 occidentalem,

2034 712 2159 784 plus
2189 711 2434 767 deﬂexus
2463 711 2531 765 ad
2559 709 2902 766 occidentem
2926 727 2941 775 ;
2974 715 3027 763 et
3054 705 3336 778 provincia
3356 703 3629 759 Phcenicis

2036 801 2254 856 Cretam
2284 801 2512 856 habebat
2541 799 2608 854 ad
2632 798 2989 854 occidentem.

2108 919 2276 973 Vens.
2321 921 2405 972 13.
2447 948 2516 957 —
2564 919 2756 972 Asson.
2799 914 2986 985 (ΗΑΒ.)
3031 913 3245 967 Nomen
3293 918 3375 966 est
3413 909 3520 966 loci
3553 909 3629 965 sic

2036 1007 2228 1074 vocati,
2282 1006 2406 1077 quia
2436 1005 2560 1060 inde
2592 1004 2942 1061 solvebantur
2987 1017 3152 1056 naves
3195 1001 3252 1054 in
3297 1015 3451 1054 mare
3498 1013 3627 1071 pro-

2037 1096 2367 1167 gredientes.

2110 1185 2278 1239 Vens.
2315 1184 2401 1238 14.
2425 1214 2493 1225 -
2529 1183 2894 1255 Typhonicus.
2937 1180 3053 1234 Alia
3075 1177 3356 1234 translatio
3391 1196 3404 1231 :
3440 1184 3631 1231 ventus

2035 1280 2455 1344 tempestuosus.

2111 1361 2464 1434 Euroaquilo.
2507 1360 2694 1432 (ΒΑΗ.)
2744 1359 2800 1413 Id
2849 1365 2931 1412 est
2976 1358 3199 1424 Boreas,
3251 1363 3446 1411 ventus
3494 1355 3632 1409 inter

2037 1450 2344 1522 aquilonem
2377 1457 2429 1505 et
2458 1449 2759 1515 orientem;
2817 1447 2906 1503 hic
2933 1454 3127 1502 ventus
3174 1454 3285 1500 erat
3324 1443 3631 1502 contrarius

2037 1540 2159 1594 navi
2190 1540 2525 1612 navigatura:
2551 1537 2606 1592 in
2637 1537 2949 1593 thnicen.

2109 1628 2279 1682 Vens.
2317 1630 2402 1682 1'7.
2428 1659 2496 1668 —
2516 1628 2744 1698 Syrtim.
2780 1627 2912 1696 (10.)
2935 1625 3200 1697 Angustia
3220 1623 3333 1679 sive
3355 1621 3632 1677 tribulatio

2037 1716 2230 1772 dicitur
2258 1717 2453 1788 Syrtis.

1288 1790 1411 1843 Νοη
1459 1797 1538 1843 (δεῖ
1594 1786 2008 1876 incredibilc-B
2113 1786 2497 1862 Vens.21.—
2530 1805 2827 1876 Oportebat
2854 1803 3096 1876 quidem,
3146 1812 3248 1858 etc.
3282 1800 3413 1872 (Id.)
3465 1798 3634 1868 Quasi

2037 1894 2177 1949 dicat
2221 1912 2232 1947 :
2277 1895 2448 1948 Deum
2497 1909 2602 1949 non
2645 1892 2873 1948 audistis
2915 1894 3062 1963 quod
3109 1907 3271 1962 supra
3317 1889 3636 1944 hortabatur

2039 1998 2135 2037 eos
2165 1982 2397 2048 Paulus;
2443 1983 2530 2038 vel
2577 1982 2862 2054 oportebat
2889 1997 2978 2037 me
3008 1981 3206 2048 audito,
3258 1979 3310 2035 id
3341 1989 3424 2034 est
3452 1987 3507 2033 ut
3533 1995 3633 2032 au-

2037 2071 2228 2126 diretis
2263 2087 2369 2126 me.

2110 2188 2280 2241 Vens.
2313 2189 2403 2242 26.
2429 2217 2497 2225 -
2520 2187 2582 2240 1η
2607 2187 2856 2241 insulam
2881 2190 3073 2241 autem
3093 2185 3395 2258 quamdam
3415 2188 3634 2257 oportet

2039 2292 2138 2332 nos
2171 2277 2450 2331 devenire.
2487 2275 2616 2346 (ld.)
2649 2273 2818 2342 Quasi
2848 2274 2989 2330 dicat
3022 2292 3034 2328 :
3067 2275 3171 2328 Pro
3202 2274 3359 2345 signo
3390 2283 3474 2328 est
3503 2288 3635 2343 pro-

2037 2363 2216 2434 phetia
2257 2363 2500 2419 veritatis
2541 2364 2608 2418 de
2648 2363 2840 2431 insula,
2883 2373 2953 2428 ut,
3005 2379 3126 2419 cum
3166 2363 3235 2417 ad
3275 2363 3421 2417 illam
3459 2378 3633 2417 vene-

2038 2453 2162 2521 rint,
2197 2452 2266 2508 de
2297 2453 2468 2508 salute
2501 2471 2596 2507 sua
2629 2453 2760 2508 certi
2791 2452 2916 2509 sint.

2113 2567 2280 2621 Vens.
2313 2569 2400 2623 27.
2435 2597 2503 2606 -
2534 2568 2597 2622 In
2628 2567 2817 2623 Adria.
2869 2566 3039 2638 Regio
3079 2575 3160 2621 est
3190 2566 3258 2622 ad
3286 2580 3448 2636 quam
3479 2566 3635 2620 navi-

2039 2656 2275 2726 gabant;
2319 2655 2424 2722 vel,
2478 2671 2677 2712 nomen
2723 2655 3002 2724 cujusdam
3051 2655 3174 2711 freti
3236 2656 3292 2709 in
3348 2656 3634 2727 Tyrrheno

2039 2744 2194 2809 mari,
2237 2762 2335 2799 seu
2373 2744 2552 2815 potius
2591 2745 2804 2800 videtur
2819 2760 3016 2800 nomen
3043 2744 3191 2799 illius
3221 2753 3382 2799 terrae
3419 2744 3488 2798 de
3529 2759 3635 2815 qua

2039 2833 2346 2889 Adriatieus
2400 2834 2549 2888 sinus
2603 2842 2844 2889 vocatur.
2905 2834 3088 2902 Aliter,
3141 2833 3309 2888 Adria
3355 2833 3638 2904 pluraliter

2040 2921 2304 2992 accipitur
2332 2938 2432 2993 pro
2463 2922 2720 2994 scOpulis,
2767 2931 2820 2977 et
2861 2922 2983 2978 ideo
3013 2923 3275 2992 putabant
3320 2931 3500 2977 nauta:
3542 2939 3636 2977 re-

2041 3011 2259 3082 gionem
2309 3025 2592 3082 apparere.
2640 3012 2699 3065 In
2745 3011 2881 3066 libro
2925 3011 3278 3067 Hebraeorum
3328 3011 3632 3080 nominum,

2042 3099 2229 3168 Adria,
2265 3100 2548 3156 continens
2577 3100 2736 3168 mala,
2771 3101 2857 3155 vel
2886 3100 3040 3155 locus
3067 3101 3337 3155 malorum
3366 3101 3583 3156 dicitur.

2115 3217 2284 3270 Vens.
2320 3217 2406 3270 34.
2440 3246 2510 3257 -
2539 3217 2771 3272 Sumere
2801 3216 3005 3272 cibum.
3039 3216 3222 3287 (Ben.)
3243 3217 3418 3270 Nemo
3452 3216 3637 3272 saeculi

2044 3312 2392 3376 tempestates
2431 3304 2628 3371 evadit,
2682 3305 2786 3358 nisi
2829 3305 2921 3375 qui
2949 3320 3090 3375 pane
3129 3305 3250 3360 vita:
3281 3305 3538 3376 pascitur,
3590 3313 3643 3361 et

2044 3393 2134 3465 qui
2183 3393 2238 3446 in
2283 3401 2444 3448 nocte
2489 3393 2912 3463 tribulationum,
2962 3393 3262 3464 sapientia),
3316 3393 3636 3463 fortitudini,

2044 3483 2416 3553 temperantiae
2470 3491 2523 3536 et
2571 3483 2790 3550 justitize
2852 3482 3116 3551 innititur,
3175 3482 3372 3536 auxilio
3424 3483 3639 3537 Domini

2044 3579 2364 3628 coruscante
2407 3579 2624 3642 portum
2673 3571 2858 3626 salutis
2903 3571 3271 3642 consequitur,
3328 3571 3398 3624 ita
3447 3580 3502 3624 ut
3535 3588 3638 3626 ω

2044 3660 2167 3716 culo
2213 3659 2515 3730 expeditus,
2567 3659 2842 3715 ﬂammam
2889 3660 3194 3716 dilectionis
3239 3676 3347 3731 qua
3387 3659 3641 3716 caleﬁunt

2044 3749 2318 3818 interiora,
2350 3757 2572 3821 qumrat.

2117 3869 2285 3923 Vens.
2307 3869 2393 3921 37.
2419 3899 2487 3908 —
2509 3868 2748 3922 Eramus
2766 3868 3043 3922 universa:
3062 3868 3290 3922 animae.
3312 3868 3503 3938 (ΗΑΒ.)
3519 3867 3640 3923 Non

2045 3957 2117 4011 ait
2156 3956 2278 4024 viri,
2330 3956 2458 4027 quia
2484 3955 2712 4010 fortasse
2744 3963 2897 4010 erant
2927 3965 2979 4010 et
3006 3956 3303 4022 mulieres;
3353 3957 3461 4025 vel,
3511 3974 3640 4028 pro-

2044 4053 2162 4116 pter
2190 4043 2565 4101 confusionem
2609 4043 3055 4113 Christianorum,
3097 4045 3327 4099 militum
3367 4053 3417 4100 et
3458 4055 3641 4100 nauta-

2044 4151 2164 4189 rum
2194 4134 2264 4187 ita
2291 4133 2504 4189 dicitur.

2116 4246 2286 4300 Vens.
2312 4247 2482 4300 41.—
2505 4245 2909 4300 Bithalassum.
2935 4245 2953 4315 (
2958 4244 3118 4313 Ben.)
3143 4244 3322 4300 Graeci
3342 4243 3641 4299 Thalassan

2045 4343 2240 4391 vocant
2286 4350 2456 4400 mare,
2507 4341 2634 4399 etc.,
2683 4351 2854 4406 usque
2885 4335 2957 4390 ad
2989 4342 3038 4389 et
3069 4349 3218 4390 mare
3251 4350 3284 4388 a
3313 4333 3521 4390 Graecis
3555 4335 3641 4387 di-

2045 4423 2185 4479 citur
2214 4423 2530 4478 Thelasson.

2578 4565 2802 4620 CAPUT
2855 4563 3106 4620 XXVIII.

2117 4705 2287 4760 Vens.
2320 4707 2373 4762 2.
2399 4735 2467 4746 --
2499 4708 2663 4776 Pyra.
2716 4705 2903 4776 (ΗΑΒ.)
2955 4703 3189 4773 Quidam
3233 4704 3421 4761 dicunt
3454 4721 3639 4777 pyram

2044 4810 2244 4849 nomen
2273 4793 2408 4866 ligni
2438 4809 2580 4850 esse.

2117 4883 2287 4938 Vens.
2313 4888 2363 4937 8.
2404 4913 2473 4923 —
2499 4883 2833 4955 Dyscnteria
2871 4881 2956 4937 vel
2987 4882 3170 4955 dysin.
3197 4883 3503 4954 (Ben.)Est
3523 4898 3641 4954 pas-

2045 4971 2126 5025 sio
2173 4971 2568 5026 intestinorum.
2617 4971 2864 5028 Salvavit
2912 4987 3060 5027 eum.
3112 4971 3220 5026 Cur
3263 4971 3539 5026 infidelem
3569 4971 3643 5024 in-

2044 5058 2256 5114 ﬁrmum
2287 5073 2451 5130 prece
2485 5059 2674 5130 salvat,
2709 5059 2798 5131 qui
2829 5060 3228 5130 Thimotheum,
3259 5061 3640 5131 Trephimum-

2045 5163 2149 5219 que
2180 5148 2420 5203 inﬁrmos
2467 5148 2657 5203 ﬁdeles
2689 5149 2767 5205 sic
2808 5157 3017 5214 tractat,
3059 5157 3113 5202 ut
3142 5165 3308 5203 unum
3339 5159 3514 5219 curet,
3564 5149 3638 5203 al-

2045 5244 2222 5292 terum
2253 5238 2570 5309 relinquat?
2618 5238 2722 5292 nisi
2753 5239 2876 5310 quia
2906 5237 2994 5292 ille
3027 5254 3127 5309 per
3153 5237 3477 5295 miraculum
3509 5237 3641 5294 foris

2046 5326 2318 5381 sanandus
2360 5333 2493 5396 erat,
2539 5327 2628 5397 qui
2672 5327 2896 5382 interius
2935 5343 3045 5382 non
3085 5326 3304 5382 vivebat
3353 5346 3364 5381 :
3412 5329 3517 5383 hoc
3555 5343 3642 5381 au-

2046 5423 2152 5470 tem
2184 5430 2290 5470 non
2323 5415 2659 5488 indigebant,
2695 5415 2784 5488 qui
2817 5415 2959 5471 intus
2991 5415 3281 5472 salubriter
3311 5417 3581 5471 vivebant.

2117 5531 2282 5586 Vens.
2321 5536 2412 5586 13.
2451 5564 2519 5574 —
2551 5534 2828 5590 Puteolos.
2855 5532 3064 5587 Puteoli
3085 5533 3240 5588 locus
3273 5541 3353 5587 est
3384 5532 3519 5587 ultra
3544 5534 3646 5588 Ro-

2044 5635 2184 5673 mam
2228 5619 2319 5674 ubi
2372 5621 2628 5692 Virgilius
2677 5621 2803 5676 fecit
2851 5619 3047 5676 balnea
3120 5621 3478 5687 medicinalia,
3534 5622 3646 5676 sin-

2045 5707 2169 5779 gula
2225 5709 2461 5781 prOpriis
2519 5711 2775 5782 inscripta
2837 5709 3007 5766 titulis
3062 5713 3142 5779 (ut
3189 5709 3410 5780 dicitur)
3461 5720 3646 5766 contra
