3964 6180
226 253 320 306 469

1051 246 1323 306 GLOSSA
1360 246 1771 306 0RDINARIA.
1811 280 1881 292 —
1908 249 2124 308 EPIST.
2158 252 2252 308 AD
2281 251 2452 309 ROM.

3414 256 3520 311 470

230 392 399 451 quam,
434 373 647 432 scilicet
683 373 927 430 valerent
963 373 1362 448 aegritudinem.
1396 375 1551 431 Unde
1596 374 1829 430 Salerni-
1847 379 1905 441 A
2004 378 2174 433 Vens.
2198 380 2266 433 30
2295 409 2363 419 —
2398 377 2704 435 Conductu.
2738 378 2798 434 Id
2846 386 2928 435 est
2964 379 3020 434 in
3064 378 3234 435 libera
3280 378 3529 438 custodia

232 473 334 529 tani
387 472 602 529 invidia
637 473 805 540 ducti,
864 472 1312 544 supervenientes
1367 473 1423 527 in
1464 489 1627 528 manu
1675 471 1821 529 forti:

229 563 400 620 titulos
430 563 837 632 destruxerunt,
864 572 915 617 et
944 561 1173 618 aedificia
1201 562 1608 617 mutilaverunt.

293 654 459 708 Vens.
499 655 588 708 15.
622 652 1014 708 —Audissent
1045 656 1277 725 fratres.
1314 650 1501 723 (ΗΑΒ.)
1532 650 1825 705 Christiani

230 743 406 798 Romae
452 740 766 809 habitantes
823 741 1011 797 unde?
1051 749 1197 813 patet
1240 740 1464 797 Paulum
1495 756 1607 795 non
1647 739 1825 811 primo

229 830 559 904 praedicasse
589 830 868 889 Romanis.

1924 484 2022 540 per
2062 484 2222 540 quam
2269 468 2689 538 conducebatur,
2735 467 2823 523 vel
2869 467 2924 523 in
2966 484 3062 523 sua
3107 467 3370 524 concione
3417 484 3525 541 qua

1926 565 2117 614 contra
2143 557 2360 613 Iudaeos
2391 556 2717 628 disputabat.

1998 647 2166 702 Vsus.
2200 648 2287 701 31.
2322 676 2391 686 —-
2418 645 2551 702 Sine
2577 647 2968 719 prohibitione.
3000 645 3188 718 (ΗΑΒ.)
3217 646 3347 701 Post
3385 661 3515 718 pas-

1927 736 2136 791 sionem
2157 734 2376 790 Domini
2400 735 2667 808 vigesimo
2707 736 2896 808 quinto
2913 750 3076 802 anno,
3100 743 3228 802 etc.,
3261 751 3433 809 usque
3452 736 3525 792 ad

1925 825 2119 879 Petrus
2148 832 2200 879 et
2229 823 2428 879 Paulus
2458 823 2719 896 martyrio
2748 822 2992 880 coronati
3021 832 3163 879 sunt.

1051 1116 1511 1191 EPISTOLA
1557 1116 1647 1188 B.
1714 1112 2014 1223 _PAULI
2048 1112 2173 1184 AD
2234 1109 2707 1184 ROMANOS.

772 1428 1281 1486 ARGUMENTUM.

293 1574 521 1630 Romani
575 1583 703 1629 sunt
754 1573 926 1644 partis
969 1571 1154 1626 Italiae.
1206 1570 1274 1625 Hi
1312 1568 1575 1641 praeventi
1620 1575 1744 1623 sunt
1793 1583 1827 1622 a

235 1664 371 1720 falsis
410 1662 703 1734 apostolis,
738 1670 792 1717 et
833 1661 934 1716 sub
964 1660 1184 1715 nomine
1226 1658 1443 1714 Domini
1482 1658 1653 1713 nostri
1692 1658 1822 1711 Jesu

1926 1458 2070 1514 mihi
2100 1456 2417 1512 Barnabam
2447 1459 2502 1511 et
2530 1455 2778 1512 Paulum
2802 1454 2866 1510 in
2886 1470 3022 1535 opus
3042 1454 3114 1510 ad
3141 1453 3283 1528 quod
3300 1469 3526 1511 assum-

1922 1548 2010 1621 psi
2039 1563 2129 1602 eos
2159 1546 2305 1617 (Act.
2342 1543 2487 1613 xui).

1995 1635 2387 1707 Evangelimn.
2424 1632 2656 1704 (Hum)
2685 1634 2831 1688 Bona
2878 1631 3213 1687 annuntiatio
3262 1639 3364 1715 est,
3418 1640 3522 1687 etc.

235 1753 418 1809 Christi
445 1722 523 1806 ⁸ἱῐ]
574 1722 756 1824 legem
800 1758 853 1805 et
905 1751 1202 1821 prophetas
1249 1755 1405 1802 erant
1452 1736 1677 1803 inducti.
1712 1746 1823 1801 Hos
1843 1725 2043 1824 8,00}:
2076 1723 2294 1824 Non‘ab
2326 1722 2545 1824 Ῐκξῖηξηθ
2574 1722 2868 1824 inventum

237 1849 442 1898 revocat
491 1840 791 1913 Apostolus
846 1839 917 1893 ad
971 1854 1160 1894 veram
1210 1836 1589 1909 evangelicam
1634 1834 1818 1904 ﬁdem,

236 1931 468 1988 scribens
489 1930 575 1986 eis
608 1945 640 1984 a
670 1928 949 1983 Corintho.

748 2087 969 2143 CAPUT
1017 2085 1307 2142 PRIMUM.

296 2245 461 2299 Vens.
498 2247 552 2297 1.
595 2271 665 2281 --
694 2241 927 2296 Paulus.
969 2238 1156 2309 (81:11.)
1180 2239 1356 2309 Super
1376 2236 1825 2309 Actusapostoli-

240 2357 322 2397 cos
348 2340 581 2395 Paulum
611 2354 755 2393 anno
777 2338 1018 2393 secundo
1035 2335 1308 2407 passionis
1339 2343 1391 2390 et
1406 2334 1825 2389 resurrectionis

241 2430 424 2485 Christi
453 2430 525 2483 ad
569 2428 734 2484 fidem
768 2426 983 2483 venisse
1012 2425 1162 2495 dicit,
1197 2433 1327 2495 etc.,
1359 2440 1530 2496 usque
1567 2423 1639 2478 ad
1671 2423 1828 2492 juxta

241 2519 537 2574 condictum
570 2516 947 2588 apostolorum
976 2516 1047 2571 ad
1076 2512 1447 2586 magisterium
1479 2512 1722 2583 gentium
1744 2519 1828 2566 est

240 2607 519 2679 profectus.

304 2699 460 2768 (Auc.
494 2696 597 2750 lib.
631 2695 699 2750 de
725 2694 943 2767 Spiritu
973 2696 1027 2749 et
1063 2694 1201 2761 titt.,
1236 2706 1285 2748 c.
1318 2692 1395 2762 '7).
1425 2690 1548 2745 Non
1578 2689 1649 2745 ob
1679 2689 1828 2745 aliud

243 2786 335 2842 hoc
360 2801 563 2840 nomen
592 2783 777 2857 elegit,
812 2791 941 2851 etc.,
975 2798 1149 2854 usque
1179 2781 1250 2837 ad
1271 2780 1471 2837 Saulus
1499 2779 1827 2853 inquietudo

246 2884 291 2929 et
318 2877 552 2930 tentatio
587 2874 992 2943 interpretatur.

305 2965 488 3035 (Am)
518 2965 699 3019 Porro
728 2978 795 3016 ex
822 2976 976 3016 more
1007 2967 1321 3015 sanctorum
1350 2957 1725 3029 apostolorum
1762 2956 1828 3011 il-

1996 1815 2166 1869 γωδ.
2199 1816 2253 1870 2.
2286 1842 2355 1851 —
2383 1819 2408 1845 ⁸
2441 1811 2592 1879 Quod
2622 1814 2757 1865 ante
2785 1809 3221 1880 completionem,
3271 1824 3382 1864 non
3427 1824 3525 1864 ve-

1923 1904 2002 1959 nit
2029 1911 2086 1957 ut
2116 1901 2379 1968 subitum,
2399 1901 2499 1955 sed
2529 1900 2691 1971 longe
2721 1908 2844 1955 ante
2874 1898 3221 1970 promissum.
3274 1897 3427 1954 Unde
3472 1897 3530 1951 in

1926 1993 2030 2048 hoc
2060 1991 2286 2047 verbum
2316 2006 2507 2045 verum
2537 1996 2621 2044 est
2645 2007 2657 2043 ε
2685 1989 2825 2056 Quia
2852 1989 3002 2045 alius
3024 1991 3107 2043 est
3138 1988 3233 2060 qui
3262 1987 3525 2052 seminat,

1924 2086 1981 2138 et
2019 2082 2169 2136 alius
2196 2079 2294 2151 qui
2322 2081 2509 2134 metit.

1996 2169 2167 2223 Vens.
2201 2170 2253 2223 3.
2278 2197 2347 2206 —-
2369 2167 2474 2234 Qui
2503 2169 2692 2239 factus
2714 2169 2799 2222 est
2819 2166 2890 2222 ei.
2916 2163 3021 2235 Qui
3040 2163 3214 2222 factus
3229 2165 3531 2220 secundum

1925 2273 2162 2326 carnem,
2196 2271 2363 2327 Opere
2382 2255 2557 2310 sancti
2580 2253 2812 2325 Spiritus
2833 2254 2901 2310 de
2916 2253 3145 2327 virgine,
3166 2253 3220 2309 id
3243 2260 3324 2309 est
3344 2261 3521 2308 natus.

1925 2345 2193 2416 Impietati
2222 2343 2600 2399 hmreticorum
2636 2342 2955 2409 occurritur,
3003 2342 3095 2413 qui
3124 2343 3320 2396 obtuso
3363 2340 3531 2396 corde

1926 2434 2223 2506 capitulum
2254 2434 2359 2487 hoc
2388 2431 2772 2503 intelligentes,
2806 2431 3078 2484 Christum
3109 2437 3316 2484 tantum
3343 2428 3525 2483 homi-

1926 2540 2052 2579 nem
2080 2521 2368 2592 accipiunt.
2400 2520 2668 2575 Addendo
2699 2535 2851 2592 ergo,
2904 2518 3215 2574 secundum
3273 2534 3524 2586 carnem,

1927 2611 2193 2668 divinitati
2221 2626 2373 2664 suam
2400 2607 2719 2681 dignitatem
2749 2607 3070 2677 reservavit,
3127 2607 3183 2661 in
3213 2622 3321 2679 qua
3369 2606 3531 2663 Chri-

1928 2710 2043 2756 stus
2074 2699 2175 2755 Dei
2202 2699 2424 2754 verbum
2456 2706 2557 2768 est,
2589 2713 2690 2769 per
2718 2713 2880 2768 quem
2910 2695 3051 2753 facta
3078 2703 3203 2751 sunt
3257 2694 3456 2751 omnia.

1998 2789 2190 2861 (Λυσι.)
2221 2787 2326 2857 Qui
2357 2795 2502 2854 erat,
2533 2795 2661 2856 etc.,
2686 2802 2859 2859 usque
2889 2786 2961 2841 ad
2988 2792 3046 2840 ut
3066 2784 3374 2843 carnalibus
3405 2799 3531 2841 con-

1928 2886 2191 2953 gruenter
2217 2883 2525 2949 appareret,
2559 2874 2824 2930 indutum.

2000 2970 2102 3040 (In.
2126 2969 2329 3040 Expos.
2362 2968 2425 3021 in
2460 2965 2605 3021 hanc
2634 2964 2823 3036 epist.)
2840 2963 3083 3019 Christus
3111 2979 3246 3036 ergo
3274 2977 3383 3018 una
3411 2977 3539 3034 per-

247 3053 327 3109 lud
371 3053 568 3109 fecisse
616 3051 955 3123 perhibetur,
1003 3048 1097 3120 qui
1140 3047 1429 3103 virtutibus
1483 3045 1827 3117 proficientes
1857 3073 2059 3153 Csona
2112 3063 2196 3111 est
2253 3054 2488 3128 gemina;
2548 3053 2860 3109 substantia;
2893 3071 2906 3107 ;
2938 3069 3041 3109 nec
3093 3059 3277 3107 tamen
3305 3053 3453 3107 Deus
3482 3058 3537 3106 et

248 3151 431 3198 [Παιδῐο
459 3141 685 3197 nomine
714 3148 839 3195 sunt
867 3138 1063 3206 νοεαῐίν
1098 3144 1156 3192 υἱ
1175 3145 1228 3192 ει
1255 3137 1377 3208 ipso
1405 3135 1623 3191 nomine
1643 3142 1829 3190 essent
1859 3135 1907 3153 ν’
1928 3148 2092 3202 homo
2112 3162 2241 3217 pars
2270 3145 2428 3213 hujus
2448 3159 2702 3215 persona:
2722 3141 2830 3198 dici
2858 3149 3070 3213 potest:
3104 3141 3345 3212 alioquin
3364 3140 3532 3196 Filius

250 3232 378 3296 novi,
407 3240 463 3287 ut
491 3240 546 3286 et
578 3230 795 3301 Cephas
823 3236 877 3284 et
904 3226 997 3281 filii
1026 3227 1268 3282 tonitrui.

1957 3236 2048 3302 )ei,
2065 3243 2355 3306 antequam
2375 3232 2608 3289 formam
2625 3232 2767 3288 servi
2787 3232 3223 3302 susciperet,non
3238 3237 3356 3286 erat
3370 3237 3535 3300 totus,

309 3322 484 3391 (Hum.
522 3321 675 3377 Com.
718 3322 782 3375 in
818 3321 919 3391 Ep.
962 3319 1033 3374 ad
1070 3318 1338 3386 Philem)
1368 3314 1563 3370 Paulus
1591 3329 1623 3369 ﬁ
1653 3312 1830 3385 Primo
1930 3332 1983 3381 et
2012 3324 2184 3381 crevit
2212 3339 2336 3380 cum
2367 3323 2529 3377 homo
2560 3320 2825 3377 divinitati
2853 3320 2970 3390 ejus
2999 3319 3248 3376 accessit.

254 3410 408 3480 spolio
435 3410 586 3482 quod
604 3408 870 3465 Ecclesia:
899 3407 1148 3473 contulit,
1174 3404 1382 3461 scilicet
1401 3419 1434 3458 a
1452 3402 1647 3476 Sergio
1663 3402 1831 3458 Paulo
2006 3415 2176 3469 VEns_
2211 3415 2263 3467 4,
2296 3442 2365 3453 ..-
2399 3411 2499 3478 Qui
2525 3405 2963 3483 praedestinatus
2985 3413 3087 3465 est.
3123 3408 3311 3480 (Αυρη
3349 3411 3532 3465 Τναοι,

251 3499 560 3569 proconsule
608 3514 771 3569 quem
809 3497 955 3568 apud
1001 3497 1239 3567 Cyprum
1278 3492 1564 3563 convertit,
1596 3492 1700 3547 hoc
1731 3490 1835 3546 sibi

1969 3506 2037 3557 05
2067 3504 2132 3557 in
2162 3502 2350 3571 Joan.)
2380 3499 2767 3556 Praedestinata
2797 3506 2878 3553 est
2908 3499 3008 3552 ista
3049 3498 3301 3553 humanae
3330 3506 3538 3554 naturae

256 3603 436 3643 nomen
465 3586 788 3658 assumpsit.
1932 3600 2082 3647 tanta
2120 3599 2173 3646 et
2200 3598 2312 3645 tam
2343 3589 2493 3645 celsa
2522 3597 2576 3643 et
2604 3603 2812 3643 summa
2843 3586 3142 3656 subvectio,
3174 3595 3233 3640 ut
3278 3602 3386 3658 quo
3451 3595 3540 3642 at-

314 3676 523 3733 Servus.
559 3676 644 3731 Ex
674 3691 836 3731 servo
864 3683 917 3730 et
948 3673 1134 3729 humili
1164 3672 1290 3728 fecit
1334 3672 1483 3727 Deus
1526 3668 1836 3742 apostolum

1957 3681 2233 3745 olleretur,
2264 3678 2424 3733 altius
2453 3693 2562 3733 non
2581 3677 2809 3733 haberet
2842 3693 2855 3730 :
2890 3675 3026 3731 sicut
3054 3691 3155 3745 pro
3213 3675 3370 3730 nobis
3422 3676 3541 3746 ipsa

257 3772 303 3818 et
329 3764 632 3833 sublimem,
658 3764 732 3819 ita
762 3772 815 3819 et
846 3780 944 3819 VOS
972 3763 1204 3817 humiles
1236 3760 1352 3816 silis
1385 3778 1399 3814 ζ
1444 3760 1547 3828 Qui
1587 3759 1740 3815 enim
1780 3774 1836 3814 se
1936 3768 2210 3835 divinitas,
2244 3782 2527 3839 quousque
2557 3782 2616 3820 se
2649 3766 2949 3835 deponeret
2972 3807 2985 3832 ν
3018 3763 3272 3818 humilius
3299 3779 3409 3818 non
3436 3764 3542 3819 ha-

260 3852 527 3920 humiliat,
573 3854 929 3909 exaltabitur
967 3852 1122 3923 (Luc.
1156 3850 1299 3921 Xiv).

1957 3857 2072 3925 iuit,
2106 3871 2267 3927 quam
2296 3861 2551 3925 suscepta
2578 3861 2763 3907 natura
2790 3851 3024 3907 hominis
3052 3867 3176 3907 cum
3232 3849 3542 3906 inﬁmitate

319 3943 499 4015 (ΑΗΕ.)
530 3944 835 4014 Utrumque
865 3941 1137 4013 ponendo,
1158 3956 1319 3995 unam
1341 3938 1438 3994 Dei
1460 3936 1696 3993 hominis
1715 3952 1841 4007 per-
1938 3944 2119 4003 carnis
2147 3960 2321 4017 usque
2350 3944 2418 3997 ad
2447 3950 2682 3998 mortem
2712 3940 2912 3997 crucis.

262 4048 429 4086 sonam
459 4049 585 4087 esse
617 4039 865 4086 testatur.
917 4030 1162 4085 Alterum
1202 4044 1304 4099 pro
1351 4027 1571 4095 Iudaeis,
1611 4026 1838 4081 alterum

2010 4037 2199 4106 (AUG.,
2230 4032 2325 4086 lib.
2357 4047 2376 4086 ι
2404 4032 2473 4087 de
2501 4030 2767 4087 Prwdest.
2801 4033 3005 4098 sanct.,
3028 4044 3078 4085 c.
3113 4031 3226 4099 15.)
3254 4028 3353 4082 Est
3380 4026 3543 4082 etiam

262 4136 350 4190 ιπο
394 4122 650 4195 gentibus
696 4120 865 4191 Ponit-
909 4118 1154 4174 Chrisms
1186 4117 1352 4187 enim,
1384 4117 1488 4171 hoc
1517 4130 1717 4171 nomen
1750 4115 1844 4167 Ῐιι-
1940 4120 2422 4197 praeclarissimum
2476 4120 2657 4175 lumen
2714 4117 3205 4191 praedestinationis
3259 4125 3313 4172 et
3355 4115 3545 4190 gratiae

264 4208 379 4264 datis
407 4220 483 4265 est
515 4210 819 4283 cognitum,
853 4223 961 4280 quo
990 4207 1208 4262 nomine
1240 4205 1339 4260 Dei
1370 4205 1563 4260 Filium
1596 4203 1842 4276 designa-
1943 4212 2059 4282 ipse
2089 4210 2356 4265 mediator
2385 4209 2484 4264 Dei
2514 4217 2566 4263 et
2596 4208 2875 4263 hominum
2905 4208 3068 4261 homo
3089 4206 3336 4262 Christus
3365 4205 3542 4274 Jesus,

265 4306 361 4352 tum
388 4300 588 4367 vident,
622 4307 676 4353 et
733 4297 955 4351 audiunt
997 4295 1051 4349 in
1099 4295 1222 4368 lege
1264 4293 1614 4365 promissum,
1649 4292 1845 4363 finibus
1945 4309 2074 4366 etc.,
2108 4315 2279 4372 usque
2305 4298 2377 4354 ad
2404 4305 2462 4352 ut
2491 4297 2583 4369 qui
2611 4295 2825 4351 futurus
2855 4304 2970 4350 erat
3000 4296 3299 4351 secundum
3326 4309 3546 4349 carnem

266 4388 353 4441 etsi
379 4388 537 4442 alium
557 4387 907 4458 praedicares,
940 4401 1051 4439 non
1079 4385 1387 4440 crederent.
1422 4382 1687 4437 Gentibus
1715 4396 1849 4437 vero
1876 4451 1921 4458 _
1946 4388 2088 4443 ﬁlius
2118 4387 2313 4456 David,
2344 4386 2565 4441 essetin
2584 4386 2781 4441 virtute
2802 4385 2969 4439 Filius
2999 4384 3117 4438 Dei.

269 4477 379 4545 quia
404 4477 454 4530 in
484 4451 666 4547 aliuuo
705 4491 815 4530 non
858 4451 1125 4546 legerant,
1157 4471 1434 4543 ρι’θεῐηίῐιίι
1473 4470 1831 4539 salvatorem,
1876 4451 1930 4512 D
2024 4451 2367 4533 Mortuoru-m
2396 4477 2528 4530 Iesu
2560 4475 2790 4531 Christi.
2824 4473 3025 4528 Christi
3041 4487 3142 4544 pro
3159 4471 3275 4540 ejus
3305 4469 3391 4525 vel
3423 4485 3550 4525 suo-
3647 4462 3650 4466 ’

268 4562 316 4617 id
355 4573 430 4619 est
455 4566 661 4620 Iesum.
693 4564 960 4628 Christus,
993 4561 1241 4634 quamvis
1270 4576 1380 4616 non
1424 4560 1494 4616 sit
1533 4559 1839 4630 proprium,

273 4654 359 4707 sed
384 4669 577 4710 nomen
617 4651 967 4718 sacramenti,
1000 4652 1137 4706 sicut
1167 4651 1429 4721 propheta
1469 4657 1525 4704 et
1562 4649 1849 4716 sacerdos,

273 4740 453 4797 Iudaeis
516 4751 696 4797 tamen
755 4741 1032 4814 cognitum
1092 4748 1243 4796 recte
1298 4738 1685 4814 praeponitur:
1753 4739 1854 4793 etsi

275 4828 499 4898 pluribus
528 4831 701 4886 indita
730 4812 848 4886 haec
886 4829 1123 4898 nomina,
1157 4836 1342 4883 tamen
1379 4827 1496 4883 sola
1526 4812 1736 4899 ﬁgura;
1768 4825 1857 4881 hic

273 4917 398 4972 enim
425 4920 574 4975 solus
603 4936 771 4975 verus
801 4919 917 4974 Rex
946 4926 1000 4973 et
1031 4916 1324 4974 Sacerdos.

340 5008 576 5064 Vocatus.
607 5009 731 5063 Non
761 5023 792 5061 a
824 5023 902 5074 se,
938 5006 1034 5061 sed
1074 5022 1105 5060 a
1132 5006 1249 5061 Deo
1280 5025 1295 5069 ;
1353 5004 1441 5061 vel
1484 5011 1727 5073 vocatus,
1786 5003 1855 5057 ab

277 5093 562 5152 hominibus
583 5097 761 5152 dictus
783 5096 1071 5167 privilegio
1092 5094 1328 5150 nominis
1376 5095 1688 5166 Apostolus.
1713 5094 1856 5148 Ecce

279 5180 336 5236 de
362 5184 539 5239 humili
569 5185 730 5240 altus.
764 5186 1115 5257 Segregatus.
1176 5184 1221 5237 A
1265 5182 1515 5239 doctrina
1557 5182 1856 5237 scribarum

280 5277 325 5323 et
353 5272 735 5329 Pharisaeorum
770 5292 783 5328 :
816 5274 921 5328 hoc
966 5281 1157 5329 contra
1201 5272 1419 5327 Iudaeos
1445 5290 1459 5338 ;
1490 5271 1599 5329 vel.
1636 5272 1706 5325 ab
1737 5271 1857 5324 aliis

283 5362 537 5429 apostolis,
572 5378 802 5434 corpore
861 5370 913 5417 et
971 5377 1081 5417 non
1109 5369 1292 5416 mente
1336 5361 1481 5416 unde
1518 5379 1531 5415 :
1562 5361 1855 5433 Segregate

326 5585 342 5608 ⁸
360 5583 562 5640 Quiqnid
587 5595 647 5631 ex
666 5584 939 5640 Haymonis
959 5582 1180 5640 episcOpi
1205 5582 1627 5631 Halberstatensis
1648 5583 1699 5628 in
1720 5581 1857 5633 Epis-

287 5648 396 5698 tolas
414 5656 542 5702 Pauli
574 5655 888 5712 expositione
909 5655 960 5701 in
982 5656 1075 5703 hac
1096 5666 1187 5703 sua
1225 5654 1476 5713 expressit
1503 5655 1676 5704 Glossa
1696 5656 1856 5701 Wala-

1954 4582 2094 4630 rum,
2155 4564 2437 4636 pr0prium
2517 4578 2717 4617 nomen
2790 4578 2892 4632 pro
2974 4560 3294 4632 pronomine
3369 4558 3549 4629 posuit

1952 4670 2107 4710 more
2163 4648 2473 4720 Hebraico,‘
2512 4667 2631 4723 qua:
2690 4650 2887 4706 locutio
2942 4650 2997 4703 in
3055 4646 3347 4719 Scripturis
3401 4663 3549 4718 prae-

1954 4742 2113 4814 cipue
2130 4741 2404 4797 veteribus
2425 4747 2506 4795 est
2522 4736 2889 4807 usitatissima,
2921 4745 2979 4792 ut
3011 4756 3024 4792 :
3056 4738 3209 4793 Fecit
3242 4737 3445 4809 Moyses
3475 4737 3551 4792 si-

1954 4836 2055 4889 cut
2075 4831 2343 4904 praecepit
2372 4830 2644 4885 Dominus
2678 4829 2860 4900 Moysi.

2024 4920 2309 4990 (Cnnsvs)
2343 4918 2452 4974 Hoc
2480 4924 2581 4987 est,
2605 4932 2714 4971 non
2741 4932 2845 4971 nos
2857 4916 2961 4972 hoc
2989 4916 3186 4972 virtute
3207 4923 3393 4971 nostra
3412 4932 3555 4988 pree-

1955 5008 2208 5074 stitimus,
2270 5007 2417 5078 quod
2473 5004 2703 5077 apostoli
2733 5005 2923 5072 simus,
2970 5022 3147 5078 neque
3178 5003 3324 5059 enim
3351 5006 3556 5061 nostris

1953 5097 2139 5152 multis
2170 5095 2459 5150 sudoribus
2489 5110 2552 5150 ac
2583 5094 2863 5150 laboribus
2891 5096 3035 5151 hanc
3077 5092 3398 5166 dignitatem
3429 5110 3557 5151 sor-

1955 5187 2034 5241 titi
2067 5201 2272 5255 sumus,
2308 5183 2403 5239 sed
2435 5184 2668 5257 gratiam
2696 5184 3022 5239 invenimus.

2027 5275 2194 5328 Vens.
2231 5277 2282 5327 5.
2316 5303 2384 5313 --
2413 5275 2478 5329 In
2506 5273 2761 5330 omnibus
2790 5273 3225 5345 gentibus.'N0n
3253 5272 3432 5330 solum
3461 5275 3556 5329 Ju-

1956 5363 2109 5432 daeis,
2144 5378 2269 5419 cum
2298 5362 2496 5435 quibus
2525 5362 2677 5434 (quia
2698 5362 2813 5418 sine
2833 5362 2957 5436 lege
2985 5362 3183 5434 vocati)
3223 5379 3333 5419 non
3362 5362 3562 5419 debent

1956 5585 2131 5641 frictus,
2155 5584 2381 5642 requirat
2402 5586 2572 5631 Lector
2596 5585 2729 5632 inter
2763 5594 2919 5641 opera
2947 5585 3108 5641 ipsius
3145 5580 3422 5638 Haymonis
3465 5583 3555 5628 Pa-

1956 5656 2201 5713 trologiaa,
2224 5656 2341 5703 tom.
2365 5658 2514 5715 CXVI,
2539 5659 2693 5705 CXVII
2715 5658 2763 5703 et
2783 5658 2977 5705 CXVIII.
3004 5658 3141 5703 EDIT.
