3964 6180
374 199 473 256 471

887 190 1290 250 WALAFRIDI
1327 188 1570 248 STRABI
1607 188 1807 246 FULD.
1849 184 2023 242 MON.
2064 182 2217 240 OPP.
2258 182 2435 240 PARS
2485 183 2530 238 Ι.
2569 211 2641 224 -
2675 180 3147 239 THEOLOGICA.

3573 179 3686 235 472

362 321 468 379 sub
497 320 620 394 lege
649 334 836 395 agere.
870 320 978 375 Pro
1005 319 1236 376 nomine
1263 318 1403 388 ejus.
1463 315 1568 370 Pro
1617 312 1733 382 ejus
1787 311 1963 385 gloria
1985 313 2042 374 A
2068 312 2263 385 Justus
2284 313 2478 365 autem
2499 323 2571 363 σα)
2586 324 2697 364 sua
2716 306 2824 375 ﬁde
2844 307 3010 361 vivet.
3036 305 3145 361 Sed
3165 304 3270 359 hoc
3290 310 3345 358 et
3366 302 3499 358 talia
3517 301 3690 372 plura

374 425 485 467 non
514 416 704 467 nostra
733 408 871 465 sicut
900 422 998 463 vos
1027 405 1223 462 facitis.

446 500 616 555 Vnus.
669 500 722 554 6.
782 528 852 538 —
913 497 1097 552 Vocati
1150 496 1281 550 Jesu
1310 490 1538 548 Christi.
1589 489 1650 545 Id
1679 488 1852 545 estab
1883 504 1969 558 eo,

2070 398 2380 455 testimonia
2408 412 2526 470 qum
2556 396 2725 467 ponit,
2759 396 2828 449 ab
2857 395 3143 459 Hebraicae
3171 391 3414 448 veritatis
3447 390 3686 445 transla-

2072 490 2236 554 tione,
2270 503 2379 560 qua
2406 501 2549 541 nunc
2576 484 2795 551 utimur,
2857 485 3108 540 videntur
3147 481 3469 537 discordare
3504 498 3516 534 :
3550 479 3691 552 quia

377 587 586 646 scilicet
611 588 740 643 Jesu
768 584 1000 642 Christo.
1064 582 1346 639 Genitivus
1389 596 1491 653 pro
1538 578 1772 634 ablativo
1819 593 1973 634 more
2073 577 2366 649 aliquando
2412 575 2575 631 sumit
2614 588 2654 627 ‘a
2698 573 2848 629 LXX
2921 571 3333 643 interpretibus,
3388 568 3694 641 aliquando

377 675 591 734 Graeco.

443 766 612 820 Vsus.
645 764 698 818 7.
733 792 802 804 —-
837 763 1050 819 Vocatis
1071 761 1307 816 sanctis.
1337 758 1462 813 Non
1489 757 1615 814 ideo
1643 755 1823 815 vocati
1852 762 1978 810 sunt

371 853 497 928 quia
527 852 717 923 sancti,
752 851 851 907 sed
878 851 1002 906 ideo
1036 849 1205 905 sancti
1249 847 1428 903 eﬂ'ecti
1484 846 1608 918 quia
1655 844 1835 902 vocati
1869 861 1882 898 :
1924 851 1977 899 et

369 943 496 1002 ideo
524 941 719 1008 vocati,
754 939 879 1013 quia
937 938 1155 995 delecti.

447 1058 769 1114 Vsas.8.—
802 1056 997 1111 Gratia
1027 1070 1145 1126 ago.
1181 1052 1395 1108 Gratias
1423 1064 1591 1124 agere
1633 1058 1717 1106 est
1776 1048 1978 1104 sentire

373 1146 555 1203 omnia
582 1161 614 1201 a
641 1146 759 1200 Deo
773 1144 895 1199 data
917 1159 1058 1212 esse,
1093 1149 1146 1197 et
1172 1156 1352 1213 proco
1383 1140 1609 1195 laudare
1626 1138 1811 1208 corde,
1844 1152 1979 1193 voce

376 1243 430 1293 et
462 1250 650 1306 opere.

445 1326 556 1380 Deo
576 1338 718 1379 meo.
751 1322 939 1394 (Auc.,
972 1318 1066 1374 lib.
1091 1318 1157 1375 de
1189 1316 1572 1388 0vibus.(Non
1590 1315 1735 1371 enim
1755 1330 1860 1371 vox
1880 1314 1982 1369 ista

379 1428 505 1472 esse
532 1419 711 1484 potest
737 1410 844 1466 nisi
892 1417 1223 1479 sanctorum,
1283 1421 1509 1480 quorum
1566 1407 1713 1461 Deus
1760 1405 1977 1472 dicitur,

373 1502 514 1559 sicut
540 1502 689 1556 Deus
710 1500 998 1565 Abraham,
1034 1499 1185 1552 Isaac
1215 1504 1267 1551 ct
1314 1496 1506 1551 Jacob.
1530 1494 1661 1549 Cum
1686 1494 1831 1549 enim
1858 1509 1981 1547 om-

376 1592 530 1647 nium
561 1605 701 1660 unus
732 1588 801 1643 sit
830 1589 977 1642 Deus
1007 1602 1107 1657 per
1135 1593 1401 1654 naturam,
1433 1600 1623 1639 eorum
1654 1591 1835 1637 tamen
1862 1596 1983 1653 pro-

2076 667 2213 721 sicut
2242 666 2472 737 loquens
2530 666 2724 721 eadem
2783 662 2975 734 spiritu
3007 677 3115 734 quo
3144 661 3425 732 prophetae
3457 673 3689 714 sensum

2075 755 2237 810 sumit
2265 754 2663 821 tantummodo,
2699 752 2812 807 suis
2840 759 3001 806 utens
3030 749 3213 806 verbis
3245 764 3452 821 suaque
3484 747 3691 819 dispo-

2080 843 2298 900 sitione.

2153 974 2324 1027 Vens.
2359 974 2445 1026 18.
2469 1002 2539 1012 —
2557 972 2737 1044 Super
2764 985 2988 1027 omnem
3006 970 3380 1041 impietatem.
3414 966 3684 1038 Impietas

2081 1069 2165 1117 est
2203 1062 2256 1115 in
2307 1063 2480 1117 Deum
2521 1075 2806 1132 peccasse,
2859 1058 3114 1130 iniquitas
3160 1057 3217 1110 in
3263 1055 3552 1121 homines;
3593 1055 3691 1109 vel

2080 1150 2298 1221 impius,
2320 1149 2554 1205 inﬁdelis
2576 1150 2715 1205 sicut
2744 1147 3071 1203 idololatra:
3104 1146 3352 1218 iniquus,
3385 1145 3476 1216 qui
3503 1143 3693 1215 pravi-

2082 1246 2191 1294 tate
2219 1239 2404 1310 operis
2433 1238 2503 1293 ab
2531 1238 2784 1309 aequitate
2815 1236 3114 1292 discordat.
3152 1237 3356 1290 Eorum
3401 1235 3500 1307 qui
3528 1236 3689 1289 veri-

2086 1331 2280 1383 tatem.
2315 1325 2487 1395 Quasi
2517 1326 2665 1382 dicat
2698 1343 2711 1380 :
2746 1325 2855 1379 Cur
2884 1325 2963 1380 eis
2992 1324 3076 1378 ira
3106 1324 3175 1378 de
3223 1323 3521 1393 impietate,
3555 1337 3692 1378 cum

2084 1432 2193 1472 non
2223 1416 2579 1487 cognoverint
2609 1416 2783 1470 Deum
2811 1414 2839 1469 ?
2862 1413 2944 1468 Ad
2976 1412 3120 1485 quod
3150 1411 3445 1482 respondet
3475 1428 3489 1466 :
3523 1411 3696 1467 Pote-

2086 1514 2208 1559 rant
2237 1505 2457 1576 quidem
2488 1518 2847 1577 cognoscere,
2881 1502 2979 1557 sed
3007 1501 3110 1572 ipsi
3156 1501 3367 1565 nolunt,
3418 1499 3699 1554 malentes

2088 1593 2293 1648 morari
2322 1593 2519 1663 injuste
2548 1593 2603 1646 in
2635 1607 2730 1646 sua
2759 1590 3052 1661 voluptate.
3084 1591 3393 1646 Veritatem
3418 1590 3518 1645 Dei
3539 1589 3698 1645 deti-

375 1680 498 1752 prie
528 1693 627 1749 per
656 1676 886 1750 gratiam
915 1691 1038 1730 esse
1067 1674 1283 1744 dicitur,
1319 1673 1409 1744 qui
1437 1672 1630 1728 merito
1661 1670 1787 1726 ﬁdei
1818 1678 1870 1725 et
1892 1670 1981 1739 ju-

2102 1686 2246 1738 ient.
2281 1681 2440 1751 Quia,
2466 1689 2523 1736 ut
2543 1680 2761 1750 dicitur,
2787 1679 2932 1752 quod
2962 1687 3043 1734 est
3075 1680 3144 1734 de
3173 1679 3289 1733 Deo
3320 1677 3588 1734 noscibile
3609 1686 3700 1733 est

374 1768 534 1825 stitiae
565 1767 683 1837 ejus
712 1764 950 1823 cultores
980 1779 1103 1819 esse
1133 1763 1453 1833 probantur.
1688 1814 1697 1824 ,

451 1860 558 1913 Pro
586 1854 843 1912 omnibus
875 1854 1043 1909 vobis.
1077 1851 1214 1906 Cum
1268 1866 1371 1921 pro
1400 1850 1539 1920 aliis,
1588 1848 1825 1920 primum
1881 1863 1983 1919 pro

369 1945 545 2014 vobis,
595 1944 665 2001 de
722 1942 919 2014 quibus
977 1956 1175 2013 magna
1232 1939 1433 1993 utilitas
1461 1937 1610 1994 venit
1663 1953 1763 2008 per
1821 1936 1983 1991 Chri-

378 2042 523 2091 stum
550 2031 923 2099 mediatorem,
954 2045 1057 2100 per
1094 2043 1257 2100 quem
1286 2026 1442 2084 vobis
1473 2027 1621 2082 Deus
1650 2025 1796 2081 dedit
1841 2025 1983 2081 bona

375 2123 579 2181 omnia.
1669 2149 1672 2153 ~

450 2212 591 2281 Quia
620 2209 772 2280 ﬁdes.
805 2208 1034 2279 (Anam)
1083 2205 1403 2279 Congaudet
1451 2204 1520 2260 de
1576 2204 1720 2260 bono
1766 2203 1983 2274 incepto

377 2316 586 2366 eorum,
619 2288 718 2371 per
747 2298 894 2370 quod
922 2296 1245 2353 charitatem
1272 2310 1405 2368 erga
1432 2293 1557 2349 illos
1613 2293 1867 2359 ostendit,
1930 2300 1985 2347 et

369 2391 616 2447 hortatur
635 2388 705 2444 ad
770 2391 1090 2458 protectum.
1123 2386 1254 2441 Haec
1297 2392 1476 2439 autem
1519 2382 1699 2439 omnia
1729 2398 1791 2438 se
1818 2397 1983 2454 agere

376 2478 525 2549 dicit,
558 2478 683 2551 quia
737 2475 920 2531 multis
947 2472 1166 2547 proﬁcit
1194 2472 1331 2528 ﬁdes
1362 2488 1572 2529 eorum.

444 2595 615 2650 Vsus.
662 2596 715 2648 9.
754 2622 824 2632 —
883 2591 1076 2647 Testis.
1095 2588 1254 2659 Quod
1301 2587 1515 2644 habetis
1544 2585 1709 2642 ﬁdem
1750 2586 1983 2642 Domino

376 2682 760 2755 imputo.Nam
789 2678 1040 2736 habenda
1060 2693 1159 2734 oro
1188 2677 1257 2732 ab
1286 2693 1380 2742 eo;
1413 2677 1500 2732 vel
1517 2674 1735 2747 exponit
1765 2675 1981 2746 quando

377 2772 581 2847 gratias
610 2778 757 2843 agat,
788 2769 845 2825 in
875 2767 1213 2824 orationibus
1251 2765 1479 2832 scilicet,
1515 2763 1830 2837 quomodo?
1865 2763 1982 2819 sine

383 2858 807 2918 intermissione.

450 2950 622 3006 Vsus.
676 2950 838 3003 11.-
867 2944 1128 3002 Desidero
1155 2944 1329 3001 enim.
1363 2943 1431 2999 Ut
1461 2957 1580 3015 quae
1638 2941 1821 2997 verbis
1849 2956 1981 2997 sua-

2082 1770 2140 1825 in
2168 1771 2307 1838 illis;
2344 1770 2501 1842 quasi
2531 1770 2676 1825 dicat
2709 1787 2722 1824 :
2755 1769 2811 1822 in
2860 1785 2920 1824 se
2977 1768 3180 1823 habent
3234 1767 3379 1822 unde
3436 1774 3696 1834 noscant,

2083 1859 2290 1915 scilicet
2319 1859 2624 1914 naturalem
2653 1858 2943 1913 rationem.
2979 1858 3043 1912 In
3074 1857 3361 1925 iniustitia
3406 1856 3695 1911 detinent.

2083 1949 2290 2004 Bonum
2321 1956 2403 2004 est
2437 1948 2587 2019 quod
2617 1954 2822 2012 tenent,
2857 1947 2954 2001 sed
2983 1946 3187 2001 malum
3218 1952 3299 2001 est
3328 1944 3421 1999 ubi
3468 1952 3660 1999 tenent
3685 1964 3699 2007 ;

2034 2085 2049 2091 -
2081 2037 2367 2095 veritatem
2408 2037 2555 2093 enim
2582 2043 2809 2103 tenent,
2845 2036 2942 2091 sed
2970 2035 3026 2090 in
3077 2034 3377 2106 iniquitate.
3434 2032 3700 2089 Invenisti

2083 2122 2259 2177 Deum
2287 2121 2314 2175 Ὺ
2344 2121 2597 2176 invenisti
2635 2120 2938 2187 veritatem,
2971 2127 3024 2174 et
3042 2120 3221 2190 ipsum
3239 2118 3491 2174 detinens
3510 2118 3568 2172 in
3617 2118 3702 2171 in-

2080 2209 2339 2280 justitia;
2382 2209 2547 2265 etiam
2568 2209 2715 2281 quod
2744 2224 2845 2279 per
2891 2208 2994 2263 Dei
3020 2223 3191 2282 opera
3242 2206 3573 2279 cognovisti,
3606 2223 3708 2277 per

2082 2298 2319 2355 hominis
2375 2314 2545 2370 opera
2589 2297 2898 2369 perdidisti.

2156 2416 2326 2471 Vsus.
2371 2418 2458 2470 19.
2500 2444 2571 2454 -
2601 2415 2806 2470 Notum
2835 2417 2921 2469 est
2949 2415 3049 2470 Dei
3077 2412 3307 2485 (Gazam,
3341 2411 3436 2466 lib.
3497 2429 3531 2466 x
3591 2414 3697 2469 Mo-

2084 2505 2219 2573 ral.,
2252 2518 2302 2560 c.
2339 2505 2418 2574 4.)
2450 2503 2655 2558 Notum
2683 2510 2765 2558 est
2795 2502 2939 2574 quod
2970 2518 3036 2556 ex
3056 2501 3217 2570 hujus
3236 2500 3426 2555 mundi
3455 2500 3699 2571 disposi-

2085 2592 2230 2648 tione
2264 2600 2319 2647 et
2348 2592 2582 2648 naturali
2613 2591 2806 2647 ordine
2836 2591 3057 2662 assequi
3094 2605 3405 2661 possumus,
3464 2598 3699 2661 gnotum

2085 2697 2218 2737 vero
2249 2681 2369 2748 Dei,
2405 2682 2552 2753 quod
2600 2696 2818 2736 omnem
2877 2680 3008 2735 latet
3064 2688 3373 2735 creaturam
3408 2696 3421 2733 :
3454 2687 3516 2733 ut
3554 2679 3698 2734 ratio

2085 2770 2406 2825 substantia:
2437 2771 2554 2839 ejus
2583 2770 2670 2826 vel
2700 2778 2928 2839 naturae,
2962 2776 3013 2824 et
3062 2768 3383 2840 mysterium
3438 2769 3698 2823 humanae

2085 2858 2453 2914 liberationis.

2166 2949 2534 3020 Manifestum
2553 2952 2639 3004 est
2666 2950 2729 3003 in
2759 2948 2899 3003 illis.
2933 2947 3119 3019 (Ave).
3169 2944 3311 3016 Quia
3368 2961 3479 3001 non
3510 2945 3695 3000 solum

384 3040 518 3097 dere
546 3053 657 3095 non
685 3042 917 3109 poterat,
947 3049 1194 3106 praesens
1224 3032 1474 3088 suaderet
1504 3031 1702 3089 virtute
1749 3030 1989 3087 miracu-
2021 3028 2071 3092 C
2094 3036 2233 3091 ratio
2262 3036 2527 3092 naturalis
2556 3036 2626 3091 ad
2642 3037 2748 3092 hoc
2774 3035 2995 3107 profuit,
3029 3035 3129 3090 sed
3147 3035 3301 3090 Deus
3331 3034 3575 3107 quotidie
3597 3035 3697 3089 ad-

387 3127 629 3273 Ιοΐῑῗέιέ.
665 3216 754 3271 12.
785 3241 856 3254 -
888 3211 1201 3269 Consolari.
1232 3209 1393 3265 Modo
1439 3223 1545 3282 ego
1605 3225 1727 3264 sum
1781 3208 1997 3265 desola-

385 3316 495 3377 tus,
527 3304 667 3361 sicut
694 3309 748 3359 et
779 3316 881 3358 vos
912 3318 925 3356 :
951 3308 1006 3356 et
1036 3300 1083 3355 si
1112 3315 1223 3357 non
1257 3299 1489 3368 sentitis,
1522 3298 1620 3355 sed
1650 3299 1748 3365 sic,
1806 3313 1997 3355 conso-

390 3395 654 3453 laremur.

456 3485 629 3541 Vnus.
689 3486 786 3539 13.
843 3512 912 3523 -
958 3482 1200 3537 Fratres.
1255 3477 1396 3548 Quia
1469 3475 1662 3544 renati,
1721 3483 1775 3532 et
1829 3475 1996 3547 aliqui

388 3573 528 3631 recti
557 3591 573 3641 ;
605 3572 730 3630 vide
757 3586 925 3643 supra
956 3588 971 3625 :
1002 3569 1214 3628 Vocatis
1233 3568 1468 3625 sanctis.

460 3681 630 3736 Vnus.
660 3681 743 3734 14.
779 3708 849 3719 -
884 3678 1108 3735 Graecis.
1139 3676 1224 3730 De
1256 3673 1460 3729 Iudaeis
1490 3680 1652 3739 tacet,
1704 3671 1831 3744 quia
1869 3686 1992 3726 ma-

383 3770 560 3844 gister
573 3768 836 3842 gentium.
864 3767 1087 3823 Graecis.
1113 3764 1336 3820 Graecos
1354 3761 1639 3834 praeponit,
1660 3761 1787 3833 quia
1824 3760 1894 3815 ab
1914 3759 1994 3815 eis

389 3857 567 3917 omnis
594 3855 939 3929 philosophia
966 3854 1247 3910 mundana
1277 3851 1560 3908 exordium
1603 3850 1806 3905 habuit.
1849 3851 1992 3905 Bar-

391 3948 559 4007 baris.
584 3947 858 4002 Barbaros
878 3944 1026 4013 dicit,
1052 3942 1144 4015 qui
1176 3948 1301 3997 sunt
1324 3940 1479 4012 quasi
1499 3939 1741 4010 exleges,
1775 3937 1869 4009 qui
1888 3938 1992 3993 sci-

389 4036 519 4093 licet
546 4051 649 4091 nec
678 4033 909 4100 Hebraei,
943 4048 1043 4087 nec
1089 4030 1289 4096 Graeci,
1322 4044 1425 4085 nec
1467 4027 1640 4083 Latini
1670 4034 1814 4081 sunt.
1845 4026 1993 4081 Nulli

392 4123 723 4197 specialibus
743 4122 975 4178 debetur
983 4121 1101 4177 haec
1118 4118 1455 4191 praedicatio.
1470 4117 1710 4183 Debitor,
1726 4115 1849 4188 quia
1868 4115 1993 4171 mis-

398 4229 493 4269 sus
524 4212 595 4267 ad
624 4226 835 4267 omnes.

465 4329 635 4386 Vnus.
662 4330 749 4382 16.
772 4356 842 4367 -
875 4326 1063 4383 Virtus
1083 4324 1239 4380 enim
1258 4324 1379 4389 Dei,
1401 4330 1506 4378 etc.
1534 4320 1676 4391 Quia
1704 4320 1877 4394 signis
1897 4320 1990 4376 fir-

2089 3125 2246 3195 juvit,
2278 3141 2347 3181 ne
2378 3125 2497 3181 sola
2525 3132 2722 3181 natura
2751 3123 3005 3180 sufﬁcere
3034 3124 3331 3180 videretur.

2167 3241 2337 3295 Vnus.
2362 3243 2451 3298 20.
2470 3270 2539 3280 -
2560 3241 2599 3295 A
2624 3243 2911 3296 creatura.
2933 3238 3162 3312 (Gaza,
3186 3237 3279 3293 lib.
3304 3253 3451 3293 xxix
3475 3240 3694 3303 Moral.,

2094 3344 2145 3386 c.
2181 3330 2258 3401 8.)
2288 3329 2371 3384 Ab
2401 3329 2618 3384 homine
2650 3344 2747 3400 per
2777 3328 3176 3395 excellentiam,
3210 3329 3338 3400 quia
3366 3327 3581 3383 excellit
3613 3328 3697 3381 in-

2093 3426 2176 3473 ter
2204 3417 2339 3472 alias
2367 3425 2668 3485 creaturas,
2702 3418 2788 3473 vel
2814 3426 3041 3489 propter
3055 3417 3503 3473 convenientiam
3531 3434 3695 3489 quam

2092 3507 2259 3562 habet
2289 3522 2413 3563 cum
2443 3507 2696 3562 omnibus
2726 3507 2996 3564 creaturis
3028 3526 3041 3561 :
3073 3514 3156 3563 est
3185 3506 3329 3561 enim
3358 3506 3611 3562 localiter
3642 3507 3697 3561 in

2092 3595 2215 3653 loco
2244 3611 2369 3652 cum
2397 3596 2739 3668 corporibus,
2773 3596 2934 3651 sentit
2963 3611 3087 3653 cum
3126 3595 3472 3664 animalibus,
3524 3595 3695 3650 intel-

2088 3682 2209 3758 ligit
2240 3700 2379 3757 .cum
2427 3684 2663 3758 angelis,
2709 3685 2851 3741 unde
2912 3702 2925 3738 :
2968 3686 3276 3742 Prwdicate
3323 3685 3698 3757 Evangelium

2093 3774 2249 3830 omni
2277 3778 2557 3829 creatura:
2588 3774 2780 3844 (Marc.
2814 3773 2954 3845 xvx).
3068 3782 3071 3785 '

2169 3864 2308 3919 Cum
2334 3865 2743 3934 cognovissent,
2776 3870 2880 3918 etc.
2916 3862 3102 3931 (AUG.,
3138 3862 3408 3919 Serm.“
3436 3861 3502 3917 de
3542 3863 3694 3918 Verb.

2092 3951 2274 4022 Dom.)
2304 3951 2568 4007 Viderunt
2589 3967 2696 4023 quo
2718 3951 3044 4006 veniendum
3074 3959 3238 4018 esset,
3274 3958 3401 4016 etc.,
3426 3967 3600 4023 usque
3622 3952 3697 4007 ad

2094 4041 2240 4113 quod
2270 4040 2413 4095 enim
2443 4042 2593 4095 Deus
2622 4040 2850 4095 dederat
2880 4040 3073 4114 gratis,
3107 4039 3227 4095 tulit
3255 4039 3507 4112 ingratis.
3570 4024 3584 4031 ⁴

2165 4157 2334 4211 Vsus.
2367 4160 2456 4213 21.
2488 4186 2558 4197 ——
2591 4156 2983 4213 Obscuratum.
3016 4156 3246 4228 (Auum)
3276 4155 3489 4210 Nebula
3545 4155 3695 4211 enim

2095 4244 2300 4300 erroris
2328 4244 2459 4300 texit
2488 4259 2586 4300 cor
2614 4244 2850 4311 illorum,
2887 4244 3013 4316 quia
3060 4260 3185 4300 cum
3243 4244 3563 4300 Creatorem
3622 4261 3690 4299 ex

2092 4332 2158 4388 iis
2189 4349 2308 4405 quae
2340 4332 2465 4389 fecit
2495 4333 2740 4404 pulchra,
2774 4333 3005 4404 amplius
3056 4331 3420 4389 houoriﬁcare
3477 4332 3693 4389 debue-

393 4426 576 4476 matur
603 4414 942 4474 incredibilis
970 4411 1288 4485 prmdicatio
1321 4429 1335 4466 :
1370 4410 1516 4482 quod
1544 4426 1656 4466 non
1686 4418 1769 4466 est
1793 4410 1849 4465 in
1881 4409 1986 4465 fal-

2102 4394 2223 4490 rint:
2250 4422 2431 4477 obtusi
2463 4394 2608 4490 sunt,
2640 4394 2832 4478 relicto
2862 4394 2973 4478 illo.

393 4508 470 4565 sis
498 4505 867 4579 praeconibus.

461 4610 633 4666 Vsus.
670 4610 755 4663 17.
792 4636 864 4648 -
890 4604 1127 4663 Iustitia
1153 4603 1309 4660 enim
1335 4602 1454 4660 Dei.
1475 4600 1707 4675 (Auum)
1738 4602 1842 4657 Est
1871 4617 1993 4673 quae

392 4697 567 4771 gratis
591 4695 855 4766 justiﬁcat
883 4694 1110 4766 impium
1138 4709 1240 4764 per
1268 4692 1432 4748 ﬁdem
1471 4692 1587 4746 sine
1617 4690 1876 4761 operibus
1906 4691 1992 4746 le-

392 4787 498 4860 gis,
535 4792 665 4852 etc.,
699 4800 873 4856 usque
900 4783 972 4838 ad
1002 4782 1096 4853 qui
1123 4782 1328 4855 negant
1355 4782 1502 4837 hunc
1548 4795 1671 4835 esse
1719 4779 1992 4835 Christum

391 4889 553 4947 quem
584 4871 834 4944 promisit
863 4871 1032 4926 Deus.
1077 4871 1395 4926 Revelatur.
1432 4867 1623 4940 (Λυσι.)
1656 4867 1993 4940 Aggreditur

385 4962 623 5037 gentiles
671 4959 972 5017 secundum
1011 4958 1255 5030 priorem
1298 4964 1520 5023 statum,
1555 4963 1685 5022 etc.,
1718 4972 1891 5028 usque
1922 4956 1993 5012 ad

390 5050 537 5123 quod
566 5048 736 5105 inﬂati
764 5064 866 5120 per
886 5064 945 5104 se
966 5047 1022 5101 in
1042 5047 1189 5103 idola
1211 5046 1547 5103 ceciderunt.
1581 5046 1670 5101 Ea:
1694 5044 1823 5114 ﬁde,
1857 5051 1988 5112 etc.,

385 5138 620 5213 (Ausa)
652 5137 752 5193 Dei
780 5137 1162 5209 promittentis,
1197 5134 1254 5189 in
1282 5133 1447 5190 ﬁdem
1478 5132 1715 5188 hominis
1746 5132 1839 5204 qui
1867 5148 1990 5189 cre-

387 5229 468 5285 dit
497 5227 567 5294 ei,
602 5234 731 5295 etc.,
765 5243 938 5299 usque
970 5226 1041 5281 ad
1068 5224 1123 5278 in
1148 5222 1313 5277 ﬁdem
1344 5238 1528 5278 rerum
1559 5229 1612 5276 et
1641 5220 1863 5292 speciei.

456 5314 649 5388 (AUG.)
678 5314 839 5370 Fides
868 5321 949 5369 est
978 5328 1087 5384 qua
1115 5310 1410 5367 creduntur
1438 5325 1505 5365 ea
1533 5325 1654 5381 quae
1674 5325 1784 5365 non
1803 5309 1991 5366 viden-

384 5413 493 5473 tur,
527 5412 658 5470 etc.,
691 5419 865 5477 usque
895 5401 967 5458 ad
1014 5400 1069 5454 in
1120 5398 1284 5456 ﬁdem
1314 5414 1501 5455 rerum
1531 5399 1623 5471 qui
1652 5398 1856 5455 credita
1884 5399 1990 5454 ob-

387 5493 704 5550 tinebimus.

459 5583 617 5640 Sicut
646 5581 926 5654 scriptum
954 5580 1059 5634 est.
1094 5577 1155 5633 In
1185 5576 1409 5634 Abacuc
1460 5577 1606 5651 (cap.
1642 5575 1705 5646 ιι)
1737 5576 1811 5632 ita
1868 5584 1984 5633 est:

2160 4538 2334 4593 Vsus.
2360 4541 2451 4596 22.
2486 4569 2555 4578 -
2592 4539 2769 4595 Stulti
2795 4540 2940 4609 facti
2958 4542 3114 4594 sunt.
3134 4537 3278 4593 Ecce
3290 4536 3567 4609 quomodo
3586 4536 3688 4592 ob-

2092 4633 2373 4682 scuratum
2397 4634 2479 4682 est
2507 4641 2623 4692 cor,
2657 4627 2803 4698 quod
2833 4635 2915 4681 est
2952 4626 3191 4682 vindicta
3222 4644 3236 4680 :
3296 4625 3576 4697 sapientes
3633 4625 3689 4679 in

2090 4714 2301 4770 naturis
2327 4730 2536 4784 rerum,
2568 4715 2717 4769 stulti
2747 4715 2804 4769 in
2830 4716 2967 4770 Deo.

2161 4796 2344 4877 Vsus:
2357 4824 2445 4878 23.
2468 4851 2537 4861 -
2556 4823 2628 4876 Et
2644 4824 3031 4877 mutaverunt.
3058 4821 3246 4892 (Auc.,
3264 4822 3427 4893 epist.
3452 4834 3613 4886 cxrx,
3635 4834 3686 4876 c.

2091 4912 2143 4975 6,
2178 4909 2252 4965 ad
2271 4910 2659 4981 Ianuarium.)
2689 4910 3029 4980 Hic_damnat
3051 4909 3343 4965 simulacra
3372 4909 3687 4980 impiorum.

2089 4997 2195 5053 Alii
2226 5006 2447 5069 terram,
2480 4998 2573 5052 alii
2605 4997 2778 5053 solem
2808 5006 2862 5053 et
2891 4998 3199 5067 hujusmodi
3255 4998 3686 5053 venerabantur.

2162 5105 2228 5159 In
2258 5104 2700 5161 similitudinem
2729 5105 3017 5176 imaginis.
3048 5106 3367 5178 Exaggerat
3409 5104 3692 5160 stultitiam

2090 5192 2161 5248 ad
2192 5193 2469 5248 cumulum
2499 5192 2848 5249 hebetudinis
2878 5192 3295 5248 ostendendum.

2159 5309 2412 5365 Hominis
2426 5312 2482 5363 et
2510 5308 2820 5374 volucrum,
2846 5315 2946 5363 etc.
2971 5309 3089 5363 Mos
3109 5307 3206 5362 fuit
3226 5308 3297 5362 ab
3326 5315 3549 5380 antiquo
3578 5309 3690 5365 Ro-

2088 5396 2267 5452 manis
2342 5397 2575 5453 adorare
2631 5396 2917 5452 simulacra
2974 5396 3277 5461 hominum,
3339 5405 3395 5451 ut
3450 5398 3687 5467 Romuli,

2087 5485 2257 5552 Jovis,
2293 5494 2344 5541 et
2391 5485 2642 5551 aliorum,
2704 5486 2939 5540 maxime
2988 5485 3056 5539 ab
3114 5486 3352 5542 adventu
3407 5485 3608 5541 Emam
3636 5487 3690 5541 in

2087 5574 2316 5631 Italiam.
2351 5574 2645 5631 Volucrum
2676 5582 2855 5630 autem
2901 5582 2954 5629 et
3007 5574 3423 5647 quadrupedum
3453 5582 3508 5629 et
3565 5591 3686 5630 ser-
