3948 6178
309 230 404 286 473

1207 215 1477 273 GLOSSA
1516 213 1927 273 0RDINARIA.
1971 240 2038 256 υ-
2073 212 2293 269 EPIST.
2334 212 2430 269 AD
2468 212 2637 269 ROM.

3486 215 3589 269 474

310 300 555 424 pentium,
588 364 654 404 ex
680 360 789 419 quo
820 343 1145 402 Alexandria
1178 342 1247 398 ab
1273 344 1520 415 Augusto
1551 342 1690 398 victa
1723 349 1806 397 est
1837 345 1890 395 et
1919 336 1974 398 A
1994 340 2064 392 tia
2093 338 2237 410 quod
2265 337 2400 393 ratio
2431 337 2694 407 probabat
2736 355 2749 391 :
2783 337 2868 392 vel
2899 336 3023 408 quia
3067 343 3384 408 putaverunt
3413 337 3586 393 Deum

312 442 487 500 Romae
525 437 829 508 subjugata.

375 526 599 601 (Auum)
645 524 808 580 Primi
847 523 992 580 enim
1022 520 1301 594 Babylonii
1345 522 1520 576 Deum
1566 528 1896 576 vocaverunt

314 620 619 689 ﬁgmentum
648 613 812 683 Belis,
846 621 975 678 etc.,
1007 628 1180 685 usque
1200 611 1273 667 ad
1300 618 1353 667 et
1377 610 1625 667 volucres
1647 609 1773 682 quia
1803 623 1896 665 co-

311 706 486 762 racina
511 719 666 760 sacra
696 702 899 758 habent
929 699 1150 774 pagani.

366 814 548 883 (Ana,
580 810 676 865 lib.
731 824 810 864 vn
857 808 923 865 de
970 808 1131 865 Civit.
1181 808 1303 872 Dei,
1354 774 1570 876 c.'33.)
1622 806 1725 861 Per
1751 805 1892 862 hanc

305 900 539 975 (Christi)
570 898 894 972 religionem
943 912 1105 952 unam
1135 902 1187 953 et
1215 911 1423 961 veram,
1471 893 1643 965 potuit
1691 894 1889 965 aperiri

302 992 424 1046 deos
454 988 697 1062 gentium
727 1003 850 1043 esse
871 984 1339 1040 immundissimos
1368 984 1646 1062 daemones
1666 983 1765 1038 sub
1786 983 1887 1039 de-

300 1060 593 1134 functurum
623 1074 1003 1132 occasionibus
1034 1073 1342 1132 animarum
1389 1074 1477 1128 vel
1521 1060 1887 1129 creaturarum
1946 1128 1955 1141 κ

299 1168 472 1240 specie
501 1166 918 1234 mundanarum,
952 1163 1086 1218 deos
1115 1179 1174 1219 se
1196 1162 1379 1234 putari
1402 1162 1703 1234 cupientes.

363 1284 530 1338 Vnus.
563 1284 653 1339 24.
676 1311 748 1321 -
783 1280 1055 1347 Tradidit,
1076 1286 1179 1335 etc.
1204 1277 1394 1348 (Aua.,
1420 1278 1514 1333 lib.
1547 1278 1613 1335 de
1651 1280 1805 1335 Grat.
1830 1284 1889 1335 et

299 1374 457 1430 libero
483 1372 677 1436 arbit.,
710 1386 761 1425 c.
796 1369 911 1439 21.)
942 1367 1282 1423 Manifestum
1327 1375 1411 1423 est
1452 1368 1626 1422 Deum
1673 1367 1885 1438 Operari

295 1462 346 1516 in
375 1459 629 1516 cordibus
657 1457 955 1525 hominum,
989 1457 1060 1512 ad
1089 1456 1429 1513 inclinandas
1460 1472 1646 1511 eorum
1685 1457 1883 1513 volun-

295 1556 441 1615 tates,
472 1548 592 1604 sive
622 1548 692 1603 ad
721 1548 885 1613 bona,
937 1561 1036 1616 pro
1080 1545 1451 1601 misericordia
1491 1560 1609 1611 sua,
1660 1544 1775 1601 sive
1812 1545 1883 1600 ad

293 1638 421 1695 mala
466 1652 568 1708 pro
608 1635 817 1691 meritis
863 1650 1054 1691 eorum
1078 1676 1093 1704 ,
1136 1634 1344 1704 judicio
1398 1634 1583 1705 utique
1631 1650 1729 1690 suo
1777 1634 1882 1689 ali-

1994 427 2205 482 neseire
2234 435 2287 481 et
2316 426 2601 499 negligere
2630 427 2788 480 mala.
2830 427 3102 491 Tradidit,
3138 432 3241 481 etc.

2065 542 2235 596 Vnus.
2259 545 2348 599 29.
2369 572 2447 612 -ι
2461 542 2627 596 Omni
2649 543 2972 614 iniquitate.
2992 541 3291 597 Enumerat
3312 548 3513 612 partes,
3529 550 3590 595 ut

1991 630 2233 700 apertius
2264 637 2483 686 accuset
2506 630 2787 695 malitiam,
2814 630 3032 701 quando
3054 631 3174 702 quis
3191 630 3451 684 damnum
3470 645 3588 683 m0-

1992 718 2121 774 litur
2150 719 2330 774 alicui.
2354 719 2610 791 Nequitia
2631 727 2713 774 est
2734 720 3007 775 temeritas
3028 720 3243 790 quando
3263 720 3423 774 audet
3444 718 3589 790 quod

1990 807 2196 879 nequit,
2228 807 2316 863 vel
2348 808 2768 880 intemperantia
2799 809 2898 863 sui.
2949 808 3232 864 Contentio
3271 816 3356 863 est
3402 809 3587 879 impu-

1990 896 2175 969 gnatio
2206 895 2451 954 veritatis
2480 914 2580 968 per
2608 896 2995 952 confidentiam
3023 897 3298 953 clamoris.
3339 896 3587 969 Maligni-

1931 990 1946 1005 ‘
1989 992 2071 1040 tas
2101 993 2183 1041 est
2211 986 2356 1040 mala
2384 986 2655 1055 voluntas,
2691 1001 2813 1042 cum
2844 986 2987 1040 ultra
3018 1002 3124 1041 non
3156 993 3336 1057 potest
3380 985 3467 1040 vel
3516 985 3586 1040 de

1989 1074 2272 1130 beneﬁciis
2318 1076 2551 1148 gratiam
2602 1090 2710 1131 non
2759 1074 2986 1129 referre.
3036 1076 3391 1132 Dctractores
3435 1091 3448 1128 :
3492 1073 3584 1146 qui

1987 1163 2218 1219 aliorum
2251 1164 2396 1219 bona
2426 1171 2649 1238 negant,
2674 1165 2760 1220 vel
2792 1164 3085 1218 invertunt.

2058 1254 2168 1309 Deo
2184 1253 2430 1309 odibilcs.
2454 1253 2537 1307 Ne
2559 1252 2694 1308 levis
2715 1260 2930 1324 putetur
2951 1251 3249 1307 susurratio
3269 1251 3357 1309 vel
3373 1251 3585 1308 detrac-

1985 1341 2082 1408 tio,
2117 1341 2243 1413 quia
2273 1342 2329 1395 in
2357 1341 2543 1396 verbis
2574 1351 2717 1408 sunt,
2755 1342 2902 1396 addit
2932 1342 3000 1397 de
3031 1342 3111 1397 eis
3146 1359 3159 1395 :
3192 1344 3301 1398 Deo
3334 1342 3581 1411 odibiles,

1985 1438 2043 1484 ut
2071 1430 2375 1503 intelligant
2404 1446 2462 1485 se
2491 1447 2593 1501 per
2623 1431 2797 1485 solam
2828 1430 3254 1487 susurrationem
3285 1439 3338 1486 et
3366 1432 3583 1487 detrac-

1984 1519 2188 1574 tionem
2218 1527 2477 1574 mternam
2508 1519 2792 1577 incurrere
2821 1538 2984 1592 posse
3001 1521 3429 1575 damnationem.
3459 1522 3584 1577 Ela-

1987 1613 2089 1665 tos.
2122 1608 2265 1664 Elati
2296 1616 2421 1663 sunt
2448 1609 2539 1681 qui
2570 1609 2761 1665 nolunt
2788 1611 2901 1682 pati
2941 1610 3203 1682 priorem,
3247 1610 3335 1665 vel
3362 1626 3575 1681 parem,

294 1702 500 1799 quando
548 1725 791 1796 occulto,
839 1702 1151 1796 aliquando-
1171 1730 1389 1795 aperto,
1441 1702 1657 1795 semper
1703 1731 1881 1780 autem
1903 1702 1955 1763 Β
2058 1727 2227 1782 Vnus.
2261 1730 2349 1782 31.
2375 1759 2443 1767 -
2472 1730 2886 1802 Incompositos.
2921 1728 3306 1800 Incompositio
3337 1728 3585 1800 corporis

289 1816 444 1885 justo.

354 1922 641 1993 Afﬁciant.
678 1921 906 1993 (Gaza,
939 1921 1142 1978 Homil.
1169 1923 1228 1974 11
1255 1921 1319 1975 in
1349 1919 1575 1980 Ezech.)
1599 1920 1882 1977 Peccatum

290 2011 425 2083 quod
451 2010 790 2081 pmnitentiae
817 2011 1054 2065 lamento
1093 2024 1200 2064 non
1245 2008 1487 2075 diluitur,
1538 2016 1667 2075 etc.,
1710 2027 1883 2083 usque

290 2100 354 2155 ad
380 2100 525 2155 Deus
558 2098 819 2171 permittit
847 2106 903 2154 ut
933 2106 1131 2155 cacata
1158 2113 1317 2153 mens
1344 2097 1508 2152 etiam
1555 2097 1611 2152 in
1658 2098 1765 2154 alia
1794 2099 1882 2154 la-

287 2187 457 2243 batur.

349 2299 515 2354 Vsas.
539 2303 632 2357 25.
656 2330 723 2340 -
748 2300 890 2368 Quia
911 2304 1429 2357 commutaverunt.
1455 2300 1786 2373 Exsequitur
1810 2302 1884 2357 la-

285 2388 381 2444 tius
411 2405 511 2460 per
541 2397 731 2460 partes
761 2389 974 2460 culpam
1003 2397 1055 2446 et
1084 2405 1321 2461 poenam,
1340 2398 1396 2444 ut
1417 2398 1716 2461 comparet.
1740 2391 1883 2458 Quia

286 2482 792 2534 commutaverunt.
808 2477 1056 2534 Ostendit
1071 2494 1173 2549 per
1187 2487 1370 2550 partes
1391 2487 1633 2535 mutasse
1645 2478 1880 2552 gloriam

287 2567 398 2633 Dei,
428 2565 639 2623 scilicet
668 2568 814 2638 quod
843 2568 1017 2622 Deum
1047 2574 1391 2638 putaverunt,
1416 2568 1507 2640 qui
1538 2584 1648 2623 non
1669 2575 1803 2635 erat,
1828 2575 1880 2624 et

283 2655 560 2711 coluerunt
587 2664 638 2711 et
668 2655 976 2712 servierunt
1002 2664 1262 2712 creaturae
1291 2657 1471 2728 potius
1500 2673 1665 2729 quam
1709 2657 1878 2712 Crea-

282 2744 394 2798 tori.
424 2745 491 2799 Et
521 2744 839 2817 exsequitur
867 2753 1048 2817 partes
1078 2745 1450 2811 immunditite,
1487 2746 1632 2817 quod
1663 2745 1881 2803 feminas

280 2831 330 2886 in
358 2831 610 2899 feminas,
630 2833 858 2891 masculi
886 2834 941 2888 in
970 2834 1243 2890 masculos
1267 2852 1279 2889 :
1302 2834 1359 2889 in
1387 2834 1582 2905 quibus
1603 2843 1881 2907 comparat

279 2936 483 2992 poenam
529 2922 727 2993 culpae,
779 2930 837 2977 ut
884 2922 1020 2978 sicut
1070 2931 1263 2979 contra
1306 2930 1556 2979 naturam
1604 2933 1879 2981 creantem

276 3019 656 3080 peccaverunt,
690 3011 767 3066 ita
794 3010 850 3066 in
877 3019 1070 3067 natura
1094 3011 1313 3083 propria
1342 3012 1678 3083 punirentur,
1730 3014 1873 3070 unde

278 3099 544 3155 concludit
579 3116 592 3155 :
624 3101 697 3155 Et
725 3101 1058 3157 mercedem.

347 3190 855 3245 Commutaverunt
881 3190 1211 3246 veritatem.
1248 3190 1479 3261 (Anam)
1517 3190 1730 3247 Nomen
1770 3191 1870 3246 Dei

277 3276 361 3348 qui
390 3285 470 3332 est
501 3293 687 3345 verus,
722 3277 989 3333 dederunt
1017 3278 1101 3333 his
1130 3278 1223 3350 qui
1251 3294 1359 3334 non
1390 3286 1514 3334 sunt
1541 3279 1635 3335 dii.

338 3384 530 3456 (Αυα.)
563 3384 779 3441 Veritas
807 3392 1067 3441 creaturae
1097 3401 1129 3440 a
1158 3387 1274 3441 Deo
1304 3394 1405 3452 est,
1431 3387 1529 3441 sed
1558 3402 1669 3442 non
1697 3388 1865 3455 Deus,

273 3487 425 3543 quam
456 3473 538 3527 illi
568 3473 624 3527 in
651 3474 995 3530 mendacium
1024 3483 1422 3540 converterunt,
1447 3486 1723 3531 creaturas
1752 3484 1868 3531 tan-

273 3577 428 3631 quam
457 3563 776 3618 Creatorem
808 3563 1072 3619 colentes.

334 3665 403 3719 Et
430 3666 758 3730 coluerunt,
792 3672 896 3720 etc.
932 3665 1042 3720 Sed
1073 3681 1141 3721 ne
1170 3666 1371 3733 dicant,
1406 3680 1515 3722 non
1549 3666 1669 3723 colo
1702 3667 1867 3723 simu-

268 3750 432 3821 lacra,
460 3753 563 3807 sed
594 3768 682 3808 res
703 3768 908 3823 eorum,
931 3762 989 3809 ut
1018 3754 1208 3824 solem,
1230 3754 1378 3809 addit
1409 3771 1421 3810 :
1445 3757 1518 3810 Et
1546 3758 1869 3813 servierunt

269 3844 565 3897 crcaturw.
596 3841 698 3897 Hie
728 3843 945 3897 damnat
974 3859 1094 3915 quae
1140 3844 1195 3897 in
1244 3843 1550 3899 simulacris
1598 3845 1868 3917 intellige-

267 3928 410 3984 bant.
444 3931 647 3985 Amen.
673 3929 841 3999 Quasi
871 3931 1012 3987 dicat
1037 3950 1050 3986 :
1074 3933 1274 3987 Verum
1302 3940 1405 4000 est,
1428 3934 1572 4005 quod
1592 3935 1706 3989 Deo
1737 3950 1866 3990 vero

268 4015 573 4074 benedictio
600 4027 680 4074 est
700 4019 754 4073 in
784 4020 983 4075 saecula
1005 4037 1017 4073 :
1041 4020 1146 4075 diis
1174 4029 1353 4076 autem
1370 4022 1614 4093 gentium
1635 4023 1702 4077 ad
1724 4033 1864 4078 tem-

263 4121 357 4247 pus
387 4107 640 4179 impietas
669 4108 758 4163 dat
786 4109 1068 4164 honorem.
1102 4110 1232 4165 Ideo
1262 4111 1406 4181 quod
1434 4110 1511 4165 illi
1540 4111 1745 4178 dicunt,
1782 4121 1865 4167 est

286 4194 484 4247 alsitas.

286 4194 484 4250 'alsitas.

327 4310 501 4366 Vens.
525 4312 617 4368 26.
643 4342 712 4351 —
742 4313 1057 4369 Passiones.
1083 4313 1143 4367 Id
1163 4321 1244 4369 est
1266 4314 1572 4386 voluptates
1603 4332 1742 4388 quae,
1763 4316 1864 4371 etsi

263 4396 556 4467 delectent,
589 4408 713 4455 sunt
739 4401 1021 4472 passiones
1055 4408 1252 4473 tamen,
1303 4410 1509 4459 naturae
1540 4420 1648 4459 non
1679 4404 1859 4461 nomi-

262 4489 472 4544 nandae.

329 4585 671 4642 Naturalem
692 4603 878 4644 usum.
904 4588 1088 4655 (AUG.,
1114 4589 1205 4645 lib.
1232 4604 1293 4643 ιιι
1322 4595 1474 4648 cont.
1500 4592 1615 4647 Jul.
1642 4592 1857 4664 Pctag.,

260 4685 307 4727 c.
329 4674 447 4745 20.)
464 4675 627 4730 Putas
645 4675 855 4732 Juliane
876 4677 1195 4747 Apostolum
1214 4694 1280 4734 ex
1295 4679 1401 4735 hoc
1420 4679 1668 4735 laudasse
1684 4680 1863 4736 libidi-

256 4776 396 4827 nem,
422 4770 554 4831 etc.,
578 4781 751 4838 usque
769 4765 841 4820 ad
862 4774 1046 4821 contra
1069 4776 1312 4821 naturam
1336 4776 1417 4823 est
1439 4776 1488 4823 et
1510 4768 1855 4839 ﬂagitiosum.

322 4872 493 4939 Vens.
530 4876 618 4931 27.
646 4906 715 4915 —
745 4877 815 4930 Et
840 4877 1173 4946 mercedem,
1208 4886 1311 4934 etc.
1345 4879 1536 4951 (Λυσι.)
1585 4879 1692 4935 Sed
1723 4881 1855 4935 istas

259 4975 447 5031 pmnas
476 4963 640 5033 pauci
670 4963 874 5033 vident,
907 4972 1033 5033 etc.,
1068 4983 1242 5039 usque
1270 4968 1343 5023 ad
1387 4976 1608 5039 peccata
1638 4977 1761 5024 sunt
1806 4979 1859 5025 et

257 5064 449 5118 poenae,
480 5051 761 5124 Oportuit.
787 5054 887 5109 Hic
907 5070 1072 5109 causa
1088 5064 1310 5127 prepter
1328 5073 1492 5129 quam
1508 5056 1688 5112 traditi
1709 5067 1852 5127 sunt,

260 5137 371 5193 sine
399 5139 510 5194 ulla
541 5140 889 5214 ambiguitate
917 5152 1270 5199 monstratur.

324 5253 497 5309 VERS.
532 5258 796 5312 28.—Et
825 5258 994 5325 sicut,
1021 5266 1124 5313 etc.
1147 5259 1278 5314 Item
1310 5260 1431 5332 quia
1463 5262 1701 5316 nondum
1730 5263 1858 5319 resi-

255 5339 484 5409 piscunt,
519 5343 572 5397 in
606 5344 714 5399 alia
744 5347 945 5401 ca'dunt
971 5363 1071 5417 pro
1103 5348 1293 5403 eadem
1325 5349 1499 5420 culpa.
1552 5351 1655 5406 Per
1684 5354 1849 5419 sicut,

1985 1815 2189 1872 indicat
2219 1816 2536 1888 qualitatem
2562 1818 2779 1874 mentis.

2057 1932 2227 1986 Vens.
2260 1936 2349 1989 32.
2383 1963 2453 1973 -
2482 1934 2653 2005 Digni
2684 1938 2820 1989 sunt
2855 1938 3053 1989 morte.
3089 1934 3173 1987 Ne
3204 1940 3464 2004 putentur
3502 1931 3588 1986 his

1983 2026 2190 2075 tantum
2218 2021 2395 2091 poenis
2424 2020 2589 2093 aﬁligi
2635 2022 2831 2093 quibus
2862 2022 3221 2089 delectantur,
3271 2020 3423 2077 addit
3452 2020 3582 2076 ulti-

1982 2123 2149 2178 mam,
2165 2117 2392 2164 mortem
2410 2118 2690 2165 aeternam.
2712 2111 2819 2178 Qui
2833 2113 3201 2167 consentiunt
3217 2110 3560 2182 facientibus
3573 2153 3585 2173 ,

1983 2203 2087 2253 etc.
2119 2197 2443 2253 Consentire
2472 2207 2555 2254 est
2584 2206 2789 2265 tacere,
2824 2214 2946 2255 cum
2976 2200 3157 2271 possis
3186 2215 3423 2273 arguere
3447 2217 3461 2265 ;
3494 2197 3583 2254 vel

1984 2302 2230 2342 errorem
2260 2286 2469 2343 fovere.

2544 2410 2768 2467 CAPUT
2797 2413 2867 2466 Il.

2053 2563 2224 2618 Vens.
2249 2568 2273 2617 1
2288 2606 2300 2617 .
2325 2594 2394 2603 -
2414 2566 2653 2637 PrOpter
2672 2566 2831 2637 quod,
2857 2573 2959 2620 etc.
2984 2566 3100 2622 Hoc
3129 2566 3491 2621 communiter
3510 2568 3580 2622 de

1983 2652 2240 2725 gentibus
2269 2660 2323 2707 et
2341 2653 2563 2708 Iudaeis.
2587 2654 2806 2709 Judaeus
2822 2654 3102 2723 judicabat
3119 2655 3399 2727 gentilem,
3421 2671 3583 2726 prop-

1980 2748 2066 2795 ter
2085 2742 2329 2811 priorem
2346 2749 2546 2796 statum
2566 2759 2579 2795 :
2602 2742 2824 2813 gentilis
2840 2743 3087 2798 Judaeum
3106 2761 3120 2797 :
3142 2752 3372 2814 uterque
3391 2744 3575 2810 homo,

1978 2845 2087 2884 non
2119 2830 2363 2901 spiritus.
2385 2831 2441 2887 Si
2469 2831 2689 2886 Iudaeus
2712 2831 2924 2899 judicat
2950 2832 3211 2903 gentilem
3242 2832 3312 2887 de
3344 2832 3578 2889 idolola-

1978 2918 2102 2984 tria,
2137 2927 2190 2974 et
2219 2919 2322 2989 ipsi
2353 2918 2670 2975 idololatrm.
2703 2920 2759 2975 Si
2788 2920 3007 2992 gentilis
3036 2921 3287 2977 Judaeum
3336 2921 3406 2997 de
3437 2920 3578 2995 legis

1979 3008 2449 3078 praevaricatione,
2480 3017 2535 3063 et
2562 3008 2681 3080 ipse
2710 3008 3107 3076 praevaricator.
3118 3010 3386 3066 naturalis
3414 3010 3573 3081 legis.

1970 3098 2408 3153 Inexcusabilis.
2428 3096 2571 3166 Quia
2592 3105 2648 3153 tu
2678 3097 2796 3169 ipse
2814 3098 2969 3153 testis
2987 3115 3049 3155 es
3063 3098 3432 3155 damnationis
3450 3107 3573 3166 tuae,

1972 3186 2103 3241 dum
2132 3185 2296 3241 alium
2309 3186 2527 3256 judicas
2553 3205 2566 3240 :
2591 3203 2759 3257 quare
2781 3188 2885 3243 hoc
2898 3188 2926 3242 ?
2946 3187 3074 3259 quia
3094 3188 3289 3243 eadem
3309 3187 3449 3260 agis.
3472 3189 3580 3256 Qui

1965 3274 2214 3347 judicas.
2235 3275 2296 3328 In
2325 3290 2431 3347 quo
2460 3275 2699 3330 ostendit
2729 3291 2788 3330 se
2811 3291 2934 3331 esse
2967 3275 3115 3347 quod
3144 3292 3255 3331 non
3285 3284 3387 3342 est,
3407 3277 3462 3332 id
3494 3286 3578 3333 est

1963 3366 2189 3436 justum.
2209 3364 2417 3419 Eadem
2435 3366 2590 3419 enim
2611 3365 2749 3436 agis.
2770 3365 2995 3420 Inanem
3015 3365 3423 3421 excusationem
3443 3383 3578 3438 gen-

1969 3451 2103 3506 tium
2135 3460 2189 3507 et
2215 3452 2527 3507 Judazorum
2571 3468 2666 3507 sua
2704 3454 3026 3509 auctoritate
3070 3454 3301 3509 destruit
3330 3457 3570 3526 Aposto-
3668 3508 3673 3509 ,

1968 3540 2055 3594 lus
2087 3557 2100 3594 :
2132 3548 2318 3611 posset
2354 3541 2498 3596 enim
2543 3542 2947 3597 excusationem
2989 3543 3205 3613 peccati
3256 3544 3340 3598 sui
3387 3544 3572 3601 dicere

1964 3629 2184 3683 Judmus
2217 3647 2229 3682 :
2264 3629 2377 3683 Etsi
2408 3645 2574 3703 agam
2603 3630 2816 3697 eadem,
2854 3639 3035 3685 tamen
3067 3647 3155 3686 me
3188 3633 3436 3688 Judaeum
3469 3634 3570 3689 de-

1965 3715 2133 3772 fendit
2164 3733 2337 3788 genus
2369 3726 2420 3773 et
2453 3719 2558 3787 lex,
2590 3735 2678 3774 me
2707 3719 2967 3790 gentilem
2997 3719 3324 3792 ignorantia.
3372 3721 3574 3776 Contra

1967 3807 2278 3877 Apostolus,
2313 3807 2419 3875 Qui
2442 3808 2688 3880 judicas,
2724 3816 2827 3863 etc.

2040 3894 2304 3967 (Tuaen)
2333 3897 2430 3950 Est
2461 3904 2643 3951 autem
2693 3896 3040 3953 manifestum
3082 3898 3149 3952 iis
3196 3897 3288 3969 qui
3336 3898 3568 3969 sapiunt,

1968 3985 2115 4055 quod
2162 3985 2253 4056 qui
2302 4001 2361 4039 se
2409 3985 2593 4058 inique
2642 3995 2868 4058 gerunt,
2920 3986 3107 4044 divina
3148 3987 3418 4043 sententia
3463 4004 3569 4059 pu-

1970 4073 2208 4128 niuntur.

2034 4176 2205 4231 Vnus.
2229 4179 2281 4249 3‘.
2308 4206 2377 4215 —
2399 4178 2711 4234 Existimas
2732 4183 2944 4234 autem.
2970 4178 3344 4234 Communiter
3370 4179 3570 4252 legitur

1963 4265 2067 4320 hoc
2098 4264 2393 4336 capitulum
2424 4274 2611 4321 contra
2642 4267 2861 4323 Iudaeos
2893 4276 2945 4322 et
2972 4268 3240 4339 gentiles;
3272 4275 3452 4339 potest
3477 4275 3565 4323 ta-

1962 4369 2087 4408 men
2120 4361 2172 4408 et
2201 4354 2512 4425 specialiter
2542 4355 2653 4427 legi
2684 4364 2871 4411 contra
2901 4356 3317 4426 superciliosum
3366 4373 3564 4427 quem-

1883 4425 1936 4485 D
1966 4442 2097 4496 libet
2125 4442 2390 4499 Ecclesim
2419 4425 2719 4513 praelatum.
2771 4444 2911 4511 Quia
2944 4425 3007 4500 tu
3036 4444 3287 4516 eﬁugies.
3337 4425 3560 4514 Peccas,
3634 4468 3639 4473 ’
3707 4518 3713 4525 .

1964 4530 2092 4585 dum
2121 4530 2217 4584 tibi
2248 4531 2620 4601 impunitatem
2651 4531 2941 4602 promittis,
2974 4532 3194 4603 gravius
3228 4551 3240 4587 :
3278 4534 3404 4605 quia
3435 4550 3565 4590 con-

1963 4619 2161 4673 temnis
2189 4620 2391 4674 bonum
2423 4620 2543 4685 Dei,
2573 4628 2624 4675 et
2656 4620 2877 4692 ignoras
2906 4629 2958 4675 te
2988 4629 3439 4691 contemnere,-et
3457 4624 3562 4680 hoc

1961 4707 2098 4764 facis
2118 4709 2147 4763 ?
2176 4708 2502 4779 Increpatio,
2537 4710 2689 4779 quasi
2719 4709 2926 4765 diceret
2959 4728 2971 4763 :
3006 4710 3196 4765 Mirum
3229 4721 3329 4767 est.

2033 4822 2203 4877 Vnus.
2228 4823 2278 4876 4.
2304 4853 2373 4862 -—
2393 4823 2478 4877 An
2508 4823 2735 4879 divitias
2766 4823 3055 4881 bonitatis.
3083 4826 3312 4896 (Anam)
3331 4826 3563 4899 Copiosa

1960 4918 2043 4966 est
2074 4911 2290 4965 bonitas
2320 4928 2440 4982 quae
2470 4911 2637 4966 multa
2667 4920 2719 4967 et
2746 4912 2948 4980 multis,
2982 4921 3110 4984 etc.,
3158 4931 3333 4988 usque
3362 4917 3435 4973 ad
3463 4917 3560 4973 sed

1961 4999 2031 5055 ad
2060 4999 2436 5070 impunitatem
2464 5001 2641 5055 vertit.

2033 5089 2202 5143 Vnus.
2229 5091 2287 5144 5.
2320 5120 2388 5129 —
2408 5090 2727 5147 Secundum
2756 5095 2969 5147 autem.
2995 5092 3130 5147 Sunt
3160 5092 3306 5147 enim
3337 5095 3561 5166 quidam

1957 5176 2154 5249 quibus
2186 5178 2330 5232 mala
2361 5195 2483 5250 quae
2512 5187 2680 5249 agunt
2709 5180 3018 5250 displicent,
3037 5188 3091 5236 et
3117 5181 3263 5238 ducti
3289 5184 3558 5253 poeniten-

1955 5267 2031 5321 tia
2060 5267 2264 5331 cordis,
2289 5274 2555 5339 quatenus
2576 5268 2656 5323 eis
2684 5270 2841 5323 datur
2870 5286 2935 5324 ex
2968 5270 3047 5325 eis
3069 5270 3238 5335 exire,
3261 5271 3513 5328 laborant
3538 5292 3551 5327 :

1954 5356 2023 5410 de
2052 5355 2247 5427 quibus
2276 5356 2364 5410 hic
2393 5373 2503 5411 non
2530 5356 2787 5429 loquitur.
2820 5359 2956 5414 Sunt
2984 5359 3076 5414 alii
3107 5361 3306 5432 quibus
3335 5361 3557 5431 placent

257 5444 467 5497 poenam
501 5442 725 5503 peccato
754 5434 1036 5501 assimilat,
1071 5437 1215 5507 quod
1246 5437 1382 5493 sicut
1413 5449 1770 5509 peccaverunt
1800 5441 1852 5495 in
1951 5444 2111 5509 mala,
2150 5451 2201 5499 et
2229 5444 2297 5499 de
2328 5444 2708 5501 misericordia
2751 5448 2849 5503 Dei
2881 5448 3042 5503 nimis
3072 5456 3466 5519 praesumentes
3497 5448 3554 5503 in

256 5531 414 5573 sensu
446 5520 567 5586 Dei,
592 5522 669 5577 sic
696 5522 869 5593 puniti
902 5530 1027 5579 sunt
1056 5524 1113 5578 in
1143 5524 1362 5598 preprio
1383 5545 1567 5584 sensu.
1592 5530 1710 5585 Non
1726 5547 1855 5602 pro-

1953 5533 2033 5587 eis
2063 5533 2414 5604 pertinaciter
2461 5535 2775 5605 perdurant,
2823 5536 2879 5590 in
2926 5552 3032 5609 quo
3076 5537 3217 5597 illius
3260 5537 3553 5592 ostendunt

255 5605 545 5665 baverunt.
583 5608 717 5680 Quia
748 5628 854 5667 non
887 5622 1155 5670 noverunt
1181 5616 1353 5673 Deum
1386 5618 1583 5673 habere
1622 5617 1675 5673 in
1708 5620 1851 5674 noti-
1951 5622 2287 5695 patientiam,
2317 5631 2368 5678 et
2399 5640 2552 5679 suam
2571 5626 2847 5681 cumulant
2870 5605 3139 5683 sarcinam
3168 5624 3406 5681 deterius
3424 5641 3552 5698 pec-
