3964 6180
381 286 486 341 4⁵75

985 270 1389 346 WALA‘FRIDI
1427 288 1671 345 STRABI
1714 287 1910 344 FULD.
1946 287 1974 340 lt

2090 285 2117 343 l.
2155 285 2306 343 OPP.
2342 287 2516 344 PARS
2546 287 2588 342 Ι.
2622 317 2691 329 -
2718 285 3194 344 THEOLOGICA.
3285 299 3291 305 ‘

3568 289 3670 342 476

392 411 585 468 cando.
622 413 756 469 Sunt
790 422 843 470 et
886 413 975 469 alii
1004 413 1202 487 quibus
1245 413 1534 485 displicent
1563 414 1783 486 quidem
1822 413 1985 479 mala,
2005 412 2061 473 A
2090 414 2235 468 enim
2257 430 2359 484 pro
2381 413 2588 481 auditu,
2613 413 2709 468 sed
2731 413 2968 471 factores
3012 412 3344 486 quicunque,
3379 412 3525 487 quod
3558 412 3681 485 qui-

393 501 491 556 sed
522 503 777 575 quoniam
810 504 999 576 gravia
1033 519 1155 559 esse
1184 504 1508 576 intelligunt,
1532 512 1721 574 putant
1751 502 1853 557 sibi
1877 503 1994 571 jam
2094 502 2220 556 dem
2238 510 2319 557 est
2348 520 2450 574 per
2479 502 2734 576 gratiam.
2768 503 2873 559 Sed
2901 506 3167 575 factores,
3226 502 3283 557 id
3313 510 3415 570 est,
3449 501 3541 574 qui
3561 517 3683 558 cre-

393 607 503 646 non
533 608 698 663 posse
728 592 959 667 ignosci,
982 593 1121 648 sicut
1151 592 1240 647 ille
1272 592 1362 663 qui
1391 592 1561 648 dixit:
1589 594 1759 666 Major
1779 597 1861 648 est
1878 593 1994 647 ini-

391 682 577 753 quitas
606 698 732 737 mea
762 681 920 754 (Gen.
957 683 1055 753 ιν),
1092 689 1194 737 etc.
1231 680 1313 736 Illi
1344 698 1478 753 ergo
1508 681 1672 736 nimia
1704 698 1800 753 spe
1816 682 1991 736 Deum

390 785 500 825 non
524 771 731 840 justum
762 778 1036 825 autumant
1069 788 1081 825 :
1114 770 1200 825 isti
1230 786 1361 827 vero
1392 770 1771 842 desperatione
1815 773 1990 825 Deum

391 874 500 913 non
531 859 734 914 bonum
764 859 1052 915 aestimant.
1074 861 1154 915 Ex
1184 868 1415 933 utroque
1445 876 1579 931 ergo
1609 860 1991 932 periclitabun-

387 953 495 1013 tur,
522 956 573 1002 et
607 950 880 1019 sperando
912 959 963 1004 et
995 950 1361 1021 desperando,
1394 950 1681 1005 contrariis
1730 950 1894 1005 rebus
1937 948 1990 1005 et

387 1037 675 1093 contrariis
704 1036 1083 1095 al’fectionibus
1114 1039 1446 1102 laborantes,
1482 1039 1757 1110 peribunt.

459 1128 610 1182 Justi
629 1129 859 1200 judicii.
896 1128 1120 1201 (Gram)
1165 1131 1375 1184 Justum
1401 1128 1665 1198 judicium
1709 1128 1810 1184 Dei
1858 1128 1989 1183 dixit

388 1231 531 1283 esse,
566 1224 693 1287 etc.,
728 1234 901 1292 usque
934 1218 1005 1274 ad
1034 1234 1144 1273 non
1170 1224 1349 1289 potest
1376 1217 1694 1290 poenitentia
1723 1218 1989 1290 prodesse

382 1305 659 1376 peccanti.

456 1420 627 1476 Vens.
658 1425 709 1477 6.
734 1451 803 1463 —
837 1422 942 1491 Qui
970 1423 1165 1479 reddet
1192 1423 1518 1496 unicuique.
1551 1420 1656 1490 Qui
1686 1422 1850 1477 modo
1882 1421 1988 1477 illis

381 1526 519 1583 quos
545 1510 761 1575 liberat,
781 1528 891 1567 non
930 1512 1123 1581 reddit,
1146 1512 1401 1584 quoniam
1432 1527 1565 1583 erga
1591 1511 1806 1583 iniquos
1822 1512 1986 1567 modo

381 1600 539 1673 larga
565 1608 647 1655 est
677 1600 795 1669 ejus
826 1601 1059 1656 bonitas.
1102 1602 1162 1655 In
1192 1601 1368 1656 futuro
1396 1608 1575 1656 autem
1605 1601 1796 1657 reddet
1840 1600 1987 1656 mala

379 1704 479 1759 pro
494 1688 672 1757 malis,
693 1690 947 1760 quoniam
964 1691 1143 1760 justus
1178 1708 1191 1744 :
1227 1691 1367 1745 bona
1396 1705 1497 1761 pro
1530 1689 1707 1754 malis,
1728 1690 1984 1762 quoniam

2092 590 2227 645 dunt
2256 592 2313 647 in
2351 591 2647 657 Christum,
2700 608 2862 666 quem
2911 591 2996 646 lex
3056 591 3325 662 promisit,
3378 590 3685 665 quicunque

2091 679 2216 747 sint,
2250 681 2397 753 quod
2427 696 2535 736 non
2549 689 2631 735 est
2662 680 2766 735 nisi
2797 696 2897 752 per
2922 679 3178 753 gratiam.

2164 780 2349 846 (AUG.,
2376 777 2470 832 lib.
2505 779 2570 833 de
2608 778 2754 849 Spir.
2789 781 2844 833 et
2878 779 2987 844 lit.,
3028 793 3077 834 c.
3110 777 3226 849 26.)
3257 778 3518 837 Faetores
3553 779 3683 850 legis

2078 867 2572 939 justiﬁcabuntur,
2598 867 2653 921 id
2689 874 2790 933 est,
2818 865 2950 936 justi
2977 865 3400 938 deputabuntur,
3434 865 3521 922 vel
3556 865 3686 935 justi

2090 954 2219 1010 ﬁent
2276 972 2384 1011 non
2428 955 2520 1027 qui
2577 964 2702 1011 ante
2741 964 2896 1011 erant
2935 954 3171 1012 factores
3222 954 3682 1025 justiticabuntur,

2090 1053 2217 1126 quia
2248 1053 2410 1108 etiam
2432 1061 2644 1126 gentes.

2158 1143 2326 1197 Vens.
2361 1145 2449 1197 14.
2473 1173 2542 1184 -
2568 1143 2705 1198 Cum
2722 1144 2901 1209 enim,
2934 1149 3039 1198 etc.
3067 1142 3245 1213 Supra
3279 1141 3492 1197 dixerat
3513 1142 3683 1213 genti-

2088 1230 2198 1286 lem
2218 1231 2488 1299 damnari,
2522 1231 2569 1286 si
2588 1232 2733 1287 male
2754 1239 3114 1303 operaretur;
3148 1231 3371 1301 salvari,
3403 1231 3451 1286 si
3483 1232 3623 1286 bene
3653 1248 3667 1285 :

2087 1321 2185 1375 sed
2214 1337 2340 1376 cum
2367 1320 2550 1392 legem
2592 1336 2703 1375 non
2739 1321 2959 1389 habeat,
3010 1319 3169 1393 quasi
3215 1320 3423 1376 nesciat
3462 1319 3596 1392 quid
3616 1319 3683 1376 sit

2086 1409 2290 1465 bonum
2321 1409 2519 1481 quidve
2549 1409 2772 1477 malum,
2806 1410 3020 1465 videtur
3051 1408 3155 1464 sibi
3188 1416 3445 1464 neutrum
3473 1409 3678 1465 debere

2084 1498 2358 1569 imputari.
2392 1499 2594 1554 Contra
2613 1498 2945 1569 Apostolus:
2992 1498 3109 1553 Etsi
3156 1514 3267 1554 non
3312 1499 3514 1554 habeat
3552 1497 3684 1554 scri-

2084 1595 2235 1658 ptam
2255 1587 2456 1661 legem,
2489 1588 2654 1643 habet
2684 1595 2867 1642 tamen
2897 1587 3205 1643 naturalem
3238 1605 3250 1640 :
3284 1603 3393 1659 qua
3423 1587 3678 1660 intelligit

2085 1684 2137 1730 et
2166 1676 2269 1731 sibi
2298 1677 2552 1733 conscius
2574 1685 2657 1731 est
2689 1677 2819 1748 quid
2851 1676 2919 1731 sit
2949 1677 3152 1731 bonum
3202 1684 3255 1731 et
3286 1676 3417 1748 quid
3454 1676 3522 1730 sit
3556 1691 3678 1730 ma-

383 1778 561 1833 bonus
577 1786 630 1833 et
650 1779 850 1848 justus.
884 1781 1115 1833 Tantum
1135 1779 1279 1833 mala
1308 1795 1410 1850 pro
1442 1779 1598 1834 bonis
1629 1795 1738 1833 non
1770 1779 1979 1845 reddet,
2001 1778 2053 1838 B
2083 1765 2214 1835 lum:
2237 1765 2425 1821 Vitium
2456 1765 2657 1837 (ῙίιίΡΡθ
2686 1772 2877 1821 00mm
2898 1773 3151 1820 naturam
3181 1772 3284 1831 θεῖν
3319 1765 3468 1836 (μιοά
3489 1765 3678 1837 “lique

384 1867 643 1937 quoniam
675 1868 905 1936 injustus
936 1884 1044 1923 non
1075 1876 1175 1923 est.

455 1955 682 2027 (Gnac.)
705 1957 788 2011 Ad
813 1956 1075 2026 justitiam
1105 1957 1358 2028 pertinet,
1383 1964 1442 2011 ut
1470 1972 1744 2028 nunquam
1776 1956 1980 2027 suppli-

379 2043 464 2100 cio
498 2053 735 2115 careant,
766 2061 999 2117 quorum
1031 2063 1207 2111 mens,
1241 2053 1369 2116 etc.,
1401 2062 1573 2119 usque
1602 2046 1674 2102 ad
1703 2045 1979 2100 teternali-

389 2142 471 2187 ter
500 2133 679 2204 puniri
711 2134 1007 2190 hominem.

460 2223 624 2278 Vens.
652 2227 703 2277 8.
728 2254 797 2263 —
826 2225 1168 2296 Indignatio.
1186 2225 1268 2279 Ne
1298 2224 1549 2278 videatur
1577 2222 1761 2290 irasci,
1787 2231 1839 2278 et
1869 2239 1980 2278 non

385 2310 664 2367 vindicare
696 2330 711 2366 :
743 2313 888 2368 unde
917 2313 1191 2368 tribulatio
1223 2320 1275 2367 et
1304 2312 1575 2385 angustia.

452 2402 622 2456 Vens.
640 2405 766 2455 9.—
788 2402 1092 2458 Tribulatio
1109 2406 1165 2458 et
1185 2404 1468 2474 angustia.
1491 2401 1710 2457 Interim
1726 2401 1781 2455 in
1798 2402 1979 2458 anima

384 2490 502 2545 sola
531 2498 655 2546 ante
680 2491 962 2562 judicium,
996 2499 1118 2561 post
1143 2491 1407 2560 judicium
1436 2500 1616 2546 autem
1646 2492 1728 2545 ira
1757 2499 1811 2545 et
1839 2491 1978 2545 indi-

379 2580 582 2650 gnatio.
617 2580 681 2634 In
711 2596 953 2635 omnem.
989 2580 1149 2649 Quod
1179 2596 1343 2651 supra
1382 2579 1679 2645 indefinite,
1728 2580 1803 2634 ibi
1836 2598 1849 2634 :
1884 2583 1979 2635 His

383 2672 577 2723 autem
608 2670 722 2741 qui,
756 2668 844 2723 hic
872 2668 1271 2734 universaliter,
1294 2676 1353 2722 ut
1382 2668 1622 2724 includat
1649 2669 1895 2723 Judmum
1925 2676 1978 2724 et

385 2756 666 2827 gentilem.
690 2758 956 2813 Ani-mam
984 2757 1134 2825 dicit,
1160 2757 1285 2828 quia
1313 2757 1380 2811 de
1410 2756 1693 2812 incredulo
1722 2757 1834 2829 agit
1861 2757 1978 2810 ani-

385 2858 629 2916 ma,‘pro
659 2845 814 2914 cujus
841 2846 1066 2916 pertidia
1095 2845 1394 2901 aretabitur
1423 2845 1692 2916 spirituali
1720 2862 1901 2916 paena.

449 2935 632 2990 Judaei
654 2936 927 3006 primum.
964 2935 1193 3005 (ΑΜΒΚ.)
1221 2921 1715 3005 ,Ιυᾱξειιηιέθηιρθτ
1744 2942 1976 3005 antepo-

376 3023 453 3076 nit
486 3040 499 3077 :
534 3023 657 3094 quia
688 3022 826 3078 sicut
856 3024 1090 3078 credens
1134 3022 1582 3079 honorificentior
1622 3031 1705 3078 est
1751 3032 1977 3095 propter

376 3112 667 3180 Abraham,
718 3112 792 3166 ita
838 3110 1090 3167 ditiidens
1132 3113 1286 3183 pejus
1334 3112 1649 3168 tractandus
1691 3121 1800 3183 est,
1847 3113 1975 3185 quia

375 3200 649 3271 promissa
678 3200 918 3271 patribus
950 3199 1223 3255 refutavit.

450 3317 619 3371 Vens.
639 3320 813 3371 H.—
833 3318 952 3373 Non
984 3321 1069 3373 est
1100 3319 1271 3384 enim,
1307 3325 1412 3376 etc.
1446 3319 1699 3391 Coaequat
1727 3319 1974 3375 Judaeum

376 3411 428 3461 et
459 3405 717 3477 gentilem
764 3405 821 3459 in
860 3422 1019 3477 poena
1065 3416 1116 3461 et
1159 3407 1381 3480 gloria:
1415 3407 1539 3480 quia
1583 3409 1730 3463 Deus
1768 3409 1976 3478 judicat

372 3510 481 3549 non
501 3495 800 3550 secundum
838 3511 1122 3566 personas,
1141 3497 1237 3551 sed
1255 3498 1557 3552 secundum
1593 3498 1788 3553 merita
1811 3516 1824 3552 :
1849 3498 1976 3570 quia

373 3591 637 3656 utrosque
668 3585 967 3639 secundum
1000 3586 1218 3640 modum
1250 3587 1462 3656 peccati
1492 3587 1730 3642 damnat.

445 3672 674 3743 (ΑΜΒΚ.)
705 3674 1126 3745 Praerogativam
1156 3675 1377 3746 generis
1407 3692 1515 3730 non
1544 3677 1788 3748 sequitur
1826 3677 1975 3731 Deus

372 3768 429 3814 ut
463 3761 742 3832 suscipiat,
778 3777 939 3818 causa
971 3771 1207 3833 patrum,
1242 3762 1595 3829 difﬁdentem,
1639 3764 1726 3819 vel
1758 3764 1976 3833 abjiciat

372 3865 402 3902 a
435 3866 513 3919 se,
537 3858 757 3921 propter
785 3850 1157 3922 indignitatem
1189 3861 1492 3922 parentum,
1518 3853 1851 3921 credentem,
1878 3854 1975 3908 sed

370 3954 817 4010 unumquemque
860 3940 1084 4010 proprio
1128 3941 1321 3996 merito
1366 3949 1453 3995 aut
1502 3950 1832 4007 remunerat,
1885 3951 1975 3997 aut

375 4027 723 4083 condemnat.

446 4140 614 4195 Vens.
639 4144 723 4197 l2.
745 4172 813 4180 ——
834 4142 968 4198 Sine
1002 4144 1136 4214 lege.
1158 4142 1349 4213 (AUG.)
1372 4143 1500 4198 Ideo
1530 4144 1819 4215 Apostolus
1841 4162 1976 4218 gen-

370 4228 497 4283 tiles
527 4229 643 4285 sine
670 4229 794 4301 lege
825 4230 974 4296 dixit,
1009 4231 1133 4304 quia
1163 4232 1334 4303 Moysi
1366 4232 1545 4304 legem
1575 4233 1833 4305 scriptam
1865 4251 1973 4288 non

370 4327 721 4389 acceperant,
756 4336 919 4391 quam
950 4336 1009 4374 se
1039 4320 1320 4391 accepisse
1347 4321 1722 4394 gloriabantur
1776 4323 1970 4378 Judaei.

436 4408 502 4463 In
536 4409 670 4481 lege.
691 4409 822 4480 (Ιυ.)
846 4409 948 4478 Qui
976 4418 1243 4465 noverunt
1273 4410 1460 4465 divina
1491 4412 1764 4478 mandata,
1787 4411 1973 4466 aufer-

2083 1862 2239 1908 sanat
2259 1855 2459 1926 gratia.
2485 1855 2607 1909 Non
2625 1854 2771 1909 enim
2790 1870 2964 1926 usque
2985 1854 3124 1909 adeo
3154 1854 3211 1908 in
3236 1854 3472 1908 humana
3501 1853 3681 1908 anima

2079 1941 2264 2016 imago
2323 1951 2670 1998 terrenorum
2729 1941 3021 1999 affectuum
3067 1943 3192 1998 labe
3230 1942 3430 1999 detrita
3467 1950 3571 2008 est,
3622 1950 3681 1996 ut

2078 2032 2228 2087 nulla
2259 2032 2315 2086 in
2344 2048 2411 2087 ea
2458 2032 2786 2087 lineamenta
2841 2032 3226 2087 remanserint.
3284 2032 3407 2086 Non
3454 2031 3679 2087 omnino

2077 2121 2315 2177 deletum
2348 2129 2430 2176 est
2461 2122 2610 2192 quod
2640 2120 2717 2176 ibi
2745 2138 2847 2192 per
2875 2121 3171 2194 imaginem
3202 2120 3323 2188 Dei,
3343 2136 3469 2177 cum
3509 2121 3680 2177 homo

2078 2218 2373 2276 crearetur,
2398 2210 2727 2280 impressum
2757 2218 2858 2265 est.
2905 2209 3137 2265 Proinde
3184 2208 3315 2265 vitio
3359 2216 3548 2265 sanato
3578 2225 3681 2280 per

2078 2300 2332 2372 gratiam,
2350 2299 2666 2354 naturaliter
2687 2298 2819 2353 ﬁunt
2839 2315 2903 2353 ea
2916 2315 3037 2371 quas
3056 2298 3196 2371 legis
3224 2305 3366 2352 sunt.
3382 2299 3505 2353 Non
3528 2300 3679 2370 quod

2077 2404 2175 2458 per
2193 2396 2433 2442 naturam
2465 2396 2660 2459 negata
2681 2388 2749 2442 sit
2768 2387 2964 2459 gratia,
2998 2386 3285 2459 sedjpotius
3313 2403 3413 2458 per
3442 2390 3679 2459 gratiam

2080 2485 2331 2546 reparata
2376 2485 2617 2531 natura:
2662 2493 2767 2548 qua
2814 2475 2990 2547 gratia
3036 2476 3092 2530 in
3140 2475 3383 2531 interiori
3437 2476 3662 2531 homine

2078 2573 2335 2621 renovato
2391 2565 2477 2621 lex
2517 2564 2740 2633 justitia:
2801 2564 3140 2634 rescribitur,
3198 2580 3361 2637 quam
3389 2564 3674 2620 deleverat

2111 2653 2257 2724 ulpa.

2149 2767 2529 2823 Vens.15.-—
2561 2768 2707 2841 Opus
2756 2769 2910 2840 legis.
2954 2769 3053 2823 Est
3110 2767 3269 2835 ﬁdes,
3319 2784 3481 2841 quam
3529 2767 3676 2823 ultro

2076 2855 2280 2910 habent
2304 2855 2361 2910 in
2389 2856 2667 2923 cordibus,
2701 2857 2757 2911 id
2788 2865 2891 2925 est,
2921 2857 3111 2914 intimo
3139 2856 3357 2928 aﬁ‘ectu,
3410 2857 3503 2912 ubi
3534 2855 3674 2912 fides

2076 2961 2176 3015 per
2204 2945 2550 3002 dilectionem
2579 2953 2853 3017 operatur.

2148 3035 2315 3089 Vans.
2343 3038 2427 3089 17.
2461 3067 2530 3077 -—
2550 3036 2608 3091 Si
2627 3040 2821 3091 autem
2859 3040 2941 3101 tu,
2966 3043 3071 3093 etc.
3103 3035 3203 3092 Hic
3235 3035 3453 3091 Judaeos
3468 3050 3675 3109 aggre-

2004 3140 2053 3203 C
2077 3123 2242 3189 ditur,
2267 3124 2493 3195 gravius
2530 3139 2798 3180 accusans
2842 3141 2939 3181 eos
2986 3125 3056 3181 de
3112 3124 3373 3196 peccatis,
3426 3140 3493 3179 eo
3522 3125 3675 3198 quod

2075 3211 2234 3282 plura
2265 3212 2530 3267 haberent
2559 3213 2780 3269 auxilia.

2148 3302 2313 3355 Vens.
2352 3304 2436 3356 19.
2469 3332 2538 3341 —
2566 3304 2773 3358 Ducem
2818 3319 2955 3359 esse.
3007 3301 3195 3358 Cacos
3233 3310 3284 3356 et
3317 3302 3375 3357 in
3428 3302 3674 3357 tenebris

2077 3389 2371 3445 existentes
2392 3390 2520 3446 dicit
2567 3391 2820 3463 gentiles,
2856 3391 2947 3463 qui
2995 3399 3047 3446 et
3077 3391 3285 3447 ratione
3315 3390 3672 3462 privaticaeci

2076 3488 2199 3534 sunt
2235 3498 2249 3545 ;
2293 3487 2346 3534 et
2368 3479 2414 3534 si
2444 3479 2575 3551 quid
2603 3479 2797 3546 sciunt,
2822 3487 3002 3536 tamen
3030 3479 3085 3534 in
3115 3480 3356 3536 tenebris
3386 3487 3531 3535 sunt.

2146 3594 2313 3648 Vens.
2347 3597 2437 3649 20.
2461 3625 2530 3634 —
2557 3596 2863 3650 Habentem
2894 3599 3159 3667 formam.
3202 3596 3273 3651 Ut
3326 3595 3448 3650 aliis
3493 3610 3673 3651 exem-

2076 3682 2224 3754 plum
2252 3681 2493 3739 scientia;
2521 3682 2660 3755 legis
2718 3683 2793 3737 sis
2832 3692 2885 3738 et
2934 3684 3197 3739 veritatis.
3240 3682 3479 3753 Quidam
3525 3685 3673 3740 enim

2076 3771 2360 3827 scientiam
2399 3780 2451 3825 et
2474 3771 2811 3828 intellectum
2841 3771 3069 3841 alicujus
3106 3772 3233 3827 libri
3285 3773 3485 3829 habent
3516 3781 3569 3829 et
3599 3774 3671 3829 ita

2075 3860 2313 3915 sentiunt
2341 3860 2480 3916 sicut
2500 3869 2693 3917 auctor
2735 3862 2851 3933 ipse
2898 3862 3087 3929 sensit,
3121 3878 3230 3917 non
3251 3870 3430 3918 tamen
3464 3863 3674 3918 habent

2072 3948 2199 4005 inde
2222 3950 2513 4006 veritatem
2548 3968 2561 4005 :
2603 3950 2729 4022 quia
2748 3950 2999 4007 nesciunt
3046 3952 3326 4023 quomodo
3357 3952 3424 4006 sit
3451 3968 3666 4017 verum,

2074 4054 2177 4094 nec
2204 4039 2367 4093 etiam
2396 4055 2518 4093 esse
2569 4056 2761 4095 verum
2795 4057 2806 4094 :
2840 4041 2938 4095 sed
2957 4040 3175 4096 Iudaeus
3189 4042 3361 4110 jactat
3379 4057 3439 4096 se
3458 4041 3668 4096 habere

2074 4143 2296 4181 sensum
2316 4127 2475 4198 legis,
2511 4136 2565 4182 et
2592 4129 2735 4184 scire
2772 4145 2966 4184 verum
2995 4146 3118 4185 esse
3167 4145 3387 4184 sensum
3408 4128 3566 4184 illum
3594 4130 3672 4185 le-

2072 4215 2176 4287 gis,
2203 4216 2277 4270 ita
2298 4225 2353 4270 ut
2382 4216 2504 4271 aliis
2537 4216 2681 4273 scire
2711 4218 3020 4273 volentibus
3050 4218 3118 4272 sit
3147 4218 3447 4289 exemplar.
3506 4259 3519 4270 .

2145 4315 2315 4370 Vens.
2339 4318 2429 4372 24.
2463 4346 2532 4356 -
2564 4317 2775 4372 Nomen
2806 4319 2962 4373 enim
2989 4319 3110 4372 Dei.
3143 4318 3285 4372 Inter
3313 4326 3508 4389 gentes
3529 4318 3668 4374 blas-

2072 4404 2361 4474 phematur
2390 4421 2589 4461 nomen
2614 4405 2717 4460 Dei
2753 4422 2854 4476 per
2878 4406 3097 4461 Iudaeos
3122 4423 3135 4459 ε
3170 4405 3297 4478 quia
3318 4406 3667 4463 credentibus

367 4505 451 4551 tur
480 4497 549 4552 ab
580 4497 660 4553 eis
691 4499 987 4565 excusatio,
1021 4507 1151 4566 etc.,
1187 4516 1360 4572 usque
1391 4501 1465 4556 ad
1495 4500 1581 4556 vel
1608 4500 1971 4557 additamemo
1992 4502 2044 4563 D
2075 4493 2249 4549 Judaei
2280 4495 2515 4549 suadere
2555 4494 2865 4549 nitebantur
2893 4495 3173 4550 Christum
3201 4512 3311 4550 non
3331 4512 3455 4551 esse
3486 4497 3664 4553 Deum

367 4586 606 4656 propria:
641 4587 952 4642 voluntatis.

441 4676 879 4733 Judicabuntur.
901 4678 1025 4733 Non
1054 4686 1109 4731 ut
1141 4677 1293 4749 quasi
1312 4694 1413 4749 per
1440 4678 1624 4752 ignem
1653 4679 1789 4734 salvi
1816 4678 1966 4749 ﬁant,

364 4772 420 4818 ut
448 4765 668 4836 quidam
698 4766 902 4829 dicunt,
937 4768 1035 4821 sed
1064 4783 1292 4837 prorsus
1331 4768 1606 4837 peribunt.
1653 4769 1793 4825 Dicit
1824 4770 1970 4824 enim

365 4852 611 4908 Christus
657 4854 801 4925 quod
842 4853 1172 4909 tolerabilius
1204 4855 1307 4909 erit
1352 4856 1603 4911 Sodomae
1641 4857 1694 4910 in
1738 4857 1966 4927 judicio,

366 4957 531 5012 quam
560 4942 763 4997 Judzeis
791 4943 849 4996 in
879 4942 1153 4997 Christum
1181 4960 1292 4997 non
1321 4945 1689 5000 credentibus.
1724 4947 1792 5001 Et
1819 4946 1947 5001 item

366 5029 496 5085 dicit
525 5030 671 5100 quod
715 5030 1118 5086 excusationem
1161 5048 1269 5087 non
1312 5033 1589 5089 habebunt
1631 5036 1699 5090 de
1741 5044 1968 5106 peccato

364 5115 718 5181 inﬁdelitatis,
754 5118 881 5190 quia
910 5120 1058 5175 venit
1085 5128 1137 5173 et
1168 5121 1321 5176 locus
1352 5130 1433 5177 est
1461 5122 1541 5177 eis
1576 5141 1589 5177 :
1625 5124 1692 5179 de
1725 5141 1831 5197 quo
1863 5126 1965 5180 ha-

366 5207 493 5261 bent
525 5207 932 5263 excusationem
960 5208 1057 5275 illi,
1092 5209 1285 5281 quibus
1331 5227 1433 5267 nec
1462 5228 1563 5282 per
1613 5230 1672 5268 se
1720 5229 1822 5270 nec
1866 5232 1967 5285 per

366 5311 496 5351 suos
529 5296 742 5352 locutus
773 5305 872 5361 est,
897 5297 988 5368 qui
1019 5305 1202 5353 tamen
1234 5315 1341 5354 non
1371 5300 1630 5372 effugient
1662 5302 1965 5358 damnatio-

362 5400 487 5440 nem
524 5402 536 5439 :
573 5384 698 5456 quia
730 5386 825 5457 qui
854 5386 978 5442 sine
1009 5388 1146 5459 lege,
1180 5397 1284 5444 etc.
1331 5389 1559 5445 Leviora
1611 5398 1790 5447 tamen
1832 5409 1964 5462 pas-

366 5475 480 5530 suri
534 5474 664 5546 quia
693 5475 779 5531 cui
810 5474 933 5546 plus
962 5477 1327 5546 committitur,
1360 5480 1480 5550 plus
1507 5480 1576 5534 ab
1609 5496 1674 5535 eo
1706 5481 1961 5554 exigitur.

436 5590 605 5645 Vens.
630 5593 711 5643 13.
741 5620 808 5629 -
835 5591 953 5646 Non
991 5594 1143 5647 enim
1175 5594 1482 5649 auditores.
1508 5596 1700 5651 Nonne
1732 5597 1844 5653 sola
1879 5597 1965 5651 lex

366 5678 578 5732 salvat?
608 5680 749 5745 Non,
785 5679 908 5751 quia
941 5697 1048 5735 non
1081 5680 1204 5736 facit
1230 5681 1423 5748 justos,
1468 5691 1521 5739 et
1549 5685 1653 5740 hoc
1685 5694 1765 5740 est
1799 5704 1811 5739 :
1842 5687 1965 5741 Non

2070 4582 2380 4638 dicendum.
2413 4582 2513 4639 Vel
2540 4583 2665 4654 quia
2695 4582 2825 4638 olim
2879 4591 3071 4656 gentes
3127 4600 3235 4640 non
3265 4584 3668 4641 animadverte-

2069 4671 2197 4725 bant
2226 4671 2443 4726 Judzeos
2467 4671 2569 4727 sibi
2625 4672 2855 4728 traditos
2890 4688 2991 4744 pro
3022 4672 3179 4728 noxis
3209 4672 3340 4740 suis,
3364 4673 3465 4728 sed
3497 4674 3660 4731 idolis

2071 4760 2184 4813 suis
2204 4760 2404 4814 dabant
2418 4760 2649 4831 gloriam
2671 4761 2739 4815 de
2763 4761 2992 4817 victoria
3021 4776 3141 4829 sua,
3167 4761 3322 4834 quasi
3347 4761 3665 4818 Judeorum

2068 4849 2241 4904 Deum
2262 4848 2521 4905 vicissent
2536 4849 2589 4903 in
2615 4850 2837 4906 Judasis.

2139 4962 2309 5017 Vens.
2335 4966 2423 5019 25.
2458 4994 2525 5004 —
2551 4965 2914 5022 Circumeisio
2942 4966 3186 5039 quidem.
3206 4964 3463 5021 Ostendit
3493 4983 3664 5038 supra

2067 5050 2244 5122 legem
2274 5067 2384 5106 non
2434 5057 2629 5119 juvare
2677 5069 2791 5120 eos,
2841 5055 3005 5110 modo
3051 5054 3529 5111 circumcisionem
3561 5072 3667 5111 non

2060 5139 2251 5208 juvare
2273 5141 2343 5194 ad
2363 5141 3014 5211 obtinendamjustitiam.
3058 5143 3307 5209 Prodest,
3358 5145 3410 5199 si
3461 5146 3662 5216 legem,

2067 5235 2169 5282 etc.
2205 5226 2346 5296 Quia
2392 5229 2701 5286 obediendo
2750 5233 2885 5297 Deo,
2942 5231 3161 5303 signum
3216 5230 3342 5288 facit
3398 5234 3661 5303 veritatis,

2065 5315 2194 5370 dum
2223 5317 2456 5388 populus
2477 5318 2625 5373 rudis
2654 5320 2754 5373 sub
2787 5319 2977 5375 timore
2998 5321 3099 5375 Dei
3131 5320 3445 5377 custoditur.

2140 5424 2386 5480 Prodest.
2421 5423 2695 5494 Quaeritur
2715 5426 2986 5499 quomodo
3015 5426 3103 5483 hic
3121 5427 3250 5483 dicit
3277 5428 3661 5485 circumcisio-

2066 5528 2191 5567 nem
2219 5514 2503 5583 prodesse,
2530 5531 2656 5570 cum
2678 5515 2732 5570 in
2746 5515 3098 5587 sequentibus
3130 5516 3302 5573 dicat:
3344 5516 3403 5571 Si
3434 5517 3673 5574 circum-

2067 5600 2341 5671 cidamini,
2376 5603 2621 5657 Christus
2653 5603 2789 5658 nihil
2833 5603 2990 5660 Vobis
3030 5605 3320 5676 proderit?
3349 5605 3673 5678 Responde.

2066 5699 2189 5745 tur:
2226 5691 2534 5748 Secundum
2582 5701 2781 5749 statum
2832 5693 3173 5749 diversorum
3205 5702 3518 5765 temporum
3560 5697 3673 5753 hoc
