3948 6178
214 402 328 454 477

1164 394 1436 452 GLOSSA
1466 394 1876 452 ORDINARIA.
1905 421 1975 433 —
2005 392 2223 450 EPIST.
2253 393 2347 448 AD
2378 392 2547 449 ROM.

3414 398 3517 451 478

217 524 342 581 vult
370 521 621 595 intelligi.
662 522 804 576 Nam
858 520 1159 577 secundum
1187 527 1384 576 statum
1442 519 1643 593 veteijs
1683 519 1825 593 legis
1852 517 1911 579 A
1997 517 2167 573 Vens.
2201 520 2253 573 4.
2287 549 2355 558 -
2380 518 2574 573 Omnis
2602 522 2813 574 autem.
2850 519 2963 575 Hoc
2984 518 3153 584 addit,
3174 526 3231 573 ut
3249 528 3513 590 appareat

219 612 357 670 olim
385 610 594 684 profuit
620 610 986 677 circumcisio,
1019 610 1119 666 sed
1137 626 1248 666 non
1262 609 1466 682 profuit
1490 610 1560 665 ad
1591 609 1825 665 salutem
1921 606 2345 676 promissionem
2375 607 2474 661 Dei
2505 606 2700 662 factam
2731 624 2853 663 esse
2910 617 2962 664 et
3010 608 3353 679 completam,
3406 624 3516 664 non

178 736 184 745 ο
219 702 344 757 sine
375 700 647 773 spirituali
676 700 818 773 legis
844 699 1209 766 observantia,
1262 699 1331 755 de
1360 715 1466 771 quo
1496 698 1601 755 hic.
1662 699 1823 753 Modo
1920 703 2147 766 propter
2174 695 2410 769 aliquam
2432 696 2667 752 hominis
2696 697 3034 770 dignitatem,
3058 698 3155 753 sed
3171 705 3394 769 propter
3412 697 3518 753 mi-

217 798 425 860 autem,
457 789 667 847 scilicet
694 797 941 861 tempore
982 788 1188 861 gratiae,
1238 796 1530 861 postquam
1586 788 1826 843 exhibita
1922 784 2280 840 sericordiam

216 887 304 935 est
335 879 562 945 veritas,
594 894 705 934 non
729 878 895 934 modo
921 892 1031 935 non
1048 877 1287 951 prodest,
1323 878 1419 933 sed
1450 877 1613 934 etiam
1645 876 1820 945 obest,

216 968 287 1024 de
321 985 435 1040 quo
456 968 512 1023 in
542 968 913 1039 sequentibus.

292 1058 471 1114 Vens.
504 1061 595 1115 26.
615 1058 912 1115 —Nonne.
948 1055 1177 1113 Gentilis
1198 1056 1605 1128 comparatione
1633 1056 1721 1111 sui
1749 1064 1820 1122 te,

212 1162 246 1202 ο
276 1146 491 1214 Judaee,
524 1147 891 1202 damnabilem
952 1146 1204 1214 ostendit,
1240 1147 1333 1219 qui
1389 1162 1499 1203 non
1526 1162 1625 1219 per
1669 1153 1823 1203 natu-

212 1252 360 1301 ram,
398 1252 575 1309 neque
608 1252 709 1307 per
737 1235 1229 1302 circumcisionem,
1266 1236 1364 1292 sed
1396 1253 1493 1307 per
1517 1236 1699 1309 legem
1732 1251 1826 1291 no-

213 1324 366 1390 visti,
394 1325 542 1396 quod
571 1324 664 1380 ille
684 1340 782 1396 per
809 1332 1077 1393 naturam,
1099 1324 1154 1379 id
1184 1332 1266 1380 est
1294 1325 1571 1381 Christum
1591 1327 1619 1380 ?

289 1413 469 1468 Vens.
489 1415 580 1470 27.
603 1414 1103 1479 —Judicabit,etc.
1123 1412 1311 1485 (Onlc.
1342 1416 1406 1470 In
1432 1431 1605 1471 carne
1626 1418 1825 1471 estcir-

217 1502 932 1558 cumcisio.Circumcidere
952 1510 1034 1558 est
1064 1519 1129 1558 ex
1159 1503 1658 1574 genitalimembro,
1691 1513 1819 1569 etc.,

2331 803 2343 839 :
2387 793 2445 840 ut
2506 787 2679 860 gratia
2726 787 2883 843 detur
2930 787 3189 859 indignis,
3249 795 3301 842 et
3362 802 3517 843 com-

1922 873 2282 929 mendabilior
2314 874 2382 929 sit
2409 875 2603 946 gratia.
2638 877 2785 931 Deus
2816 884 2995 931 autem
3027 876 3222 931 dicitur
3248 892 3429 942 verax,
3463 875 3518 931 id

1923 968 2006 1016 est
2036 961 2389 1032 invariabilis,
2435 971 2544 1018 tam
2591 965 2647 1019 in
2703 965 2939 1020 essentia
2989 979 3152 1036 quam
3191 964 3245 1018 in
3275 964 3516 1035 promis-

1924 1049 2096 1107 sione.
2129 1053 2303 1108 Homo
2332 1053 2584 1120 mendax,
2615 1053 2669 1108 id
2699 1061 2904 1110 estnec
2924 1070 3116 1109 verum
3150 1069 3273 1110 esse
3310 1053 3517 1109 habens

1923 1148 2143 1207 naturae,
2178 1149 2232 1197 et
2259 1158 2358 1214 per
2375 1150 2597 1213 peccata
2626 1142 2892 1198 deﬂuens.

1997 1230 2191 1286 Omnis
2224 1231 2383 1288 homo
2414 1231 2683 1287 mendax.
2719 1232 2825 1300 Qui
2855 1239 3021 1305 negat
3040 1233 3211 1287 Deum
3258 1231 3517 1303 implesse

1920 1319 2193 1391 promissa
2226 1321 2369 1377 :hoc
2409 1321 2644 1378 maxime
2671 1321 2911 1388 Iudaeus,
2945 1338 3109 1394 quem
3156 1321 3319 1378 vincit
3348 1322 3513 1389 Deus,

1923 1422 2049 1464 cum
2078 1409 2171 1463 dat
2200 1409 2487 1480 promissa.

1997 1498 2192 1553 Omnis
2224 1499 2403 1555 homo.
2436 1500 2613 1555 Etiam
2639 1500 2878 1565 Iudaeus,
2908 1517 2979 1555 ne
3006 1501 3227 1572 dignior
3271 1501 3519 1557 videatur

218 1608 402 1663 usque
425 1591 499 1646 ad
527 1590 581 1645 in
604 1590 799 1663 quibus
816 1607 925 1645 non
946 1591 1127 1647 carnis
1155 1592 1517 1659 circumcisio,
1554 1594 1650 1647 sed
1681 1592 1822 1667 legis
1922 1584 1978 1640 in
2006 1602 2149 1642 novo
2179 1595 2321 1643 statu
2353 1605 2513 1660 quam
2545 1589 2783 1662 gentilis.

218 1679 541 1735 observatio
563 1688 665 1734 est.

287 1769 467 1823 Vens.
502 1772 590 1824 28.
621 1798 691 1809 —
720 1769 839 1824 Non
870 1770 1045 1824 enim.
1080 1768 1247 1838 Quasi
1282 1787 1295 1824 :
1331 1770 1471 1826 bene
1497 1777 1678 1841 potest
1705 1769 1820 1826 ﬁeri

1995 1676 2164 1731 Vens.
2200 1680 2251 1731 5.
2285 1709 2355 1720 -
2384 1678 2443 1733 Si
2474 1683 2667 1734 autem
2693 1680 2991 1752 iniquitas.
3024 1679 3170 1733 Dixit
3190 1680 3336 1751 quod
3364 1680 3515 1735 Deus

1922 1780 2083 1820 verax
2104 1773 2157 1819 et
2186 1766 2363 1821 omnis
2394 1767 2557 1821 homo
2588 1769 2843 1833 mendax,
2886 1776 2938 1823 et
2969 1769 3113 1839 quod
3142 1768 3383 1842 indignis
3428 1770 3518 1824 dat

214 1857 442 1912 Judazus
471 1856 711 1929 gentilis,
735 1865 787 1911 et
813 1856 1033 1929 gentilis
1051 1858 1288 1923 Judaeus,
1323 1857 1461 1913 sicut
1490 1859 1693 1915 dictum
1715 1867 1815 1915 est.
1848 1886 1901 1946 B
1924 1853 2084 1922 bona,
2118 1854 2173 1946 in
2205 1872 2311 1926 quo
2354 1857 2842 1912 commcndabilior
2875 1866 3099 1941 apparet
3142 1858 3260 1926 ejus
3311 1858 3514 1927 justitia

214 1945 469 2001 Iudaeus.
508 1946 892 2016 Interpretatur
920 1947 1195 2016 conﬁtens
1227 1967 1245 2002 :
1268 1948 1359 2019 qui
1377 1948 1521 2002 enim
1544 1965 1674 2004 vere
1705 1964 1821 2004 cre-

217 2033 295 2089 dit
326 2042 381 2089 et
412 2041 561 2090 recte
590 2033 893 2099 confitetur,
928 2052 1054 2090 vere
1085 2044 1167 2091 est
1195 2037 1435 2092 .ludmus.

1924 1951 1975 1998 et
1995 1942 2168 2016 gratia
2191 1962 2203 1998 :
2226 1946 2369 2001 unde
2390 1946 2618 2001 carnalis
2636 1946 2825 2001 dicens
2847 1948 3021 2002 Deum
3042 1938 3119 2000 uti
3139 1946 3295 2001 malis
3320 1967 3333 2015 ;
3359 1946 3516 2018 quasi

1924 2030 2286 2088 instrumento
2324 2035 2391 2088 ad
2422 2035 2655 2108 gloriam
2687 2051 2862 2102 suam,
2925 2052 2989 2089 eo
3046 2052 3156 2090 rem
3189 2036 3426 2104 deducit,
3462 2044 3518 2091 ut

286 2123 469 2178 Vens.
488 2127 577 2181 29.
608 2154 677 2163 —
708 2124 1070 2180 Gircumcisio
1092 2125 1295 2181 cordis.
1330 2125 1546 2197 (Οιιια.)
1576 2127 1673 2181 Est
1702 2143 1824 2199 quas
1923 2120 2066 2176 dicat
2120 2122 2365 2194 iniquum
2422 2125 2596 2179 Deum
2645 2125 2737 2197 qui
2782 2125 2935 2195 punit
2982 2133 3207 2195 peccata
3250 2142 3372 2197 quae
3411 2124 3514 2179 sibi

215 2210 469 2283 puriﬁcat
514 2212 773 2278 animam,
833 2221 887 2270 et
951 2212 1206 2269 vitiorum
1248 2215 1492 2270 maculas
1530 2215 1818 2270 abscindit.

290 2303 471 2373 Cujus
508 2304 651 2358 laus.
675 2303 1125 2373 (Aunn.)Laudat
1154 2304 1300 2358 Deus
1321 2304 1656 2369 credentem,
1692 2312 1817 2374 etc.,

215 2406 398 2464 usque
424 2392 501 2447 ad
521 2391 667 2463 quod
697 2406 877 2447 coram
897 2392 1207 2447 hominibus
1227 2394 1525 2463 apparebat
1546 2393 1603 2447 in
1628 2409 1816 2465 Opere.

286 2481 416 2536 Non
445 2496 524 2536 ex
555 2480 891 2537 hominibus.
915 2482 1106 2552 (Auc.)
1125 2482 1608 2537 Circumcisionem
1639 2492 1819 2538 autem

215 2568 403 2624 cordis
422 2568 574 2639 dicit,
606 2585 799 2640 puram
828 2569 1035 2625 scilicet
1065 2570 1134 2625 ab
1153 2571 1302 2625 omni
1323 2571 1504 2626 illicita
1525 2572 1819 2643 concupis-

224 2658 417 2713 centia
444 2657 793 2713 voluntatem
827 2674 842 2711 :
871 2658 1016 2730 quod
1036 2675 1146 2715 non
1174 2658 1231 2713 tit
1279 2660 1457 2716 littera
1513 2662 1744 2718 docente
1776 2669 1831 2717 et

212 2746 484 2814 minante,
517 2747 617 2803 sed
637 2748 827 2819 spiritu
856 2748 1142 2817 adjuvante
1161 2756 1324 2821 atque
1358 2758 1600 2805 sanante.

838 2899 1063 2955 CAPUT
1101 2900 1193 2955 ΙΙΙ.

288 3027 471 3083 Vens.
507 3029 559 3081 1.
589 3057 659 3067 -
695 3026 838 3095 Quid
867 3042 996 3099 ergo
1012 3029 1279 3101 amplius.
1316 3028 1516 3099 Objicit
1549 3029 1650 3085 sibi
1673 3031 1819 3102 quod

214 3116 370 3172 videt
387 3131 556 3187 posse
575 3116 831 3186 objici,ut
862 3115 1055 3177 solvat.
1091 3116 1543 3190 Quandoquidem
1598 3120 1819 3176 Iudaeus

1922 2218 2169 2280 prosunt.
2204 2210 2364 2279 Quod
2395 2220 2656 2282 removet,
2690 2214 2879 2269 dicens
2916 2232 2926 2267 :

1993 2300 2257 2372 Nunquid
2284 2302 2533 2373 iniquus.
2568 2302 2715 2357 Deus
2760 2319 2927 2357 verax
2976 2312 3029 2357 et
3058 2305 3222 2358 homo
3258 2303 3511 2361 mendax.

1924 2387 1979 2443 Si
2010 2396 2188 2442 autem
2237 2390 2340 2444 hoc
2389 2398 2491 2456 est,
2540 2398 2592 2445 et
2638 2390 2709 2445 ita
2757 2391 3012 2462 iniquitas
3042 2400 3227 2447 nostra
3254 2393 3517 2462 justitiam

1922 2476 2023 2530 Dei
2053 2478 2418 2544 commendat,
2454 2479 2583 2549 quid
2614 2480 2769 2550 sequi
2797 2480 3012 2535 videtur
3032 2480 3236 2549 ?Quod
3252 2482 3399 2536 Deus
3421 2482 3517 2536 ini-

1923 2581 2061 2636 quus
2090 2574 2189 2620 est.
2227 2566 2334 2621 Sed
2364 2568 2607 2638 nunquid
2624 2568 2841 2639 iniquus
2861 2570 3008 2624 Deus
3031 2569 3123 2640 qui
3144 2570 3305 2624 infert
3325 2571 3467 2625 mala
3487 2572 3516 2626 ?

1991 2667 2162 2722 Vens.
2193 2670 2246 2722 7.
2280 2698 2349 2708 —
2369 2669 2427 2724 Si
2448 2670 2602 2724 enim
2633 2672 2862 2726 veritas.
2899 2671 3184 2740 Interjecta
3213 2671 3516 2727 remotione

1920 2754 2218 2826 iniquitatis
2249 2756 2348 2811 Dei
2378 2757 2519 2812 redit
2547 2758 2842 2829 Apostolus
2870 2760 2938 2813 ad
2967 2759 3345 2830 probationem
3388 2776 3514 2817 car-

1919 2843 2058 2897 nalis
2087 2844 2307 2899 nitentis
2337 2846 2575 2916 probare
2608 2848 2753 2918 quod
2794 2850 2941 2903 Deus
2989 2848 3058 2903 sit
3084 2849 3303 2922 iniquus
3333 2849 3377 2904 si
3407 2866 3514 2921 pu-

1919 2932 1998 2986 nit
2026 2932 2217 3001 malos,
2243 2935 2370 3006 quia
2402 2935 2446 2989 si
2474 2935 2600 2990 inde
2636 2936 2929 3009 gloriosior
2961 2956 2975 2993 :
3008 2938 3137 3009 quid
3185 2939 3345 2993 etiam
3369 2956 3513 2996 nunc

1918 3029 1969 3076 et
1998 3037 2107 3077 non
2137 3023 2312 3077 solum
2340 3023 2396 3078 in
2424 3023 2601 3079 futuro
2627 3025 2845 3094 judicor
2876 3026 3029 3099 quasi
3058 3035 3331 3098 peccator,
3367 3028 3513 3101 quod

1920 3125 2026 3166 non
2040 3127 2177 3166 .sum
2199 3113 2227 3167 ?
2256 3112 2354 3168 Vel
2389 3130 2401 3167 :
2434 3114 2648 3183 Adhuc,
2691 3114 2745 3169 id
2777 3123 2860 3171 est
2914 3124 3038 3187 post
3096 3117 3512 3173 conversionem

215 3203 271 3261 ﬁt
298 3205 553 3278 gentilis,
574 3213 627 3260 et
655 3221 685 3259 e
710 3220 996 3261 converso.
1015 3207 1160 3279 Ergo
1181 3207 1310 3278 quid
1340 3215 1422 3263 est
1451 3209 1576 3279 plus
1606 3209 1813 3275 Iudaeo,
1840 3247 1890 3310 Ο
1921 3207 2211 3271 postquam
2245 3200 2394 3300 dedit
2434 3202 2573 3257 dona
2602 3203 2848 3310 indign'o.
2882 3206 3022 3304 l‘latn
3066 3221 3190 3261 cum
3371 3207 3513 3262 male

216 3294 307 3365 qui
340 3293 545 3349 dicitur
570 3294 803 3364 populus
848 3294 1142 3365 peculiaris
1177 3295 1300 3361 Dei,
1334 3314 1495 3369 quam
1516 3298 1705 3369 gentili
1727 3299 1819 3370 qui
1842 3290 1890 3310 υ
1919 3304 2167 3343 mererer
2195 3306 2260 3345 ex
2289 3290 2446 3358 meis,
2479 3307 2589 3346 non
2618 3300 2732 3347 erat
2755 3292 3047 3365 gloriosior
3071 3312 3085 3360 ;
3109 3310 3171 3349 ac
3189 3294 3234 3349 si
3256 3295 3464 3351 diceret
3498 3312 3511 3350 :

218 3382 425 3439 dicitur
456 3383 609 3439 canis
656 3384 1023 3455 immundus?
1066 3393 1157 3439 aut
1199 3385 1328 3457 quid
1379 3396 1704 3443 consecutus
1740 3397 1820 3443 est

218 3472 285 3527 de
317 3472 744 3528 circumcisione
774 3471 905 3527 ?Ad
950 3474 1054 3530 hoc
1096 3475 1390 3551 respondet
1423 3492 1436 3531 :
1482 3477 1661 3533 Valuit
1700 3478 1816 3549 qui-

217 3561 345 3616 dem
379 3561 531 3627 olim,
576 3561 677 3616 sed
720 3577 828 3616 non
884 3562 1008 3618 ideo
1056 3563 1332 3633 digniores
1374 3574 1496 3618 sunt
1526 3566 1579 3619 in
1608 3564 1732 3635 fide,
1767 3574 1821 3621 et

218 3650 326 3706 hoc
357 3657 443 3704 est
473 3666 485 3705 :
509 3649 735 3706 Multum
764 3658 847 3705 est
874 3650 997 3722 plus
1026 3653 1214 3707 Judmo
1246 3655 1543 3708 secundum
1578 3655 1818 3725 priorem

218 3747 446 3804 statum,
480 3755 641 3810 quam
694 3739 903 3811 gentili,
953 3749 1007 3795 et
1052 3742 1157 3796 hoc
1183 3758 1285 3811 per
1324 3758 1540 3798 omnem
1572 3745 1814 3799 modum.

217 3826 417 3883 Omnis
448 3828 737 3883 modusest
755 3828 1386 3886 velinadministratione
1417 3833 1815 3902 temporalium,

219 3917 306 3972 vel
338 3916 673 3972 reseratione
705 3917 1058 3987 spiritualium
1086 3918 1143 3972 in
1191 3936 1298 3990 quo
1354 3930 1584 3993 utroque
1643 3922 1818 3978 multa

218 4005 426 4060 Iudaeis
454 4006 601 4060 Deus
629 4005 776 4073 fecit,
810 4023 932 4077 quas
960 4023 1067 4062 non
1098 4008 1351 4080 gentibus
1387 4027 1399 4063 :
1433 4018 1486 4064 et
1512 4010 1586 4065 ita
1616 4027 1817 4067 secun-

223 4093 357 4149 dum
388 4094 627 4165 priorem
659 4102 854 4150 statum
882 4095 1159 4167 digniores
1188 4095 1423 4153 fuerunt.

288 4184 466 4238 Vens.
498 4187 554 4241 2.
587 4186 932 4240 —Primum
950 4186 1193 4258 quidem,
1219 4195 1323 4243 etc.
1348 4186 1515 4257 Quasi
1549 4206 1563 4243 :
1599 4190 1669 4246 Ut
1710 4190 1819 4246 alia

217 4272 428 4327 minora
457 4272 525 4327 de
552 4273 941 4345 temporalibus
967 4276 1391 4345 praetermittam,
1435 4279 1541 4335 hoc
1583 4279 1817 4350 primum

219 4370 271 4417 et
291 4361 631 4434 praacipuum
688 4378 852 4434 pono,
911 4364 1039 4435 quia
1096 4365 1309 4437 eloquia
1364 4368 1602 4435 Domini,
1652 4369 1707 4424 id
1735 4378 1821 4425 est

219 4449 308 4505 lex
341 4458 394 4506 et
411 4452 721 4522 prOpbetaa,
782 4452 861 4508 eis
917 4461 975 4507 ut
1023 4454 1214 4511 amicis
1259 4464 1383 4510 sunt
1411 4457 1664 4513 credita:
1717 4475 1818 4529 per

218 4555 344 4611 qua?
364 4539 732 4614 intelligerent
758 4540 989 4597 futuram
1017 4544 1466 4615 redemptionem.
1494 4547 1603 4601 Sed
1623 4546 1773 4602 dices
1798 4566 1812 4603 :

215 4627 343 4683 Non
372 4628 496 4684 ideo
518 4630 639 4699 plus
668 4629 867 4685 factum
892 4639 976 4687 est
1032 4633 1111 4686 eis
1142 4633 1270 4704 quia
1317 4650 1426 4689 non
1468 4636 1816 4692 crediderunt

217 4717 467 4789 eloquiis,
499 4727 556 4773 ut
586 4719 860 4775 Christum
889 4718 1219 4792 promissum
1252 4723 1560 4794 reciperent
1591 4725 1817 4796 quidam

219 4821 429 4861 eorum.
488 4807 571 4862 Ad
604 4809 748 4879 quod
778 4811 1136 4881 respondetur
1160 4812 1315 4867 :Non
1343 4812 1466 4868 ideo
1498 4821 1680 4869 tamen
1710 4815 1817 4870 mi-

222 4910 328 4971 nus
358 4894 562 4966 profuit
590 4897 955 4967 credentibus,
989 4908 1042 4954 et
1076 4901 1178 4955 hoc
1222 4908 1304 4956 est
1337 4919 1350 4955 :
1383 4902 1520 4956 Nam
1549 4903 1651 4958 etsi
1698 4905 1818 4977 qui-

221 4983 343 5038 dam
371 5000 482 5039 non
505 4986 874 5057 crediderunt,
908 5004 1018 5044 non
1072 4989 1197 5045 ideo
1256 4997 1437 5046 tamen
1492 4990 1629 5048 fides
1685 5010 1816 5050 eva-

221 5081 377 5128 cuata
409 5082 509 5129 est.

291 5163 463 5218 Vens.
498 5167 550 5218 3.
584 5194 652 5204 —
686 5165 955 5238 Nunquid
986 5168 1381 5225 incredulitas.
1420 5170 1649 5241 (Anan)
1670 5172 1813 5240 Non,

221 5249 409 5323 inquit,
442 5252 566 5324 quia
597 5252 762 5325 aliqui
784 5256 1010 5311 credere
1040 5257 1350 5326 noluerunt,
1372 5260 1816 5329 praijudicabitur

224 5341 426 5396 ceeteris
452 5341 673 5407 Judaais,
720 5359 790 5398 ne
847 5343 1001 5416 digni
1057 5345 1307 5401 dicantur
1363 5348 1615 5419 accipere
1673 5351 1817 5421 quod

226 5426 364 5483 Deus
418 5430 671 5500 promisit
710 5429 983 5499 ﬁdelibus,
1038 5435 1236 5505 quippe
1284 5451 1408 5492 cum
1448 5437 1524 5492 sic
1556 5436 1693 5493 facta
1749 5440 1815 5494 sit

224 5517 511 5586 promissio
532 5527 590 5573 ut
618 5521 966 5575 credentibus
997 5522 1309 5593 proficeret.

288 5608 497 5664 Fidem.
546 5607 764 5680 (Οιιια.)
823 5611 959 5665 Eam
1023 5612 1376 5687 intelligimus
1435 5631 1596 5688 quam
1654 5617 1817 5672 habet

227 5694 367 5751 Deus
412 5713 536 5753 cum
586 5698 673 5752 his
720 5698 915 5769 quibus
955 5703 1127 5757 credit
1164 5703 1377 5774 eloquia
1410 5722 1525 5769 sua,
1561 5706 1644 5761 vel
1696 5723 1813 5761 eam

230 5800 331 5856 qua
350 5786 570 5858 quidam
588 5786 819 5844 credunt
849 5789 984 5846 Deo.

1922 3376 2079 3445 Quod
2108 3386 2231 3433 ante
2263 3379 2642 3435 remissionem
2671 3382 2844 3436 videri
2892 3391 3119 3453 poterat,
3168 3392 3294 3455 post
3339 3384 3512 3439 videri

1919 3482 2029 3520 non
2067 3466 2249 3536 debet,
2300 3468 2503 3524 scilicet
2553 3468 2699 3541 quod
2737 3487 2842 3543 ego
2894 3481 3151 3541 peccator
3187 3473 3511 3541 judicandus

1919 3554 2041 3622 sim,
2074 3556 2229 3627 quasi
2285 3557 2431 3612 dicat
2464 3575 2476 3611 :
2511 3559 2730 3613 Certum
2789 3569 2871 3614 est
2899 3561 3047 3631 quod
3086 3562 3389 3618 dimittendi
3418 3579 3513 3619 ve-

1920 3643 2051 3698 ritas
2080 3660 2190 3699 non
2219 3645 2635 3709 abundassetjn
2663 3648 2905 3720 gloriam
2932 3649 3038 3703 nisi
3068 3666 3404 3720 peccassem.

1990 3775 2160 3830 Vens.
2195 3780 2246 3831 8.
2278 3807 2347 3817 —-
2376 3778 2576 3834 Etnon
2613 3780 2791 3834 sicut.
2830 3777 3034 3847 Quasi:
3067 3782 3133 3835 Et
3162 3781 3209 3834 si
3239 3781 3382 3837 istud
3431 3792 3517 3837 est

1919 3864 2063 3935 quod
2094 3865 2294 3919 veritas
2324 3866 2421 3921 Dei
2456 3866 2512 3920 in
2538 3875 2764 3937 peccato
2816 3868 3072 3935 abundet,
3105 3884 3204 3925 cur
3233 3885 3339 3925 non
3384 3870 3516 3926 faci-

1918 3968 2039 4006 mus
2085 3953 2224 4007 mala
2268 3962 2326 4009 ut
2367 3955 2587 4010 veniant
2638 3957 2798 4022 bona,
2851 3957 2989 4012 sicut
3037 3958 3332 4029 imponitur
3352 3959 3510 4014 nobis

1917 4042 2023 4097 hoc
2054 4042 2256 4096 sentire
2273 4044 2440 4114 (quod
2459 4052 2539 4098 est
2560 4043 2919 4116 blasphemia)
2950 4054 3003 4101 et
3033 4047 3194 4102 etiam
3214 4048 3513 4118 praedicare

1919 4131 2206 4186 occasione
2239 4132 2547 4200 hujusmodi
2579 4134 2872 4188 verborum
2906 4152 2919 4189 :
2954 4136 3048 4190 ubi
3086 4137 3382 4193 abundavit
3410 4137 3513 4192 de-

1918 4218 2124 4286 lictum,
2159 4221 2621 4291 superabundavit
2651 4223 2868 4293 gratia?

1988 4308 2088 4363 Vel
2139 4327 2153 4363 :
2204 4310 2428 4381 Propius
2470 4311 2732 4384 jungatur
2778 4329 2901 4368 cum
2949 4315 3281 4385 praecedenti
3335 4316 3513 4372 littera

1918 4413 2076 4469 quam
2105 4406 2247 4453 ante.
2270 4398 2441 4468 Quasi
2465 4418 2477 4455 :
2500 4399 2788 4469 Quomodo
2802 4403 3067 4472 judicabit
3090 4406 3234 4459 Deus
3252 4405 3281 4459 ἲ
3302 4404 3470 4473 Quasi
3496 4423 3510 4460 :

1917 4486 2040 4541 Non
2069 4495 2236 4553 recte,
2270 4489 2398 4560 quia
2427 4505 2529 4545 nec
2560 4491 2722 4545 modo
2759 4491 2905 4560 juste
2930 4493 3197 4561 judicaret
3243 4511 3331 4549 me
3360 4493 3513 4567 quasi

1835 4610 1888 4669 D
1916 4584 2292 4645 peccatorem,
2328 4578 2475 4648 quod
2505 4593 2612 4633 non
2636 4596 2774 4647 sum,
2809 4589 2862 4636 et
2890 4597 3017 4637 vere
3046 4598 3173 4636 non.

1990 4704 2161 4760 Vens.
2197 4708 2249 4759 9.
2286 4735 2355 4745 —
2388 4706 2529 4773 Quid
2565 4724 2709 4779 ergo.
2743 4706 2914 4775 Quasi
2945 4727 2958 4763 :
2990 4709 3116 4764 Plus
3161 4709 3291 4767 fecit
3320 4711 3510 4768 Iudaeo

1915 4790 1971 4845 in
1990 4792 2174 4863 priore
2205 4801 2346 4849 statu
2381 4813 2395 4860 ;
2422 4803 2493 4861 et,
2526 4796 2653 4867 quia
2682 4796 2822 4851 bona
2866 4797 2945 4852 eis
2975 4798 3222 4869 implevit
3276 4816 3387 4856 non
3446 4818 3529 4857 ex.

1915 4880 2096 4952 aliquo
2127 4898 2311 4938 eorum
2332 4883 2543 4939 merito.
2581 4885 2722 4951 Quid
2740 4887 2919 4957 igitur
2942 4892 2965 4942 ?
2976 4890 3359 4961 praecedimus
3379 4906 3468 4946 eos
3491 4895 3515 4947 1'

1917 4971 2076 5039 Vere,
2111 4988 2231 5026 cum
2264 4973 2441 5026 omnis
2471 4974 2634 5028 homo
2665 4974 2733 5027 sit
2753 4976 3021 5044 mendax;
3052 4993 3186 5049 ergo
3216 4994 3325 5033 non
3380 4995 3514 5049 prte-

1917 5058 2163 5115 cellimus
2209 5075 2310 5114 nos
2355 5060 2529 5115 Judaei
2578 5062 2813 5134 gentiles
2869 5064 2926 5118 in
2972 5066 3077 5121 hoc
3125 5073 3268 5121 statu
3297 5067 3509 5140 gratiae,

1918 5148 2165 5219 quamvis
2194 5149 2658 5219 praecellentiores
2688 5151 2741 5205 in
2757 5152 2927 5223 priori
2957 5162 3096 5209 statu
3126 5154 3385 5212 fuerimus
3410 5174 3512 5230 per

1919 5252 2135 5292 omnem
2166 5238 2410 5293 modum.
2834 5314 2839 5319 ξ

1992 5328 2369 5400 Nequaquam.
2415 5328 2553 5398 Quia
2584 5346 2692 5385 non
2734 5340 2815 5385 est
2861 5348 3220 5403 personarum
3260 5337 3507 5408 acceptio

1917 5416 2059 5486 apud
2100 5416 2294 5482 Deum,
2334 5419 2430 5472 sed
2484 5420 2547 5473 in
2592 5422 2747 5476 omni
2792 5426 2957 5491 gente
2994 5426 3088 5496 qui
3133 5427 3298 5482 timet
3337 5428 3515 5482 Deum

1917 5509 2179 5576 acceptus
2216 5510 2300 5561 est
2332 5507 2423 5561 illi
2455 5507 2601 5577 (Act.
2637 5509 2718 5577 χ).

1990 5620 2159 5675 Vens.
2194 5623 2279 5675 11.
2312 5652 2379 5660 -
2412 5622 2530 5677 Νοη
2554 5627 2637 5678 est
2670 5626 2980 5697 requirens.
3014 5627 3095 5682 Ex
3125 5627 3385 5697 operibus
3406 5643 3513 5697 po-

1918 5716 2098 5762 terant
2145 5726 2387 5781 quaerere
2446 5719 2500 5765 et
2559 5712 2803 5768 invenire
2874 5715 3019 5791 quod
3095 5715 3341 5769 Christus
3400 5725 3514 5775 erat

1919 5798 2086 5852 Deus.
