3948 6178
412 310 517 366 479

956 309 1359 366 WALAFRIDI
1392 309 1636 365 STRABI
1674 310 1873 367 FULD.
1905 308 2078 367 MON.
2112 310 2265 367 OPP.
2294 311 2472 368 PARS
2503 312 2543 366 Ι.
2578 341 2647 353 -
2671 310 3145 368 THEOLOGICA.

3604 316 3710 371 480

486 437 659 493 Vens.
694 439 780 495 12.
813 467 883 477 -
916 435 1117 492 Omnes
1144 435 1593 503 declinaverunt,
1629 443 1730 491 etc.
1764 437 1887 491 Non
1918 444 2006 492 to-
2035 439 2091 499 A
2115 439 2305 494 Merito
2332 440 2447 494 haec
2454 439 2730 510 patimur,
2750 439 2883 511 quia
2896 439 3255 511 peccavimus
3270 438 3333 494 in
3352 440 3601 510 fratrem
3619 457 3718 497 no.

417 533 523 580 tam
553 526 771 597 penitus
800 526 1016 596 plebem
1047 523 1338 595 significat,
1385 525 1484 579 sed
1524 525 1747 580 alteram
1801 534 2006 596 partem

414 615 611 687 plebis.
645 615 872 685 Semper
891 613 1035 668 enim
1065 613 1173 667 duo
1202 613 1385 683 populi
1415 620 1539 667 sunt
1567 613 1623 667 in
1670 630 1775 668 una
1805 614 1965 685 plebe
1990 634 2004 669 :

415 705 560 759 unde
589 703 852 759 Jeremias
885 720 899 756 :
934 704 1082 757 Tunc
1103 702 1751 758 omnesinsurrercerunt
1781 705 1845 758 in
1868 721 2006 776 pro-

410 793 645 865 phetam
660 792 903 856 Domini,
927 793 1176 846 volentes
1196 807 1327 847 eum
1342 791 1609 847 occidere.
1635 792 1705 846 Et
1726 792 1957 862 subjecit
1989 810 2002 847 :

416 882 608 938 Omnis
653 885 846 936 autem
891 881 1133 953 populus
1178 895 1293 936 non
1358 882 1623 953 permisit
1697 882 1828 937 illos
1867 882 2002 952 (Jer.

411 971 678 1041 xxxvm).
714 968 920 1024 Omnes
950 968 1082 1023 dixit
1111 968 1498 1034 insurrexisse,
1549 969 1605 1023 id
1661 977 1744 1024 est
1797 970 2001 1036 malos;

409 1073 625 1114 omnem
655 1058 912 1129 populum
941 1073 1051 1112 non
1078 1058 1414 1129 permisisse,
1448 1058 1661 1113 scilicet
1684 1058 1876 1114 bonos.

478 1163 597 1220 Non
628 1166 713 1218 est
738 1178 911 1235 usque
944 1161 1015 1216 ad
1045 1178 1246 1216 unum.
1295 1159 1542 1215 Christus
1586 1159 1732 1216 enim
1794 1168 2002 1215 tantum

406 1250 532 1307 facit
562 1252 763 1305 bonum
792 1250 845 1304 in
878 1266 938 1304 se
971 1259 1023 1304 et
1052 1249 1106 1304 in
1139 1250 1271 1304 suis.

480 1380 652 1435 Vens.
707 1383 791 1434 15.
842 1408 911 1419 -
952 1380 1164 1436 Veloces
1196 1378 1364 1451 pedes
1406 1395 1619 1436 eorum.
1670 1379 1752 1435 De
1806 1379 2003 1452 quibus

409 1468 672 1525 Dominus
705 1486 718 1523 :
750 1469 1439 1535 Jerusalem,.lerusalem,
1481 1485 1603 1540 qua:
1645 1468 1850 1525 occidis
1866 1485 2002 1541 pro-

406 1559 609 1632 phetas
630 1557 850 1631 (Matth.
891 1557 1081 1628 xmn).
1114 1558 1182 1611 Et
1212 1557 1340 1612 item
1377 1575 1390 1611 :
1436 1558 1730 1613 Generatio
1762 1558 1917 1613 mala
1947 1563 2002 1612 et

411 1648 673 1703 adultera
712 1646 871 1719 (Ibid.
904 1646 1045 1717 xxv).
1078 1647 1145 1701 Et
1168 1647 1236 1701 de
1265 1646 1459 1718 quibus
1488 1646 1657 1701 Isaias
1689 1664 1702 1702 :
1744 1649 1827 1704 Vae
1844 1650 2003 1718 genti

403 1736 731 1810 peecatrici,
762 1736 969 1791 semini
988 1751 1230 1808 nequam
1259 1737 1392 1806 (Isa.
1416 1736 1478 1806 ι),
1512 1742 1616 1791 etc.

482 1867 652 1921 Vens.
689 1869 774 1920 16.
810 1895 880 1904 —-
913 1865 1206 1921 Contritio.
1238 1864 1388 1919 Talia
1437 1863 1658 1929 faciunt,
1691 1864 1835 1919 unde
1864 1880 2000 1920 con-

404 1962 648 2011 terantur
676 1954 731 2007 in
762 1954 863 2008 hoc
893 1952 1114 2018 saaculo,
1149 1969 1247 2024 per
1283 1953 1463 2007 Titum
1492 1961 1546 2007 et
1585 1952 1997 2023 Vespasianum,

408 2052 462 2099 et
515 2044 569 2097 in
628 2042 808 2097 futuro
866 2050 1024 2097 erunt
1076 2041 1343 2107 infelices,
1393 2041 1566 2113 puniti
1616 2041 1671 2095 in
1708 2042 1886 2096 anima
1950 2052 2001 2097 et

408 2148 657 2204 corpore.

478 2263 647 2318 Vens.
680 2266 766 2318 19.
798 2291 868 2303 --
914 2263 979 2317 In
1018 2264 1151 2334 lege.
1200 2262 1308 2316 Lex
1352 2261 1648 2333 aliquando
1701 2261 2001 2333 appellatur

404 2351 732 2424 generaliter
750 2352 918 2407 Vetus
945 2352 1371 2416 Testamentum,
1394 2360 1451 2405 ut
1478 2350 1550 2404 ibi
1586 2369 1599 2405 :
1632 2352 1869 2424 Aperuit
1886 2354 1998 2407 Do-

401 2442 594 2497 minus
626 2441 921 2514 discipulis
938 2457 1188 2507 sensum,
1210 2444 1276 2497 ut
1296 2441 1689 2512 intelligerent
1708 2440 1774 2497 de
1795 2457 1856 2496 eo
1878 2457 1999 2513 qua:

403 2531 619 2603 scripta
648 2533 817 2586 erant
833 2530 897 2585 in
932 2531 1049 2602 lege
1070 2533 1126 2584 et
1158 2530 1443 2601 prophetis
1487 2534 1545 2585 et
1569 2529 1808 2601 psalmis
1837 2529 1993 2600 (Luc.

403 2621 769 2685 xxxv;Joan.
814 2619 1058 2686 x;Psal.
1109 2617 1329 2685 Lxxm).
1373 2618 1769 2690 Nonnunquam
1800 2618 1998 2689 psalmi

399 2707 488 2764 lex
529 2716 809 2763 vocantur.
844 2707 992 2762 Sicut
1014 2706 1277 2762 Dominus
1305 2706 1379 2761 ait
1413 2708 1512 2762 :In
1534 2708 1650 2778 lege
1664 2711 1848 2762 vestra
1864 2710 1998 2762 scri-

395 2803 563 2871 ptum
579 2801 682 2853 est.
708 2799 815 2868 Ego
844 2797 971 2852 dixi
989 2813 1002 2849 :
1022 2797 1117 2851 Dii
1143 2796 1278 2851 estis
1298 2800 1354 2850 et
1373 2797 1484 2865 ﬁlii
1516 2797 1744 2851 Επεθίδί
1779 2812 1989 2854 omnes.

402 2887 471 2941 Et
500 2886 628 2941 alibi
658 2904 671 2940 :
709 2888 774 2943 Ut
814 2886 1126 2957 impleatur
1162 2900 1363 2950 sermo,
1408 2886 1505 2957 qui
1533 2886 1595 2939 in
1633 2885 1763 2956 .lege
1803 2901 1995 2941 eorum

405 2978 655 3048 scriptus
685 2978 770 3030 est
790 2990 807 3025 :
831 2975 970 3041 Quia
999 2974 1122 3029 odio
1144 2974 1464 3029 habuerunt
1490 2990 1579 3029 me
1611 2975 1790 3046 gratis
1807 2974 1991 3045 (Ioan.

396 3078 472 3119 xv
497 3083 512 3130 ;
545 3064 697 3119 Psal.
718 3064 943 3135 xxxrv).
974 3064 1042 3119 Ut
1069 3078 1232 3119 omne
1258 3078 1317 3117 os
1337 3063 1680 3127 obstruatur,
1714 3062 1873 3117 etiam
1901 3063 1993 3117 Ju-

2108 532 2295 583 strum
2316 529 2478 598 (Gen.
2504 529 2735 597 xxxrx).
2774 527 3039 596 Quadam
3100 535 3283 583 autem
3320 528 3542 599 cognita
3578 536 3711 585 sunt

2107 633 2207 688 per
2232 616 2414 689 legem
2436 632 2555 687 quae
2583 623 2706 671 ante
2735 616 3135 687 ignorabantur,
3159 624 3219 671 ut
3265 618 3717 688 concupiscentia

2108 713 2161 761 et
2194 705 2459 777 originale
2497 713 2803 777 peccatum.
2837 704 3102 773 Quaedam
3140 705 3303 761 etiam
3332 705 3593 779 graviora
3608 722 3716 778 per

2106 793 2284 867 legem
2316 794 2532 865 cognita
2561 802 2688 849 sunt
2714 810 2875 866 quam
2892 802 3019 849 ante
3039 794 3388 866 putabantur.

2177 902 2349 955 Vens.
2371 904 2434 958 21
2469 932 2539 941 -
2573 901 2909 970 Testiﬂcata,
2944 908 3049 957 etc.
3076 901 3212 970 Quia
3241 901 3326 957 lex
3359 917 3479 956 eam
3525 901 3714 957 multis

2106 990 2459 1045 sacramentis
2478 988 2751 1063 ﬁguravit,
2786 1005 2852 1046 eo
2881 990 3001 1061 ipso
3053 990 3307 1061 perhibet
3336 990 3711 1046 testimonium

2098 1073 2318 1141 justitia:
2349 1073 2467 1141 Dei,
2499 1074 2623 1145 quia
2664 1074 2719 1127 in
2768 1090 2830 1130 ea
2860 1090 3021 1130 nemo
3055 1072 3403 1143 justiﬁcatur.
3447 1075 3707 1146 Prophe—

2105 1171 2174 1218 tze
2220 1163 2509 1233 perhibent
2555 1163 2943 1232 testimonium,
2993 1164 3049 1219 id
3107 1163 3527 1236 prmnuntiando
3556 1163 3713 1238 quod

2105 1251 2306 1307 Christi
2337 1251 2582 1323 implevit
2599 1253 2887 1307 adventus.

2173 1367 2345 1422 Vens.
2379 1372 2469 1425 22.
2490 1369 2804 1424 —Justitia
2833 1372 3045 1435 autem,
3062 1369 3305 1425 etc.Non
3331 1385 3436 1441 qua
3458 1369 3709 1440 ipsejus-

2104 1464 2189 1510 tus
2259 1464 2342 1511 est
2398 1457 2782 1526 essentialiter,
2849 1457 2945 1512 sed
2994 1474 3099 1529 qua
3173 1457 3348 1512 induit
3417 1457 3703 1529 impium:

2103 1545 2321 1617 quando
2339 1545 2766 1601 misericorditer
2782 1546 2850 1601 de
2871 1544 3075 1601 inﬁdeli
3088 1545 3213 1602 facit
3226 1544 3464 1602 fidelem.
3490 1547 3711 1603 Idcirco

2102 1643 2281 1689 autem
2312 1634 2410 1689 Dei
2425 1635 2555 1703 justi
2568 1635 2635 1689 tia
2659 1634 2858 1690 dicitur
2879 1651 3000 1706 quae
3030 1635 3206 1708 magis
3226 1636 3451 1706 pr0prie
3482 1636 3706 1691 videtur

2102 1722 2209 1779 dici
2238 1722 2613 1779 misericordia
2634 1767 2648 1790 ,
2670 1723 2798 1795 quia
2828 1724 2896 1778 de
2916 1723 3280 1795 promissione
3311 1724 3585 1796 originem
3598 1724 3706 1779 ha-

2033 1799 2194 1866 Bbet
2228 1830 2240 1866 :
2276 1819 2329 1867 et
2374 1827 2499 1868 cum
2546 1812 2876 1883 promissum
2925 1812 3024 1868 Dei
3054 1813 3318 1880 redditur,
3347 1812 3555 1881 justitia
3602 1813 3709 1869 Dei

2102 1900 2319 1956 dicitur.
2350 1901 2566 1956 Iustitia
2595 1901 2739 1955 enim
2787 1909 2872 1956 est
2902 1902 3029 1973 quia
3059 1901 3365 1957 exsolutum
3422 1910 3507 1956 est
3553 1902 3708 1974 quod

2102 1990 2433 2061 promissum
2462 1999 2564 2057 est,
2599 1998 2651 2045 et
2682 2006 2807 2046 cum
2839 1990 3066 2062 suscipit
3110 1990 3490 2062 confugientes
3541 1991 3614 2046 ad
3646 2007 3709 2049 se

2096 2079 2300 2148 justitia
2334 2080 2432 2134 Dei
2462 2079 2660 2135 dicitur
2689 2080 2813 2152 quia
2844 2096 2953 2135 non
2982 2080 3263 2150 suscipere
3307 2080 3563 2152 iniquitas
3595 2089 3701 2136 est.

2173 2170 2342 2224 Vens.
2374 2173 2462 2227 23.
2495 2199 2564 2210 -
2594 2171 2771 2241 Egent
2797 2170 2995 2242 gloria,
3021 2169 3076 2225 id
3114 2177 3217 2236 est,
3249 2168 3600 2242 indulgentia
3651 2179 3707 2229 et

2099 2257 2258 2314 venia
2285 2265 2655 2329 peccatorum.

2170 2374 2341 2429 Vens.
2374 2378 2462 2431 23.
2497 2404 2566 2414 -
2593 2375 2902 2444 Justiﬁcati
2930 2377 3131 2446 gratis.
3172 2375 3297 2430 Non
3334 2390 3436 2446 per
3492 2376 3703 2449 legem,

2100 2479 2211 2518 non
2257 2479 2355 2534 per
2395 2464 2677 2534 propriam
2724 2463 3076 2529 voluntatem,
3144 2465 3242 2519 sed
3305 2481 3406 2535 per
3461 2465 3703 2538 gratiam

2098 2552 2313 2620 Christi,
2348 2569 2457 2608 non
2487 2560 2669 2607 tamen
2698 2553 2843 2625 quod
2874 2553 2991 2608 sine
3021 2560 3204 2608 nostra
3250 2554 3528 2610 voluntate
3579 2553 3698 2609 ﬁat.

2099 2641 2207 2697 Sed
2236 2641 2488 2697 voluntas
2516 2650 2703 2697 nostra
2732 2642 3039 2697 ostenditur
3075 2640 3293 2697 inﬁrma
3320 2659 3423 2713 per
3469 2642 3658 2715 legem
3684 2661 3698 2697 :

2098 2739 2155 2785 ut
2187 2739 2340 2786 sanet
2386 2731 2562 2803 gratia
2599 2731 2948 2800 voluntatem,
3009 2740 3062 2785 et
3091 2740 3282 2787 sancta
3309 2732 3564 2787 voluntas
3598 2732 3704 2788 im-

2096 2819 2243 2890 pleat
2283 2819 2485 2891 legem,
2522 2835 2631 2875 non
2662 2819 2955 2875 constituta
3001 2819 3103 2874 sub
3132 2819 3256 2893 lege
3294 2836 3397 2876 nec
3440 2821 3701 2893 indigens

2094 2907 2236 2978 lege.
2264 2910 2470 2978 Gratis,
2494 2908 2549 2963 id
2569 2916 2652 2963 est
2681 2907 2844 2962 nullis
2873 2924 3102 2979 operum
3122 2909 3565 2980 praecedentibus
3581 2927 3698 2965 me-

2096 2996 2231 3064 ritis,
2266 2996 2469 3068 alioqui
2498 2997 2678 3070 gratia
2693 2999 2807 3066 jam
2835 3013 2946 3053 non
2975 3005 3057 3053 est
3098 2998 3293 3072 gratia,
3336 2999 3694 3072 quandoqui-

2095 3084 2219 3139 dem
2249 3085 2372 3140 ideo
2402 3086 2559 3140 datur
2605 3100 2715 3140 non
2761 3086 2889 3158 quia
2921 3086 3063 3155 bona
3109 3103 3277 3160 opera
3305 3086 3563 3158 fecimus,
3597 3089 3697 3146 sed

403 3153 668 3221 dazorum,
702 3167 735 3206 a
763 3167 860 3206 sua
890 3151 1060 3224 gloria
1072 3151 1387 3220 jactantium
1420 3167 1480 3206 se
1508 3167 1609 3223 pro
1639 3152 1849 3207 meritis
1879 3152 1991 3206 suis
2015 3167 2063 3230 ί]
2092 3182 2150 3228 ιη
2171 3190 2232 3230 ea
2263 3173 2443 3231 facere
2474 3174 2775 3230 valeamus.

396 3241 468 3296 ad
499 3239 662 3295 ﬁdem
692 3240 945 3307 venisse;
978 3240 1064 3295 vel
1104 3239 1177 3294 ita
1204 3240 1513 3295 obstruatur
1541 3255 1603 3295 os
1658 3240 1990 3307 Judaeorum,

396 3330 535 3386 sicut
592 3329 839 3400 superius
896 3328 1179 3401 gentilium
1235 3329 1328 3400 qui
1383 3329 1452 3385 de
1481 3329 1622 3384 bona
1686 3337 1875 3384 natura
1932 3345 1993 3384 se

389 3418 683 3487 jactabant.

465 3548 634 3602 Vens.
667 3552 755 3605 20.
791 3578 859 3588 -
892 3547 1119 3615 Quiaex
1139 3550 1413 3621 operibus.
1448 3547 1599 3604 Sicut
1629 3547 1851 3603 abstulit
1871 3547 1991 3620 glo-

390 3637 527 3692 riam
556 3636 624 3692 de
649 3636 1080 3703 circumcisione,
1133 3637 1205 3691 ita
1248 3646 1302 3692 et
1342 3637 1418 3693 de
1476 3637 1686 3692 caeteris
1735 3637 1991 3708 operibus

390 3725 532 3799 legis
563 3725 676 3780 vult
718 3725 912 3782 facere.
967 3727 1032 3781 Et
1091 3733 1172 3781 est
1215 3742 1353 3782 nova
1398 3726 1682 3792 sententia,
1746 3726 1990 3798 quamvis

383 3816 646 3890 jungatur
681 3816 1112 3886 praecedentibus
1152 3832 1287 3886 per:
1323 3816 1464 3883 Quia
1498 3833 1571 3871 ea:
1612 3815 1871 3888 aperibus
1904 3816 1987 3871 le-

390 3906 492 3978 gis,
523 3914 625 3960 etc.
661 3904 840 3976 Opera
886 3905 1025 3977 legis
1073 3904 1325 3960 dicuntur
1364 3921 1485 3976 quae
1514 3904 1568 3958 in
1599 3904 1722 3975 lege
1751 3894 1990 3959 instituta

390 4001 443 4050 et
475 3994 760 4049 terminata
802 4001 946 4060 sunt,
978 4000 1036 4048 ut
1075 4001 1229 4048 erant
1266 3992 1657 4048 caeremonialia
1687 4001 1738 4048 et
1787 3992 1987 4064 ﬁgura-

390 4082 519 4150 tiva,
572 4096 691 4154 quae
738 4098 1016 4152 nunquam
1063 4081 1349 4136 valuerunt
1387 4082 1773 4137 conscientiam
1833 4098 1988 4137 mun-

389 4170 541 4239 dare,
577 4170 785 4225 etiamsi
822 4186 944 4225 cum
1015 4170 1277 4226 charitate
1341 4178 1394 4225 et
1435 4171 1722 4226 devotione
1774 4169 1983 4239 ﬁerent,

390 4260 515 4332 quia
531 4259 658 4331 fnon
717 4259 931 4314 fuerunt
976 4259 1220 4313 instituta
1273 4259 1329 4313 in
1369 4258 1829 4328 justiﬁcationem,
1889 4260 1986 4316 sed

2165 3290 2334 3345 Vens.
2367 3294 2530 3348 25.-
2545 3292 2839 3364 Proposuit
2857 3293 3023 3360 Deus,
3049 3300 3154 3348 etc.
3179 3292 3263 3347 Ad
3278 3293 3382 3347 hoc
3407 3299 3469 3348 ut
3496 3301 3693 3349 osten~

2092 3379 2248 3435 deret
2277 3395 2336 3435 se
2367 3395 2619 3435 veracem
2641 3380 2697 3434 in
2727 3380 3032 3451 promissis,
3066 3398 3188 3452 quae
3216 3381 3463 3437 ostensio
3493 3398 3693 3438 neces-

2093 3467 2172 3522 ria
2201 3467 2319 3537 fuit,
2344 3484 2452 3523 non
2475 3468 2651 3523 solum
2671 3484 2768 3539 pro
2780 3469 3103 3525 remissione
3119 3470 3494 3541 praesentium,
3520 3472 3621 3527 sed
3641 3480 3695 3527 et

2091 3572 2283 3611 eorum
2312 3574 2433 3628 quae
2460 3554 2861 3628 prmoes‘serunt
2886 3558 2943 3612 in
2970 3558 3366 3614 sustentatione
3431 3560 3557 3628 Dei,
3577 3561 3693 3616 Deo

2092 3645 2300 3701 scilicet
2328 3646 2564 3717 patiente
2619 3654 2673 3701 et
2701 3662 2809 3701 non
2839 3648 3115 3717 puniente,
3147 3656 3259 3702 turn
3288 3657 3347 3702 ut
3372 3648 3693 3704 ostenderet

2090 3734 2145 3788 in
2175 3736 2279 3791 hoc
2329 3744 2575 3806 tempore
2621 3735 2819 3791 Christi
2862 3736 3009 3808 quod
3065 3736 3215 3792 nullo
3272 3737 3379 3792 alio
3438 3746 3690 3809 tempore

2090 3824 2207 3879 ﬁeri
2223 3825 2415 3895 potuit,
2459 3832 2516 3879 ut
2563 3824 2632 3879 sit
2657 3825 2838 3894 justus
2868 3835 2920 3880 et
2960 3825 3266 3895 justiﬁcans
3321 3843 3448 3881 eum
3494 3827 3589 3898 qui
3621 3844 3688 3882 ex

2090 3912 2197 3969 ﬁde
2226 3922 2308 3968 est
2334 3914 2483 3969 Jesu.
2509 3913 2700 3970 Fidem
2730 3916 2793 3969 in
2813 3917 3109 3986 sanguine,
3144 3914 3199 3969 id
3228 3923 3329 3984 est,
3364 3913 3532 3970 ﬁdem
3562 3932 3688 3987 pas-

2090 4002 2275 4071 sionis,
2311 4002 2397 4057 vel
2425 4019 2526 4073 per
2552 4000 2717 4058 ﬁdem
2766 4011 2819 4058 et
2873 4019 2971 4074 per
3009 4003 3318 4074 passionem
3367 4022 3379 4057 :
3434 4014 3688 4059 neutrum

2089 4092 2232 4146 enim
2265 4091 2382 4147 sine
2401 4091 2573 4146 altero
2591 4092 2753 4147 valet.
2781 4095 3011 4166 Propter
3028 4094 3438 4149 remissionem.
3473 4094 3688 4165 Duplex

2089 4178 2313 4236 effectus
2342 4180 2681 4236 remissionis
2711 4189 2809 4247 est,
2843 4182 3052 4237 scilicet
3070 4198 3257 4238 carere
3288 4198 3451 4253 pmna
3499 4190 3555 4237 et
3584 4182 3688 4237 frui

2087 4269 2283 4341 gloria.
2343 4269 2582 4324 Primum
2638 4270 2941 4326 habuerunt
3003 4280 3129 4326 ante
3187 4271 3385 4326 Christi
3453 4280 3685 4328 mortem

387 4348 443 4404 in
473 4347 775 4404 futurorum
802 4346 1252 4420 signiﬁcationem
1298 4349 1350 4403 et
1398 4347 1607 4418 peccati
1654 4347 1985 4403 inﬁrmitatis
2079 4358 2232 4428 justi,
2267 4358 2395 4431 quia
2425 4375 2639 4429 pmnam
2661 4360 2928 4416 acmalem
2941 4375 3052 4415 ηοη
3073 4360 3395 4416 sentiebam,
3430 4361 3543 4416 sed
3564 4370 3685 4432 ροει

387 4438 777 4507 ostensionem,
795 4437 923 4511 quia
951 4438 1037 4492 lex
1067 4452 1176 4508 non
1207 4446 1353 4492 venit
1386 4450 1609 4507 peccata
1641 4437 1853 4504 tollere,
1889 4439 1984 4493 sed

385 4528 675 4583 ostendere
708 4535 760 4583 et
789 4527 1005 4599 punire.

461 4632 579 4686 Non
614 4632 1021 4701 iustiﬁcabitur
1078 4632 1261 4687 omnis
1309 4646 1460 4697 caro,
1508 4637 1613 4686 etc.
1677 4630 1986 4686 Secundum

386 4720 784 4775 caeremonialia
830 4720 1092 4794 intellige,
1158 4735 1267 4774 non
1341 4719 1584 4786 moralia,
1645 4736 1765 4791 quae
1801 4719 1984 4792 utique

380 4806 679 4877 justiﬁcant
710 4815 762 4861 et
790 4807 847 4860 in
873 4808 1173 4880 Evangelio
1206 4816 1667 4865 consummantur.

464 4924 662 4980 Coram
696 4924 816 4978 illo.
871 4922 977 4991 Qui
1017 4924 1207 4979 intima
1233 4924 1400 4990 videt,
1454 4924 1658 4980 scilicet
1695 4931 1869 4978 utrum
1919 4941 1986 4980 ex

387 5027 575 5067 arnore
610 5011 834 5081 justitia:
870 5012 1000 5083 quid
1028 5021 1235 5083 agatur,
1266 5013 1348 5068 vel
1396 5013 1588 5069 timore
1617 5029 1812 5084 poenae,
1838 5015 1984 5086 quod

388 5115 498 5155 non
528 5100 714 5155 vident
743 5100 1013 5156 homines.
1050 5104 1156 5157 Per
1178 5104 1357 5173 legem
1388 5105 1561 5158 enim.
1594 5102 1692 5158 Hic
1712 5102 1984 5174 in'cipitde

386 5189 530 5263 lege,
566 5197 623 5243 ut
652 5190 899 5244 ostendat
913 5190 1176 5258 justitiam
1198 5206 1305 5244 non
1324 5208 1447 5246 esse
1477 5208 1544 5246 ex
1568 5207 1653 5247 ea.
1681 5194 1788 5248 Per
1810 5193 1984 5264 legem

388 5278 545 5336 enim
557 5280 801 5351 cognitio
815 5281 1055 5351 peccati.
1082 5280 1197 5335 Hoc
1216 5278 1365 5347 dicit,
1397 5295 1505 5336 non
1524 5281 1671 5353 quod
1688 5282 1841 5352 prius
1862 5297 1985 5352 pec-

387 5375 505 5424 cata
532 5367 898 5434 nescirentur,
934 5368 1033 5422 sed
1054 5368 1198 5440 quod
1220 5368 1402 5423 omnia
1424 5384 1534 5424 non
1554 5369 1773 5443 impune
1806 5369 1984 5425 futura

386 5464 571 5514 essent
600 5456 743 5526 apud
775 5457 949 5511 Deum
979 5457 1195 5529 cognita
1226 5466 1466 5528 suntper
1486 5458 1688 5531 legem.
1723 5457 1983 5528 Quaedam

382 5554 608 5617 peccata
636 5552 759 5601 ante
807 5545 987 5617 legem
1031 5547 1520 5617 cognoscebantur,
1564 5556 1622 5601 ut
1669 5564 1791 5602 eum
1842 5549 1981 5619 apud

386 5631 727 5686 Pharaonem
755 5630 957 5699 Joseph
1020 5639 1306 5685 accusatus
1354 5630 1421 5684 de
1468 5630 1693 5686 crimine
1732 5631 1982 5686 adulterii

374 5718 573 5777 missus
604 5718 703 5772 fuit
748 5718 801 5771 in
833 5734 1129 5774 carcerem.
1218 5720 1282 5773 Et
1313 5718 1506 5773 fratres
1537 5720 1654 5789 ejus
1684 5719 1933 5774 dixerunt
1966 5738 1978 5774 :

2088 4447 2288 4502 Christi
2316 4456 2548 4503 mortem
2588 4448 2716 4503 data
2761 4457 2843 4504 est
2870 4450 2952 4504 eis
2974 4449 3153 4520 gloria
3182 4449 3381 4504 divinae
3429 4446 3679 4515 visionis,

2007 4534 2059 4594 D
2091 4551 2124 4590 a
2198 4552 2303 4607 qua
2357 4536 2747 4592 differebantur
2791 4539 2904 4593 Deo
2959 4546 3291 4594 sustentante
3339 4554 3529 4594 eorum
3580 4539 3683 4607 lde-

2086 4626 2233 4682 licta.

2156 4744 2327 4799 Vens.
2368 4747 2455 4799 26.
2512 4745 2576 4798 In
2635 4744 3072 4799 sustentatione.
3140 4743 3418 4799 Patienter
3520 4743 3683 4798 susti-

2015 4849 2019 4853 ν
2084 4833 2199 4886 nuit
2229 4833 2375 4887 Deus
2402 4840 2627 4904 peccata
2649 4848 2837 4887 eorum
2869 4831 2961 4904 qui
2999 4832 3217 4887 fuerunt
3245 4840 3371 4887 ante
3401 4832 3607 4906 legem,
3631 4843 3685 4889 et

2086 4921 2187 4975 sub
2213 4921 2337 4993 lege
2371 4939 2381 4975 :
2418 4937 2525 4975 non
2547 4921 2772 4991 punivit,
2798 4937 2975 4992 neque
3008 4921 3237 4992 remisit,
3256 4922 3328 4975 ita
3358 4929 3417 4975 ut
3444 4921 3683 4994 gloriam

2084 5010 2366 5078 haberent,
2399 5011 2577 5066 donec
2596 5010 2743 5065 venit
2763 5011 2855 5081 qui
2884 5010 3081 5066 delicta
3113 5019 3220 5064 tam
3259 5011 3689 5083 prmcedentium

2083 5114 2246 5171 quam
2286 5098 2732 5171 subsequentium
2787 5099 2962 5171 pretio
3019 5099 3103 5154 sui
3179 5098 3460 5171 sanguinis
3507 5099 3685 5155 absol-

2082 5196 2252 5243 veret.

2155 5278 2325 5332 Vens.
2357 5279 2446 5334 27.
2480 5308 2548 5317 -—
2580 5278 2825 5334 Exclusa
2887 5282 2990 5333 est.
3043 5277 3168 5333 Sive
3224 5276 3682 5351 gloriﬁcationem

2082 5365 2617 5421 dixeritlaudabilem
2651 5366 2836 5438 quain
2866 5367 3098 5423 Domino
3116 5375 3217 5436 est,
3241 5383 3469 5439 eamque
3492 5368 3683 5424 exclu-

2085 5471 2199 5510 sam
2217 5456 2419 5512 scilicet
2452 5472 2560 5511 non
2598 5464 2657 5511 ut
2686 5457 3026 5525 abscederet,
3067 5457 3301 5528 pulsam,
3326 5457 3424 5511 sed
3454 5466 3514 5511 ut
3542 5458 3680 5512 emi-

2082 5552 2256 5614 neret,
2288 5560 2622 5615 expressam.
2656 5546 2810 5601 Unde
2841 5552 2893 5601 et
2939 5545 3255 5600 exclusores
3311 5545 3573 5600 dicuntur
3601 5562 3682 5601 ar-

2083 5632 2254 5688 tiﬁces
2271 5634 2567 5707 argentarii
2592 5653 2605 5700 ;
2633 5635 2777 5689 unde
2798 5634 3111 5688 Psalmista:
3138 5636 3202 5691 Ut
3225 5635 3621 5690 excludantur
3638 5637 3680 5690 ii

2081 5725 2176 5794 qui
2207 5723 2427 5795 probati
2452 5724 2775 5793 sunt(Psal.
2803 5726 2998 5794 van),
3022 5731 3127 5780 etc.
3146 5722 3271 5779 Sive
3293 5723 3677 5794 gloriationem
