3964 6180
488 199 587 254 483

1107 197 1510 253 WALAFRIDI
1538 193 1781 251 STRABI
1811 192 2011 249 FULD.
2045 189 2217 246 MON.
2250 187 2402 246 OPP.
2428 187 2602 246 PARS
2633 190 2674 243 Ι.
2701 218 2770 230 -
2789 184 3261 244 THEOLOGICA.

3682 186 3780 241 48$

502 323 560 377 Id
589 330 671 378 est
699 322 1043 399 credentibus
1071 321 1319 377 omnibus
1344 320 1433 393 qui
1468 328 1590 373 sunt
1624 335 1813 373 semen
1843 318 2074 373 Abraha:

2200 339 2392 397 tricem
2431 346 2708 396 senectute
2761 355 2822 395 ac
2880 337 3155 394 sterilitate
3205 338 3321 408 jam
3365 345 3641 393 emortuos
3670 337 3795 393 vitae

499 427 606 468 non
634 428 813 477 carne,
849 411 945 466 sed
978 411 1287 465 imitatione.
1349 409 1445 464 Vel
1474 408 1691 463 Christo
1721 407 1807 463 cui
1833 406 1969 463 facta
1998 406 2085 460 di-

502 500 637 556 citur
665 500 971 571 promissio,
1007 499 1128 571 quia
1156 499 1209 552 in
1239 514 1304 553 eo
1333 498 1605 569 implenda
1640 504 1769 552 erat.

574 590 745 645 VEas-
788 590 873 643 “'-
907 619 976 629 -·
1007 589 1065 645 Si
1108 590 1293 654 enim:
1351 594 1453 642 θίο·
1510 586 1684 677 Ωιιθδί
1710 585 1882 677 ,ἀίοθῖ
1911 603 1925 640 ³
1961 585 2099 677 νθῗθ
2198 606 2419 662 teritum
2447 606 2646 661 veteris
2675 585 2797 661 vita:
2825 605 3038 677 signat,
3070 613 3122 660 et
3150 604 3206 659 in
3239 604 3353 660 sola
3398 603 3797 660 resurrectione
3888 663 3901 674 ,

2202 429 2455 495 restituit,
2488 428 2833 501 ﬁliorumque
2850 427 3234 500 procreationi.

2272 518 2441 572 Vsus.
2474 520 2563 575 25.
2596 547 2665 557 -
2701 519 2803 587 Qui
2852 517 3122 573 traditus.
3155 516 3301 571 Mors
3341 514 3540 571 Christi
3567 514 3685 570 sola
3714 514 3797 568 in-

499 677 768 767 ᾼῢτειιθιπ
830 693 940 767 Πογῐι
999 683 1081 732 εει
1134 677 1307 731 haeres
1360 675 1548 767 ῐηιιηίάί
1575 691 1673 767 Ρεῗΐ
1710 674 1936 767 ξφξθῐῖιμε
1973 673 2099 745 (ἰυίθ
2197 711 2337 750 nova
2363 694 2475 750 vita
2500 693 2854 767 signiﬁcatur,
2879 673 3008 766 quae
3035 710 3068 748 a
3088 692 3475 763 justiﬁcatione
3501 692 3712 765 incipit,
3744 699 3799 747 et

498 765 594 820 ﬁlii
625 768 740 835 ejus
768 766 1105 855 perrlegem,
1141 781 1250 820 non
1289 773 1427 855 sunt
1462 765 1500 819 ii
1554 764 1646 836 qui
1678 762 1797 855 ﬁlii
1850 763 2099 855 dicuntur
2197 782 2253 838 in
2282 762 2686 839 immortalitate
2716 762 3044 855 perﬁci-etum

499 855 760 920 haeredes,
795 854 999 910 scilicet
1029 855 1173 926 quod
1203 855 1320 925 ipse
1347 854 1511 909 habet
1537 854 1905 925 possidentes.
1956 853 2095 907 Nam

495 942 541 997 si
572 943 674 998 hoc
702 951 864 1008 esset,
899 944 1016 999 haec
1042 943 1475 999 inconvenientia
1516 943 1643 997 inde
1692 949 2045 1014 sequerentur
2077 960 2091 996 :

498 1030 653 1101 Quod
683 1030 820 1087 ﬁdes
854 1042 1001 1087 esset
1028 1032 1294 1099 frustrata,
1332 1050 1437 1104 qua
1465 1040 1675 1088 constat
1698 1032 1899 1101 justum
1927 1030 2095 1086 fuisse

493 1120 779 1187 Abraham,
817 1122 958 1192 quod
984 1121 1275 1192 promissio
1307 1130 1452 1176 esset
1483 1121 1709 1186 abolita,
1745 1121 1799 1174 id
1832 1127 1914 1175 est
1942 1119 2096 1174 inex-

494 1209 653 1280 pleta,
685 1218 742 1264 ut
771 1210 904 1264 nulli
934 1210 1039 1264 sint
1072 1211 1317 1266 haeredes
1351 1230 1363 1265 :
1399 1212 1485 1265 lex
1535 1211 1678 1265 enim
1737 1209 1913 1264 nullos
1970 1208 2095 1264 facit

495 1299 756 1363 haeredes,
789 1315 912 1353 nam
942 1300 1122 1370 potius
1156 1300 1287 1354 iram
1320 1307 1589 1371 operatur,
1650 1300 1720 1353 ita
1773 1298 2094 1370 praevarica-

490 1386 721 1456 tionem;
755 1405 880 1442 nam
909 1405 973 1443 ex
1005 1406 1069 1444 ea
1100 1397 1181 1444 est
1211 1389 1584 1461 prmvaricatio
1608 1433 1621 1455 ,
1675 1388 1800 1460 quia
1853 1387 1971 1442 sine
2029 1404 2093 1442 ea

494 1492 603 1533 non
634 1486 736 1532 est.
767 1478 895 1533 Ideo
927 1478 1053 1549 quia
1084 1479 1130 1531 si
1161 1496 1226 1533 ex
1259 1478 1380 1549 lege
1411 1478 1509 1532 ista
1534 1486 1889 1550 sequerentur
1918 1495 1931 1531 :
1966 1484 2091 1532 tunc

492 1581 559 1620 ex
587 1564 692 1621 ﬁde
721 1574 844 1621 sunt
874 1567 1136 1631 haeredes,
1173 1575 1223 1621 et
1257 1567 1335 1623 sic
1363 1576 1444 1622 est
1477 1566 1632 1621 ﬁrma
1662 1566 1976 1638 promissio.

564 1682 732 1737 Vsus.
770 1684 856 1736 15.
894 1714 963 1723 -
990 1685 1109 1739 Lex
1136 1684 1285 1739 iram
1314 1687 1599 1756 aperatur.
1628 1684 1695 1739 Ut
1728 1698 1855 1739 reos
1884 1681 2084 1737 faceret

492 1770 884 1842 delinquentes,
910 1788 1018 1827 non
1050 1770 1303 1827 efﬁcienti
1333 1789 1510 1838 causa,
1545 1773 1643 1827 sed
1670 1788 1778 1828 non
1812 1771 2093 1840 adjuvante

492 1859 698 1932 gratia,
730 1860 817 1915 vel
849 1876 975 1915 reos
1032 1859 1230 1917 faceret
1287 1861 1677 1932 temporalibus
1731 1862 1909 1933 ptenis
1960 1861 2092 1916 iram

491 1957 822 2019 operaretur,
856 1949 980 2021 quia
1006 1949 1526 2021 praevaricationem,
1564 1951 1709 2022 quod
1743 1951 1971 2023 qualiter
2002 1951 2088 2018 sit,

491 2037 680 2108 aperit,
715 2037 904 2093 dicens
935 2056 948 2091 :

566 2126 661 2183 Ubi
690 2129 863 2191 enim,
896 2135 998 2181 etc.
1020 2126 1235 2198 (Οιιια.)
1269 2126 1521 2183 Ostendit
1552 2128 1696 2199 quod
1726 2127 2091 2199 praevaricatio

496 2230 619 2269 esse
648 2230 755 2269 non
787 2215 962 2286 possit
992 2215 1096 2269 nisi
1126 2215 1213 2270 lex
1242 2215 1404 2270 fuerit
1429 2234 1443 2283 ;
1468 2232 1574 2271 non
1606 2225 1784 2291 tamen
1815 2216 1861 2271 si
1883 2217 1969 2272 lex
1998 2218 2086 2283 sit,

492 2302 640 2359 omni
671 2320 875 2374 genere
904 2303 1281 2375 praevaricatio
1309 2304 1410 2360 erit
1446 2323 1458 2359 :
1491 2312 1670 2375 potest
1701 2305 1846 2361 enim
1873 2304 1990 2361 ﬁeri
2033 2314 2092 2361 ut

490 2390 557 2446 sit
581 2391 688 2459 lex,
719 2401 772 2447 et
799 2393 1164 2463 praevaricatio
1196 2410 1307 2449 non
1341 2393 1441 2460 sit,
1477 2403 1530 2448 at
1563 2412 1671 2450 non
1703 2411 1732 2450 e
1763 2410 2051 2450 converso.

561 2482 669 2538 Nec
695 2483 1108 2555 praevaricatio.
1142 2483 1264 2539 Non
1296 2483 1367 2538 ait
1422 2502 1435 2538 ε
1499 2484 1620 2539 Non
1667 2491 1751 2539 est
1804 2483 2086 2556 iniquitas.

490 2568 682 2625 Omnis
712 2570 856 2625 enim
887 2571 1064 2643 legem
1095 2573 1410 2642 praeteriens
1441 2572 1656 2644 iniquus
1682 2617 1695 2639 ,
1731 2573 1829 2629 sed
1888 2590 2000 2629 non
2057 2590 2088 2629 e

488 2667 693 2715 contra.
731 2658 834 2728 Qui
865 2660 1009 2715 enim
1039 2661 1217 2732 legem
1250 2677 1359 2717 non
1390 2670 1747 2732 acceperunt,
1782 2661 1955 2733 iniqui
1982 2661 2091 2718 dici

486 2756 732 2819 possunt,
763 2749 1203 2820 praevaricatores
1229 2759 1409 2804 autem
1440 2750 1549 2805 dici
1580 2766 1690 2805 non
1718 2759 1971 2821 possunt.

558 2838 730 2893 Vnus.
766 2841 852 2892 16.
887 2869 955 2880 —-
987 2840 1105 2893 Non
1136 2842 1190 2894 ei
1216 2841 1314 2911 qui
1340 2856 1414 2894 ex
1448 2840 1581 2911 lege.
1616 2837 1757 2907 Quia
1788 2841 1873 2895 hic
1908 2840 2026 2894 talis
2057 2856 2089 2894 a

458 2926 659 2999 'gratia
689 2926 904 2992 excidit,
936 2936 986 2982 et
1016 2927 1139 2982 ideo
1160 2943 1325 2982 causa
1355 2926 1480 2982 ﬁdei
1510 2946 1539 2982 a
1570 2928 1693 3000 lege
1725 2929 2087 2985 recedendum

487 3023 588 3081 est,
620 3022 675 3069 ut
704 3013 860 3069 ﬁrma
889 3015 957 3069 sit
986 3016 1276 3087 promissio
1300 3034 1312 3070 :
1338 3016 1421 3071 lex
1452 3017 1593 3072 enim
1627 3017 1744 3072 sine
1772 3017 1939 3089 gratia
1966 3034 2086 3089 pro-

487 3102 762 3158 missionis
787 3120 899 3159 non
926 3105 1100 3159 solum
1127 3120 1237 3160 non
1265 3104 1450 3173 aufert,
1485 3122 1674 3161 verum
1704 3106 1864 3163 etiam
1922 3114 2083 3179 auget

486 3200 791 3263 peccatum.

558 3290 726 3345 Vsus.
761 3293 846 3344 18.
882 3320 950 3331 -
989 3292 1092 3360 Qui
1128 3296 1328 3348 contra
1360 3309 1534 3365 spem.
1584 3293 1771 3365 Incipit
1797 3309 2080 3350 commen-

486 3378 616 3434 dare
657 3376 821 3434 ﬁdem
850 3380 1098 3446 Abrahm,
1132 3388 1186 3435 ut
1220 3380 1489 3437 imitemur
1517 3398 1641 3437 eum
1673 3383 1763 3455 qui
1791 3399 1891 3455 per
1917 3381 2080 3439 ﬁdem

481 3466 739 3537 justitiam
765 3475 819 3523 et
844 3469 1003 3525 talem
1032 3470 1449 3540 promissionem
1481 3472 1707 3542 accepit.

553 3557 645 3613 Sic
666 3559 777 3614 erit
804 3574 1017 3625 semen,
1063 3567 1166 3615 etc.
1213 3559 1501 3614 Sciendum
1528 3561 1782 3632 quoniam
1813 3561 2079 3616 Abraham

484 3645 658 3700 Deum
688 3646 839 3717 prius
870 3647 1074 3702 trinum
1093 3656 1322 3703 etunum
1343 3650 1617 3720 cognovit,
1639 3658 1691 3705 et
1709 3667 1807 3722 per
1821 3652 1924 3706 hoc
1954 3649 2081 3707 ﬁdei

483 3734 765 3801 meritum,
817 3736 1059 3791 omnium
1114 3746 1461 3809 peccatorum
1519 3739 1895 3795 remissionem
1950 3739 2079 3794 ade-

483 3832 606 3895 ptus
635 3834 736 3880 est.
784 3825 911 3880 Post
935 3826 1200 3895 justitiam
1255 3844 1383 3884 vero
1409 3872 1421 3893 ,
1478 3836 1538 3882 ut
1593 3829 1875 3883 multarum
1930 3836 2080 3899 pater

484 3910 639 3967 ﬁeret
667 3914 927 3984 gentium,
960 3931 990 3968 a
1020 3916 1135 3971 Deo
1163 3916 1582 3986 promissionem
1614 3917 1845 3987 accepit.
1869 3916 2079 3973 Deinde

484 3999 625 4057 facta
652 4000 747 4056 fuit
768 4002 881 4061 sibi
911 4019 1093 4057 rursus
1124 4004 1413 4075 promissio
1444 4005 1589 4077 quod
1618 4005 1691 4059 ita
1719 4004 1871 4061 ﬁeret
1890 4022 2078 4061 semen

486 4105 643 4145 suum
659 4090 798 4147 sicut
828 4091 1016 4159 stellae,
1045 4099 1148 4148 etc.

556 4206 724 4261 Vsus.
758 4209 844 4260 19.
877 4237 945 4248 —
973 4208 1094 4265 Non
1136 4212 1222 4263 est
1260 4208 1611 4278 inﬁrmatus.
1660 4207 1841 4280 Aliqui
1873 4209 2079 4265 ratione

482 4295 670 4355 mundi
697 4294 883 4362 inﬂati,
916 4297 1093 4352 Deum
1120 4296 1475 4368 neglexerunt
1506 4317 1518 4353 :
1553 4298 1676 4354 ideo
1706 4314 1826 4370 quae
1872 4299 2077 4355 mundo

2836 951 3060 1008 CAPUT
3097 951 3164 1007 V.

2264 1122 2432 1176 Vsus.
2469 1123 2519 1174 1.
2539 1150 2608 1160 -
2636 1121 2725 1175 Ea:
2745 1119 2872 1188 ﬁde.
2910 1116 3172 1189 Superius
3201 1115 3353 1183 dixit,
3372 1114 3652 1186 justiﬁcati
3673 1131 3797 1189 gra.

2192 1209 2260 1264 tis
2287 1226 2386 1280 per
2414 1208 2648 1281 gratiam
2672 1251 2687 1274 ,
2719 1225 2787 1262 ne
2819 1208 2935 1278 ipsa
2977 1205 3112 1261 ﬁdes
3156 1206 3389 1277 superba
3418 1205 3504 1259 sit.
3549 1206 3674 1260 Non
3704 1204 3795 1259 di-

2192 1306 2277 1353 cat
2309 1296 2490 1353 ﬁdelis
2527 1315 2540 1352 :
2576 1305 2630 1351 ut
2659 1311 2879 1352 merear
2901 1294 3363 1364 justiﬁcationem,
3385 1293 3558 1349 habeo
3588 1291 3794 1348 ﬁdem:

2194 1386 2558 1457 respondetur
2583 1385 2730 1440 enim
2758 1384 2809 1440 ei
2842 1402 2855 1438 :
2884 1383 3012 1455 quid
3043 1383 3216 1438 habes
3263 1383 3407 1453 quod
3461 1398 3570 1437 non
3628 1396 3797 1437 acce-

2188 1475 2360 1547 pisti?
2386 1477 2591 1531 Pacem
2635 1475 2956 1540 habeamus,
2993 1472 3084 1544 qui
3111 1471 3163 1528 ei
3194 1470 3531 1528 reconciliati
3559 1487 3662 1542 per
3689 1470 3797 1525 mi-

2188 1562 2421 1617 nistrum
2452 1563 2640 1636 gratim
2671 1562 2963 1617 Christum.

2109 1687 2163 1747 Β
2264 1653 2436 1707 Vsus.
2465 1656 2518 1710 2.
2551 1683 2620 1692 -
2646 1654 2756 1707 Per
2773 1667 2956 1724 quem.
2988 1650 3282 1705 Enumerat
3309 1646 3578 1705 beneﬁcia
3608 1664 3732 1720 quae
3761 1663 3796 1703 a

2196 1740 2413 1795 Christo
2447 1741 2734 1795 habentur.
2934 1780 2939 1783 -

2266 1831 2438 1884 Vnus.
2463 1833 2514 1883 3.
2551 1860 2620 1869 —
2655 1830 2981 1885 Tribulatio.
3028 1826 3186 1896 Quod
3221 1825 3492 1881 tribulatio
3522 1840 3632 1880 non
3661 1824 3800 1880 tollit

2191 1917 2528 1989 patientiam,
2563 1916 2689 1973 facit
2719 1917 2954 1973 charitas
2985 1933 3107 1989 quae
3151 1923 3235 1971 est
3279 1914 3560 1986 proprium
3590 1914 3799 1969 donum

2193 2006 2425 2076 Spiritus
2457 2005 2647 2062 sancti.

2260 2096 2445 2166 Spem.
2484 2095 2544 2149 Id
2583 2101 2667 2150 est
2701 2091 3082 2149 certitudinem
3109 2090 3299 2165 gloriae
3318 2091 3525 2157 futurae,
3547 2106 3670 2163 qum
3689 2092 3794 2146 hu-

2190 2199 2363 2238 manae
2396 2182 2592 2238 rationi
2623 2198 2760 2237 vana
2790 2181 3007 2237 videtur
3037 2199 3051 2235 :
3083 2181 3182 2235 sed
3212 2179 3520 2236 testimonio
3550 2180 3791 2247 virtutis,

2192 2270 2248 2325 id
2280 2280 2362 2327 est
2391 2271 2659 2343 patientim
2687 2270 2774 2326 vel
2802 2269 3201 2336 miraculorum,
3234 2268 3499 2323 ﬁrmatur.

2262 2361 2432 2416 Vnus.
2469 2363 2521 2415 5.
2546 2391 2614 2399 -
2636 2361 2768 2432 Spes
2803 2364 3017 2415 autem.
3051 2357 3191 2428 Quia
3218 2365 3299 2413 est
3327 2357 3382 2412 in
3411 2359 3527 2413 Deo
3556 2356 3649 2430 qui
3679 2372 3794 2413 non

2190 2449 2364 2517 fallit,
2398 2465 2506 2504 non
2537 2448 2593 2502 in
2621 2448 2842 2504 homine
2886 2448 3189 2514 mendace,
3222 2448 3377 2517 cujus
3424 2447 3541 2518 spei
3587 2446 3793 2519 pignus

2189 2545 2271 2592 est
2301 2537 2532 2608 Spiritus
2564 2555 2578 2592 :
2609 2537 2808 2609 legitur
2836 2536 2981 2592 enim
3013 2554 3026 2591 :
3068 2537 3214 2594 Fons
3248 2552 3408 2608 aquae
3442 2540 3551 2591 tuae
3580 2537 3661 2590 sit
3688 2536 3793 2591 tibi

2185 2627 2472 2698 proprius,
2491 2629 2546 2681 et
2562 2642 2727 2682 nemo
2742 2627 2968 2682 alienus
2980 2626 3361 2682 communicet
3373 2624 3477 2680 tibi
3491 2624 3690 2696 (Eccli.
3708 2624 3792 2695 v);

2186 2714 2305 2786 ipse
2336 2722 2418 2770 est
2448 2714 2708 2786 Spiritus,
2741 2731 2905 2786 quem
2933 2729 3042 2769 non
3072 2720 3299 2785 possunt
3327 2712 3580 2783 accipere
3635 2712 3793 2778 mali,

2189 2812 2245 2858 et
2273 2803 2510 2859 charitas
2540 2811 2642 2870 est,
2676 2819 2839 2875 quam
2868 2804 3073 2859 habere
3104 2810 3158 2858 et
3185 2802 3360 2857 malus
3390 2817 3513 2857 esse
3543 2817 3655 2856 non
3686 2817 3797 2872 po-

2186 2900 2291 2947 test
2321 2892 2536 2964 aliquis.
2591 2892 2697 2947 Sed
2726 2908 2925 2948 nomen
2973 2891 3172 2946 Christi
3218 2891 3423 2946 habere
3471 2898 3524 2946 et
3574 2889 3793 2961 baptis—

2184 2998 2353 3047 mum,
2387 2997 2587 3053 corpus
2616 2981 2832 3037 Domini
2864 2996 3102 3048 sumere,
3136 2990 3187 3036 et
3218 2987 3415 3035 czetera
3446 2986 3790 3035 sacramenta

2114 3045 2163 3109 δ
2183 3045 2408 3138 habere,
2441 3045 2502 3125 et
2522 3070 2697 3125 malus
2728 3086 2850 3125 esse
2878 3045 3352 3141 potestsCharitas
3373 3084 3510 3142 ergo
3540 3076 3627 3125 est
3653 3083 3784 3139 pro-

2181 3160 2358 3231 prium
2388 3159 2592 3215 donum
2623 3158 2870 3231 Spiritus,
2906 3166 2960 3214 et
2982 3158 3278 3231 singularis
3300 3157 3443 3213 fons.

2255 3250 2513 3305 Charitas
2529 3249 2649 3304 Dei.
2683 3247 2782 3303 Vel
2813 3249 2962 3302 Deus
2991 3247 3097 3302 late
3125 3262 3225 3301 nos
3245 3245 3458 3317 diligit:
3482 3251 3537 3301 et
3555 3246 3662 3301 hoc
3693 3246 3786 3300 ha-

2181 3338 2374 3393 bemus
2404 3337 2460 3390 in
2489 3336 2744 3392 cordibus
2763 3336 2964 3391 nostris
2993 3352 3092 3406 per
3121 3334 3377 3406 Spiritum
3409 3333 3502 3406 qui
3530 3333 3661 3391 facit
3681 3349 3786 3389 nos

2180 3426 2488 3497 intelligere
2513 3425 2832 3481 charitatem
2871 3423 2970 3479 Dei
3002 3439 3139 3497 erga
3160 3439 3281 3478 nos.

2250 3534 2421 3588 Vsus.
2447 3534 2497 3586 6.
2523 3562 2593 3572 -—
2612 3533 2679 3589 Ut
2710 3531 2843 3603 quid
2881 3532 3057 3586 enim.
3092 3530 3226 3585 Cum
3262 3530 3412 3585 Deus
3437 3544 3540 3584 nos
3569 3528 3780 3601 diligat,

2180 3621 2268 3678 vel
2317 3636 2419 3677 nos
2463 3636 2587 3676 eum
2633 3636 2733 3691 per
2781 3619 3079 3691 Spiritum,,
3111 3635 3240 3690 spes
3267 3617 3580 3689 implebitur
3612 3636 3625 3671 :
3660 3616 3783 3688 quia

2177 3710 2283 3765 nisi
2311 3710 2382 3764 ita
2410 3709 2514 3775 sit,
2548 3710 2750 3764 frustra
2776 3716 2860 3764 est
2886 3724 3082 3780 passus
3111 3707 3373 3762 Christus.
3432 3707 3500 3761 Et
3550 3706 3658 3762 hoc
3701 3714 3785 3760 est

2179 3816 2275 3855 cur
2303 3798 2549 3853 Christus
2576 3813 2674 3868 pro
2702 3797 2884 3869 impiis
2909 3839 2922 3863 ,
2952 3796 3009 3851 id
3055 3805 3138 3852 est
3177 3812 3277 3867 pro
3325 3795 3620 3851 dilectione
3674 3794 3778 3848 im-

2177 3888 2393 3959 piorum
2420 3887 2508 3943 vel
2535 3902 2635 3957 pro
2664 3885 2781 3942 vice
2829 3901 3053 3950 eorum,
3104 3900 3204 3956 pro
3241 3883 3421 3955 impiis
3444 3927 3457 3950 ,
3520 3898 3636 3939 non
3691 3882 3779 3954 qui

2176 3976 2307 4031 olim
2340 3974 2588 4042 fuissent,
2622 3982 2675 4030 et
2702 3990 2813 4031 non
2845 3980 2991 4041 tunc,
3026 3973 3125 4029 sed
3146 3989 3271 4029 cum
3300 3988 3547 4028 essemus
3576 3969 3776 4025 inﬁrmi

2177 4064 2231 4118 in
2252 4064 2512 4136 peccatis.

2246 4152 2568 4209 Secundum
2586 4156 2827 4225 tempus,
2862 4150 2916 4206 id
2946 4158 3047 4217 est,
3071 4165 3170 4222 per
3197 4149 3435 4205 triduum
3465 4156 3689 4215 tantum,
3708 4163 3774 4203 ne

2176 4240 2435 4312 desperes
2464 4241 2532 4295 de
2558 4241 2675 4310 ejus
2703 4239 2944 4311 potentia
2973 4240 3123 4309 cujus
3154 4246 3376 4310 apparet
3405 4238 3459 4292 in
3491 4246 3668 4293 morte
3690 4237 3776 4291 beo

2174 4329 2484 4386 nevolentia
2519 4346 2532 4382 :
2566 4345 2598 4383 a
2629 4345 2736 4401 quo
2765 4329 2900 4384 tales
2928 4329 3116 4383 arrhas
3149 4327 3464 4399 accipimus,
3500 4326 3647 4398 quod
3677 4325 3773 4380 ἀο-

484 4392 607 4490 sunt
637 4384 1020 4490 impossibilia,
1053 4386 1200 4443 Deus
1233 4385 1379 4454 fecit,
1408 4395 1467 4443 ut
1496 4403 1596 4459 per
1622 4388 1739 4444 haec
1766 4387 2143 4469 credentes,D
2176 4384 2322 4475 navi,
2350 4417 2532 4490 impiis
2561 4384 2794 4474 mo‘rtem
2821 4434 2973 4472 suam
2998 4461 3010 4484 ,
3044 4416 3137 4488 qui
3167 4384 3353 4473 εθτξωι
3393 4384 3556 4485 ju'sﬁ‘s
3611 4414 3776 4470 vim

486 4475 838 4531 salvarentur.

552 4591 722 4645 Vsus.
752 4594 842 4648 20.
877 4620 945 4632 -—-
974 4592 1040 4647 In
1087 4594 1537 4665 repromissione.
1581 4594 1729 4648 Isaac
1757 4599 1948 4649 contra
1973 4608 2075 4647 na-

482 4683 659 4733 turam
687 4679 936 4736 humanae
965 4681 1331 4752 generationis
1359 4681 1660 4753 promissus
1683 4725 1696 4747 ,
1747 4680 1804 4735 in
1860 4681 2076 4752 signum

481 4763 579 4821 fuit
608 4767 708 4821 Dei
737 4767 931 4822 Filium
960 4778 1145 4825 contra
1188 4771 1483 4826 humanam
1535 4779 1789 4825 naturam
1840 4769 2077 4825 nascitu-

482 4871 603 4911 rum
634 4872 700 4910 ex
741 4855 959 4912 homine
1020 4876 1032 4911 :
1095 4856 1341 4930 ﬁliosque
1394 4859 1674 4914 hominum
1703 4874 1801 4930 per
1830 4857 2077 4930 spiritum

481 4945 914 5015 regenerationis
944 4961 1011 5001 ex
1037 4948 1415 5017 peccatoribus
1446 4947 1585 5004 ﬁlios
1629 4948 1767 5016 Dei,
1819 4965 1885 5005 ex
1927 4964 2076 5005 mor-

483 5033 682 5088 talibus
710 5033 1046 5089 immortales
1075 5037 1439 5108 generandos.

553 5140 722 5195 Vsus.
753 5142 918 5197 24.-
948 5142 1012 5197 In
1029 5158 1159 5198 eum
1179 5144 1274 5215 qui
1289 5145 1588 5200 suscitavit
1603 5146 1813 5211 Iesum,
1833 5152 1937 5201 etc.
1958 5145 2075 5200 Ser-

479 5244 697 5284 monem
727 5229 795 5284 de
833 5229 1066 5286 Domino
1094 5239 1217 5302 apte
1255 5248 1555 5303 aggressus
1583 5241 1667 5288 est
1692 5278 1705 5301 ,
1739 5241 1793 5289 et
1822 5233 1931 5301 ait,
1965 5248 2074 5288 non

480 5326 703 5390 propter
743 5326 964 5389 peccata
993 5336 1091 5374 sua
1119 5328 1359 5376 mortuus
1388 5329 1508 5387 est,
1570 5338 1694 5377 nam
1749 5324 1855 5379 hoc
1909 5322 2073 5379 modo

478 5423 588 5463 non
617 5407 897 5463 debuisset
922 5424 1228 5479 resurgere,
1260 5409 1418 5467 sicuti
1447 5427 1623 5483 neque
1655 5411 1921 5483 quispiam
1949 5418 2075 5467 ante

476 5495 647 5564 illum,
684 5496 782 5552 sed
810 5505 1035 5568 propter
1061 5507 1291 5569 peccata
1331 5508 1522 5555 nostra
1544 5542 1558 5566 ,
1590 5508 1647 5554 ut
1677 5517 1778 5557 nos
1807 5500 1874 5554 ab
1903 5499 1981 5555 eis
2012 5499 2077 5555 li-

478 5583 711 5643 beraret.
759 5584 1223 5656 Quemadmodum
1280 5595 1334 5645 et
1388 5589 1659 5645 Abraham
1686 5606 1749 5646 ac
1779 5590 1925 5646 Sara;
1953 5605 2073 5643 ma-

2178 4524 2350 4563 suam.
2380 4509 2622 4563 Mortuus
2650 4515 2734 4563 est
2762 4522 2861 4579 pro
2891 4514 2960 4568 te.
2990 4522 3023 4562 o
3053 4506 3217 4562 homo
3242 4504 3510 4571 mortalis,
3535 4510 3594 4559 ut
3622 4504 3777 4559 vivas

2175 4612 2301 4653 cum
2330 4595 2443 4652 illo.
2477 4596 2726 4668 Suscepit
2752 4603 2983 4651 mortem
3011 4602 3253 4650 nostram
3278 4638 3290 4660 ,
3325 4601 3384 4648 ut
3410 4593 3643 4649 donaret
3671 4606 3777 4647 no-

2176 4686 2262 4741 bis
2303 4686 2469 4741 vitam
2514 4701 2665 4740 suam
2711 4702 2724 4738 :
2773 4684 2984 4756 accepit
3030 4700 3097 4739 ex
3141 4692 3196 4740 te
3218 4728 3231 4750 ,
3279 4682 3425 4738 unde
3470 4689 3780 4737 moreretur

2175 4790 2277 4846 pro
2306 4784 2379 4829 te.
2412 4774 2591 4829 Induit
2620 4790 2679 4829 se
2706 4817 2718 4840 ,
2751 4774 2845 4828 ubi
2874 4790 2971 4845 pro
3002 4781 3053 4829 te
3082 4780 3389 4829 moreretur
3420 4789 3435 4825 :
3465 4770 3656 4827 induet
3700 4778 3773 4837 te,

2174 4863 2268 4918 ubi
2295 4878 2418 4919 cum
2448 4862 2541 4918 illo
2572 4863 2745 4919 vivas.
2782 4862 2960 4918 Induit
2989 4878 3048 4918 se
3075 4876 3239 4917 carne
3268 4859 3483 4916 mortali
3515 4859 3571 4914 in
3602 4858 3778 4931 virgi-

2175 4952 2339 5007 nitate
2367 4951 2552 5007 matris
2585 4969 2599 5006 :
2633 4951 2820 5008 induet
2848 4959 2900 5007 te
2929 4951 3039 5008 vita
3070 4949 3302 5023 perenni
3356 4948 3413 5004 in
3469 4947 3782 5021 aequalitate

2175 5040 2370 5097 Patris.

2249 5147 2419 5203 Vsus.
2453 5149 2507 5203 7.
2541 5176 2611 5187 -—
2647 5148 2771 5204 Vix.
2816 5145 2996 5213 Dicit,
3041 5161 3145 5219 pro
3174 5148 3351 5219 justo.
3384 5142 3633 5200 Forsitan
3677 5156 3788 5214 pro

2174 5236 2319 5292 bono
2354 5252 2367 5289 :
2400 5236 2637 5292 ostendit
2664 5243 2953 5308 utrumque
2980 5232 3203 5291 difﬁcile
3231 5241 3286 5291 et
3314 5249 3497 5289 rarum
3516 5276 3533 5300 ,
3573 5231 3670 5287 sed
3700 5230 3789 5286 al-

2175 5333 2352 5380 terum
2382 5323 2654 5380 difﬁcilius
2687 5332 2740 5379 et
2766 5324 2960 5379 rarius.

2246 5416 2354 5470 Pro
2392 5415 2550 5486 justo
2574 5455 2589 5481 ,
2621 5421 2725 5468 etc.
2756 5413 2939 5467 Justus
2968 5427 3068 5483 pro
3098 5410 3355 5468 exercitio
3382 5452 3395 5476 ,
3430 5408 3524 5482 qui
3570 5415 3623 5464 et
3673 5407 3786 5461 bo-

2174 5518 2311 5570 nus;
2343 5502 2442 5558 sed
2468 5510 2552 5558 est
2580 5509 2633 5557 et
2660 5502 2836 5558 bonus
2868 5500 2960 5573 qui
2991 5516 3102 5557 non
3128 5502 3327 5571 justus,
3361 5498 3419 5554 id
3448 5506 3532 5553 est
3564 5496 3657 5569 qui
3686 5510 3796 5550 na-

2175 5600 2261 5647 tus
2291 5598 2374 5647 est
2401 5590 2456 5646 in
2485 5590 2826 5663 simplicitate
2859 5608 2873 5646 :
2904 5589 3170 5647 innocens
3201 5587 3295 5661 qui
3325 5587 3572 5645 nondum
3629 5584 3795 5641 labo—
