  <div class='ocr_page' id='page_1' title='image "/cluster/home/n/w/nwhite01/storage/ocr_20150623/114/hvd.32044052819893/248.png"; bbox 0 0 3964 6180; ppageno 0'>
   <div class='ocr_carea' id='block_1_1' title="bbox 314 280 410 334">
    <p class='ocr_par' dir='ltr' id='par_1_1' title="bbox 314 280 410 334">
     <span class='ocr_line' id='line_1_1' title="bbox 314 280 410 334; baseline 0 0"><span class='ocrx_word' id='word_1_1' title='bbox 314 280 410 334; x_wconf 67' lang='lat' dir='ltr'>L85</span> 
     </span>
    </p>
   </div>
   <div class='ocr_carea' id='block_1_2' title="bbox 1287 273 2705 335">
    <p class='ocr_par' dir='ltr' id='par_1_2' title="bbox 1287 273 2705 335">
     <span class='ocr_line' id='line_1_2' title="bbox 1287 273 2705 335; baseline 0.001 -3"><span class='ocrx_word' id='word_1_2' title='bbox 1287 274 1558 334; x_wconf 89' lang='lat' dir='ltr'>GLOSSA</span> <span class='ocrx_word' id='word_1_3' title='bbox 1597 273 2007 334; x_wconf 80' lang='lat' dir='ltr'>ORDINARIA.</span> <span class='ocrx_word' id='word_1_4' title='bbox 2047 307 2115 318; x_wconf 93' lang='lat'><strong>—</strong></span> <span class='ocrx_word' id='word_1_5' title='bbox 2151 276 2369 334; x_wconf 90' lang='lat' dir='ltr'>EPIST.</span> <span class='ocrx_word' id='word_1_6' title='bbox 2411 278 2505 334; x_wconf 89' lang='lat' dir='ltr'>AD</span> <span class='ocrx_word' id='word_1_7' title='bbox 2536 276 2705 335; x_wconf 84' lang='lat' dir='ltr'>ROM.</span> 
     </span>
    </p>
   </div>
   <div class='ocr_carea' id='block_1_3' title="bbox 3498 280 3602 334">
    <p class='ocr_par' dir='ltr' id='par_1_3' title="bbox 3498 280 3602 334">
     <span class='ocr_line' id='line_1_3' title="bbox 3498 280 3602 334; baseline -0.01 0"><span class='ocrx_word' id='word_1_8' title='bbox 3498 280 3602 334; x_wconf 74' lang='grc'>486</span> 
     </span>
    </p>
   </div>
   <div class='ocr_carea' id='block_1_4' title="bbox 304 400 3603 490">
    <p class='ocr_par' dir='ltr' id='par_1_4' title="bbox 304 400 3603 490">
     <span class='ocr_line' id='line_1_4' title="bbox 304 400 3603 490; baseline 0.001 -36"><span class='ocrx_word' id='word_1_9' title='bbox 304 418 456 483; x_wconf 49' lang='lat' dir='ltr'>mm.</span> <span class='ocrx_word' id='word_1_10' title='bbox 489 425 548 472; x_wconf 73' lang='grc' dir='ltr'>ιιι</span> <span class='ocrx_word' id='word_1_11' title='bbox 577 415 938 489; x_wconf 62' lang='lat' dir='ltr'>ampliﬁcaret</span> <span class='ocrx_word' id='word_1_12' title='bbox 987 433 1048 472; x_wconf 72' lang='lat' dir='ltr'>se</span> <span class='ocrx_word' id='word_1_13' title='bbox 1096 417 1272 485; x_wconf 55' lang='lat' dir='ltr'>bonis,</span> <span class='ocrx_word' id='word_1_14' title='bbox 1305 426 1363 473; x_wconf 67' lang='grc' dir='ltr'>ιιι</span> <span class='ocrx_word' id='word_1_15' title='bbox 1409 426 1535 474; x_wconf 69' lang='lat' dir='ltr'>sum</span> <span class='ocrx_word' id='word_1_16' title='bbox 1580 419 1795 490; x_wconf 64' lang='lat' dir='ltr'>parvuli</span> <span class='ocrx_word' id='word_1_17' title='bbox 1840 419 1895 474; x_wconf 70' lang='lat' dir='ltr'><strong>in</strong></span> <span class='ocrx_word' id='word_1_18' title='bbox 1925 403 2178 474; x_wconf 81' lang='lat' dir='ltr'>Apauci,</span> <span class='ocrx_word' id='word_1_19' title='bbox 2213 411 2271 490; x_wconf 89' lang='lat' dir='ltr'>ut</span> <span class='ocrx_word' id='word_1_20' title='bbox 2291 403 2588 468; x_wconf 83' lang='lat' dir='ltr'>Abraham,</span> <span class='ocrx_word' id='word_1_21' title='bbox 2615 401 2707 457; x_wconf 91' lang='lat' dir='ltr'>uni</span> <span class='ocrx_word' id='word_1_22' title='bbox 2739 403 2854 457; x_wconf 90' lang='lat' dir='ltr'>Deo</span> <span class='ocrx_word' id='word_1_23' title='bbox 2886 400 3208 470; x_wconf 89' lang='lat' dir='ltr'>servierunt,</span> <span class='ocrx_word' id='word_1_24' title='bbox 3230 409 3283 457; x_wconf 93' lang='lat' dir='ltr'>et</span> <span class='ocrx_word' id='word_1_25' title='bbox 3303 401 3357 456; x_wconf 91' lang='lat' dir='ltr'>in</span> <span class='ocrx_word' id='word_1_26' title='bbox 3380 417 3474 458; x_wconf 92' lang='lat' dir='ltr'>eos</span> <span class='ocrx_word' id='word_1_27' title='bbox 3493 417 3603 457; x_wconf 91' lang='lat' dir='ltr'>non</span> 
     </span>
    </p>
   </div>
   <div class='ocr_carea' id='block_1_5' title="bbox 304 506 1901 579">
    <p class='ocr_par' dir='ltr' id='par_1_5' title="bbox 304 506 1901 579">
     <span class='ocr_line' id='line_1_5' title="bbox 304 506 1901 579; baseline 0 -15"><span class='ocrx_word' id='word_1_28' title='bbox 304 508 573 579; x_wconf 84' lang='lat' dir='ltr'>baptismo</span> <span class='ocrx_word' id='word_1_29' title='bbox 600 507 849 562; x_wconf 86' lang='lat' dir='ltr'>mundati</span> <span class='ocrx_word' id='word_1_30' title='bbox 880 526 894 573; x_wconf 87' lang='lat'><strong>;</strong></span> <span class='ocrx_word' id='word_1_31' title='bbox 927 514 983 562; x_wconf 89' lang='lat' dir='ltr'>et</span> <span class='ocrx_word' id='word_1_32' title='bbox 1010 506 1138 563; x_wconf 89' lang='lat' dir='ltr'>licet</span> <span class='ocrx_word' id='word_1_33' title='bbox 1160 508 1343 577; x_wconf 88' lang='lat' dir='ltr'>justus</span> <span class='ocrx_word' id='word_1_34' title='bbox 1371 507 1587 574; x_wconf 86' lang='lat' dir='ltr'>melior,</span> <span class='ocrx_word' id='word_1_35' title='bbox 1620 523 1788 564; x_wconf 87' lang='lat' dir='ltr'>causa</span> <span class='ocrx_word' id='word_1_36' title='bbox 1819 517 1901 564; x_wconf 88' lang='lat' dir='ltr'>ta-</span> 
     </span>
    </p>
   </div>
   <div class='ocr_carea' id='block_1_6' title="bbox 304 595 1904 670">
    <p class='ocr_par' dir='ltr' id='par_1_6' title="bbox 304 595 1904 670">
     <span class='ocr_line' id='line_1_6' title="bbox 304 595 1904 670; baseline 0.001 -18"><span class='ocrx_word' id='word_1_37' title='bbox 304 614 427 653; x_wconf 87' lang='lat' dir='ltr'>men</span> <span class='ocrx_word' id='word_1_38' title='bbox 482 596 808 653; x_wconf 66' lang='lat' dir='ltr'>innocentiaa</span> <span class='ocrx_word' id='word_1_39' title='bbox 864 595 1233 652; x_wconf 79' lang='lat' dir='ltr'>miserabilior</span> <span class='ocrx_word' id='word_1_40' title='bbox 1279 613 1441 668; x_wconf 89' lang='lat' dir='ltr'>quam</span> <span class='ocrx_word' id='word_1_41' title='bbox 1482 597 1723 669; x_wconf 67' lang='lat' dir='ltr'>justitiaa,</span> <span class='ocrx_word' id='word_1_42' title='bbox 1776 598 1904 670; x_wconf 90' lang='lat' dir='ltr'>quia</span> 
     </span>
    </p>
   </div>
   <div class='ocr_carea' id='block_1_7' title="bbox 304 685 1590 756">
    <p class='ocr_par' dir='ltr' id='par_1_7' title="bbox 304 685 1590 756">
     <span class='ocr_line' id='line_1_7' title="bbox 304 685 1590 756; baseline -0.002 -13"><span class='ocrx_word' id='word_1_43' title='bbox 304 700 410 743; x_wconf 86' lang='lat' dir='ltr'>non</span> <span class='ocrx_word' id='word_1_44' title='bbox 440 694 525 742; x_wconf 89' lang='lat' dir='ltr'>est</span> <span class='ocrx_word' id='word_1_45' title='bbox 554 686 869 756; x_wconf 90' lang='lat' dir='ltr'>hujusmodi</span> <span class='ocrx_word' id='word_1_46' title='bbox 893 685 1106 755; x_wconf 90' lang='lat' dir='ltr'>justitia</span> <span class='ocrx_word' id='word_1_47' title='bbox 1136 685 1254 740; x_wconf 87' lang='lat' dir='ltr'>sine</span> <span class='ocrx_word' id='word_1_48' title='bbox 1285 686 1590 741; x_wconf 75' lang='lat' dir='ltr'>severitate.</span> 
     </span>
    </p>
   </div>
   <div class='ocr_carea' id='block_1_8' title="bbox 368 803 1905 861">
    <p class='ocr_par' dir='ltr' id='par_1_8' title="bbox 368 803 1905 861">
     <span class='ocr_line' id='line_1_8' title="bbox 368 803 1905 861; baseline -0.001 -2"><span class='ocrx_word' id='word_1_49' title='bbox 368 805 540 859; x_wconf 74' lang='lat' dir='ltr'>Vsus.</span> <span class='ocrx_word' id='word_1_50' title='bbox 576 809 629 860; x_wconf 91' lang='lat'><strong>8.</strong></span> <span class='ocrx_word' id='word_1_51' title='bbox 651 832 721 844; x_wconf 93' lang='lat'><strong>—</strong></span> <span class='ocrx_word' id='word_1_52' title='bbox 746 804 884 861; x_wconf 79' lang='lat' dir='ltr'>Cum</span> <span class='ocrx_word' id='word_1_53' title='bbox 916 803 1120 860; x_wconf 84' lang='lat' dir='ltr'>adhuc.</span> <span class='ocrx_word' id='word_1_54' title='bbox 1153 803 1302 860; x_wconf 84' lang='lat' dir='ltr'>Ecce</span> <span class='ocrx_word' id='word_1_55' title='bbox 1330 803 1462 858; x_wconf 91' lang='lat' dir='ltr'>dum</span> <span class='ocrx_word' id='word_1_56' title='bbox 1491 803 1687 859; x_wconf 91' lang='lat' dir='ltr'>oderat</span> <span class='ocrx_word' id='word_1_57' title='bbox 1715 817 1905 858; x_wconf 89' lang='lat' dir='ltr'>secun-</span> 
     </span>
    </p>
   </div>
   <div class='ocr_carea' id='block_1_9' title="bbox 305 891 1900 964">
    <p class='ocr_par' dir='ltr' id='par_1_9' title="bbox 305 891 1900 964">
     <span class='ocr_line' id='line_1_9' title="bbox 305 891 1900 964; baseline -0.002 -16"><span class='ocrx_word' id='word_1_58' title='bbox 305 892 433 948; x_wconf 88' lang='lat' dir='ltr'>dum</span> <span class='ocrx_word' id='word_1_59' title='bbox 460 899 710 964; x_wconf 82' lang='lat' dir='ltr'>peccata,</span> <span class='ocrx_word' id='word_1_60' title='bbox 757 892 974 947; x_wconf 89' lang='lat' dir='ltr'>amabat</span> <span class='ocrx_word' id='word_1_61' title='bbox 1017 892 1319 948; x_wconf 90' lang='lat' dir='ltr'>secundum</span> <span class='ocrx_word' id='word_1_62' title='bbox 1365 892 1513 964; x_wconf 91' lang='lat' dir='ltr'>quod</span> <span class='ocrx_word' id='word_1_63' title='bbox 1555 908 1693 962; x_wconf 91' lang='lat' dir='ltr'>opus</span> <span class='ocrx_word' id='word_1_64' title='bbox 1737 891 1900 959; x_wconf 88' lang='lat' dir='ltr'>ejus:</span> 
     </span>
    </p>
   </div>
   <div class='ocr_carea' id='block_1_10' title="bbox 308 980 1905 1053">
    <p class='ocr_par' dir='ltr' id='par_1_10' title="bbox 308 980 1905 1053">
     <span class='ocr_line' id='line_1_10' title="bbox 308 980 1905 1053; baseline -0.001 -17"><span class='ocrx_word' id='word_1_65' title='bbox 308 982 453 1053; x_wconf 90' lang='lat' dir='ltr'>quod</span> <span class='ocrx_word' id='word_1_66' title='bbox 481 989 535 1038; x_wconf 92' lang='lat' dir='ltr'>et</span> <span class='ocrx_word' id='word_1_67' title='bbox 568 980 698 1038; x_wconf 84' lang='lat' dir='ltr'>fecit</span> <span class='ocrx_word' id='word_1_68' title='bbox 727 989 851 1037; x_wconf 85' lang='lat' dir='ltr'>ante</span> <span class='ocrx_word' id='word_1_69' title='bbox 880 981 1070 1036; x_wconf 91' lang='lat' dir='ltr'>mundi</span> <span class='ocrx_word' id='word_1_70' title='bbox 1107 981 1567 1038; x_wconf 87' lang='lat' dir='ltr'>constitutionem.</span> <span class='ocrx_word' id='word_1_71' title='bbox 1600 980 1905 1037; x_wconf 87' lang='lat' dir='ltr'>Dicendum</span> 
     </span>
    </p>
   </div>
   <div class='ocr_carea' id='block_1_11' title="bbox 306 1070 1906 1142">
    <p class='ocr_par' dir='ltr' id='par_1_11' title="bbox 306 1070 1906 1142">
     <span class='ocr_line' id='line_1_11' title="bbox 306 1070 1906 1142; baseline -0.002 -15"><span class='ocrx_word' id='word_1_72' title='bbox 306 1079 419 1127; x_wconf 88' lang='lat' dir='ltr'>erat</span> <span class='ocrx_word' id='word_1_73' title='bbox 460 1078 723 1142; x_wconf 88' lang='lat' dir='ltr'>quantum</span> <span class='ocrx_word' id='word_1_74' title='bbox 789 1086 891 1126; x_wconf 91' lang='lat' dir='ltr'>nos</span> <span class='ocrx_word' id='word_1_75' title='bbox 957 1070 1163 1140; x_wconf 86' lang='lat' dir='ltr'>dilexit,</span> <span class='ocrx_word' id='word_1_76' title='bbox 1222 1086 1292 1125; x_wconf 89' lang='lat' dir='ltr'>ne</span> <span class='ocrx_word' id='word_1_77' title='bbox 1334 1071 1803 1141; x_wconf 79' lang='lat' dir='ltr'>deSperaremus;</span> <span class='ocrx_word' id='word_1_78' title='bbox 1851 1077 1906 1125; x_wconf 89' lang='lat' dir='ltr'>et</span> 
     </span>
    </p>
   </div>
   <div class='ocr_carea' id='block_1_12' title="bbox 306 1159 1902 1231">
    <p class='ocr_par' dir='ltr' id='par_1_12' title="bbox 306 1159 1902 1231">
     <span class='ocr_line' id='line_1_12' title="bbox 306 1159 1902 1231; baseline -0.001 -18"><span class='ocrx_word' id='word_1_79' title='bbox 306 1159 517 1231; x_wconf 85' lang='lat' dir='ltr'>quales,</span> <span class='ocrx_word' id='word_1_80' title='bbox 548 1176 617 1214; x_wconf 89' lang='lat' dir='ltr'>ne</span> <span class='ocrx_word' id='word_1_81' title='bbox 648 1159 1078 1230; x_wconf 90' lang='lat' dir='ltr'>superbiremus.</span> <span class='ocrx_word' id='word_1_82' title='bbox 1127 1160 1246 1214; x_wconf 89' lang='lat' dir='ltr'>Fuit</span> <span class='ocrx_word' id='word_1_83' title='bbox 1276 1166 1329 1214; x_wconf 90' lang='lat' dir='ltr'>et</span> <span class='ocrx_word' id='word_1_84' title='bbox 1360 1159 1497 1214; x_wconf 91' lang='lat' dir='ltr'>alius</span> <span class='ocrx_word' id='word_1_85' title='bbox 1543 1160 1739 1215; x_wconf 91' lang='lat' dir='ltr'>modus</span> <span class='ocrx_word' id='word_1_86' title='bbox 1766 1175 1902 1229; x_wconf 88' lang='lat' dir='ltr'>pos-</span> 
     </span>
    </p>
   </div>
   <div class='ocr_carea' id='block_1_13' title="bbox 303 1246 1902 1319">
    <p class='ocr_par' dir='ltr' id='par_1_13' title="bbox 303 1246 1902 1319">
     <span class='ocr_line' id='line_1_13' title="bbox 303 1246 1902 1319; baseline 0 -17"><span class='ocrx_word' id='word_1_87' title='bbox 303 1247 475 1302; x_wconf 89' lang='lat' dir='ltr'>sibilis</span> <span class='ocrx_word' id='word_1_88' title='bbox 534 1249 650 1303; x_wconf 88' lang='lat' dir='ltr'>Deo</span> <span class='ocrx_word' id='word_1_89' title='bbox 709 1247 801 1319; x_wconf 89' lang='lat' dir='ltr'>qui</span> <span class='ocrx_word' id='word_1_90' title='bbox 856 1246 1039 1303; x_wconf 89' lang='lat' dir='ltr'>omnia</span> <span class='ocrx_word' id='word_1_91' title='bbox 1082 1256 1282 1318; x_wconf 87' lang='lat' dir='ltr'>potest,</span> <span class='ocrx_word' id='word_1_92' title='bbox 1331 1248 1428 1303; x_wconf 91' lang='lat' dir='ltr'>sed</span> <span class='ocrx_word' id='word_1_93' title='bbox 1473 1248 1654 1302; x_wconf 91' lang='lat' dir='ltr'>nullus</span> <span class='ocrx_word' id='word_1_94' title='bbox 1701 1255 1902 1303; x_wconf 67' lang='lat' dir='ltr'>nostra:</span> 
     </span>
    </p>
   </div>
   <div class='ocr_carea' id='block_1_14' title="bbox 294 1335 1902 1405">
    <p class='ocr_par' dir='ltr' id='par_1_14' title="bbox 294 1335 1902 1405">
     <span class='ocr_line' id='line_1_14' title="bbox 294 1335 1902 1405; baseline 0 -14"><span class='ocrx_word' id='word_1_95' title='bbox 294 1336 534 1392; x_wconf 74' lang='lat' dir='ltr'>miseriae</span> <span class='ocrx_word' id='word_1_96' title='bbox 590 1337 845 1391; x_wconf 63' lang='lat' dir='ltr'>sanandae</span> <span class='ocrx_word' id='word_1_97' title='bbox 899 1336 1330 1392; x_wconf 89' lang='lat' dir='ltr'>convenientior.</span> <span class='ocrx_word' id='word_1_98' title='bbox 1397 1335 1539 1405; x_wconf 87' lang='lat' dir='ltr'>Quid</span> <span class='ocrx_word' id='word_1_99' title='bbox 1598 1336 1742 1391; x_wconf 90' lang='lat' dir='ltr'>enim</span> <span class='ocrx_word' id='word_1_100' title='bbox 1799 1352 1902 1391; x_wconf 89' lang='lat' dir='ltr'>nos</span> 
     </span>
    </p>
   </div>
   <div class='ocr_carea' id='block_1_15' title="bbox 299 1424 1901 1499">
    <p class='ocr_par' dir='ltr' id='par_1_15' title="bbox 299 1424 1901 1499">
     <span class='ocr_line' id='line_1_15' title="bbox 299 1424 1901 1499; baseline 0 -19"><span class='ocrx_word' id='word_1_101' title='bbox 299 1434 506 1481; x_wconf 90' lang='lat' dir='ltr'>tantum</span> <span class='ocrx_word' id='word_1_102' title='bbox 534 1426 716 1499; x_wconf 82' lang='lat' dir='ltr'>erigit,</span> <span class='ocrx_word' id='word_1_103' title='bbox 751 1433 805 1481; x_wconf 91' lang='lat' dir='ltr'>et</span> <span class='ocrx_word' id='word_1_104' title='bbox 833 1442 862 1480; x_wconf 90' lang='lat' dir='ltr'>a</span> <span class='ocrx_word' id='word_1_105' title='bbox 892 1426 1272 1497; x_wconf 86' lang='lat' dir='ltr'>desperatione</span> <span class='ocrx_word' id='word_1_106' title='bbox 1311 1424 1728 1479; x_wconf 86' lang='lat' dir='ltr'>immortalitatis</span> <span class='ocrx_word' id='word_1_107' title='bbox 1758 1424 1901 1480; x_wconf 90' lang='lat' dir='ltr'>libe-</span> 
     </span>
    </p>
   </div>
   <div class='ocr_carea' id='block_1_16' title="bbox 299 1513 1900 1586">
    <p class='ocr_par' dir='ltr' id='par_1_16' title="bbox 299 1513 1900 1586">
     <span class='ocr_line' id='line_1_16' title="bbox 299 1513 1900 1586; baseline -0.001 -16"><span class='ocrx_word' id='word_1_108' title='bbox 299 1522 402 1580; x_wconf 85' lang='lat' dir='ltr'>rat,</span> <span class='ocrx_word' id='word_1_109' title='bbox 435 1530 598 1586; x_wconf 89' lang='lat' dir='ltr'>quam</span> <span class='ocrx_word' id='word_1_110' title='bbox 638 1515 785 1586; x_wconf 91' lang='lat' dir='ltr'>quod</span> <span class='ocrx_word' id='word_1_111' title='bbox 829 1513 962 1569; x_wconf 91' lang='lat' dir='ltr'>tanti</span> <span class='ocrx_word' id='word_1_112' title='bbox 1008 1530 1108 1569; x_wconf 92' lang='lat' dir='ltr'>nos</span> <span class='ocrx_word' id='word_1_113' title='bbox 1138 1513 1285 1581; x_wconf 89' lang='lat' dir='ltr'>fecit,</span> <span class='ocrx_word' id='word_1_114' title='bbox 1316 1522 1374 1569; x_wconf 93' lang='lat' dir='ltr'>ut</span> <span class='ocrx_word' id='word_1_115' title='bbox 1402 1515 1566 1569; x_wconf 92' lang='lat' dir='ltr'>homo</span> <span class='ocrx_word' id='word_1_116' title='bbox 1611 1530 1713 1586; x_wconf 92' lang='lat' dir='ltr'>pro</span> <span class='ocrx_word' id='word_1_117' title='bbox 1742 1513 1900 1570; x_wconf 91' lang='lat' dir='ltr'>nobis</span> 
     </span>
    </p>
   </div>
   <div class='ocr_carea' id='block_1_17' title="bbox 298 1603 667 1660">
    <p class='ocr_par' dir='ltr' id='par_1_17' title="bbox 298 1603 667 1660">
     <span class='ocr_line' id='line_1_17' title="bbox 298 1603 667 1660; baseline 0 -3"><span class='ocrx_word' id='word_1_118' title='bbox 298 1611 612 1660; x_wconf 88' lang='lat' dir='ltr'>moreretur</span> <span class='ocrx_word' id='word_1_119' title='bbox 639 1603 667 1657; x_wconf 79' lang='lat'><strong>?</strong></span> 
     </span>
    </p>
   </div>
   <div class='ocr_carea' id='block_1_18' title="bbox 367 1717 1899 1791">
    <p class='ocr_par' dir='ltr' id='par_1_18' title="bbox 367 1717 1899 1791">
     <span class='ocr_line' id='line_1_18' title="bbox 367 1717 1899 1791; baseline -0.001 -18"><span class='ocrx_word' id='word_1_120' title='bbox 367 1718 541 1774; x_wconf 77' lang='lat' dir='ltr'>Vsus.</span> <span class='ocrx_word' id='word_1_121' title='bbox 564 1721 617 1773; x_wconf 89' lang='lat'>9.</span> <span class='ocrx_word' id='word_1_122' title='bbox 642 1748 711 1759; x_wconf 91' lang='lat'>—</span> <span class='ocrx_word' id='word_1_123' title='bbox 728 1719 901 1775; x_wconf 80' lang='lat' dir='ltr'>Multo</span> <span class='ocrx_word' id='word_1_124' title='bbox 931 1720 1128 1791; x_wconf 79' lang='lat' dir='ltr'>igitur.</span> <span class='ocrx_word' id='word_1_125' title='bbox 1165 1717 1400 1773; x_wconf 86' lang='lat' dir='ltr'>Gravius</span> <span class='ocrx_word' id='word_1_126' title='bbox 1430 1726 1513 1773; x_wconf 90' lang='lat' dir='ltr'>est</span> <span class='ocrx_word' id='word_1_127' title='bbox 1544 1733 1645 1788; x_wconf 91' lang='lat' dir='ltr'>pro</span> <span class='ocrx_word' id='word_1_128' title='bbox 1673 1724 1899 1789; x_wconf 88' lang='lat' dir='ltr'>peccato</span> 
     </span>
    </p>
   </div>
   <div class='ocr_carea' id='block_1_19' title="bbox 296 1805 1893 1878">
    <p class='ocr_par' dir='ltr' id='par_1_19' title="bbox 296 1805 1893 1878">
     <span class='ocr_line' id='line_1_19' title="bbox 296 1805 1893 1878; baseline -0.002 -17"><span class='ocrx_word' id='word_1_129' title='bbox 296 1806 441 1862; x_wconf 91' lang='lat' dir='ltr'>mori</span> <span class='ocrx_word' id='word_1_130' title='bbox 470 1814 524 1861; x_wconf 92' lang='lat' dir='ltr'>et</span> <span class='ocrx_word' id='word_1_131' title='bbox 552 1814 837 1878; x_wconf 89' lang='lat' dir='ltr'>peccatum</span> <span class='ocrx_word' id='word_1_132' title='bbox 883 1807 1096 1876; x_wconf 89' lang='lat' dir='ltr'>tollere,</span> <span class='ocrx_word' id='word_1_133' title='bbox 1149 1822 1313 1878; x_wconf 90' lang='lat' dir='ltr'>quam</span> <span class='ocrx_word' id='word_1_134' title='bbox 1352 1807 1465 1876; x_wconf 91' lang='lat' dir='ltr'>jam</span> <span class='ocrx_word' id='word_1_135' title='bbox 1506 1806 1683 1875; x_wconf 86' lang='lat' dir='ltr'>justos</span> <span class='ocrx_word' id='word_1_136' title='bbox 1731 1805 1893 1861; x_wconf 90' lang='lat' dir='ltr'>etiam</span> 
     </span>
    </p>
   </div>
   <div class='ocr_carea' id='block_1_20' title="bbox 295 1894 1894 1967">
    <p class='ocr_par' dir='ltr' id='par_1_20' title="bbox 295 1894 1894 1967">
     <span class='ocr_line' id='line_1_20' title="bbox 295 1894 1894 1967; baseline -0.003 -16"><span class='ocrx_word' id='word_1_137' title='bbox 295 1903 659 1967; x_wconf 87' lang='lat' dir='ltr'>cooperantes</span> <span class='ocrx_word' id='word_1_138' title='bbox 690 1895 922 1951; x_wconf 88' lang='lat' dir='ltr'>salvare.</span> <span class='ocrx_word' id='word_1_139' title='bbox 956 1897 1022 1951; x_wconf 87' lang='lat' dir='ltr'>In</span> <span class='ocrx_word' id='word_1_140' title='bbox 1051 1897 1347 1967; x_wconf 74' lang='lat' dir='ltr'>sanguine.</span> <span class='ocrx_word' id='word_1_141' title='bbox 1384 1894 1521 1964; x_wconf 86' lang='lat' dir='ltr'>Quia</span> <span class='ocrx_word' id='word_1_142' title='bbox 1552 1895 1630 1951; x_wconf 92' lang='lat' dir='ltr'>sic</span> <span class='ocrx_word' id='word_1_143' title='bbox 1660 1909 1894 1965; x_wconf 91' lang='lat' dir='ltr'>supera-</span> 
     </span>
    </p>
   </div>
   <div class='ocr_carea' id='block_1_21' title="bbox 295 1983 1910 2055">
    <p class='ocr_par' dir='ltr' id='par_1_21' title="bbox 295 1983 1910 2055">
     <span class='ocr_line' id='line_1_21' title="bbox 295 1983 1910 2055; baseline -0.001 -17"><span class='ocrx_word' id='word_1_144' title='bbox 295 1992 387 2039; x_wconf 90' lang='lat' dir='ltr'>tur</span> <span class='ocrx_word' id='word_1_145' title='bbox 411 1984 621 2054; x_wconf 90' lang='lat' dir='ltr'>justitia</span> <span class='ocrx_word' id='word_1_146' title='bbox 648 1983 921 2051; x_wconf 87' lang='lat' dir='ltr'>diabolus,</span> <span class='ocrx_word' id='word_1_147' title='bbox 953 2000 1064 2039; x_wconf 92' lang='lat' dir='ltr'>non</span> <span class='ocrx_word' id='word_1_148' title='bbox 1092 1984 1353 2055; x_wconf 87' lang='lat' dir='ltr'>potentia.</span> <span class='ocrx_word' id='word_1_149' title='bbox 1385 1984 1621 2051; x_wconf 85' lang='lat' dir='ltr'>Justitia,</span> <span class='ocrx_word' id='word_1_150' title='bbox 1655 1984 1780 2055; x_wconf 83' lang='lat' dir='ltr'>quia</span> <span class='ocrx_word' id='word_1_151' title='bbox 1810 1983 1910 2037; x_wconf 91' lang='lat' dir='ltr'>im-</span> 
     </span>
    </p>
   </div>
   <div class='ocr_carea' id='block_1_22' title="bbox 296 2072 1903 2140">
    <p class='ocr_par' dir='ltr' id='par_1_22' title="bbox 296 2072 1903 2140">
     <span class='ocr_line' id='line_1_22' title="bbox 296 2072 1903 2140; baseline 0 -13"><span class='ocrx_word' id='word_1_152' title='bbox 296 2072 580 2140; x_wconf 91' lang='lat' dir='ltr'>meritum,</span> <span class='ocrx_word' id='word_1_153' title='bbox 612 2072 821 2129; x_wconf 87' lang='lat' dir='ltr'>scilicet</span> <span class='ocrx_word' id='word_1_154' title='bbox 866 2073 1141 2128; x_wconf 88' lang='lat' dir='ltr'>Christum</span> <span class='ocrx_word' id='word_1_155' title='bbox 1188 2072 1440 2128; x_wconf 86' lang='lat' dir='ltr'>diabolus</span> <span class='ocrx_word' id='word_1_156' title='bbox 1482 2072 1680 2129; x_wconf 89' lang='lat' dir='ltr'>occidit</span> <span class='ocrx_word' id='word_1_157' title='bbox 1714 2090 1727 2127; x_wconf 94' lang='lat'><strong>:</strong></span> <span class='ocrx_word' id='word_1_158' title='bbox 1758 2073 1903 2127; x_wconf 93' lang='lat' dir='ltr'>unde</span> 
     </span>
    </p>
   </div>
   <div class='ocr_carea' id='block_1_23' title="bbox 293 2160 1902 2233">
    <p class='ocr_par' dir='ltr' id='par_1_23' title="bbox 293 2160 1902 2233">
     <span class='ocr_line' id='line_1_23' title="bbox 293 2160 1902 2233; baseline -0.001 -16"><span class='ocrx_word' id='word_1_159' title='bbox 293 2169 347 2217; x_wconf 91' lang='lat' dir='ltr'>et</span> <span class='ocrx_word' id='word_1_160' title='bbox 390 2161 531 2217; x_wconf 89' lang='lat' dir='ltr'>alios</span> <span class='ocrx_word' id='word_1_161' title='bbox 581 2162 705 2231; x_wconf 85' lang='lat' dir='ltr'>jure</span> <span class='ocrx_word' id='word_1_162' title='bbox 760 2162 956 2233; x_wconf 87' lang='lat' dir='ltr'>perdit.</span> <span class='ocrx_word' id='word_1_163' title='bbox 1004 2163 1127 2216; x_wconf 88' lang='lat' dir='ltr'>Non</span> <span class='ocrx_word' id='word_1_164' title='bbox 1168 2161 1430 2233; x_wconf 88' lang='lat' dir='ltr'>potentia,</span> <span class='ocrx_word' id='word_1_165' title='bbox 1478 2161 1606 2233; x_wconf 89' lang='lat' dir='ltr'>quia</span> <span class='ocrx_word' id='word_1_166' title='bbox 1650 2160 1902 2216; x_wconf 89' lang='lat' dir='ltr'>diabolus</span> 
     </span>
    </p>
   </div>
   <div class='ocr_carea' id='block_1_24' title="bbox 293 2249 1900 2321">
    <p class='ocr_par' dir='ltr' id='par_1_24' title="bbox 293 2249 1900 2321">
     <span class='ocr_line' id='line_1_24' title="bbox 293 2249 1900 2321; baseline 0.001 -17"><span class='ocrx_word' id='word_1_167' title='bbox 293 2258 512 2305; x_wconf 87' lang='lat' dir='ltr'>amator</span> <span class='ocrx_word' id='word_1_168' title='bbox 548 2251 824 2321; x_wconf 67' lang='lat' dir='ltr'>potentiae,</span> <span class='ocrx_word' id='word_1_169' title='bbox 875 2251 1128 2305; x_wconf 89' lang='lat' dir='ltr'>desertor</span> <span class='ocrx_word' id='word_1_170' title='bbox 1167 2249 1391 2320; x_wconf 64' lang='lat' dir='ltr'>justitia:</span> <span class='ocrx_word' id='word_1_171' title='bbox 1439 2258 1541 2319; x_wconf 89' lang='lat' dir='ltr'>est,</span> <span class='ocrx_word' id='word_1_172' title='bbox 1572 2250 1629 2304; x_wconf 91' lang='lat' dir='ltr'>in</span> <span class='ocrx_word' id='word_1_173' title='bbox 1659 2267 1766 2320; x_wconf 89' lang='lat' dir='ltr'>quo</span> <span class='ocrx_word' id='word_1_174' title='bbox 1796 2251 1900 2306; x_wconf 85' lang='lat' dir='ltr'>ho-</span> 
     </span>
    </p>
   </div>
   <div class='ocr_carea' id='block_1_25' title="bbox 290 2338 1903 2412">
    <p class='ocr_par' dir='ltr' id='par_1_25' title="bbox 290 2338 1903 2412">
     <span class='ocr_line' id='line_1_25' title="bbox 290 2338 1903 2412; baseline 0 -19"><span class='ocrx_word' id='word_1_175' title='bbox 290 2338 474 2394; x_wconf 90' lang='lat' dir='ltr'>mines</span> <span class='ocrx_word' id='word_1_176' title='bbox 513 2339 690 2412; x_wconf 90' lang='lat' dir='ltr'>magis</span> <span class='ocrx_word' id='word_1_177' title='bbox 732 2356 859 2394; x_wconf 92' lang='lat' dir='ltr'>eum</span> <span class='ocrx_word' id='word_1_178' title='bbox 887 2339 1181 2394; x_wconf 90' lang='lat' dir='ltr'>imitantur.</span> <span class='ocrx_word' id='word_1_179' title='bbox 1235 2339 1442 2395; x_wconf 90' lang='lat' dir='ltr'>Placuit</span> <span class='ocrx_word' id='word_1_180' title='bbox 1486 2338 1652 2411; x_wconf 85' lang='lat' dir='ltr'>igitur</span> <span class='ocrx_word' id='word_1_181' title='bbox 1698 2340 1815 2393; x_wconf 92' lang='lat' dir='ltr'>Deo</span> <span class='ocrx_word' id='word_1_182' title='bbox 1844 2346 1903 2393; x_wconf 92' lang='lat' dir='ltr'>ut</span> 
     </span>
    </p>
   </div>
   <div class='ocr_carea' id='block_1_26' title="bbox 290 2426 1899 2498">
    <p class='ocr_par' dir='ltr' id='par_1_26' title="bbox 290 2426 1899 2498">
     <span class='ocr_line' id='line_1_26' title="bbox 290 2426 1899 2498; baseline 0.001 -17"><span class='ocrx_word' id='word_1_183' title='bbox 290 2442 408 2482; x_wconf 90' lang='lat' dir='ltr'>non</span> <span class='ocrx_word' id='word_1_184' title='bbox 444 2426 705 2498; x_wconf 90' lang='lat' dir='ltr'>potentia,</span> <span class='ocrx_word' id='word_1_185' title='bbox 758 2428 855 2482; x_wconf 91' lang='lat' dir='ltr'>sed</span> <span class='ocrx_word' id='word_1_186' title='bbox 900 2427 1109 2497; x_wconf 90' lang='lat' dir='ltr'>justitia</span> <span class='ocrx_word' id='word_1_187' title='bbox 1154 2426 1382 2484; x_wconf 90' lang='lat' dir='ltr'>vincens</span> <span class='ocrx_word' id='word_1_188' title='bbox 1428 2427 1703 2483; x_wconf 91' lang='lat' dir='ltr'>hominem</span> <span class='ocrx_word' id='word_1_189' title='bbox 1734 2442 1899 2482; x_wconf 89' lang='lat' dir='ltr'>erue-</span> 
     </span>
    </p>
   </div>
   <div class='ocr_carea' id='block_1_27' title="bbox 289 2515 1900 2588">
    <p class='ocr_par' dir='ltr' id='par_1_27' title="bbox 289 2515 1900 2588">
     <span class='ocr_line' id='line_1_27' title="bbox 289 2515 1900 2588; baseline 0.001 -19"><span class='ocrx_word' id='word_1_190' title='bbox 289 2523 400 2586; x_wconf 87' lang='lat' dir='ltr'>ret,</span> <span class='ocrx_word' id='word_1_191' title='bbox 433 2515 490 2570; x_wconf 90' lang='lat' dir='ltr'>in</span> <span class='ocrx_word' id='word_1_192' title='bbox 529 2532 637 2587; x_wconf 86' lang='lat' dir='ltr'>quo</span> <span class='ocrx_word' id='word_1_193' title='bbox 685 2516 849 2571; x_wconf 92' lang='lat' dir='ltr'>homo</span> <span class='ocrx_word' id='word_1_194' title='bbox 894 2532 1018 2571; x_wconf 92' lang='lat' dir='ltr'>eum</span> <span class='ocrx_word' id='word_1_195' title='bbox 1064 2516 1366 2571; x_wconf 88' lang='lat' dir='ltr'>imitaretur</span> <span class='ocrx_word' id='word_1_196' title='bbox 1399 2534 1412 2571; x_wconf 91' lang='lat'><strong>:</strong></span> <span class='ocrx_word' id='word_1_197' title='bbox 1443 2524 1634 2588; x_wconf 89' lang='lat' dir='ltr'>postea</span> <span class='ocrx_word' id='word_1_198' title='bbox 1681 2531 1813 2571; x_wconf 90' lang='lat' dir='ltr'>vero</span> <span class='ocrx_word' id='word_1_199' title='bbox 1844 2515 1900 2571; x_wconf 92' lang='lat' dir='ltr'>in</span> 
     </span>
    </p>
   </div>
   <div class='ocr_carea' id='block_1_28' title="bbox 289 2604 1897 2677">
    <p class='ocr_par' dir='ltr' id='par_1_28' title="bbox 289 2604 1897 2677">
     <span class='ocr_line' id='line_1_28' title="bbox 289 2604 1897 2677; baseline -0.001 -17"><span class='ocrx_word' id='word_1_200' title='bbox 289 2605 704 2660; x_wconf 86' lang='lat' dir='ltr'>resurrectione</span> <span class='ocrx_word' id='word_1_201' title='bbox 733 2613 917 2661; x_wconf 87' lang='lat' dir='ltr'>secuta</span> <span class='ocrx_word' id='word_1_202' title='bbox 949 2613 1033 2660; x_wconf 91' lang='lat' dir='ltr'>est</span> <span class='ocrx_word' id='word_1_203' title='bbox 1061 2606 1322 2676; x_wconf 90' lang='lat' dir='ltr'>potentia,</span> <span class='ocrx_word' id='word_1_204' title='bbox 1358 2605 1482 2677; x_wconf 91' lang='lat' dir='ltr'>quia</span> <span class='ocrx_word' id='word_1_205' title='bbox 1520 2604 1715 2661; x_wconf 84' lang='lat' dir='ltr'>revixit</span> <span class='ocrx_word' id='word_1_206' title='bbox 1741 2620 1897 2661; x_wconf 88' lang='lat' dir='ltr'>mor-</span> 
     </span>
    </p>
   </div>
   <div class='ocr_carea' id='block_1_29' title="bbox 287 2694 1317 2765">
    <p class='ocr_par' dir='ltr' id='par_1_29' title="bbox 287 2694 1317 2765">
     <span class='ocr_line' id='line_1_29' title="bbox 287 2694 1317 2765; baseline 0.002 -18"><span class='ocrx_word' id='word_1_207' title='bbox 287 2700 443 2760; x_wconf 90' lang='lat' dir='ltr'>tuus,</span> <span class='ocrx_word' id='word_1_208' title='bbox 474 2709 755 2765; x_wconf 90' lang='lat' dir='ltr'>nunquam</span> <span class='ocrx_word' id='word_1_209' title='bbox 780 2701 972 2765; x_wconf 90' lang='lat' dir='ltr'>postea</span> <span class='ocrx_word' id='word_1_210' title='bbox 999 2694 1317 2750; x_wconf 89' lang='lat' dir='ltr'>moriturus.</span> 
     </span>
    </p>
   </div>
   <div class='ocr_carea' id='block_1_30' title="bbox 354 2801 1895 2873">
    <p class='ocr_par' dir='ltr' id='par_1_30' title="bbox 354 2801 1895 2873">
     <span class='ocr_line' id='line_1_30' title="bbox 354 2801 1895 2873; baseline -0.001 -17"><span class='ocrx_word' id='word_1_211' title='bbox 354 2801 534 2856; x_wconf 73' lang='lat' dir='ltr'>Vnus.</span> <span class='ocrx_word' id='word_1_212' title='bbox 573 2803 660 2855; x_wconf 90' lang='lat'>10.</span> <span class='ocrx_word' id='word_1_213' title='bbox 695 2831 765 2840; x_wconf 96' lang='lat'><strong>—</strong></span> <span class='ocrx_word' id='word_1_214' title='bbox 794 2801 1024 2857; x_wconf 84' lang='lat' dir='ltr'>Inimici</span> <span class='ocrx_word' id='word_1_215' title='bbox 1053 2817 1319 2858; x_wconf 80' lang='lat' dir='ltr'>essemus.</span> <span class='ocrx_word' id='word_1_216' title='bbox 1354 2801 1477 2856; x_wconf 88' lang='lat' dir='ltr'>Non</span> <span class='ocrx_word' id='word_1_217' title='bbox 1507 2801 1895 2873; x_wconf 92' lang='lat' dir='ltr'>quoquomodo</span> 
     </span>
    </p>
   </div>
   <div class='ocr_carea' id='block_1_31' title="bbox 286 2889 1895 2960">
    <p class='ocr_par' dir='ltr' id='par_1_31' title="bbox 286 2889 1895 2960">
     <span class='ocr_line' id='line_1_31' title="bbox 286 2889 1895 2960; baseline 0.001 -17"><span class='ocrx_word' id='word_1_218' title='bbox 286 2897 637 2959; x_wconf 89' lang='lat' dir='ltr'>peccatores.</span> <span class='ocrx_word' id='word_1_219' title='bbox 680 2891 1051 2946; x_wconf 82' lang='lat' dir='ltr'>Reconciliati</span> <span class='ocrx_word' id='word_1_220' title='bbox 1096 2908 1311 2947; x_wconf 86' lang='lat' dir='ltr'>sumus.</span> <span class='ocrx_word' id='word_1_221' title='bbox 1365 2889 1507 2960; x_wconf 86' lang='lat' dir='ltr'>Quia</span> <span class='ocrx_word' id='word_1_222' title='bbox 1554 2889 1705 2960; x_wconf 90' lang='lat' dir='ltr'>prius</span> <span class='ocrx_word' id='word_1_223' title='bbox 1747 2890 1895 2960; x_wconf 89' lang='lat' dir='ltr'>juste</span> 
     </span>
    </p>
   </div>
   <div class='ocr_carea' id='block_1_32' title="bbox 289 2978 1893 3051">
    <p class='ocr_par' dir='ltr' id='par_1_32' title="bbox 289 2978 1893 3051">
     <span class='ocr_line' id='line_1_32' title="bbox 289 2978 1893 3051; baseline 0.002 -19"><span class='ocrx_word' id='word_1_224' title='bbox 289 2993 513 3033; x_wconf 89' lang='lat' dir='ltr'>eramus</span> <span class='ocrx_word' id='word_1_225' title='bbox 543 2978 645 3033; x_wconf 93' lang='lat' dir='ltr'>sub</span> <span class='ocrx_word' id='word_1_226' title='bbox 673 2985 940 3049; x_wconf 87' lang='lat' dir='ltr'>potestate</span> <span class='ocrx_word' id='word_1_227' title='bbox 970 2978 1177 3035; x_wconf 89' lang='lat' dir='ltr'>diaboli</span> <span class='ocrx_word' id='word_1_228' title='bbox 1204 2987 1395 3034; x_wconf 89' lang='lat' dir='ltr'>natura</span> <span class='ocrx_word' id='word_1_229' title='bbox 1437 2979 1731 3051; x_wconf 82' lang='lat' dir='ltr'>depravata</span> <span class='ocrx_word' id='word_1_230' title='bbox 1756 2993 1893 3050; x_wconf 88' lang='lat' dir='ltr'>pec-</span> 
     </span>
    </p>
   </div>
   <div class='ocr_carea' id='block_1_33' title="bbox 290 3074 437 3121">
    <p class='ocr_par' dir='ltr' id='par_1_33' title="bbox 290 3074 437 3121">
     <span class='ocr_line' id='line_1_33' title="bbox 290 3074 437 3121; baseline -0.007 0"><span class='ocrx_word' id='word_1_231' title='bbox 290 3074 437 3121; x_wconf 85' lang='lat' dir='ltr'>cato.</span> 
     </span>
    </p>
   </div>
   <div class='ocr_carea' id='block_1_34' title="bbox 1902 3128 1953 3193">
    <p class='ocr_par' dir='ltr' id='par_1_34' title="bbox 1902 3128 1953 3193">
     <span class='ocr_line' id='line_1_34' title="bbox 1902 3128 1953 3193; baseline 0 0"><span class='ocrx_word' id='word_1_232' title='bbox 1902 3128 1953 3193; x_wconf 91' lang='lat' dir='ltr'>C</span> 
     </span>
    </p>
   </div>
   <div class='ocr_carea' id='block_1_35' title="bbox 356 3182 1880 3255">
    <p class='ocr_par' dir='ltr' id='par_1_35' title="bbox 356 3182 1880 3255">
     <span class='ocr_line' id='line_1_35' title="bbox 356 3182 1880 3255; baseline 0.001 -19"><span class='ocrx_word' id='word_1_233' title='bbox 356 3182 535 3236; x_wconf 70' lang='lat' dir='ltr'>Vens.</span> <span class='ocrx_word' id='word_1_234' title='bbox 574 3185 659 3239; x_wconf 76' lang='lat'>12.</span> <span class='ocrx_word' id='word_1_235' title='bbox 694 3211 763 3222; x_wconf 90' lang='lat'><strong><em>—</em></strong></span> <span class='ocrx_word' id='word_1_236' title='bbox 789 3184 1109 3255; x_wconf 81' lang='lat' dir='ltr'>PrOpterea.</span> <span class='ocrx_word' id='word_1_237' title='bbox 1144 3182 1290 3237; x_wconf 87' lang='lat' dir='ltr'>Dixit</span> <span class='ocrx_word' id='word_1_238' title='bbox 1316 3199 1417 3253; x_wconf 90' lang='lat' dir='ltr'>per</span> <span class='ocrx_word' id='word_1_239' title='bbox 1453 3182 1727 3237; x_wconf 88' lang='lat' dir='ltr'>Christum</span> <span class='ocrx_word' id='word_1_240' title='bbox 1757 3199 1880 3238; x_wconf 90' lang='lat' dir='ltr'>esse</span> 
     </span>
    </p>
   </div>
   <div class='ocr_carea' id='block_1_36' title="bbox 280 3269 1901 3342">
    <p class='ocr_par' dir='ltr' id='par_1_36' title="bbox 280 3269 1901 3342">
     <span class='ocr_line' id='line_1_36' title="bbox 280 3269 1901 3342; baseline 0.001 -18"><span class='ocrx_word' id='word_1_241' title='bbox 280 3269 559 3339; x_wconf 87' lang='lat' dir='ltr'>justitiam</span> <span class='ocrx_word' id='word_1_242' title='bbox 590 3277 643 3324; x_wconf 90' lang='lat' dir='ltr'>et</span> <span class='ocrx_word' id='word_1_243' title='bbox 672 3270 855 3326; x_wconf 91' lang='lat' dir='ltr'>vitam.</span> <span class='ocrx_word' id='word_1_244' title='bbox 878 3271 946 3335; x_wconf 87' lang='lat' dir='ltr'>Et</span> <span class='ocrx_word' id='word_1_245' title='bbox 968 3271 1113 3342; x_wconf 90' lang='lat' dir='ltr'>quod</span> <span class='ocrx_word' id='word_1_246' title='bbox 1142 3269 1315 3342; x_wconf 92' lang='lat' dir='ltr'>possit</span> <span class='ocrx_word' id='word_1_247' title='bbox 1345 3287 1467 3325; x_wconf 89' lang='lat' dir='ltr'>esse</span> <span class='ocrx_word' id='word_1_248' title='bbox 1496 3288 1596 3341; x_wconf 91' lang='lat' dir='ltr'>per</span> <span class='ocrx_word' id='word_1_249' title='bbox 1623 3288 1767 3340; x_wconf 91' lang='lat' dir='ltr'>eum,</span> <span class='ocrx_word' id='word_1_250' title='bbox 1800 3287 1901 3342; x_wconf 92' lang='lat' dir='ltr'>per</span> 
     </span>
    </p>
   </div>
   <div class='ocr_carea' id='block_1_37' title="bbox 292 3357 1555 3430">
    <p class='ocr_par' dir='ltr' id='par_1_37' title="bbox 292 3357 1555 3430">
     <span class='ocr_line' id='line_1_37' title="bbox 292 3357 1555 3430; baseline 0.002 -18"><span class='ocrx_word' id='word_1_251' title='bbox 292 3358 710 3414; x_wconf 89' lang='lat' dir='ltr'>similitudinem</span> <span class='ocrx_word' id='word_1_252' title='bbox 738 3359 795 3414; x_wconf 92' lang='lat' dir='ltr'>in</span> <span class='ocrx_word' id='word_1_253' title='bbox 822 3357 1019 3414; x_wconf 90' lang='lat' dir='ltr'>minori</span> <span class='ocrx_word' id='word_1_254' title='bbox 1048 3360 1281 3430; x_wconf 90' lang='lat' dir='ltr'>probare</span> <span class='ocrx_word' id='word_1_255' title='bbox 1311 3359 1555 3415; x_wconf 87' lang='lat' dir='ltr'>intendit.</span> 
     </span>
    </p>
   </div>
   <div class='ocr_carea' id='block_1_38' title="bbox 355 3448 1899 3504">
    <p class='ocr_par' dir='ltr' id='par_1_38' title="bbox 355 3448 1899 3504">
     <span class='ocr_line' id='line_1_38' title="bbox 355 3448 1899 3504; baseline 0 -1"><span class='ocrx_word' id='word_1_256' title='bbox 355 3451 471 3503; x_wconf 87' lang='lat' dir='ltr'>Per</span> <span class='ocrx_word' id='word_1_257' title='bbox 501 3464 704 3503; x_wconf 87' lang='lat' dir='ltr'>unum.</span> <span class='ocrx_word' id='word_1_258' title='bbox 736 3448 910 3503; x_wconf 84' lang='lat' dir='ltr'>Adam</span> <span class='ocrx_word' id='word_1_259' title='bbox 942 3448 1150 3504; x_wconf 89' lang='lat' dir='ltr'>scilicet</span> <span class='ocrx_word' id='word_1_260' title='bbox 1195 3464 1304 3504; x_wconf 92' lang='lat' dir='ltr'>non</span> <span class='ocrx_word' id='word_1_261' title='bbox 1350 3465 1516 3503; x_wconf 89' lang='lat' dir='ltr'>unam</span> <span class='ocrx_word' id='word_1_262' title='bbox 1562 3449 1733 3504; x_wconf 87' lang='lat' dir='ltr'>Evam</span> <span class='ocrx_word' id='word_1_263' title='bbox 1764 3449 1899 3504; x_wconf 85' lang='lat' dir='ltr'>dixit</span> 
     </span>
    </p>
   </div>
   <div class='ocr_carea' id='block_1_39' title="bbox 285 3536 1896 3607">
    <p class='ocr_par' dir='ltr' id='par_1_39' title="bbox 285 3536 1896 3607">
     <span class='ocr_line' id='line_1_39' title="bbox 285 3536 1896 3607; baseline 0.001 -16"><span class='ocrx_word' id='word_1_264' title='bbox 285 3536 615 3607; x_wconf 78' lang='lat' dir='ltr'>Apostolus:</span> <span class='ocrx_word' id='word_1_265' title='bbox 636 3537 1087 3593; x_wconf 88' lang='lat' dir='ltr'>consuetudinem</span> <span class='ocrx_word' id='word_1_266' title='bbox 1110 3545 1321 3603; x_wconf 89' lang='lat' dir='ltr'>tenens,</span> <span class='ocrx_word' id='word_1_267' title='bbox 1339 3538 1470 3592; x_wconf 92' lang='lat' dir='ltr'>dum</span> <span class='ocrx_word' id='word_1_268' title='bbox 1490 3538 1896 3594; x_wconf 89' lang='lat' dir='ltr'>successionem</span> 
     </span>
    </p>
   </div>
   <div class='ocr_carea' id='block_1_40' title="bbox 283 3624 1896 3699">
    <p class='ocr_par' dir='ltr' id='par_1_40' title="bbox 283 3624 1896 3699">
     <span class='ocr_line' id='line_1_40' title="bbox 283 3624 1896 3699; baseline 0.002 -20"><span class='ocrx_word' id='word_1_269' title='bbox 283 3624 623 3696; x_wconf 88' lang='lat' dir='ltr'>posteritatis</span> <span class='ocrx_word' id='word_1_270' title='bbox 664 3626 914 3681; x_wconf 65' lang='lat' dir='ltr'>humana-3</span> <span class='ocrx_word' id='word_1_271' title='bbox 964 3626 1109 3699; x_wconf 72' lang='lat' dir='ltr'>(qua:</span> <span class='ocrx_word' id='word_1_272' title='bbox 1152 3633 1380 3697; x_wconf 87' lang='lat' dir='ltr'>peccato</span> <span class='ocrx_word' id='word_1_273' title='bbox 1409 3634 1462 3681; x_wconf 90' lang='lat' dir='ltr'>et</span> <span class='ocrx_word' id='word_1_274' title='bbox 1510 3628 1672 3682; x_wconf 89' lang='lat' dir='ltr'>morti</span> <span class='ocrx_word' id='word_1_275' title='bbox 1715 3644 1781 3681; x_wconf 91' lang='lat' dir='ltr'>ex</span> <span class='ocrx_word' id='word_1_276' title='bbox 1829 3642 1896 3682; x_wconf 92' lang='lat' dir='ltr'>eo</span> 
     </span>
    </p>
   </div>
   <div class='ocr_carea' id='block_1_41' title="bbox 285 3712 1889 3786">
    <p class='ocr_par' dir='ltr' id='par_1_41' title="bbox 285 3712 1889 3786">
     <span class='ocr_line' id='line_1_41' title="bbox 285 3712 1889 3786; baseline 0.001 -18"><span class='ocrx_word' id='word_1_277' title='bbox 285 3712 532 3769; x_wconf 90' lang='lat' dir='ltr'>venienti</span> <span class='ocrx_word' id='word_1_278' title='bbox 563 3714 891 3786; x_wconf 89' lang='lat' dir='ltr'>succumbit)</span> <span class='ocrx_word' id='word_1_279' title='bbox 923 3731 1032 3770; x_wconf 91' lang='lat' dir='ltr'>non</span> <span class='ocrx_word' id='word_1_280' title='bbox 1059 3715 1295 3783; x_wconf 90' lang='lat' dir='ltr'>mulieri,</span> <span class='ocrx_word' id='word_1_281' title='bbox 1329 3715 1427 3770; x_wconf 89' lang='lat' dir='ltr'>sed</span> <span class='ocrx_word' id='word_1_282' title='bbox 1470 3716 1588 3770; x_wconf 91' lang='lat' dir='ltr'>viro</span> <span class='ocrx_word' id='word_1_283' title='bbox 1634 3715 1889 3769; x_wconf 89' lang='lat' dir='ltr'>attribuit.</span> 
     </span>
    </p>
   </div>
   <div class='ocr_carea' id='block_1_42' title="bbox 287 3802 1893 3875">
    <p class='ocr_par' dir='ltr' id='par_1_42' title="bbox 287 3802 1893 3875">
     <span class='ocr_line' id='line_1_42' title="bbox 287 3802 1893 3875; baseline 0 -18"><span class='ocrx_word' id='word_1_284' title='bbox 287 3803 415 3858; x_wconf 85' lang='lat' dir='ltr'>Non</span> <span class='ocrx_word' id='word_1_285' title='bbox 445 3802 593 3858; x_wconf 91' lang='lat' dir='ltr'>enim</span> <span class='ocrx_word' id='word_1_286' title='bbox 622 3820 689 3858; x_wconf 86' lang='lat' dir='ltr'>ex</span> <span class='ocrx_word' id='word_1_287' title='bbox 717 3804 948 3859; x_wconf 89' lang='lat' dir='ltr'>muliere</span> <span class='ocrx_word' id='word_1_288' title='bbox 990 3804 1306 3875; x_wconf 89' lang='lat' dir='ltr'>posteritas,</span> <span class='ocrx_word' id='word_1_289' title='bbox 1343 3804 1440 3860; x_wconf 92' lang='lat' dir='ltr'>sed</span> <span class='ocrx_word' id='word_1_290' title='bbox 1470 3821 1537 3859; x_wconf 92' lang='lat' dir='ltr'>ex</span> <span class='ocrx_word' id='word_1_291' title='bbox 1566 3804 1681 3860; x_wconf 89' lang='lat' dir='ltr'>viro</span> <span class='ocrx_word' id='word_1_292' title='bbox 1711 3804 1893 3859; x_wconf 92' lang='lat' dir='ltr'>nomi-</span> 
     </span>
    </p>
   </div>
   <div class='ocr_carea' id='block_1_43' title="bbox 287 3891 1892 3965">
    <p class='ocr_par' dir='ltr' id='par_1_43' title="bbox 287 3891 1892 3965">
     <span class='ocr_line' id='line_1_43' title="bbox 287 3891 1892 3965; baseline 0.002 -20"><span class='ocrx_word' id='word_1_293' title='bbox 287 3891 408 3947; x_wconf 88' lang='lat' dir='ltr'>nari</span> <span class='ocrx_word' id='word_1_294' title='bbox 440 3891 603 3947; x_wconf 89' lang='lat' dir='ltr'>solet.</span> <span class='ocrx_word' id='word_1_295' title='bbox 638 3892 758 3962; x_wconf 86' lang='lat' dir='ltr'>Vel,</span> <span class='ocrx_word' id='word_1_296' title='bbox 792 3893 917 3964; x_wconf 91' lang='lat' dir='ltr'>quia</span> <span class='ocrx_word' id='word_1_297' title='bbox 945 3893 1144 3949; x_wconf 88' lang='lat' dir='ltr'>mulier</span> <span class='ocrx_word' id='word_1_298' title='bbox 1162 3893 1231 3948; x_wconf 91' lang='lat' dir='ltr'>de</span> <span class='ocrx_word' id='word_1_299' title='bbox 1253 3894 1371 3949; x_wconf 91' lang='lat' dir='ltr'>viro</span> <span class='ocrx_word' id='word_1_300' title='bbox 1390 3902 1493 3963; x_wconf 92' lang='lat' dir='ltr'>est,</span> <span class='ocrx_word' id='word_1_301' title='bbox 1526 3902 1579 3949; x_wconf 91' lang='lat' dir='ltr'>et</span> <span class='ocrx_word' id='word_1_302' title='bbox 1608 3894 1892 3965; x_wconf 90' lang='lat' dir='ltr'>utriusque</span> 
     </span>
    </p>
   </div>
   <div class='ocr_carea' id='block_1_44' title="bbox 288 3980 1889 4054">
    <p class='ocr_par' dir='ltr' id='par_1_44' title="bbox 288 3980 1889 4054">
     <span class='ocr_line' id='line_1_44' title="bbox 288 3980 1889 4054; baseline 0.002 -20"><span class='ocrx_word' id='word_1_303' title='bbox 288 3996 390 4034; x_wconf 85' lang='lat' dir='ltr'>una</span> <span class='ocrx_word' id='word_1_304' title='bbox 421 3996 579 4037; x_wconf 91' lang='lat' dir='ltr'>caro.</span> <span class='ocrx_word' id='word_1_305' title='bbox 615 3980 741 4037; x_wconf 90' lang='lat' dir='ltr'>Sive</span> <span class='ocrx_word' id='word_1_306' title='bbox 772 3996 908 4054; x_wconf 89' lang='lat' dir='ltr'>ergo</span> <span class='ocrx_word' id='word_1_307' title='bbox 936 3982 1003 4036; x_wconf 91' lang='lat' dir='ltr'>ab</span> <span class='ocrx_word' id='word_1_308' title='bbox 1032 3982 1171 4049; x_wconf 87' lang='lat' dir='ltr'>Eva,</span> <span class='ocrx_word' id='word_1_309' title='bbox 1207 3981 1320 4037; x_wconf 88' lang='lat' dir='ltr'>sive</span> <span class='ocrx_word' id='word_1_310' title='bbox 1349 3983 1418 4037; x_wconf 88' lang='lat' dir='ltr'>ab</span> <span class='ocrx_word' id='word_1_311' title='bbox 1445 3983 1618 4038; x_wconf 89' lang='lat' dir='ltr'>Adam</span> <span class='ocrx_word' id='word_1_312' title='bbox 1655 3983 1889 4050; x_wconf 90' lang='lat' dir='ltr'>dicatur,</span> 
     </span>
    </p>
   </div>
   <div class='ocr_carea' id='block_1_45' title="bbox 289 4068 1892 4143">
    <p class='ocr_par' dir='ltr' id='par_1_45' title="bbox 289 4068 1892 4143">
     <span class='ocr_line' id='line_1_45' title="bbox 289 4068 1892 4143; baseline 0.004 -21"><span class='ocrx_word' id='word_1_313' title='bbox 289 4076 581 4140; x_wconf 88' lang='lat' dir='ltr'>utrumque</span> <span class='ocrx_word' id='word_1_314' title='bbox 610 4069 680 4124; x_wconf 90' lang='lat' dir='ltr'>ad</span> <span class='ocrx_word' id='word_1_315' title='bbox 706 4068 945 4140; x_wconf 91' lang='lat' dir='ltr'>primum</span> <span class='ocrx_word' id='word_1_316' title='bbox 973 4071 1250 4129; x_wconf 90' lang='lat' dir='ltr'>hominem</span> <span class='ocrx_word' id='word_1_317' title='bbox 1278 4072 1545 4142; x_wconf 89' lang='lat' dir='ltr'>pertinet:</span> <span class='ocrx_word' id='word_1_318' title='bbox 1579 4080 1631 4127; x_wconf 89' lang='lat' dir='ltr'>et</span> <span class='ocrx_word' id='word_1_319' title='bbox 1660 4090 1758 4143; x_wconf 90' lang='lat' dir='ltr'>per</span> <span class='ocrx_word' id='word_1_320' title='bbox 1786 4074 1892 4129; x_wconf 89' lang='lat' dir='ltr'>hoc</span> 
     </span>
    </p>
   </div>
   <div class='ocr_carea' id='block_1_46' title="bbox 290 4156 1892 4235">
    <p class='ocr_par' dir='ltr' id='par_1_46' title="bbox 290 4156 1892 4235">
     <span class='ocr_line' id='line_1_46' title="bbox 290 4156 1892 4235; baseline 0.002 -23"><span class='ocrx_word' id='word_1_321' title='bbox 290 4157 586 4227; x_wconf 80' lang='lat' dir='ltr'>Apostolus</span> <span class='ocrx_word' id='word_1_322' title='bbox 613 4167 901 4229; x_wconf 90' lang='lat' dir='ltr'>peccatum</span> <span class='ocrx_word' id='word_1_323' title='bbox 931 4159 1198 4233; x_wconf 81' lang='lat' dir='ltr'>originale</span> <span class='ocrx_word' id='word_1_324' title='bbox 1225 4161 1637 4233; x_wconf 89' lang='lat' dir='ltr'>propagationis</span> <span class='ocrx_word' id='word_1_325' title='bbox 1658 4156 1892 4235; x_wconf 81' lang='lat' dir='ltr'>intelligi</span> 
     </span>
    </p>
   </div>
   <div class='ocr_carea' id='block_1_47' title="bbox 290 4245 1889 4320">
    <p class='ocr_par' dir='ltr' id='par_1_47' title="bbox 290 4245 1889 4320">
     <span class='ocr_line' id='line_1_47' title="bbox 290 4245 1889 4320; baseline 0.004 -20"><span class='ocrx_word' id='word_1_326' title='bbox 290 4245 459 4300; x_wconf 88' lang='lat' dir='ltr'>voluit</span> <span class='ocrx_word' id='word_1_327' title='bbox 490 4247 649 4316; x_wconf 89' lang='lat' dir='ltr'>cujus</span> <span class='ocrx_word' id='word_1_328' title='bbox 676 4248 934 4320; x_wconf 88' lang='lat' dir='ltr'>princeps</span> <span class='ocrx_word' id='word_1_329' title='bbox 963 4249 1155 4319; x_wconf 90' lang='lat' dir='ltr'>Adam,</span> <span class='ocrx_word' id='word_1_330' title='bbox 1203 4264 1312 4304; x_wconf 89' lang='lat' dir='ltr'>non</span> <span class='ocrx_word' id='word_1_331' title='bbox 1355 4249 1686 4317; x_wconf 88' lang='lat' dir='ltr'>imitationis,</span> <span class='ocrx_word' id='word_1_332' title='bbox 1734 4252 1889 4320; x_wconf 89' lang='lat' dir='ltr'>cujus</span> 
     </span>
    </p>
   </div>
   <div class='ocr_carea' id='block_1_48' title="bbox 286 4333 1889 4405">
    <p class='ocr_par' dir='ltr' id='par_1_48' title="bbox 286 4333 1889 4405">
     <span class='ocr_line' id='line_1_48' title="bbox 286 4333 1889 4405; baseline 0.005 -17"><span class='ocrx_word' id='word_1_333' title='bbox 286 4333 545 4405; x_wconf 88' lang='lat' dir='ltr'>princeps</span> <span class='ocrx_word' id='word_1_334' title='bbox 582 4335 831 4390; x_wconf 89' lang='lat' dir='ltr'>diabolus</span> <span class='ocrx_word' id='word_1_335' title='bbox 864 4355 878 4403; x_wconf 91' lang='lat'><strong>;</strong></span> <span class='ocrx_word' id='word_1_336' title='bbox 912 4338 1057 4393; x_wconf 90' lang='lat' dir='ltr'>unde</span> <span class='ocrx_word' id='word_1_337' title='bbox 1091 4356 1104 4392; x_wconf 90' lang='lat'>:</span> <span class='ocrx_word' id='word_1_338' title='bbox 1135 4338 1353 4395; x_wconf 82' lang='lat' dir='ltr'>Invidia</span> <span class='ocrx_word' id='word_1_339' title='bbox 1382 4340 1589 4396; x_wconf 85' lang='lat' dir='ltr'>diaboli</span> <span class='ocrx_word' id='word_1_340' title='bbox 1616 4356 1766 4397; x_wconf 85' lang='lat' dir='ltr'>mors</span> <span class='ocrx_word' id='word_1_341' title='bbox 1795 4342 1889 4396; x_wconf 84' lang='lat' dir='ltr'>in-</span> 
     </span>
    </p>
   </div>
   <div class='ocr_carea' id='block_1_49' title="bbox 286 4422 1058 4482">
    <p class='ocr_par' dir='ltr' id='par_1_49' title="bbox 286 4422 1058 4482">
     <span class='ocr_line' id='line_1_49' title="bbox 286 4422 1058 4482; baseline 0.009 -7"><span class='ocrx_word' id='word_1_342' title='bbox 286 4424 458 4479; x_wconf 77' lang='lat' dir='ltr'>travit</span> <span class='ocrx_word' id='word_1_343' title='bbox 485 4423 550 4478; x_wconf 83' lang='lat' dir='ltr'>in</span> <span class='ocrx_word' id='word_1_344' title='bbox 578 4422 729 4480; x_wconf 85' lang='lat' dir='ltr'>hunc</span> <span class='ocrx_word' id='word_1_345' title='bbox 758 4426 1058 4482; x_wconf 86' lang='lat' dir='ltr'>mundum.</span> 
     </span>
    </p>
   </div>
   <div class='ocr_carea' id='block_1_50' title="bbox 2003 488 3607 565">
    <p class='ocr_par' dir='ltr' id='par_1_50' title="bbox 2003 488 3607 565">
     <span class='ocr_line' id='line_1_50' title="bbox 2003 488 3607 565; baseline -0.001 -19"><span class='ocrx_word' id='word_1_346' title='bbox 2003 488 2253 565; x_wconf 83' lang='lat' dir='ltr'>regnavit</span> <span class='ocrx_word' id='word_1_347' title='bbox 2284 508 2452 558; x_wconf 90' lang='lat' dir='ltr'>mors,</span> <span class='ocrx_word' id='word_1_348' title='bbox 2486 492 2595 547; x_wconf 81' lang='lat' dir='ltr'>i&#39;mo</span> <span class='ocrx_word' id='word_1_349' title='bbox 2617 491 2718 546; x_wconf 92' lang='lat' dir='ltr'>sub</span> <span class='ocrx_word' id='word_1_350' title='bbox 2766 508 2864 563; x_wconf 90' lang='lat' dir='ltr'>spe</span> <span class='ocrx_word' id='word_1_351' title='bbox 2901 490 3103 547; x_wconf 88' lang='lat' dir='ltr'>servati</span> <span class='ocrx_word' id='word_1_352' title='bbox 3132 498 3257 545; x_wconf 91' lang='lat' dir='ltr'>sunt</span> <span class='ocrx_word' id='word_1_353' title='bbox 3284 491 3340 545; x_wconf 91' lang='lat' dir='ltr'>in</span> <span class='ocrx_word' id='word_1_354' title='bbox 3371 491 3607 547; x_wconf 87' lang='lat' dir='ltr'>adventu</span> 
     </span>
    </p>
   </div>
   <div class='ocr_carea' id='block_1_51' title="bbox 2002 580 2517 637">
    <p class='ocr_par' dir='ltr' id='par_1_51' title="bbox 2002 580 2517 637">
     <span class='ocr_line' id='line_1_51' title="bbox 2002 580 2517 637; baseline -0.002 0"><span class='ocrx_word' id='word_1_355' title='bbox 2002 582 2198 637; x_wconf 88' lang='lat' dir='ltr'>Christi</span> <span class='ocrx_word' id='word_1_356' title='bbox 2226 580 2517 636; x_wconf 87' lang='lat' dir='ltr'>liberandi.</span> 
     </span>
    </p>
   </div>
   <div class='ocr_carea' id='block_1_52' title="bbox 2078 680 3605 755">
    <p class='ocr_par' dir='ltr' id='par_1_52' title="bbox 2078 680 3605 755">
     <span class='ocr_line' id='line_1_52' title="bbox 2078 680 3605 755; baseline -0.001 -18"><span class='ocrx_word' id='word_1_357' title='bbox 2078 683 2246 738; x_wconf 75' lang='lat' dir='ltr'>Vnus.</span> <span class='ocrx_word' id='word_1_358' title='bbox 2266 686 2427 737; x_wconf 89' lang='lat'>13.—</span> <span class='ocrx_word' id='word_1_359' title='bbox 2444 684 2616 755; x_wconf 80' lang='lat' dir='ltr'>Usque</span> <span class='ocrx_word' id='word_1_360' title='bbox 2638 681 2709 737; x_wconf 88' lang='lat' dir='ltr'>ad</span> <span class='ocrx_word' id='word_1_361' title='bbox 2724 683 2919 754; x_wconf 83' lang='lat' dir='ltr'>legem,</span> <span class='ocrx_word' id='word_1_362' title='bbox 2940 689 3043 737; x_wconf 92' lang='lat' dir='ltr'>etc.</span> <span class='ocrx_word' id='word_1_363' title='bbox 3070 680 3131 735; x_wconf 92' lang='lat' dir='ltr'>Id</span> <span class='ocrx_word' id='word_1_364' title='bbox 3149 688 3231 736; x_wconf 90' lang='lat' dir='ltr'>est</span> <span class='ocrx_word' id='word_1_365' title='bbox 3254 680 3382 752; x_wconf 91' lang='lat' dir='ltr'>quia</span> <span class='ocrx_word' id='word_1_366' title='bbox 3403 696 3505 737; x_wconf 90' lang='lat' dir='ltr'>nec</span> <span class='ocrx_word' id='word_1_367' title='bbox 3518 680 3605 736; x_wconf 86' lang='lat' dir='ltr'>lex</span> 
     </span>
    </p>
   </div>
   <div class='ocr_carea' id='block_1_53' title="bbox 2000 769 3610 843">
    <p class='ocr_par' dir='ltr' id='par_1_53' title="bbox 2000 769 3610 843">
     <span class='ocr_line' id='line_1_53' title="bbox 2000 769 3610 843; baseline -0.001 -17"><span class='ocrx_word' id='word_1_368' title='bbox 2000 770 2402 843; x_wconf 82' lang='lat' dir='ltr'>potuitauferre</span> <span class='ocrx_word' id='word_1_369' title='bbox 2422 779 2729 843; x_wconf 89' lang='lat' dir='ltr'>peccatum,</span> <span class='ocrx_word' id='word_1_370' title='bbox 2746 771 2842 825; x_wconf 93' lang='lat' dir='ltr'>sed</span> <span class='ocrx_word' id='word_1_371' title='bbox 2863 770 3033 836; x_wconf 85' lang='lat' dir='ltr'>auxit,</span> <span class='ocrx_word' id='word_1_372' title='bbox 3056 770 3173 826; x_wconf 90' lang='lat' dir='ltr'>sive</span> <span class='ocrx_word' id='word_1_373' title='bbox 3193 769 3476 838; x_wconf 88' lang='lat' dir='ltr'>naturalis,</span> <span class='ocrx_word' id='word_1_374' title='bbox 3493 769 3610 826; x_wconf 91' lang='lat' dir='ltr'>sive</span> 
     </span>
    </p>
   </div>
   <div class='ocr_carea' id='block_1_54' title="bbox 2003 858 3606 933">
    <p class='ocr_par' dir='ltr' id='par_1_54' title="bbox 2003 858 3606 933">
     <span class='ocr_line' id='line_1_54' title="bbox 2003 858 3606 933; baseline -0.001 -18"><span class='ocrx_word' id='word_1_375' title='bbox 2003 860 2209 931; x_wconf 86' lang='lat' dir='ltr'>scripta</span> <span class='ocrx_word' id='word_1_376' title='bbox 2252 878 2264 913; x_wconf 92' lang='lat'><strong>:</strong></span> <span class='ocrx_word' id='word_1_377' title='bbox 2295 860 2392 915; x_wconf 91' lang='lat' dir='ltr'>sed</span> <span class='ocrx_word' id='word_1_378' title='bbox 2423 876 2533 915; x_wconf 92' lang='lat' dir='ltr'>non</span> <span class='ocrx_word' id='word_1_379' title='bbox 2563 860 2959 931; x_wconf 90' lang='lat' dir='ltr'>imputabatur,</span> <span class='ocrx_word' id='word_1_380' title='bbox 2990 858 3046 913; x_wconf 92' lang='lat' dir='ltr'>id</span> <span class='ocrx_word' id='word_1_381' title='bbox 3079 866 3159 914; x_wconf 88' lang='lat' dir='ltr'>est</span> <span class='ocrx_word' id='word_1_382' title='bbox 3193 859 3557 933; x_wconf 80' lang='lat' dir='ltr'>ignorabatur</span> <span class='ocrx_word' id='word_1_383' title='bbox 3592 876 3606 914; x_wconf 90' lang='lat'><strong>:</strong></span> 
     </span>
    </p>
   </div>
   <div class='ocr_carea' id='block_1_55' title="bbox 2002 948 3612 1021">
    <p class='ocr_par' dir='ltr' id='par_1_55' title="bbox 2002 948 3612 1021">
     <span class='ocr_line' id='line_1_55' title="bbox 2002 948 3612 1021; baseline -0.001 -18"><span class='ocrx_word' id='word_1_384' title='bbox 2002 948 2252 1021; x_wconf 85' lang='lat' dir='ltr'>regnavit</span> <span class='ocrx_word' id='word_1_385' title='bbox 2280 956 2464 1003; x_wconf 88' lang='lat' dir='ltr'>tamen</span> <span class='ocrx_word' id='word_1_386' title='bbox 2493 966 2667 1020; x_wconf 91' lang='lat' dir='ltr'>usque</span> <span class='ocrx_word' id='word_1_387' title='bbox 2698 948 2769 1002; x_wconf 90' lang='lat' dir='ltr'>ad</span> <span class='ocrx_word' id='word_1_388' title='bbox 2790 949 3035 1020; x_wconf 88' lang='lat' dir='ltr'>Moysen,</span> <span class='ocrx_word' id='word_1_389' title='bbox 3061 948 3117 1002; x_wconf 91' lang='lat' dir='ltr'>id</span> <span class='ocrx_word' id='word_1_390' title='bbox 3142 955 3223 1003; x_wconf 89' lang='lat' dir='ltr'>est</span> <span class='ocrx_word' id='word_1_391' title='bbox 3245 948 3423 1020; x_wconf 88' lang='lat' dir='ltr'>legem</span> <span class='ocrx_word' id='word_1_392' title='bbox 3449 948 3612 1019; x_wconf 86' lang='lat' dir='ltr'>:quia</span> 
     </span>
    </p>
   </div>
   <div class='ocr_carea' id='block_1_56' title="bbox 2002 1036 3610 1109">
    <p class='ocr_par' dir='ltr' id='par_1_56' title="bbox 2002 1036 3610 1109">
     <span class='ocr_line' id='line_1_56' title="bbox 2002 1036 3610 1109; baseline -0.001 -16"><span class='ocrx_word' id='word_1_393' title='bbox 2002 1053 2106 1094; x_wconf 90' lang='lat' dir='ltr'>nec</span> <span class='ocrx_word' id='word_1_394' title='bbox 2134 1037 2254 1108; x_wconf 89' lang='lat' dir='ltr'>ipsa</span> <span class='ocrx_word' id='word_1_395' title='bbox 2284 1036 2454 1108; x_wconf 86' lang='lat' dir='ltr'>potuit</span> <span class='ocrx_word' id='word_1_396' title='bbox 2486 1054 2718 1109; x_wconf 89' lang='lat' dir='ltr'>regnum</span> <span class='ocrx_word' id='word_1_397' title='bbox 2761 1036 2955 1092; x_wconf 88' lang='lat' dir='ltr'>mortis</span> <span class='ocrx_word' id='word_1_398' title='bbox 2984 1036 3221 1103; x_wconf 85' lang='lat' dir='ltr'>auferre,</span> <span class='ocrx_word' id='word_1_399' title='bbox 3260 1053 3381 1108; x_wconf 66' lang='lat' dir='ltr'>qua:</span> <span class='ocrx_word' id='word_1_400' title='bbox 3415 1045 3610 1108; x_wconf 84' lang='lat' dir='ltr'>regnat</span> 
     </span>
    </p>
   </div>
   <div class='ocr_carea' id='block_1_57' title="bbox 2002 1124 3607 1196">
    <p class='ocr_par' dir='ltr' id='par_1_57' title="bbox 2002 1124 3607 1196">
     <span class='ocr_line' id='line_1_57' title="bbox 2002 1124 3607 1196; baseline -0.001 -15"><span class='ocrx_word' id='word_1_401' title='bbox 2002 1126 2133 1181; x_wconf 90' lang='lat' dir='ltr'>dum</span> <span class='ocrx_word' id='word_1_402' title='bbox 2178 1141 2287 1181; x_wconf 91' lang='lat' dir='ltr'>non</span> <span class='ocrx_word' id='word_1_403' title='bbox 2343 1124 2469 1179; x_wconf 89' lang='lat' dir='ltr'>sinit</span> <span class='ocrx_word' id='word_1_404' title='bbox 2528 1133 2713 1181; x_wconf 89' lang='lat' dir='ltr'>reatus</span> <span class='ocrx_word' id='word_1_405' title='bbox 2760 1125 2967 1196; x_wconf 90' lang='lat' dir='ltr'>peccati</span> <span class='ocrx_word' id='word_1_406' title='bbox 3011 1125 3080 1179; x_wconf 90' lang='lat' dir='ltr'>ad</span> <span class='ocrx_word' id='word_1_407' title='bbox 3132 1125 3298 1180; x_wconf 91' lang='lat' dir='ltr'>vitam</span> <span class='ocrx_word' id='word_1_408' title='bbox 3346 1134 3607 1181; x_wconf 70' lang='lat' dir='ltr'>aeternam</span> 
     </span>
    </p>
   </div>
   <div class='ocr_carea' id='block_1_58' title="bbox 2002 1214 3605 1287">
    <p class='ocr_par' dir='ltr' id='par_1_58' title="bbox 2002 1214 3605 1287">
     <span class='ocr_line' id='line_1_58' title="bbox 2002 1214 3605 1287; baseline -0.001 -18"><span class='ocrx_word' id='word_1_409' title='bbox 2002 1215 2206 1287; x_wconf 83' lang='lat' dir='ltr'>venire,</span> <span class='ocrx_word' id='word_1_410' title='bbox 2240 1215 2338 1269; x_wconf 92' lang='lat' dir='ltr'>sed</span> <span class='ocrx_word' id='word_1_411' title='bbox 2368 1215 2435 1268; x_wconf 90' lang='lat' dir='ltr'>ad</span> <span class='ocrx_word' id='word_1_412' title='bbox 2466 1215 2773 1286; x_wconf 86' lang='lat' dir='ltr'>gehennam</span> <span class='ocrx_word' id='word_1_413' title='bbox 2822 1214 3008 1269; x_wconf 89' lang='lat' dir='ltr'>trahit.</span> <span class='ocrx_word' id='word_1_414' title='bbox 3064 1215 3177 1269; x_wconf 86' lang='lat' dir='ltr'>Hoc</span> <span class='ocrx_word' id='word_1_415' title='bbox 3228 1230 3460 1287; x_wconf 88' lang='lat' dir='ltr'>regnum</span> <span class='ocrx_word' id='word_1_416' title='bbox 3489 1214 3605 1269; x_wconf 89' lang='lat' dir='ltr'>sola</span> 
     </span>
    </p>
   </div>
   <div class='ocr_carea' id='block_1_59' title="bbox 2002 1302 3607 1375">
    <p class='ocr_par' dir='ltr' id='par_1_59' title="bbox 2002 1302 3607 1375">
     <span class='ocr_line' id='line_1_59' title="bbox 2002 1302 3607 1375; baseline 0 -18"><span class='ocrx_word' id='word_1_417' title='bbox 2002 1303 2171 1375; x_wconf 87' lang='lat' dir='ltr'>gratia</span> <span class='ocrx_word' id='word_1_418' title='bbox 2211 1303 2408 1358; x_wconf 87' lang='lat' dir='ltr'>Christi</span> <span class='ocrx_word' id='word_1_419' title='bbox 2452 1302 2720 1357; x_wconf 89' lang='lat' dir='ltr'>destruxit</span> <span class='ocrx_word' id='word_1_420' title='bbox 2759 1303 2921 1357; x_wconf 90' lang='lat' dir='ltr'>etiam</span> <span class='ocrx_word' id='word_1_421' title='bbox 2967 1302 3023 1356; x_wconf 90' lang='lat' dir='ltr'>in</span> <span class='ocrx_word' id='word_1_422' title='bbox 3074 1303 3314 1374; x_wconf 88' lang='lat' dir='ltr'>antiquis</span> <span class='ocrx_word' id='word_1_423' title='bbox 3350 1320 3363 1356; x_wconf 90' lang='lat'><strong>:</strong></span> <span class='ocrx_word' id='word_1_424' title='bbox 3408 1310 3607 1373; x_wconf 70' lang='lat' dir='ltr'>praeter</span> 
     </span>
    </p>
   </div>
   <div class='ocr_carea' id='block_1_60' title="bbox 2001 1390 3604 1464">
    <p class='ocr_par' dir='ltr' id='par_1_60' title="bbox 2001 1390 3604 1464">
     <span class='ocr_line' id='line_1_60' title="bbox 2001 1390 3604 1464; baseline -0.001 -17"><span class='ocrx_word' id='word_1_425' title='bbox 2001 1409 2140 1464; x_wconf 89' lang='lat' dir='ltr'>quos</span> <span class='ocrx_word' id='word_1_426' title='bbox 2170 1391 2225 1445; x_wconf 89' lang='lat' dir='ltr'>in</span> <span class='ocrx_word' id='word_1_427' title='bbox 2254 1408 2447 1446; x_wconf 90' lang='lat' dir='ltr'>omnes</span> <span class='ocrx_word' id='word_1_428' title='bbox 2476 1391 2724 1462; x_wconf 87' lang='lat' dir='ltr'>regnavit</span> <span class='ocrx_word' id='word_1_429' title='bbox 2758 1410 2770 1445; x_wconf 93' lang='lat'>:</span> <span class='ocrx_word' id='word_1_430' title='bbox 2804 1391 2969 1446; x_wconf 88' lang='lat' dir='ltr'>etiam</span> <span class='ocrx_word' id='word_1_431' title='bbox 3013 1390 3067 1444; x_wconf 90' lang='lat' dir='ltr'>in</span> <span class='ocrx_word' id='word_1_432' title='bbox 3100 1407 3195 1446; x_wconf 89' lang='lat' dir='ltr'>eos</span> <span class='ocrx_word' id='word_1_433' title='bbox 3228 1391 3320 1462; x_wconf 90' lang='lat' dir='ltr'>qui</span> <span class='ocrx_word' id='word_1_434' title='bbox 3361 1407 3471 1446; x_wconf 92' lang='lat' dir='ltr'>non</span> <span class='ocrx_word' id='word_1_435' title='bbox 3502 1406 3604 1446; x_wconf 85' lang='lat' dir='ltr'>sua</span> 
     </span>
    </p>
   </div>
   <div class='ocr_carea' id='block_1_61' title="bbox 2000 1465 3605 1551">
    <p class='ocr_par' dir='ltr' id='par_1_61' title="bbox 2000 1465 3605 1551">
     <span class='ocr_line' id='line_1_61' title="bbox 2000 1465 3605 1551; baseline 0.001 -18"><span class='ocrx_word' id='word_1_436' title='bbox 2000 1480 2225 1550; x_wconf 89' lang='lat' dir='ltr'>propria</span> <span class='ocrx_word' id='word_1_437' title='bbox 2251 1480 2527 1535; x_wconf 88' lang='lat' dir='ltr'>voluntate</span> <span class='ocrx_word' id='word_1_438' title='bbox 2557 1465 2945 1551; x_wconf 82' lang='lat' dir='ltr'>peccaverunt,</span> <span class='ocrx_word' id='word_1_439' title='bbox 2977 1479 3115 1535; x_wconf 91' lang='lat' dir='ltr'>sicut</span> <span class='ocrx_word' id='word_1_440' title='bbox 3144 1480 3335 1549; x_wconf 89' lang='lat' dir='ltr'>Adam,</span> <span class='ocrx_word' id='word_1_441' title='bbox 3374 1480 3472 1535; x_wconf 90' lang='lat' dir='ltr'>sed</span> <span class='ocrx_word' id='word_1_442' title='bbox 3502 1480 3605 1537; x_wconf 87' lang='lat' dir='ltr'>ori-</span> 
     </span>
    </p>
   </div>
   <div class='ocr_carea' id='block_1_62' title="bbox 2000 1568 2972 1640">
    <p class='ocr_par' dir='ltr' id='par_1_62' title="bbox 2000 1568 2972 1640">
     <span class='ocr_line' id='line_1_62' title="bbox 2000 1568 2972 1640; baseline 0 -18"><span class='ocrx_word' id='word_1_443' title='bbox 2000 1568 2173 1640; x_wconf 88' lang='lat' dir='ltr'>ginali</span> <span class='ocrx_word' id='word_1_444' title='bbox 2193 1568 2323 1623; x_wconf 87' lang='lat' dir='ltr'>vitio</span> <span class='ocrx_word' id='word_1_445' title='bbox 2352 1570 2681 1625; x_wconf 88' lang='lat' dir='ltr'>tenebantur</span> <span class='ocrx_word' id='word_1_446' title='bbox 2713 1577 2768 1624; x_wconf 88' lang='lat' dir='ltr'>ut</span> <span class='ocrx_word' id='word_1_447' title='bbox 2795 1569 2972 1640; x_wconf 90' lang='lat' dir='ltr'>pueri.</span> 
     </span>
    </p>
   </div>
   <div class='ocr_carea' id='block_1_63' title="bbox 2072 1675 3598 1749">
    <p class='ocr_par' dir='ltr' id='par_1_63' title="bbox 2072 1675 3598 1749">
     <span class='ocr_line' id='line_1_63' title="bbox 2072 1675 3598 1749; baseline 0.001 -19"><span class='ocrx_word' id='word_1_448' title='bbox 2072 1676 2345 1731; x_wconf 71' lang='lat' dir='ltr'>Vans.14.</span> <span class='ocrx_word' id='word_1_449' title='bbox 2370 1707 2440 1716; x_wconf 93' lang='grc'><strong>-</strong></span> <span class='ocrx_word' id='word_1_450' title='bbox 2472 1676 2578 1732; x_wconf 84' lang='lat' dir='ltr'>Sed</span> <span class='ocrx_word' id='word_1_451' title='bbox 2606 1678 2884 1749; x_wconf 78' lang='lat' dir='ltr'>regnavit.</span> <span class='ocrx_word' id='word_1_452' title='bbox 2926 1678 3047 1731; x_wconf 92' lang='lat' dir='ltr'>Non</span> <span class='ocrx_word' id='word_1_453' title='bbox 3077 1675 3464 1747; x_wconf 84' lang='lat' dir='ltr'>imputabatur,</span> <span class='ocrx_word' id='word_1_454' title='bbox 3501 1676 3598 1732; x_wconf 89' lang='lat' dir='ltr'>sed</span> 
     </span>
    </p>
   </div>
   <div class='ocr_carea' id='block_1_64' title="bbox 1928 1763 3603 1838">
    <p class='ocr_par' dir='ltr' id='par_1_64' title="bbox 1928 1763 3603 1838">
     <span class='ocr_line' id='line_1_64' title="bbox 1928 1763 3603 1838; baseline 0.002 -19"><span class='ocrx_word' id='word_1_455' title='bbox 1928 1763 2225 1830; x_wconf 76' lang='lat' dir='ltr'>Beﬂ&#39;ectus</span> <span class='ocrx_word' id='word_1_456' title='bbox 2273 1764 2565 1833; x_wconf 89' lang='lat' dir='ltr'>indicabat,</span> <span class='ocrx_word' id='word_1_457' title='bbox 2623 1764 2751 1836; x_wconf 88' lang='lat' dir='ltr'>quia</span> <span class='ocrx_word' id='word_1_458' title='bbox 2796 1782 2946 1820; x_wconf 89' lang='lat' dir='ltr'>mors</span> <span class='ocrx_word' id='word_1_459' title='bbox 3002 1765 3300 1835; x_wconf 89' lang='lat' dir='ltr'>corporalis</span> <span class='ocrx_word' id='word_1_460' title='bbox 3356 1765 3603 1838; x_wconf 87' lang='lat' dir='ltr'>regnavit</span> 
     </span>
    </p>
   </div>
   <div class='ocr_carea' id='block_1_65' title="bbox 2007 1852 3603 1925">
    <p class='ocr_par' dir='ltr' id='par_1_65' title="bbox 2007 1852 3603 1925">
     <span class='ocr_line' id='line_1_65' title="bbox 2007 1852 3603 1925; baseline 0.001 -18"><span class='ocrx_word' id='word_1_461' title='bbox 2007 1853 2248 1925; x_wconf 88' lang='lat' dir='ltr'>quotidie</span> <span class='ocrx_word' id='word_1_462' title='bbox 2278 1869 2377 1924; x_wconf 91' lang='lat' dir='ltr'>per</span> <span class='ocrx_word' id='word_1_463' title='bbox 2402 1853 2609 1924; x_wconf 88' lang='lat' dir='ltr'>aliquas</span> <span class='ocrx_word' id='word_1_464' title='bbox 2639 1853 2945 1924; x_wconf 87' lang='lat' dir='ltr'>passiones,</span> <span class='ocrx_word' id='word_1_465' title='bbox 2989 1854 3206 1908; x_wconf 89' lang='lat' dir='ltr'>tandem</span> <span class='ocrx_word' id='word_1_466' title='bbox 3249 1852 3603 1910; x_wconf 90' lang='lat' dir='ltr'>dissolvendo</span> 
     </span>
    </p>
   </div>
   <div class='ocr_carea' id='block_1_66' title="bbox 2003 1942 3242 2013">
    <p class='ocr_par' dir='ltr' id='par_1_66' title="bbox 2003 1942 3242 2013">
     <span class='ocr_line' id='line_1_66' title="bbox 2003 1942 3242 2013; baseline 0.002 -18"><span class='ocrx_word' id='word_1_467' title='bbox 2003 1958 2177 2013; x_wconf 91' lang='lat' dir='ltr'>usque</span> <span class='ocrx_word' id='word_1_468' title='bbox 2206 1942 2276 1997; x_wconf 89' lang='lat' dir='ltr'>ad</span> <span class='ocrx_word' id='word_1_469' title='bbox 2306 1943 2550 2013; x_wconf 85' lang='lat' dir='ltr'>Moysen,</span> <span class='ocrx_word' id='word_1_470' title='bbox 2585 1957 2710 1997; x_wconf 92' lang='lat' dir='ltr'>cum</span> <span class='ocrx_word' id='word_1_471' title='bbox 2737 1942 2919 1996; x_wconf 88' lang='lat' dir='ltr'>minus</span> <span class='ocrx_word' id='word_1_472' title='bbox 2953 1943 3242 1997; x_wconf 86' lang='lat' dir='ltr'>videretur.</span> 
     </span>
    </p>
   </div>
   <div class='ocr_carea' id='block_1_67' title="bbox 2084 2028 3603 2102">
    <p class='ocr_par' dir='ltr' id='par_1_67' title="bbox 2084 2028 3603 2102">
     <span class='ocr_line' id='line_1_67' title="bbox 2084 2028 3603 2102; baseline 0.001 -18"><span class='ocrx_word' id='word_1_473' title='bbox 2084 2031 2187 2098; x_wconf 84' lang='lat' dir='ltr'>Qui</span> <span class='ocrx_word' id='word_1_474' title='bbox 2234 2033 2318 2085; x_wconf 86' lang='lat' dir='ltr'>est</span> <span class='ocrx_word' id='word_1_475' title='bbox 2366 2032 2578 2101; x_wconf 85' lang='lat' dir='ltr'>forma.</span> <span class='ocrx_word' id='word_1_476' title='bbox 2636 2029 2813 2083; x_wconf 90' lang='lat' dir='ltr'>Adam</span> <span class='ocrx_word' id='word_1_477' title='bbox 2861 2037 2943 2084; x_wconf 90' lang='lat' dir='ltr'>est</span> <span class='ocrx_word' id='word_1_478' title='bbox 2982 2028 3159 2085; x_wconf 83' lang='lat' dir='ltr'>forma</span> <span class='ocrx_word' id='word_1_479' title='bbox 3191 2029 3393 2085; x_wconf 87' lang='lat' dir='ltr'>Christi</span> <span class='ocrx_word' id='word_1_480' title='bbox 3428 2048 3439 2084; x_wconf 93' lang='lat'>:</span> <span class='ocrx_word' id='word_1_481' title='bbox 3475 2029 3603 2102; x_wconf 88' lang='lat' dir='ltr'>quia</span> 
     </span>
    </p>
   </div>
   <div class='ocr_carea' id='block_1_68' title="bbox 2004 2117 3604 2189">
    <p class='ocr_par' dir='ltr' id='par_1_68' title="bbox 2004 2117 3604 2189">
     <span class='ocr_line' id='line_1_68' title="bbox 2004 2117 3604 2189; baseline 0.002 -17"><span class='ocrx_word' id='word_1_482' title='bbox 2004 2117 2143 2174; x_wconf 90' lang='lat' dir='ltr'>sicut</span> <span class='ocrx_word' id='word_1_483' title='bbox 2171 2117 2263 2173; x_wconf 90' lang='lat' dir='ltr'>ille</span> <span class='ocrx_word' id='word_1_484' title='bbox 2293 2125 2376 2172; x_wconf 87' lang='lat' dir='ltr'>est</span> <span class='ocrx_word' id='word_1_485' title='bbox 2405 2126 2563 2189; x_wconf 92' lang='lat' dir='ltr'>pater</span> <span class='ocrx_word' id='word_1_486' title='bbox 2610 2117 2855 2173; x_wconf 91' lang='lat' dir='ltr'>omnium</span> <span class='ocrx_word' id='word_1_487' title='bbox 2894 2118 3196 2174; x_wconf 90' lang='lat' dir='ltr'>secundum</span> <span class='ocrx_word' id='word_1_488' title='bbox 3241 2133 3485 2187; x_wconf 90' lang='lat' dir='ltr'>carnem,</span> <span class='ocrx_word' id='word_1_489' title='bbox 3522 2118 3604 2175; x_wconf 91' lang='lat' dir='ltr'>sic</span> 
     </span>
    </p>
   </div>
   <div class='ocr_carea' id='block_1_69' title="bbox 2002 2206 3599 2275">
    <p class='ocr_par' dir='ltr' id='par_1_69' title="bbox 2002 2206 3599 2275">
     <span class='ocr_line' id='line_1_69' title="bbox 2002 2206 3599 2275; baseline 0.001 -13"><span class='ocrx_word' id='word_1_490' title='bbox 2002 2206 2250 2262; x_wconf 89' lang='lat' dir='ltr'>Christus</span> <span class='ocrx_word' id='word_1_491' title='bbox 2294 2207 2597 2262; x_wconf 92' lang='lat' dir='ltr'>secundum</span> <span class='ocrx_word' id='word_1_492' title='bbox 2644 2206 2837 2275; x_wconf 84' lang='lat' dir='ltr'>ﬁdem;</span> <span class='ocrx_word' id='word_1_493' title='bbox 2890 2215 2943 2262; x_wconf 89' lang='lat' dir='ltr'>et</span> <span class='ocrx_word' id='word_1_494' title='bbox 2983 2207 3123 2263; x_wconf 88' lang='lat' dir='ltr'>sicut</span> <span class='ocrx_word' id='word_1_495' title='bbox 3151 2223 3217 2262; x_wconf 91' lang='lat' dir='ltr'>ex</span> <span class='ocrx_word' id='word_1_496' title='bbox 3246 2207 3419 2263; x_wconf 88' lang='lat' dir='ltr'>latere</span> <span class='ocrx_word' id='word_1_497' title='bbox 3452 2207 3599 2263; x_wconf 90' lang='lat' dir='ltr'>illius</span> 
     </span>
    </p>
   </div>
   <div class='ocr_carea' id='block_1_70' title="bbox 2002 2294 3602 2367">
    <p class='ocr_par' dir='ltr' id='par_1_70' title="bbox 2002 2294 3602 2367">
     <span class='ocr_line' id='line_1_70' title="bbox 2002 2294 3602 2367; baseline 0.001 -18"><span class='ocrx_word' id='word_1_498' title='bbox 2002 2294 2237 2350; x_wconf 83' lang='lat' dir='ltr'>formata</span> <span class='ocrx_word' id='word_1_499' title='bbox 2279 2302 2363 2349; x_wconf 90' lang='lat' dir='ltr'>est</span> <span class='ocrx_word' id='word_1_500' title='bbox 2404 2297 2539 2365; x_wconf 89' lang='lat' dir='ltr'>Eva,</span> <span class='ocrx_word' id='word_1_501' title='bbox 2593 2294 2671 2351; x_wconf 90' lang='lat' dir='ltr'>sic</span> <span class='ocrx_word' id='word_1_502' title='bbox 2719 2313 2787 2351; x_wconf 87' lang='lat' dir='ltr'>ex</span> <span class='ocrx_word' id='word_1_503' title='bbox 2831 2296 2990 2365; x_wconf 91' lang='lat' dir='ltr'>hujus</span> <span class='ocrx_word' id='word_1_504' title='bbox 3020 2295 3192 2350; x_wconf 88' lang='lat' dir='ltr'>latere</span> <span class='ocrx_word' id='word_1_505' title='bbox 3222 2296 3602 2367; x_wconf 78' lang='lat' dir='ltr'>profluxerunt</span> 
     </span>
    </p>
   </div>
   <div class='ocr_carea' id='block_1_71' title="bbox 2000 2383 3603 2456">
    <p class='ocr_par' dir='ltr' id='par_1_71' title="bbox 2000 2383 3603 2456">
     <span class='ocr_line' id='line_1_71' title="bbox 2000 2383 3603 2456; baseline 0.002 -19"><span class='ocrx_word' id='word_1_506' title='bbox 2000 2392 2343 2439; x_wconf 87' lang='lat' dir='ltr'>sacramenta</span> <span class='ocrx_word' id='word_1_507' title='bbox 2400 2400 2500 2454; x_wconf 90' lang='lat' dir='ltr'>per</span> <span class='ocrx_word' id='word_1_508' title='bbox 2557 2401 2679 2455; x_wconf 74' lang='lat' dir='ltr'>quae</span> <span class='ocrx_word' id='word_1_509' title='bbox 2738 2383 2982 2438; x_wconf 88' lang='lat' dir='ltr'>salvatur</span> <span class='ocrx_word' id='word_1_510' title='bbox 3029 2383 3299 2439; x_wconf 91' lang='lat' dir='ltr'>Ecclesia.</span> <span class='ocrx_word' id='word_1_511' title='bbox 3366 2385 3603 2456; x_wconf 87' lang='lat' dir='ltr'>Ideoque</span> 
     </span>
    </p>
   </div>
   <div class='ocr_carea' id='block_1_72' title="bbox 1998 2471 3601 2544">
    <p class='ocr_par' dir='ltr' id='par_1_72' title="bbox 1998 2471 3601 2544">
     <span class='ocr_line' id='line_1_72' title="bbox 1998 2471 3601 2544; baseline 0.001 -18"><span class='ocrx_word' id='word_1_512' title='bbox 1998 2472 2139 2528; x_wconf 92' lang='lat' dir='ltr'>sicut</span> <span class='ocrx_word' id='word_1_513' title='bbox 2166 2472 2256 2527; x_wconf 91' lang='lat' dir='ltr'>ille</span> <span class='ocrx_word' id='word_1_514' title='bbox 2287 2472 2695 2528; x_wconf 89' lang='lat' dir='ltr'>communicare</span> <span class='ocrx_word' id='word_1_515' title='bbox 2724 2472 2895 2543; x_wconf 91' lang='lat' dir='ltr'>potuit</span> <span class='ocrx_word' id='word_1_516' title='bbox 2936 2471 3059 2527; x_wconf 85' lang='lat' dir='ltr'>ﬁliis</span> <span class='ocrx_word' id='word_1_517' title='bbox 3090 2472 3202 2526; x_wconf 91' lang='lat' dir='ltr'>suis</span> <span class='ocrx_word' id='word_1_518' title='bbox 3233 2480 3523 2544; x_wconf 88' lang='lat' dir='ltr'>peccatum</span> <span class='ocrx_word' id='word_1_519' title='bbox 3547 2481 3601 2528; x_wconf 93' lang='lat' dir='ltr'>et</span> 
     </span>
    </p>
   </div>
   <div class='ocr_carea' id='block_1_73' title="bbox 1997 2560 3597 2630">
    <p class='ocr_par' dir='ltr' id='par_1_73' title="bbox 1997 2560 3597 2630">
     <span class='ocr_line' id='line_1_73' title="bbox 1997 2560 3597 2630; baseline 0.001 -15"><span class='ocrx_word' id='word_1_520' title='bbox 1997 2570 2249 2629; x_wconf 88' lang='lat' dir='ltr'>mortem,</span> <span class='ocrx_word' id='word_1_521' title='bbox 2297 2561 2376 2616; x_wconf 91' lang='lat' dir='ltr'>sic</span> <span class='ocrx_word' id='word_1_522' title='bbox 2414 2560 2516 2615; x_wconf 91' lang='lat' dir='ltr'>iste</span> <span class='ocrx_word' id='word_1_523' title='bbox 2565 2560 2679 2616; x_wconf 91' lang='lat' dir='ltr'>suis</span> <span class='ocrx_word' id='word_1_524' title='bbox 2719 2560 2987 2630; x_wconf 90' lang='lat' dir='ltr'>justitiam</span> <span class='ocrx_word' id='word_1_525' title='bbox 3034 2577 3191 2616; x_wconf 92' lang='lat' dir='ltr'>suam</span> <span class='ocrx_word' id='word_1_526' title='bbox 3237 2569 3290 2616; x_wconf 91' lang='lat' dir='ltr'>et</span> <span class='ocrx_word' id='word_1_527' title='bbox 3322 2561 3508 2627; x_wconf 90' lang='lat' dir='ltr'>vitam,</span> <span class='ocrx_word' id='word_1_528' title='bbox 3544 2569 3597 2618; x_wconf 89' lang='lat' dir='ltr'>et</span> 
     </span>
    </p>
   </div>
   <div class='ocr_carea' id='block_1_74' title="bbox 1998 2648 3596 2722">
    <p class='ocr_par' dir='ltr' id='par_1_74' title="bbox 1998 2648 3596 2722">
     <span class='ocr_line' id='line_1_74' title="bbox 1998 2648 3596 2722; baseline 0.002 -18"><span class='ocrx_word' id='word_1_529' title='bbox 1998 2650 2159 2705; x_wconf 89' lang='lat' dir='ltr'>etiam</span> <span class='ocrx_word' id='word_1_530' title='bbox 2188 2648 2291 2704; x_wconf 90' lang='lat' dir='ltr'>iste</span> <span class='ocrx_word' id='word_1_531' title='bbox 2321 2649 2443 2720; x_wconf 90' lang='lat' dir='ltr'>plus</span> <span class='ocrx_word' id='word_1_532' title='bbox 2471 2648 2599 2704; x_wconf 90' lang='lat' dir='ltr'>boni</span> <span class='ocrx_word' id='word_1_533' title='bbox 2630 2649 2741 2704; x_wconf 91' lang='lat' dir='ltr'>suis</span> <span class='ocrx_word' id='word_1_534' title='bbox 2771 2649 3001 2719; x_wconf 80' lang='lat' dir='ltr'>confert,</span> <span class='ocrx_word' id='word_1_535' title='bbox 3028 2667 3188 2722; x_wconf 90' lang='lat' dir='ltr'>quam</span> <span class='ocrx_word' id='word_1_536' title='bbox 3209 2650 3300 2705; x_wconf 91' lang='lat' dir='ltr'>ille</span> <span class='ocrx_word' id='word_1_537' title='bbox 3331 2650 3463 2705; x_wconf 90' lang='lat' dir='ltr'>mali</span> <span class='ocrx_word' id='word_1_538' title='bbox 3496 2669 3509 2706; x_wconf 87' lang='lat'><strong>:</strong></span> <span class='ocrx_word' id='word_1_539' title='bbox 3541 2658 3596 2707; x_wconf 90' lang='lat' dir='ltr'>et</span> 
     </span>
    </p>
   </div>
   <div class='ocr_carea' id='block_1_75' title="bbox 1995 2737 3373 2810">
    <p class='ocr_par' dir='ltr' id='par_1_75' title="bbox 1995 2737 3373 2810">
     <span class='ocr_line' id='line_1_75' title="bbox 1995 2737 3373 2810; baseline 0.001 -17"><span class='ocrx_word' id='word_1_540' title='bbox 1995 2738 2120 2793; x_wconf 91' lang='lat' dir='ltr'>ideo</span> <span class='ocrx_word' id='word_1_541' title='bbox 2148 2737 2326 2810; x_wconf 86' lang='lat' dir='ltr'>magis</span> <span class='ocrx_word' id='word_1_542' title='bbox 2353 2745 2532 2808; x_wconf 88' lang='lat' dir='ltr'>potest</span> <span class='ocrx_word' id='word_1_543' title='bbox 2562 2738 2777 2793; x_wconf 88' lang='lat' dir='ltr'>salvare</span> <span class='ocrx_word' id='word_1_544' title='bbox 2804 2755 2967 2809; x_wconf 87' lang='lat' dir='ltr'>quam</span> <span class='ocrx_word' id='word_1_545' title='bbox 2998 2738 3088 2793; x_wconf 90' lang='lat' dir='ltr'>ille</span> <span class='ocrx_word' id='word_1_546' title='bbox 3118 2738 3373 2810; x_wconf 74' lang='lat' dir='ltr'>perdere.</span> 
     </span>
    </p>
   </div>
   <div class='ocr_carea' id='block_1_76' title="bbox 2065 2839 3591 2911">
    <p class='ocr_par' dir='ltr' id='par_1_76' title="bbox 2065 2839 3591 2911">
     <span class='ocr_line' id='line_1_76' title="bbox 2065 2839 3591 2911; baseline 0.001 -16"><span class='ocrx_word' id='word_1_547' title='bbox 2065 2841 2233 2895; x_wconf 71' lang='lat' dir='ltr'>Vens.</span> <span class='ocrx_word' id='word_1_548' title='bbox 2262 2842 2423 2895; x_wconf 81' lang='lat'>15.—-</span> <span class='ocrx_word' id='word_1_549' title='bbox 2441 2841 2545 2897; x_wconf 86' lang='lat' dir='ltr'>Sed</span> <span class='ocrx_word' id='word_1_550' title='bbox 2573 2856 2691 2896; x_wconf 91' lang='lat' dir='ltr'>non</span> <span class='ocrx_word' id='word_1_551' title='bbox 2720 2843 2888 2911; x_wconf 84' lang='lat' dir='ltr'>sicut,</span> <span class='ocrx_word' id='word_1_552' title='bbox 2913 2849 3017 2897; x_wconf 90' lang='lat' dir='ltr'>etc.</span> <span class='ocrx_word' id='word_1_553' title='bbox 3055 2839 3249 2895; x_wconf 88' lang='lat' dir='ltr'>Forma</span> <span class='ocrx_word' id='word_1_554' title='bbox 3281 2850 3364 2896; x_wconf 92' lang='lat' dir='ltr'>est</span> <span class='ocrx_word' id='word_1_555' title='bbox 3391 2840 3449 2895; x_wconf 93' lang='lat' dir='ltr'>in</span> <span class='ocrx_word' id='word_1_556' title='bbox 3468 2841 3591 2911; x_wconf 91' lang='lat' dir='ltr'>hoc,</span> 
     </span>
    </p>
   </div>
   <div class='ocr_carea' id='block_1_77' title="bbox 1994 2928 3593 3000">
    <p class='ocr_par' dir='ltr' id='par_1_77' title="bbox 1994 2928 3593 3000">
     <span class='ocr_line' id='line_1_77' title="bbox 1994 2928 3593 3000; baseline 0.003 -18"><span class='ocrx_word' id='word_1_557' title='bbox 1994 2928 2140 3000; x_wconf 93' lang='lat' dir='ltr'>quod</span> <span class='ocrx_word' id='word_1_558' title='bbox 2168 2944 2308 2982; x_wconf 90' lang='lat' dir='ltr'>unus</span> <span class='ocrx_word' id='word_1_559' title='bbox 2338 2929 2612 2992; x_wconf 89' lang='lat' dir='ltr'>emendat,</span> <span class='ocrx_word' id='word_1_560' title='bbox 2644 2945 2784 2982; x_wconf 90' lang='lat' dir='ltr'>unus</span> <span class='ocrx_word' id='word_1_561' title='bbox 2831 2928 3101 2999; x_wconf 89' lang='lat' dir='ltr'>peccavit,</span> <span class='ocrx_word' id='word_1_562' title='bbox 3134 2929 3231 2983; x_wconf 91' lang='lat' dir='ltr'>sed</span> <span class='ocrx_word' id='word_1_563' title='bbox 3260 2944 3428 2984; x_wconf 88' lang='lat' dir='ltr'>causa</span> <span class='ocrx_word' id='word_1_564' title='bbox 3458 2930 3593 2986; x_wconf 73' lang='lat' dir='ltr'>Adae</span> 
     </span>
    </p>
   </div>
   <div class='ocr_carea' id='block_1_78' title="bbox 1992 3015 3596 3089">
    <p class='ocr_par' dir='ltr' id='par_1_78' title="bbox 1992 3015 3596 3089">
     <span class='ocr_line' id='line_1_78' title="bbox 1992 3015 3596 3089; baseline 0.002 -17"><span class='ocrx_word' id='word_1_565' title='bbox 1992 3032 2102 3072; x_wconf 91' lang='lat' dir='ltr'>non</span> <span class='ocrx_word' id='word_1_566' title='bbox 2131 3016 2254 3071; x_wconf 86' lang='lat' dir='ltr'>talis</span> <span class='ocrx_word' id='word_1_567' title='bbox 2284 3024 2366 3072; x_wconf 88' lang='lat' dir='ltr'>est</span> <span class='ocrx_word' id='word_1_568' title='bbox 2394 3015 2572 3089; x_wconf 90' lang='lat' dir='ltr'>qualis</span> <span class='ocrx_word' id='word_1_569' title='bbox 2593 3016 2791 3071; x_wconf 88' lang='lat' dir='ltr'>Christi</span> <span class='ocrx_word' id='word_1_570' title='bbox 2826 3034 2838 3070; x_wconf 90' lang='lat'><strong>:</strong></span> <span class='ocrx_word' id='word_1_571' title='bbox 2871 3017 3000 3089; x_wconf 89' lang='lat' dir='ltr'>quia</span> <span class='ocrx_word' id='word_1_572' title='bbox 3029 3034 3196 3072; x_wconf 90' lang='lat' dir='ltr'>unum</span> <span class='ocrx_word' id='word_1_573' title='bbox 3226 3025 3310 3073; x_wconf 91' lang='lat' dir='ltr'>est</span> <span class='ocrx_word' id='word_1_574' title='bbox 3336 3017 3596 3075; x_wconf 90' lang='lat' dir='ltr'>delictum</span> 
     </span>
    </p>
   </div>
   <div class='ocr_carea' id='block_1_79' title="bbox 1993 3105 3600 3178">
    <p class='ocr_par' dir='ltr' id='par_1_79' title="bbox 1993 3105 3600 3178">
     <span class='ocr_line' id='line_1_79' title="bbox 1993 3105 3600 3178; baseline 0.001 -18"><span class='ocrx_word' id='word_1_575' title='bbox 1993 3106 2144 3176; x_wconf 77' lang='lat' dir='ltr'>Adae,</span> <span class='ocrx_word' id='word_1_576' title='bbox 2180 3122 2289 3178; x_wconf 91' lang='lat' dir='ltr'>quo</span> <span class='ocrx_word' id='word_1_577' title='bbox 2318 3105 2492 3175; x_wconf 88' lang='lat' dir='ltr'>multi,</span> <span class='ocrx_word' id='word_1_578' title='bbox 2526 3105 2581 3159; x_wconf 92' lang='lat' dir='ltr'>id</span> <span class='ocrx_word' id='word_1_579' title='bbox 2609 3114 2693 3161; x_wconf 91' lang='lat' dir='ltr'>est</span> <span class='ocrx_word' id='word_1_580' title='bbox 2713 3105 2962 3159; x_wconf 87' lang='lat' dir='ltr'>similiter</span> <span class='ocrx_word' id='word_1_581' title='bbox 2993 3106 3420 3177; x_wconf 72' lang='lat' dir='ltr'>praevaricantes</span> <span class='ocrx_word' id='word_1_582' title='bbox 3450 3123 3600 3162; x_wconf 89' lang='lat' dir='ltr'>mor-</span> 
     </span>
    </p>
   </div>
   <div class='ocr_carea' id='block_1_80' title="bbox 2002 3193 3596 3268">
    <p class='ocr_par' dir='ltr' id='par_1_80' title="bbox 2002 3193 3596 3268">
     <span class='ocr_line' id='line_1_80' title="bbox 2002 3193 3596 3268; baseline 0.001 -19"><span class='ocrx_word' id='word_1_583' title='bbox 2002 3195 2081 3249; x_wconf 89' lang='lat' dir='ltr'>tui</span> <span class='ocrx_word' id='word_1_584' title='bbox 2112 3203 2254 3263; x_wconf 92' lang='lat' dir='ltr'>sunt,</span> <span class='ocrx_word' id='word_1_585' title='bbox 2289 3194 2385 3249; x_wconf 89' lang='lat' dir='ltr'>sed</span> <span class='ocrx_word' id='word_1_586' title='bbox 2417 3194 2617 3250; x_wconf 88' lang='lat' dir='ltr'>Christi</span> <span class='ocrx_word' id='word_1_587' title='bbox 2646 3193 2820 3266; x_wconf 86' lang='lat' dir='ltr'>gratia</span> <span class='ocrx_word' id='word_1_588' title='bbox 2841 3194 2896 3248; x_wconf 91' lang='lat' dir='ltr'>in</span> <span class='ocrx_word' id='word_1_589' title='bbox 2924 3194 3110 3266; x_wconf 89' lang='lat' dir='ltr'>plures</span> <span class='ocrx_word' id='word_1_590' title='bbox 3135 3213 3149 3250; x_wconf 91' lang='lat'><strong>:</strong></span> <span class='ocrx_word' id='word_1_591' title='bbox 3173 3195 3301 3268; x_wconf 90' lang='lat' dir='ltr'>quia</span> <span class='ocrx_word' id='word_1_592' title='bbox 3320 3204 3373 3251; x_wconf 90' lang='lat' dir='ltr'>et</span> <span class='ocrx_word' id='word_1_593' title='bbox 3391 3195 3447 3251; x_wconf 93' lang='lat' dir='ltr'>in</span> <span class='ocrx_word' id='word_1_594' title='bbox 3475 3196 3596 3264; x_wconf 90' lang='lat' dir='ltr'>hos,</span> 
     </span>
    </p>
   </div>
   <div class='ocr_carea' id='block_1_81' title="bbox 2002 3283 3023 3355">
    <p class='ocr_par' dir='ltr' id='par_1_81' title="bbox 2002 3283 3023 3355">
     <span class='ocr_line' id='line_1_81' title="bbox 2002 3283 3023 3355; baseline -0.001 -15"><span class='ocrx_word' id='word_1_595' title='bbox 2002 3291 2054 3340; x_wconf 90' lang='lat' dir='ltr'>et</span> <span class='ocrx_word' id='word_1_596' title='bbox 2083 3284 2139 3338; x_wconf 91' lang='lat' dir='ltr'>in</span> <span class='ocrx_word' id='word_1_597' title='bbox 2173 3300 2283 3339; x_wconf 90' lang='lat' dir='ltr'>non</span> <span class='ocrx_word' id='word_1_598' title='bbox 2313 3283 2559 3338; x_wconf 89' lang='lat' dir='ltr'>similiter</span> <span class='ocrx_word' id='word_1_599' title='bbox 2587 3283 3023 3355; x_wconf 60' lang='lat' dir='ltr'>praevaricantes.</span> 
     </span>
    </p>
   </div>
   <div class='ocr_carea' id='block_1_82' title="bbox 2072 3400 3595 3474">
    <p class='ocr_par' dir='ltr' id='par_1_82' title="bbox 2072 3400 3595 3474">
     <span class='ocr_line' id='line_1_82' title="bbox 2072 3400 3595 3474; baseline 0.001 -18"><span class='ocrx_word' id='word_1_600' title='bbox 2072 3400 2244 3456; x_wconf 75' lang='lat' dir='ltr'>Vens.</span> <span class='ocrx_word' id='word_1_601' title='bbox 2261 3401 2347 3454; x_wconf 84' lang='lat'>17.</span> <span class='ocrx_word' id='word_1_602' title='bbox 2375 3430 2445 3439; x_wconf 91' lang='lat'>—</span> <span class='ocrx_word' id='word_1_603' title='bbox 2469 3400 2528 3455; x_wconf 88' lang='lat' dir='ltr'>Si</span> <span class='ocrx_word' id='word_1_604' title='bbox 2560 3402 2733 3456; x_wconf 88' lang='lat' dir='ltr'>enim.</span> <span class='ocrx_word' id='word_1_605' title='bbox 2767 3400 2999 3473; x_wconf 64' lang='lat' dir='ltr'>(Anam)</span> <span class='ocrx_word' id='word_1_606' title='bbox 3027 3401 3169 3456; x_wconf 90' lang='lat' dir='ltr'>Mors</span> <span class='ocrx_word' id='word_1_607' title='bbox 3192 3402 3457 3474; x_wconf 84' lang='lat' dir='ltr'>regnavit,</span> <span class='ocrx_word' id='word_1_608' title='bbox 3484 3417 3595 3459; x_wconf 91' lang='lat' dir='ltr'>non</span> 
     </span>
    </p>
   </div>
   <div class='ocr_carea' id='block_1_83' title="bbox 1999 3488 3595 3563">
    <p class='ocr_par' dir='ltr' id='par_1_83' title="bbox 1999 3488 3595 3563">
     <span class='ocr_line' id='line_1_83' title="bbox 1999 3488 3595 3563; baseline 0.004 -22"><span class='ocrx_word' id='word_1_609' title='bbox 1999 3496 2213 3561; x_wconf 89' lang='lat' dir='ltr'>regnat,</span> <span class='ocrx_word' id='word_1_610' title='bbox 2246 3488 2374 3560; x_wconf 88' lang='lat' dir='ltr'>quia</span> <span class='ocrx_word' id='word_1_611' title='bbox 2403 3488 2497 3561; x_wconf 91' lang='lat' dir='ltr'>qui</span> <span class='ocrx_word' id='word_1_612' title='bbox 2516 3505 2614 3559; x_wconf 90' lang='lat' dir='ltr'>per</span> <span class='ocrx_word' id='word_1_613' title='bbox 2642 3489 2841 3560; x_wconf 84' lang='lat' dir='ltr'>legem,</span> <span class='ocrx_word' id='word_1_614' title='bbox 2864 3497 3181 3563; x_wconf 86' lang='lat' dir='ltr'>etc.,usque</span> <span class='ocrx_word' id='word_1_615' title='bbox 3210 3491 3282 3546; x_wconf 87' lang='lat' dir='ltr'>ad</span> <span class='ocrx_word' id='word_1_616' title='bbox 3309 3508 3419 3547; x_wconf 90' lang='lat' dir='ltr'>non</span> <span class='ocrx_word' id='word_1_617' title='bbox 3449 3493 3595 3548; x_wconf 89' lang='lat' dir='ltr'>enim</span> 
     </span>
    </p>
   </div>
   <div class='ocr_carea' id='block_1_84' title="bbox 2000 3577 3410 3647">
    <p class='ocr_par' dir='ltr' id='par_1_84' title="bbox 2000 3577 3410 3647">
     <span class='ocr_line' id='line_1_84' title="bbox 2000 3577 3410 3647; baseline 0.004 -16"><span class='ocrx_word' id='word_1_618' title='bbox 2000 3577 2271 3647; x_wconf 87' lang='lat' dir='ltr'>generalis</span> <span class='ocrx_word' id='word_1_619' title='bbox 2301 3577 2578 3633; x_wconf 90' lang='lat' dir='ltr'>damnatio</span> <span class='ocrx_word' id='word_1_620' title='bbox 2600 3578 2687 3633; x_wconf 82' lang='lat' dir='ltr'>vel</span> <span class='ocrx_word' id='word_1_621' title='bbox 2709 3577 3026 3647; x_wconf 85' lang='lat' dir='ltr'>justiﬁcatio</span> <span class='ocrx_word' id='word_1_622' title='bbox 3052 3578 3107 3632; x_wconf 92' lang='lat' dir='ltr'>in</span> <span class='ocrx_word' id='word_1_623' title='bbox 3138 3580 3410 3636; x_wconf 90' lang='lat' dir='ltr'>omnibus.</span> 
     </span>
    </p>
   </div>
   <div class='ocr_carea' id='block_1_85' title="bbox 2069 3666 3594 3739">
    <p class='ocr_par' dir='ltr' id='par_1_85' title="bbox 2069 3666 3594 3739">
     <span class='ocr_line' id='line_1_85' title="bbox 2069 3666 3594 3739; baseline 0.003 -19"><span class='ocrx_word' id='word_1_624' title='bbox 2069 3668 2177 3721; x_wconf 85' lang='lat' dir='ltr'>Per</span> <span class='ocrx_word' id='word_1_625' title='bbox 2209 3683 2391 3721; x_wconf 87' lang='lat' dir='ltr'>unum</span> <span class='ocrx_word' id='word_1_626' title='bbox 2430 3669 2707 3737; x_wconf 81' lang='lat' dir='ltr'>regnavit,</span> <span class='ocrx_word' id='word_1_627' title='bbox 2760 3674 2862 3722; x_wconf 92' lang='lat' dir='ltr'>etc.</span> <span class='ocrx_word' id='word_1_628' title='bbox 2912 3666 3048 3735; x_wconf 90' lang='lat' dir='ltr'>Quia</span> <span class='ocrx_word' id='word_1_629' title='bbox 3078 3684 3213 3739; x_wconf 88' lang='lat' dir='ltr'>quas</span> <span class='ocrx_word' id='word_1_630' title='bbox 3243 3668 3385 3723; x_wconf 88' lang='lat' dir='ltr'>vires</span> <span class='ocrx_word' id='word_1_631' title='bbox 3415 3669 3471 3723; x_wconf 92' lang='lat' dir='ltr'>in</span> <span class='ocrx_word' id='word_1_632' title='bbox 3500 3669 3594 3724; x_wconf 90' lang='lat' dir='ltr'>illo</span> 
     </span>
    </p>
   </div>
   <div class='ocr_carea' id='block_1_86' title="bbox 1995 3753 3592 3827">
    <p class='ocr_par' dir='ltr' id='par_1_86' title="bbox 1995 3753 3592 3827">
     <span class='ocr_line' id='line_1_86' title="bbox 1995 3753 3592 3827; baseline 0.002 -19"><span class='ocrx_word' id='word_1_633' title='bbox 1995 3753 2202 3821; x_wconf 89' lang='lat' dir='ltr'>habuit,</span> <span class='ocrx_word' id='word_1_634' title='bbox 2234 3754 2288 3808; x_wconf 88' lang='lat' dir='ltr'>in</span> <span class='ocrx_word' id='word_1_635' title='bbox 2320 3770 2511 3810; x_wconf 91' lang='lat' dir='ltr'>omnes</span> <span class='ocrx_word' id='word_1_636' title='bbox 2539 3755 2874 3825; x_wconf 89' lang='lat' dir='ltr'>posteriores</span> <span class='ocrx_word' id='word_1_637' title='bbox 2918 3756 3178 3821; x_wconf 90' lang='lat' dir='ltr'>exercuit,</span> <span class='ocrx_word' id='word_1_638' title='bbox 3210 3772 3440 3827; x_wconf 92' lang='lat' dir='ltr'>quorum</span> <span class='ocrx_word' id='word_1_639' title='bbox 3470 3773 3592 3811; x_wconf 89' lang='lat' dir='ltr'>ma-</span> 
     </span>
    </p>
   </div>
   <div class='ocr_carea' id='block_1_87' title="bbox 1993 3842 3594 3915">
    <p class='ocr_par' dir='ltr' id='par_1_87' title="bbox 1993 3842 3594 3915">
     <span class='ocr_line' id='line_1_87' title="bbox 1993 3842 3594 3915; baseline 0.002 -18"><span class='ocrx_word' id='word_1_640' title='bbox 1993 3843 2130 3898; x_wconf 90' lang='lat' dir='ltr'>teria</span> <span class='ocrx_word' id='word_1_641' title='bbox 2158 3842 2256 3897; x_wconf 88' lang='lat' dir='ltr'>fuit</span> <span class='ocrx_word' id='word_1_642' title='bbox 2287 3860 2299 3897; x_wconf 94' lang='lat'><strong>:</strong></span> <span class='ocrx_word' id='word_1_643' title='bbox 2333 3842 2472 3899; x_wconf 87' lang='lat' dir='ltr'>sicut</span> <span class='ocrx_word' id='word_1_644' title='bbox 2517 3851 2569 3898; x_wconf 91' lang='lat' dir='ltr'>et</span> <span class='ocrx_word' id='word_1_645' title='bbox 2613 3843 2792 3915; x_wconf 88' lang='lat' dir='ltr'>culpa,</span> <span class='ocrx_word' id='word_1_646' title='bbox 2844 3859 2966 3915; x_wconf 72' lang='lat' dir='ltr'>quae</span> <span class='ocrx_word' id='word_1_647' title='bbox 3013 3844 3130 3913; x_wconf 90' lang='lat' dir='ltr'>ejus</span> <span class='ocrx_word' id='word_1_648' title='bbox 3178 3844 3348 3899; x_wconf 90' lang='lat' dir='ltr'>solius</span> <span class='ocrx_word' id='word_1_649' title='bbox 3377 3844 3504 3913; x_wconf 88' lang='lat' dir='ltr'>fuit;</span> <span class='ocrx_word' id='word_1_650' title='bbox 3537 3846 3594 3901; x_wconf 88' lang='lat' dir='ltr'>in</span> 
     </span>
    </p>
   </div>
   <div class='ocr_carea' id='block_1_88' title="bbox 1994 3931 3593 4005">
    <p class='ocr_par' dir='ltr' id='par_1_88' title="bbox 1994 3931 3593 4005">
     <span class='ocr_line' id='line_1_88' title="bbox 1994 3931 3593 4005; baseline 0.001 -18"><span class='ocrx_word' id='word_1_651' title='bbox 1994 3947 2185 3987; x_wconf 88' lang='lat' dir='ltr'>omnes</span> <span class='ocrx_word' id='word_1_652' title='bbox 2220 3931 2499 3986; x_wconf 89' lang='lat' dir='ltr'>transfusa</span> <span class='ocrx_word' id='word_1_653' title='bbox 2528 3940 2630 3988; x_wconf 91' lang='lat' dir='ltr'>est.</span> <span class='ocrx_word' id='word_1_654' title='bbox 2682 3934 2855 3989; x_wconf 83' lang='lat' dir='ltr'>Multo</span> <span class='ocrx_word' id='word_1_655' title='bbox 2893 3934 3095 4005; x_wconf 85' lang='lat' dir='ltr'>magis,</span> <span class='ocrx_word' id='word_1_656' title='bbox 3128 3940 3229 3989; x_wconf 90' lang='lat' dir='ltr'>etc.</span> <span class='ocrx_word' id='word_1_657' title='bbox 3263 3932 3401 4003; x_wconf 89' lang='lat' dir='ltr'>Quia</span> <span class='ocrx_word' id='word_1_658' title='bbox 3430 3942 3593 3990; x_wconf 63' lang='lat' dir='ltr'>eter-</span> 
     </span>
    </p>
   </div>
   <div class='ocr_carea' id='block_1_89' title="bbox 1993 4020 3595 4109">
    <p class='ocr_par' dir='ltr' id='par_1_89' title="bbox 1993 4020 3595 4109">
     <span class='ocr_line' id='line_1_89' title="bbox 1993 4020 3595 4109; baseline 0.003 -34"><span class='ocrx_word' id='word_1_659' title='bbox 1993 4021 2207 4089; x_wconf 89' lang='lat' dir='ltr'>naliter,</span> <span class='ocrx_word' id='word_1_660' title='bbox 2237 4036 2360 4077; x_wconf 91' lang='lat' dir='ltr'>cum</span> <span class='ocrx_word' id='word_1_661' title='bbox 2389 4020 2444 4076; x_wconf 93' lang='lat' dir='ltr'>in</span> <span class='ocrx_word' id='word_1_662' title='bbox 2479 4020 2558 4077; x_wconf 92' lang='lat' dir='ltr'>eis</span> <span class='ocrx_word' id='word_1_663' title='bbox 2605 4021 2913 4094; x_wconf 89' lang='lat' dir='ltr'>regnaverit</span> <span class='ocrx_word' id='word_1_664' title='bbox 2959 4038 3105 4109; x_wconf 71' lang='lat' dir='ltr'>mors</span> <span class='ocrx_word' id='word_1_665' title='bbox 3147 4023 3511 4094; x_wconf 88' lang='lat' dir='ltr'>temporaliter</span> <span class='ocrx_word' id='word_1_666' title='bbox 3541 4034 3595 4080; x_wconf 90' lang='lat' dir='ltr'>et</span> 
     </span>
    </p>
   </div>
   <div class='ocr_carea' id='block_1_90' title="bbox 1992 4109 2273 4168">
    <p class='ocr_par' dir='ltr' id='par_1_90' title="bbox 1992 4109 2273 4168">
     <span class='ocr_line' id='line_1_90' title="bbox 1992 4109 2273 4168; baseline -0.014 0"><span class='ocrx_word' id='word_1_667' title='bbox 1992 4126 2119 4168; x_wconf 89' lang='lat' dir='ltr'>cum</span> <span class='ocrx_word' id='word_1_668' title='bbox 2146 4109 2273 4165; x_wconf 84' lang='lat' dir='ltr'>fine.</span> 
     </span>
    </p>
   </div>
   <div class='ocr_carea' id='block_1_91' title="bbox 2063 4227 3592 4301">
    <p class='ocr_par' dir='ltr' id='par_1_91' title="bbox 2063 4227 3592 4301">
     <span class='ocr_line' id='line_1_91' title="bbox 2063 4227 3592 4301; baseline 0.004 -21"><span class='ocrx_word' id='word_1_669' title='bbox 2063 4227 2233 4281; x_wconf 73' lang='lat' dir='ltr'>Vens.</span> <span class='ocrx_word' id='word_1_670' title='bbox 2266 4229 2350 4281; x_wconf 89' lang='lat'>18.</span> <span class='ocrx_word' id='word_1_671' title='bbox 2393 4257 2441 4266; x_wconf 90' lang='lat'><strong>-</strong></span> <span class='ocrx_word' id='word_1_672' title='bbox 2463 4228 2571 4282; x_wconf 87' lang='lat' dir='ltr'>Per</span> <span class='ocrx_word' id='word_1_673' title='bbox 2600 4228 2773 4283; x_wconf 87' lang='lat' dir='ltr'>unius</span> <span class='ocrx_word' id='word_1_674' title='bbox 2802 4229 3117 4299; x_wconf 78' lang='lat' dir='ltr'>justitiam,</span> <span class='ocrx_word' id='word_1_675' title='bbox 3148 4236 3252 4284; x_wconf 90' lang='lat' dir='ltr'>etc.</span> <span class='ocrx_word' id='word_1_676' title='bbox 3295 4230 3416 4284; x_wconf 93' lang='lat' dir='ltr'>Non</span> <span class='ocrx_word' id='word_1_677' title='bbox 3446 4230 3592 4301; x_wconf 91' lang='lat' dir='ltr'>quod</span> 
     </span>
    </p>
   </div>
   <div class='ocr_carea' id='block_1_92' title="bbox 1991 4314 3585 4389">
    <p class='ocr_par' dir='ltr' id='par_1_92' title="bbox 1991 4314 3585 4389">
     <span class='ocr_line' id='line_1_92' title="bbox 1991 4314 3585 4389; baseline 0.001 -19"><span class='ocrx_word' id='word_1_678' title='bbox 1991 4330 2182 4370; x_wconf 88' lang='lat' dir='ltr'>omnes</span> <span class='ocrx_word' id='word_1_679' title='bbox 2207 4314 2376 4388; x_wconf 89' lang='lat' dir='ltr'>geniti</span> <span class='ocrx_word' id='word_1_680' title='bbox 2407 4315 2476 4369; x_wconf 93' lang='lat' dir='ltr'>ab</span> <span class='ocrx_word' id='word_1_681' title='bbox 2505 4315 2683 4370; x_wconf 89' lang='lat' dir='ltr'>Adam</span> <span class='ocrx_word' id='word_1_682' title='bbox 2718 4324 3114 4387; x_wconf 88' lang='lat' dir='ltr'>regenerentur</span> <span class='ocrx_word' id='word_1_683' title='bbox 3147 4333 3249 4389; x_wconf 92' lang='lat' dir='ltr'>per</span> <span class='ocrx_word' id='word_1_684' title='bbox 3294 4317 3585 4389; x_wconf 88' lang='lat' dir='ltr'>Christum,</span> 
     </span>
    </p>
   </div>
   <div class='ocr_carea' id='block_1_93' title="bbox 1990 4403 3590 4480">
    <p class='ocr_par' dir='ltr' id='par_1_93' title="bbox 1990 4403 3590 4480">
     <span class='ocr_line' id='line_1_93' title="bbox 1990 4403 3590 4480; baseline 0.003 -22"><span class='ocrx_word' id='word_1_685' title='bbox 1990 4403 2089 4459; x_wconf 89' lang='lat' dir='ltr'>sed</span> <span class='ocrx_word' id='word_1_686' title='bbox 2145 4404 2283 4459; x_wconf 89' lang='lat' dir='ltr'>sicut</span> <span class='ocrx_word' id='word_1_687' title='bbox 2339 4404 2540 4460; x_wconf 92' lang='lat' dir='ltr'>nullius</span> <span class='ocrx_word' id='word_1_688' title='bbox 2595 4406 2830 4461; x_wconf 89' lang='lat' dir='ltr'>carnalis</span> <span class='ocrx_word' id='word_1_689' title='bbox 2885 4406 3163 4480; x_wconf 88' lang='lat' dir='ltr'>generatio</span> <span class='ocrx_word' id='word_1_690' title='bbox 3219 4413 3303 4461; x_wconf 91' lang='lat' dir='ltr'>est</span> <span class='ocrx_word' id='word_1_691' title='bbox 3347 4405 3452 4461; x_wconf 91' lang='lat' dir='ltr'>nisi</span> <span class='ocrx_word' id='word_1_692' title='bbox 3492 4423 3590 4479; x_wconf 87' lang='lat' dir='ltr'>per</span> 
     </span>
    </p>
   </div>
   <div class='ocr_carea' id='block_1_94' title="bbox 352 4488 3584 4590">
    <p class='ocr_par' dir='ltr' id='par_1_94' title="bbox 352 4488 3584 4590">
     <span class='ocr_line' id='line_1_94' title="bbox 352 4488 3584 4590; baseline 0 -40"><span class='ocrx_word' id='word_1_693' title='bbox 352 4512 417 4565; x_wconf 83' lang='grc' dir='ltr'>ιη</span> <span class='ocrx_word' id='word_1_694' title='bbox 445 4527 642 4567; x_wconf 59' lang='lat' dir='ltr'>omnes</span> <span class='ocrx_word' id='word_1_695' title='bbox 674 4512 950 4570; x_wconf 51' lang='lat' dir='ltr'>homines.</span> <span class='ocrx_word' id='word_1_696' title='bbox 999 4513 1137 4584; x_wconf 72' lang='lat' dir='ltr'>Quia</span> <span class='ocrx_word' id='word_1_697' title='bbox 1180 4514 1343 4571; x_wconf 56' lang='lat' dir='ltr'>etiam</span> <span class='ocrx_word' id='word_1_698' title='bbox 1373 4523 1497 4572; x_wconf 58' lang='lat' dir='ltr'>ante</span> <span class='ocrx_word' id='word_1_699' title='bbox 1527 4516 1730 4590; x_wconf 57' lang='lat' dir='ltr'>legem,</span> <span class='ocrx_word' id='word_1_700' title='bbox 1764 4488 1959 4575; x_wconf 74' lang='lat' dir='ltr'>cumD</span> <span class='ocrx_word' id='word_1_701' title='bbox 1988 4492 2181 4590; x_wconf 30' lang='lat' dir='ltr'>Adamn,</span> <span class='ocrx_word' id='word_1_702' title='bbox 2244 4492 2324 4549; x_wconf 91' lang='lat' dir='ltr'>sic</span> <span class='ocrx_word' id='word_1_703' title='bbox 2382 4494 2682 4590; x_wconf 81' lang='lat' dir='ltr'>spiritualis</span> <span class='ocrx_word' id='word_1_704' title='bbox 2721 4494 2934 4590; x_wconf 75' lang='lat' dir='ltr'>nullius</span> <span class='ocrx_word' id='word_1_705' title='bbox 2992 4494 3103 4590; x_wconf 79' lang='lat' dir='ltr'>nisi</span> <span class='ocrx_word' id='word_1_706' title='bbox 3144 4511 3244 4566; x_wconf 90' lang='lat' dir='ltr'>per</span> <span class='ocrx_word' id='word_1_707' title='bbox 3281 4494 3584 4590; x_wconf 80' lang='lat' dir='ltr'>Christum.</span> 
     </span>
    </p>
   </div>
   <div class='ocr_carea' id='block_1_95' title="bbox 284 4599 1889 4678">
    <p class='ocr_par' dir='ltr' id='par_1_95' title="bbox 284 4599 1889 4678">
     <span class='ocr_line' id='line_1_95' title="bbox 284 4599 1889 4678; baseline 0.006 -26"><span class='ocrx_word' id='word_1_708' title='bbox 284 4613 391 4653; x_wconf 90' lang='lat' dir='ltr'>non</span> <span class='ocrx_word' id='word_1_709' title='bbox 432 4599 508 4654; x_wconf 87' lang='lat' dir='ltr'>ita</span> <span class='ocrx_word' id='word_1_710' title='bbox 577 4600 857 4657; x_wconf 90' lang='lat' dir='ltr'>videretur</span> <span class='ocrx_word' id='word_1_711' title='bbox 899 4602 1028 4677; x_wconf 89' lang='lat' dir='ltr'>lege</span> <span class='ocrx_word' id='word_1_712' title='bbox 1103 4618 1214 4660; x_wconf 90' lang='lat' dir='ltr'>non</span> <span class='ocrx_word' id='word_1_713' title='bbox 1257 4604 1489 4661; x_wconf 89' lang='lat' dir='ltr'>docente</span> <span class='ocrx_word' id='word_1_714' title='bbox 1521 4624 1534 4660; x_wconf 90' lang='lat'>:</span> <span class='ocrx_word' id='word_1_715' title='bbox 1580 4606 1889 4678; x_wconf 88' lang='lat' dir='ltr'>imputaba-</span> 
     </span>
    </p>
   </div>
   <div class='ocr_carea' id='block_1_96' title="bbox 284 4687 1889 4764">
    <p class='ocr_par' dir='ltr' id='par_1_96' title="bbox 284 4687 1889 4764">
     <span class='ocr_line' id='line_1_96' title="bbox 284 4687 1889 4764; baseline 0.007 -24"><span class='ocrx_word' id='word_1_716' title='bbox 284 4693 370 4741; x_wconf 90' lang='lat' dir='ltr'>tur</span> <span class='ocrx_word' id='word_1_717' title='bbox 428 4687 652 4760; x_wconf 90' lang='lat' dir='ltr'>quidem</span> <span class='ocrx_word' id='word_1_718' title='bbox 714 4699 1000 4761; x_wconf 88' lang='lat' dir='ltr'>peccatum</span> <span class='ocrx_word' id='word_1_719' title='bbox 1056 4693 1203 4764; x_wconf 90' lang='lat' dir='ltr'>apud</span> <span class='ocrx_word' id='word_1_720' title='bbox 1274 4692 1525 4748; x_wconf 91' lang='lat' dir='ltr'>homines</span> <span class='ocrx_word' id='word_1_721' title='bbox 1548 4736 1562 4759; x_wconf 94' lang='lat'>,</span> <span class='ocrx_word' id='word_1_722' title='bbox 1624 4695 1721 4749; x_wconf 92' lang='lat' dir='ltr'>sed</span> <span class='ocrx_word' id='word_1_723' title='bbox 1778 4711 1889 4751; x_wconf 89' lang='lat' dir='ltr'>non</span> 
     </span>
    </p>
   </div>
   <div class='ocr_carea' id='block_1_97' title="bbox 286 4776 1887 4855">
    <p class='ocr_par' dir='ltr' id='par_1_97' title="bbox 286 4776 1887 4855">
     <span class='ocr_line' id='line_1_97' title="bbox 286 4776 1887 4855; baseline 0.006 -27"><span class='ocrx_word' id='word_1_724' title='bbox 286 4776 427 4845; x_wconf 86' lang='lat' dir='ltr'>apud</span> <span class='ocrx_word' id='word_1_725' title='bbox 478 4777 655 4832; x_wconf 90' lang='lat' dir='ltr'>Deum</span> <span class='ocrx_word' id='word_1_726' title='bbox 712 4787 770 4833; x_wconf 94' lang='lat' dir='ltr'>ut</span> <span class='ocrx_word' id='word_1_727' title='bbox 827 4781 1090 4851; x_wconf 90' lang='lat' dir='ltr'>putabant</span> <span class='ocrx_word' id='word_1_728' title='bbox 1145 4789 1465 4854; x_wconf 86' lang='lat' dir='ltr'>peccatores</span> <span class='ocrx_word' id='word_1_729' title='bbox 1523 4782 1666 4853; x_wconf 90' lang='lat' dir='ltr'>apud</span> <span class='ocrx_word' id='word_1_730' title='bbox 1723 4800 1887 4855; x_wconf 91' lang='lat' dir='ltr'>quem</span> 
     </span>
    </p>
   </div>
   <div class='ocr_carea' id='block_1_98' title="bbox 286 4865 1887 4943">
    <p class='ocr_par' dir='ltr' id='par_1_98' title="bbox 286 4865 1887 4943">
     <span class='ocr_line' id='line_1_98' title="bbox 286 4865 1887 4943; baseline 0.006 -25"><span class='ocrx_word' id='word_1_731' title='bbox 286 4865 578 4933; x_wconf 87' lang='lat' dir='ltr'>putabatur</span> <span class='ocrx_word' id='word_1_732' title='bbox 645 4866 869 4939; x_wconf 90' lang='lat' dir='ltr'>impune</span> <span class='ocrx_word' id='word_1_733' title='bbox 940 4869 1202 4937; x_wconf 89' lang='lat' dir='ltr'>futurum,</span> <span class='ocrx_word' id='word_1_734' title='bbox 1262 4887 1388 4926; x_wconf 93' lang='lat' dir='ltr'>cum</span> <span class='ocrx_word' id='word_1_735' title='bbox 1442 4871 1748 4927; x_wconf 89' lang='lat' dir='ltr'>nesciretur</span> <span class='ocrx_word' id='word_1_736' title='bbox 1798 4873 1887 4943; x_wconf 91' lang='lat' dir='ltr'>ju-</span> 
     </span>
    </p>
   </div>
   <div class='ocr_carea' id='block_1_99' title="bbox 283 4949 1885 5027">
    <p class='ocr_par' dir='ltr' id='par_1_99' title="bbox 283 4949 1885 5027">
     <span class='ocr_line' id='line_1_99' title="bbox 283 4949 1885 5027; baseline 0.006 -22"><span class='ocrx_word' id='word_1_737' title='bbox 283 4949 560 5009; x_wconf 89' lang='lat' dir='ltr'>dicaturus</span> <span class='ocrx_word' id='word_1_738' title='bbox 595 4972 608 5008; x_wconf 93' lang='lat'><strong>:</strong></span> <span class='ocrx_word' id='word_1_739' title='bbox 660 4956 758 5010; x_wconf 92' lang='lat' dir='ltr'>sed</span> <span class='ocrx_word' id='word_1_740' title='bbox 803 4957 897 5012; x_wconf 91' lang='lat' dir='ltr'>ubi</span> <span class='ocrx_word' id='word_1_741' title='bbox 945 4957 1032 5014; x_wconf 86' lang='lat' dir='ltr'>lex</span> <span class='ocrx_word' id='word_1_742' title='bbox 1072 4958 1201 5014; x_wconf 89' lang='lat' dir='ltr'>data</span> <span class='ocrx_word' id='word_1_743' title='bbox 1248 4968 1350 5027; x_wconf 90' lang='lat' dir='ltr'>est,</span> <span class='ocrx_word' id='word_1_744' title='bbox 1399 4967 1667 5016; x_wconf 90' lang='lat' dir='ltr'>noverunt</span> <span class='ocrx_word' id='word_1_745' title='bbox 1710 4961 1885 5015; x_wconf 89' lang='lat' dir='ltr'>Deum</span> 
     </span>
    </p>
   </div>
   <div class='ocr_carea' id='block_1_100' title="bbox 285 5042 1883 5120">
    <p class='ocr_par' dir='ltr' id='par_1_100' title="bbox 285 5042 1883 5120">
     <span class='ocr_line' id='line_1_100' title="bbox 285 5042 1883 5120; baseline 0.005 -24"><span class='ocrx_word' id='word_1_746' title='bbox 285 5054 475 5097; x_wconf 87' lang='lat' dir='ltr'>curare</span> <span class='ocrx_word' id='word_1_747' title='bbox 540 5042 778 5100; x_wconf 90' lang='lat' dir='ltr'>humana</span> <span class='ocrx_word' id='word_1_748' title='bbox 833 5053 887 5100; x_wconf 88' lang='lat' dir='ltr'>et</span> <span class='ocrx_word' id='word_1_749' title='bbox 936 5045 1206 5114; x_wconf 91' lang='lat' dir='ltr'>judicare.</span> <span class='ocrx_word' id='word_1_750' title='bbox 1276 5050 1415 5104; x_wconf 85' lang='lat' dir='ltr'>Ante</span> <span class='ocrx_word' id='word_1_751' title='bbox 1480 5065 1591 5105; x_wconf 90' lang='lat' dir='ltr'>non</span> <span class='ocrx_word' id='word_1_752' title='bbox 1646 5048 1883 5120; x_wconf 90' lang='lat' dir='ltr'>imputa-</span> 
     </span>
    </p>
   </div>
   <div class='ocr_carea' id='block_1_101' title="bbox 283 5129 1884 5209">
    <p class='ocr_par' dir='ltr' id='par_1_101' title="bbox 283 5129 1884 5209">
     <span class='ocr_line' id='line_1_101' title="bbox 283 5129 1884 5209; baseline 0.007 -27"><span class='ocrx_word' id='word_1_753' title='bbox 283 5129 452 5199; x_wconf 88' lang='lat' dir='ltr'>batur,</span> <span class='ocrx_word' id='word_1_754' title='bbox 487 5132 588 5186; x_wconf 90' lang='lat' dir='ltr'>sed</span> <span class='ocrx_word' id='word_1_755' title='bbox 617 5133 865 5204; x_wconf 85' lang='lat' dir='ltr'>regnavit</span> <span class='ocrx_word' id='word_1_756' title='bbox 893 5149 1043 5189; x_wconf 90' lang='lat' dir='ltr'>mors</span> <span class='ocrx_word' id='word_1_757' title='bbox 1082 5151 1297 5208; x_wconf 89' lang='lat' dir='ltr'>secure,</span> <span class='ocrx_word' id='word_1_758' title='bbox 1342 5138 1659 5209; x_wconf 90' lang='lat' dir='ltr'>possidente</span> <span class='ocrx_word' id='word_1_759' title='bbox 1706 5138 1884 5193; x_wconf 90' lang='lat' dir='ltr'>homi-</span> 
     </span>
    </p>
   </div>
   <div class='ocr_carea' id='block_1_102' title="bbox 285 5218 1883 5299">
    <p class='ocr_par' dir='ltr' id='par_1_102' title="bbox 285 5218 1883 5299">
     <span class='ocr_line' id='line_1_102' title="bbox 285 5218 1883 5299; baseline 0.007 -28"><span class='ocrx_word' id='word_1_760' title='bbox 285 5232 377 5273; x_wconf 88' lang='lat' dir='ltr'>nes</span> <span class='ocrx_word' id='word_1_761' title='bbox 407 5219 628 5275; x_wconf 86' lang='lat' dir='ltr'>diabolo</span> <span class='ocrx_word' id='word_1_762' title='bbox 657 5237 757 5291; x_wconf 91' lang='lat' dir='ltr'>pro</span> <span class='ocrx_word' id='word_1_763' title='bbox 786 5218 1103 5293; x_wconf 89' lang='lat' dir='ltr'>impunitate</span> <span class='ocrx_word' id='word_1_764' title='bbox 1132 5226 1338 5281; x_wconf 89' lang='lat' dir='ltr'>credita</span> <span class='ocrx_word' id='word_1_765' title='bbox 1370 5243 1542 5298; x_wconf 92' lang='lat' dir='ltr'>usque</span> <span class='ocrx_word' id='word_1_766' title='bbox 1563 5226 1633 5281; x_wconf 92' lang='lat' dir='ltr'>ad</span> <span class='ocrx_word' id='word_1_767' title='bbox 1654 5228 1883 5299; x_wconf 87' lang='lat' dir='ltr'>Moysen</span> 
     </span>
    </p>
   </div>
   <div class='ocr_carea' id='block_1_103' title="bbox 284 5308 1881 5390">
    <p class='ocr_par' dir='ltr' id='par_1_103' title="bbox 284 5308 1881 5390">
     <span class='ocr_line' id='line_1_103' title="bbox 284 5308 1881 5390; baseline 0.008 -31"><span class='ocrx_word' id='word_1_768' title='bbox 284 5320 378 5374; x_wconf 89' lang='lat' dir='ltr'>per</span> <span class='ocrx_word' id='word_1_769' title='bbox 406 5324 571 5379; x_wconf 91' lang='lat' dir='ltr'>quem</span> <span class='ocrx_word' id='word_1_770' title='bbox 600 5308 761 5364; x_wconf 89' lang='lat' dir='ltr'>rediit</span> <span class='ocrx_word' id='word_1_771' title='bbox 791 5311 1035 5384; x_wconf 86' lang='lat' dir='ltr'>cognitio</span> <span class='ocrx_word' id='word_1_772' title='bbox 1065 5314 1226 5369; x_wconf 91' lang='lat' dir='ltr'>unius</span> <span class='ocrx_word' id='word_1_773' title='bbox 1276 5314 1395 5370; x_wconf 92' lang='lat' dir='ltr'>Dei.</span> <span class='ocrx_word' id='word_1_774' title='bbox 1448 5315 1714 5388; x_wconf 85' lang='lat' dir='ltr'>Regnavit</span> <span class='ocrx_word' id='word_1_775' title='bbox 1744 5332 1881 5390; x_wconf 91' lang='lat' dir='ltr'>ergo</span> 
     </span>
    </p>
   </div>
   <div class='ocr_carea' id='block_1_104' title="bbox 284 5397 1877 5479">
    <p class='ocr_par' dir='ltr' id='par_1_104' title="bbox 284 5397 1877 5479">
     <span class='ocr_line' id='line_1_104' title="bbox 284 5397 1877 5479; baseline 0.009 -32"><span class='ocrx_word' id='word_1_776' title='bbox 284 5408 427 5450; x_wconf 88' lang='lat' dir='ltr'>mors</span> <span class='ocrx_word' id='word_1_777' title='bbox 456 5398 537 5467; x_wconf 82' lang='lat' dir='ltr'>(ut</span> <span class='ocrx_word' id='word_1_778' title='bbox 568 5397 729 5452; x_wconf 90' lang='lat' dir='ltr'>habet</span> <span class='ocrx_word' id='word_1_779' title='bbox 757 5397 867 5455; x_wconf 89' lang='lat' dir='ltr'>alia</span> <span class='ocrx_word' id='word_1_780' title='bbox 908 5399 1131 5473; x_wconf 86' lang='lat' dir='ltr'>littera),</span> <span class='ocrx_word' id='word_1_781' title='bbox 1178 5419 1288 5458; x_wconf 90' lang='lat' dir='ltr'>non</span> <span class='ocrx_word' id='word_1_782' title='bbox 1332 5412 1517 5459; x_wconf 88' lang='lat' dir='ltr'>tamen</span> <span class='ocrx_word' id='word_1_783' title='bbox 1562 5404 1619 5458; x_wconf 91' lang='lat' dir='ltr'>in</span> <span class='ocrx_word' id='word_1_784' title='bbox 1663 5420 1877 5479; x_wconf 86' lang='lat' dir='ltr'>omnes,</span> 
     </span>
    </p>
   </div>
   <div class='ocr_carea' id='block_1_105' title="bbox 285 5482 1877 5565">
    <p class='ocr_par' dir='ltr' id='par_1_105' title="bbox 285 5482 1877 5565">
     <span class='ocr_line' id='line_1_105' title="bbox 285 5482 1877 5565; baseline 0.01 -31"><span class='ocrx_word' id='word_1_785' title='bbox 285 5482 375 5535; x_wconf 82' lang='lat' dir='ltr'>sed</span> <span class='ocrx_word' id='word_1_786' title='bbox 402 5483 459 5538; x_wconf 89' lang='lat' dir='ltr'>in</span> <span class='ocrx_word' id='word_1_787' title='bbox 486 5485 694 5541; x_wconf 90' lang='lat' dir='ltr'>similes</span> <span class='ocrx_word' id='word_1_788' title='bbox 721 5489 1129 5559; x_wconf 61' lang='lat' dir='ltr'>praivaricatori</span> <span class='ocrx_word' id='word_1_789' title='bbox 1146 5491 1298 5556; x_wconf 66' lang='lat' dir='ltr'>Adae,</span> <span class='ocrx_word' id='word_1_790' title='bbox 1323 5492 1435 5563; x_wconf 89' lang='lat' dir='ltr'>qui,</span> <span class='ocrx_word' id='word_1_791' title='bbox 1462 5492 1715 5565; x_wconf 87' lang='lat' dir='ltr'>neglecto</span> <span class='ocrx_word' id='word_1_792' title='bbox 1737 5495 1877 5565; x_wconf 88' lang='lat' dir='ltr'>Deo,</span> 
     </span>
    </p>
   </div>
   <div class='ocr_carea' id='block_1_106' title="bbox 286 5576 1880 5650">
    <p class='ocr_par' dir='ltr' id='par_1_106' title="bbox 286 5576 1880 5650">
     <span class='ocr_line' id='line_1_106' title="bbox 286 5576 1880 5650; baseline 0.01 -27"><span class='ocrx_word' id='word_1_793' title='bbox 286 5581 541 5629; x_wconf 68' lang='lat' dir='ltr'>creatura:</span> <span class='ocrx_word' id='word_1_794' title='bbox 569 5576 899 5645; x_wconf 90' lang='lat' dir='ltr'>servierunt,</span> <span class='ocrx_word' id='word_1_795' title='bbox 932 5578 1073 5635; x_wconf 88' lang='lat' dir='ltr'>sicut</span> <span class='ocrx_word' id='word_1_796' title='bbox 1100 5578 1192 5635; x_wconf 92' lang='lat' dir='ltr'>ille</span> <span class='ocrx_word' id='word_1_797' title='bbox 1213 5579 1335 5637; x_wconf 92' lang='lat' dir='ltr'>loco</span> <span class='ocrx_word' id='word_1_798' title='bbox 1356 5581 1478 5650; x_wconf 92' lang='lat' dir='ltr'>Dei,</span> <span class='ocrx_word' id='word_1_799' title='bbox 1511 5582 1729 5638; x_wconf 89' lang='lat' dir='ltr'>diabolo</span> <span class='ocrx_word' id='word_1_800' title='bbox 1746 5598 1880 5639; x_wconf 89' lang='lat' dir='ltr'>con-</span> 
     </span>
    </p>
   </div>
   <div class='ocr_carea' id='block_1_107' title="bbox 284 5660 1879 5744">
    <p class='ocr_par' dir='ltr' id='par_1_107' title="bbox 284 5660 1879 5744">
     <span class='ocr_line' id='line_1_107' title="bbox 284 5660 1879 5744; baseline 0.008 -30"><span class='ocrx_word' id='word_1_801' title='bbox 284 5660 463 5717; x_wconf 83' lang='lat' dir='ltr'>sensit.</span> <span class='ocrx_word' id='word_1_802' title='bbox 493 5662 656 5720; x_wconf 84' lang='lat' dir='ltr'>Tales</span> <span class='ocrx_word' id='word_1_803' title='bbox 684 5673 843 5722; x_wconf 86' lang='lat' dir='ltr'>erant</span> <span class='ocrx_word' id='word_1_804' title='bbox 871 5665 989 5724; x_wconf 82' lang='lat' dir='ltr'>fere</span> <span class='ocrx_word' id='word_1_805' title='bbox 1016 5682 1209 5725; x_wconf 89' lang='lat' dir='ltr'>omnes</span> <span class='ocrx_word' id='word_1_806' title='bbox 1238 5685 1413 5742; x_wconf 90' lang='lat' dir='ltr'>usque</span> <span class='ocrx_word' id='word_1_807' title='bbox 1434 5669 1505 5726; x_wconf 90' lang='lat' dir='ltr'>ad</span> <span class='ocrx_word' id='word_1_808' title='bbox 1521 5669 1723 5744; x_wconf 81' lang='lat' dir='ltr'>legem.</span> <span class='ocrx_word' id='word_1_809' title='bbox 1752 5672 1879 5727; x_wconf 90' lang='lat' dir='ltr'>Per-</span> 
     </span>
    </p>
   </div>
   <div class='ocr_carea' id='block_1_108' title="bbox 1992 4581 3588 4657">
    <p class='ocr_par' dir='ltr' id='par_1_108' title="bbox 1992 4581 3588 4657">
     <span class='ocr_line' id='line_1_108' title="bbox 1992 4581 3588 4657; baseline 0.003 -21"><span class='ocrx_word' id='word_1_810' title='bbox 1992 4581 2051 4636; x_wconf 90' lang='lat' dir='ltr'>Si</span> <span class='ocrx_word' id='word_1_811' title='bbox 2078 4583 2171 4654; x_wconf 90' lang='lat' dir='ltr'>qui</span> <span class='ocrx_word' id='word_1_812' title='bbox 2199 4590 2383 4638; x_wconf 90' lang='lat' dir='ltr'>essent</span> <span class='ocrx_word' id='word_1_813' title='bbox 2410 4591 2610 4654; x_wconf 65' lang='lat' dir='ltr'>praeter</span> <span class='ocrx_word' id='word_1_814' title='bbox 2654 4583 2831 4641; x_wconf 90' lang='lat' dir='ltr'>Adam</span> <span class='ocrx_word' id='word_1_815' title='bbox 2862 4584 3128 4657; x_wconf 89' lang='lat' dir='ltr'>generati,</span> <span class='ocrx_word' id='word_1_816' title='bbox 3162 4591 3215 4639; x_wconf 89' lang='lat' dir='ltr'>et</span> <span class='ocrx_word' id='word_1_817' title='bbox 3248 4583 3295 4638; x_wconf 88' lang='lat' dir='ltr'>si</span> <span class='ocrx_word' id='word_1_818' title='bbox 3323 4582 3414 4656; x_wconf 91' lang='lat' dir='ltr'>qui</span> <span class='ocrx_word' id='word_1_819' title='bbox 3442 4600 3588 4656; x_wconf 75' lang='lat' dir='ltr'>prae-</span> 
     </span>
    </p>
   </div>
   <div class='ocr_carea' id='block_1_109' title="bbox 1988 4670 3588 4744">
    <p class='ocr_par' dir='ltr' id='par_1_109' title="bbox 1988 4670 3588 4744">
     <span class='ocr_line' id='line_1_109' title="bbox 1988 4670 3588 4744; baseline 0.004 -20"><span class='ocrx_word' id='word_1_820' title='bbox 1988 4677 2073 4725; x_wconf 90' lang='lat' dir='ltr'>ter</span> <span class='ocrx_word' id='word_1_821' title='bbox 2103 4670 2370 4726; x_wconf 89' lang='lat' dir='ltr'>Christum</span> <span class='ocrx_word' id='word_1_822' title='bbox 2398 4672 2724 4744; x_wconf 90' lang='lat' dir='ltr'>regenerati,</span> <span class='ocrx_word' id='word_1_823' title='bbox 2775 4687 2883 4727; x_wconf 90' lang='lat' dir='ltr'>non</span> <span class='ocrx_word' id='word_1_824' title='bbox 2919 4672 3124 4727; x_wconf 90' lang='lat' dir='ltr'>diceret</span> <span class='ocrx_word' id='word_1_825' title='bbox 3161 4687 3355 4729; x_wconf 85' lang='lat' dir='ltr'>omnes</span> <span class='ocrx_word' id='word_1_826' title='bbox 3386 4681 3439 4729; x_wconf 91' lang='lat' dir='ltr'>et</span> <span class='ocrx_word' id='word_1_827' title='bbox 3469 4690 3588 4731; x_wconf 77' lang='lat' dir='ltr'>om-</span> 
     </span>
    </p>
   </div>
   <div class='ocr_carea' id='block_1_110' title="bbox 1990 4760 3589 4837">
    <p class='ocr_par' dir='ltr' id='par_1_110' title="bbox 1990 4760 3589 4837">
     <span class='ocr_line' id='line_1_110' title="bbox 1990 4760 3589 4837; baseline 0.003 -23"><span class='ocrx_word' id='word_1_828' title='bbox 1990 4775 2112 4815; x_wconf 89' lang='lat' dir='ltr'>nes.</span> <span class='ocrx_word' id='word_1_829' title='bbox 2148 4760 2295 4815; x_wconf 88' lang='lat' dir='ltr'>Sicut</span> <span class='ocrx_word' id='word_1_830' title='bbox 2327 4767 2511 4815; x_wconf 91' lang='lat' dir='ltr'>autem</span> <span class='ocrx_word' id='word_1_831' title='bbox 2541 4760 2724 4814; x_wconf 90' lang='lat' dir='ltr'>nullus</span> <span class='ocrx_word' id='word_1_832' title='bbox 2752 4761 2915 4816; x_wconf 89' lang='lat' dir='ltr'>homo</span> <span class='ocrx_word' id='word_1_833' title='bbox 2951 4768 3153 4832; x_wconf 71' lang='lat' dir='ltr'>praeter</span> <span class='ocrx_word' id='word_1_834' title='bbox 3183 4761 3328 4817; x_wconf 91' lang='lat' dir='ltr'>illam</span> <span class='ocrx_word' id='word_1_835' title='bbox 3358 4779 3589 4837; x_wconf 87' lang='lat' dir='ltr'>genera-</span> 
     </span>
    </p>
   </div>
   <div class='ocr_carea' id='block_1_111' title="bbox 1989 4846 3588 4924">
    <p class='ocr_par' dir='ltr' id='par_1_111' title="bbox 1989 4846 3588 4924">
     <span class='ocr_line' id='line_1_111' title="bbox 1989 4846 3588 4924; baseline 0.004 -23"><span class='ocrx_word' id='word_1_836' title='bbox 1989 4846 2209 4913; x_wconf 87' lang='lat' dir='ltr'>tionem,</span> <span class='ocrx_word' id='word_1_837' title='bbox 2241 4847 2321 4903; x_wconf 92' lang='lat' dir='ltr'>sic</span> <span class='ocrx_word' id='word_1_838' title='bbox 2348 4848 2530 4903; x_wconf 91' lang='lat' dir='ltr'>nullus</span> <span class='ocrx_word' id='word_1_839' title='bbox 2554 4849 2733 4918; x_wconf 92' lang='lat' dir='ltr'>justus</span> <span class='ocrx_word' id='word_1_840' title='bbox 2762 4857 2960 4921; x_wconf 68' lang='lat' dir='ltr'>praeter</span> <span class='ocrx_word' id='word_1_841' title='bbox 2980 4849 3160 4906; x_wconf 90' lang='lat' dir='ltr'>istam.</span> <span class='ocrx_word' id='word_1_842' title='bbox 3196 4852 3435 4909; x_wconf 87' lang='lat' dir='ltr'>Eosdem</span> <span class='ocrx_word' id='word_1_843' title='bbox 3463 4859 3588 4924; x_wconf 91' lang='lat' dir='ltr'>post</span> 
     </span>
    </p>
   </div>
   <div class='ocr_carea' id='block_1_112' title="bbox 1986 4935 2377 4993">
    <p class='ocr_par' dir='ltr' id='par_1_112' title="bbox 1986 4935 2377 4993">
     <span class='ocr_line' id='line_1_112' title="bbox 1986 4935 2377 4993; baseline 0.008 -4"><span class='ocrx_word' id='word_1_844' title='bbox 1986 4935 2117 4992; x_wconf 89' lang='lat' dir='ltr'>dicit</span> <span class='ocrx_word' id='word_1_845' title='bbox 2146 4937 2377 4993; x_wconf 86' lang='lat' dir='ltr'>multos.</span> 
     </span>
    </p>
   </div>
   <div class='ocr_carea' id='block_1_113' title="bbox 2056 5042 3585 5112">
    <p class='ocr_par' dir='ltr' id='par_1_113' title="bbox 2056 5042 3585 5112">
     <span class='ocr_line' id='line_1_113' title="bbox 2056 5042 3585 5112; baseline 0.004 -14"><span class='ocrx_word' id='word_1_846' title='bbox 2056 5042 2226 5098; x_wconf 75' lang='lat' dir='ltr'>Vnus.</span> <span class='ocrx_word' id='word_1_847' title='bbox 2263 5045 2349 5098; x_wconf 88' lang='lat'>19.</span> <span class='ocrx_word' id='word_1_848' title='bbox 2382 5072 2451 5083; x_wconf 95' lang='lat'>—</span> <span class='ocrx_word' id='word_1_849' title='bbox 2471 5044 2630 5101; x_wconf 88' lang='lat' dir='ltr'>Sicut</span> <span class='ocrx_word' id='word_1_850' title='bbox 2650 5045 2825 5112; x_wconf 86' lang='lat' dir='ltr'>enim,</span> <span class='ocrx_word' id='word_1_851' title='bbox 2845 5051 2950 5101; x_wconf 90' lang='lat' dir='ltr'>etc.</span> <span class='ocrx_word' id='word_1_852' title='bbox 2976 5045 3312 5102; x_wconf 89' lang='lat' dir='ltr'>Determinat</span> <span class='ocrx_word' id='word_1_853' title='bbox 3329 5046 3585 5105; x_wconf 90' lang='lat' dir='ltr'>delictum</span> 
     </span>
    </p>
   </div>
   <div class='ocr_carea' id='block_1_114' title="bbox 1984 5130 3587 5209">
    <p class='ocr_par' dir='ltr' id='par_1_114' title="bbox 1984 5130 3587 5209">
     <span class='ocr_line' id='line_1_114' title="bbox 1984 5130 3587 5209; baseline 0.006 -24"><span class='ocrx_word' id='word_1_854' title='bbox 1984 5130 2146 5185; x_wconf 92' lang='lat' dir='ltr'>unius</span> <span class='ocrx_word' id='word_1_855' title='bbox 2179 5138 2232 5186; x_wconf 90' lang='lat' dir='ltr'>et</span> <span class='ocrx_word' id='word_1_856' title='bbox 2254 5131 2518 5200; x_wconf 87' lang='lat' dir='ltr'>justitiam</span> <span class='ocrx_word' id='word_1_857' title='bbox 2558 5131 2739 5203; x_wconf 90' lang='lat' dir='ltr'>unius,</span> <span class='ocrx_word' id='word_1_858' title='bbox 2789 5141 2850 5188; x_wconf 91' lang='lat' dir='ltr'>ut</span> <span class='ocrx_word' id='word_1_859' title='bbox 2896 5133 3036 5190; x_wconf 91' lang='lat' dir='ltr'>sicut</span> <span class='ocrx_word' id='word_1_860' title='bbox 3082 5134 3171 5191; x_wconf 91' lang='lat' dir='ltr'>ille</span> <span class='ocrx_word' id='word_1_861' title='bbox 3214 5136 3412 5192; x_wconf 91' lang='lat' dir='ltr'>merito</span> <span class='ocrx_word' id='word_1_862' title='bbox 3449 5153 3587 5209; x_wconf 89' lang='lat' dir='ltr'>pec-</span> 
     </span>
    </p>
   </div>
   <div class='ocr_carea' id='block_1_115' title="bbox 1984 5219 3587 5293">
    <p class='ocr_par' dir='ltr' id='par_1_115' title="bbox 1984 5219 3587 5293">
     <span class='ocr_line' id='line_1_115' title="bbox 1984 5219 3587 5293; baseline 0.004 -17"><span class='ocrx_word' id='word_1_863' title='bbox 1984 5219 2092 5276; x_wconf 88' lang='lat' dir='ltr'>cati</span> <span class='ocrx_word' id='word_1_864' title='bbox 2139 5219 2393 5291; x_wconf 91' lang='lat' dir='ltr'>perdidit,</span> <span class='ocrx_word' id='word_1_865' title='bbox 2436 5220 2512 5276; x_wconf 87' lang='lat' dir='ltr'>ita</span> <span class='ocrx_word' id='word_1_866' title='bbox 2548 5221 2650 5277; x_wconf 92' lang='lat' dir='ltr'>iste</span> <span class='ocrx_word' id='word_1_867' title='bbox 2692 5222 2888 5279; x_wconf 90' lang='lat' dir='ltr'>merito</span> <span class='ocrx_word' id='word_1_868' title='bbox 2927 5224 3150 5293; x_wconf 69' lang='lat' dir='ltr'>justitiaa</span> <span class='ocrx_word' id='word_1_869' title='bbox 3188 5241 3290 5282; x_wconf 91' lang='lat' dir='ltr'>nos</span> <span class='ocrx_word' id='word_1_870' title='bbox 3318 5225 3587 5283; x_wconf 91' lang='lat' dir='ltr'>liberasse</span> 
     </span>
    </p>
   </div>
   <div class='ocr_carea' id='block_1_116' title="bbox 1982 5307 3583 5385">
    <p class='ocr_par' dir='ltr' id='par_1_116' title="bbox 1982 5307 3583 5385">
     <span class='ocr_line' id='line_1_116' title="bbox 1982 5307 3583 5385; baseline 0.006 -24"><span class='ocrx_word' id='word_1_871' title='bbox 1982 5307 2253 5373; x_wconf 90' lang='lat' dir='ltr'>videatur,</span> <span class='ocrx_word' id='word_1_872' title='bbox 2286 5308 2375 5364; x_wconf 86' lang='lat' dir='ltr'>Ita</span> <span class='ocrx_word' id='word_1_873' title='bbox 2404 5313 2461 5365; x_wconf 90' lang='lat' dir='ltr'>et</span> <span class='ocrx_word' id='word_1_874' title='bbox 2501 5326 2601 5381; x_wconf 84' lang='lat' dir='ltr'>per</span> <span class='ocrx_word' id='word_1_875' title='bbox 2638 5311 2831 5378; x_wconf 88' lang='lat' dir='ltr'>unius,</span> <span class='ocrx_word' id='word_1_876' title='bbox 2879 5320 2984 5369; x_wconf 91' lang='lat' dir='ltr'>etc.</span> <span class='ocrx_word' id='word_1_877' title='bbox 3035 5314 3282 5369; x_wconf 87' lang='lat' dir='ltr'>Hominis</span> <span class='ocrx_word' id='word_1_878' title='bbox 3327 5315 3419 5385; x_wconf 89' lang='lat' dir='ltr'>ait,</span> <span class='ocrx_word' id='word_1_879' title='bbox 3450 5331 3583 5384; x_wconf 88' lang='lat' dir='ltr'>non,</span> 
     </span>
    </p>
   </div>
   <div class='ocr_carea' id='block_1_117' title="bbox 1981 5396 3586 5474">
    <p class='ocr_par' dir='ltr' id='par_1_117' title="bbox 1981 5396 3586 5474">
     <span class='ocr_line' id='line_1_117' title="bbox 1981 5396 3586 5474; baseline 0.004 -22"><span class='ocrx_word' id='word_1_880' title='bbox 1981 5396 2084 5452; x_wconf 90' lang='lat' dir='ltr'>Dei</span> <span class='ocrx_word' id='word_1_881' title='bbox 2114 5396 2202 5453; x_wconf 88' lang='lat' dir='ltr'>vel</span> <span class='ocrx_word' id='word_1_882' title='bbox 2232 5397 2395 5453; x_wconf 86' lang='lat' dir='ltr'>Verbi</span> <span class='ocrx_word' id='word_1_883' title='bbox 2422 5396 2604 5468; x_wconf 84' lang='lat' dir='ltr'>ﬁdem,</span> <span class='ocrx_word' id='word_1_884' title='bbox 2628 5415 2697 5455; x_wconf 91' lang='lat' dir='ltr'>ne</span> <span class='ocrx_word' id='word_1_885' title='bbox 2725 5407 2883 5471; x_wconf 92' lang='lat' dir='ltr'>putes</span> <span class='ocrx_word' id='word_1_886' title='bbox 2903 5401 3157 5474; x_wconf 89' lang='lat' dir='ltr'>antiquos</span> <span class='ocrx_word' id='word_1_887' title='bbox 3180 5403 3357 5472; x_wconf 90' lang='lat' dir='ltr'>justos</span> <span class='ocrx_word' id='word_1_888' title='bbox 3389 5404 3446 5458; x_wconf 91' lang='lat' dir='ltr'>in</span> <span class='ocrx_word' id='word_1_889' title='bbox 3466 5402 3586 5458; x_wconf 91' lang='lat' dir='ltr'>solo</span> 
     </span>
    </p>
   </div>
   <div class='ocr_carea' id='block_1_118' title="bbox 1982 5485 3585 5554">
    <p class='ocr_par' dir='ltr' id='par_1_118' title="bbox 1982 5485 3585 5554">
     <span class='ocr_line' id='line_1_118' title="bbox 1982 5485 3585 5554; baseline 0.002 -12"><span class='ocrx_word' id='word_1_890' title='bbox 1982 5486 2165 5542; x_wconf 86' lang='lat' dir='ltr'>Verbo</span> <span class='ocrx_word' id='word_1_891' title='bbox 2194 5485 2313 5554; x_wconf 91' lang='lat' dir='ltr'>Dei,</span> <span class='ocrx_word' id='word_1_892' title='bbox 2351 5486 2405 5540; x_wconf 93' lang='lat' dir='ltr'>id</span> <span class='ocrx_word' id='word_1_893' title='bbox 2435 5495 2516 5542; x_wconf 90' lang='lat' dir='ltr'>est</span> <span class='ocrx_word' id='word_1_894' title='bbox 2568 5488 2739 5544; x_wconf 91' lang='lat' dir='ltr'>solius</span> <span class='ocrx_word' id='word_1_895' title='bbox 2779 5490 2947 5546; x_wconf 84' lang='lat' dir='ltr'>Verbi</span> <span class='ocrx_word' id='word_1_896' title='bbox 2986 5489 3094 5547; x_wconf 83' lang='lat' dir='ltr'>fide</span> <span class='ocrx_word' id='word_1_897' title='bbox 3124 5491 3241 5548; x_wconf 91' lang='lat' dir='ltr'>sine</span> <span class='ocrx_word' id='word_1_898' title='bbox 3270 5491 3377 5547; x_wconf 88' lang='lat' dir='ltr'>ﬁde</span> <span class='ocrx_word' id='word_1_899' title='bbox 3410 5492 3585 5546; x_wconf 86' lang='lat' dir='ltr'>incar-</span> 
     </span>
    </p>
   </div>
   <div class='ocr_carea' id='block_1_119' title="bbox 1978 5574 2493 5632">
    <p class='ocr_par' dir='ltr' id='par_1_119' title="bbox 1978 5574 2493 5632">
     <span class='ocr_line' id='line_1_119' title="bbox 1978 5574 2493 5632; baseline 0.004 -2"><span class='ocrx_word' id='word_1_900' title='bbox 1978 5574 2217 5631; x_wconf 90' lang='lat' dir='ltr'>nationis</span> <span class='ocrx_word' id='word_1_901' title='bbox 2248 5574 2493 5632; x_wconf 87' lang='lat' dir='ltr'>liberari.</span> 
     </span>
    </p>
   </div>
   <div class='ocr_carea' id='block_1_120' title="bbox 2052 5677 3577 5750">
    <p class='ocr_par' dir='ltr' id='par_1_120' title="bbox 2052 5677 3577 5750">
     <span class='ocr_line' id='line_1_120' title="bbox 2052 5677 3577 5750; baseline 0.002 -16"><span class='ocrx_word' id='word_1_902' title='bbox 2052 5677 2226 5734; x_wconf 69' lang='lat' dir='ltr'>Vens.</span> <span class='ocrx_word' id='word_1_903' title='bbox 2257 5680 2345 5734; x_wconf 75' lang='lat'>20.</span> <span class='ocrx_word' id='word_1_904' title='bbox 2371 5707 2442 5719; x_wconf 95' lang='lat'><strong>—</strong></span> <span class='ocrx_word' id='word_1_905' title='bbox 2470 5680 2591 5738; x_wconf 72' lang='lat' dir='ltr'>Lex</span> <span class='ocrx_word' id='word_1_906' title='bbox 2622 5685 2840 5750; x_wconf 88' lang='lat' dir='ltr'>autem,</span> <span class='ocrx_word' id='word_1_907' title='bbox 2895 5690 2999 5739; x_wconf 91' lang='lat' dir='ltr'>etc.</span> <span class='ocrx_word' id='word_1_908' title='bbox 3054 5680 3385 5739; x_wconf 82' lang='lat' dir='ltr'>Ostenderat</span> <span class='ocrx_word' id='word_1_909' title='bbox 3416 5680 3577 5737; x_wconf 89' lang='lat' dir='ltr'>Chri-</span> 
     </span>
    </p>
   </div>
  </div>
