3964 6180
365 275 469 329 487

364 485 596 541 actualia
630 505 643 541 :
674 486 761 541 hic
786 482 935 541 addit
966 485 1110 556 quod
1143 492 1195 538 et
1243 498 1276 537 a
1320 487 1558 552 peccato
1588 478 1731 551 legis
1758 477 1975 543 liberat,

366 574 421 628 id
453 583 535 628 est
558 574 1031 646 praevaricatione,
1085 580 1144 626 ut
1194 571 1367 625 Judaei
1423 568 1638 624 Christo
1664 565 1843 639 magis
1869 564 1979 619 sint

365 663 615 730 obnoxii;
649 663 803 735 quasi
835 663 980 717 dicat
1011 679 1024 715 :
1058 660 1237 715 Prima
1278 666 1361 714 cst
1391 656 1724 728 justiﬁcatio,
1758 655 1845 710 lex
1871 671 1973 709 au-

362 758 473 806 tem
502 751 733 806 latenter
762 750 1002 805 intravit.

432 839 663 911 (ΑΜΒΚ.)
696 839 838 894 Dicit
884 838 976 894 hic
1022 837 1318 909 Apostolus
1358 836 1449 908 qui
1487 832 1806 906 provenerit
1842 832 1972 888 data

361 927 503 998 lege,
535 934 661 994 etc.,
694 944 865 1000 usque
897 928 968 983 ad
989 928 1136 981 Deus
1166 925 1349 980 omnia
1387 923 1609 978 dimisit.

432 1018 551 1072 Lex
583 1020 777 1072 autem
804 1017 1168 1072 subintravit.
1214 1015 1384 1068 Natus
1429 1013 1483 1066 in
1529 1011 1770 1083 peccatis
1808 1011 1970 1065 datur

358 1105 445 1161 lex
498 1106 569 1160 ad
629 1105 957 1161 domandam
1021 1104 1331 1174 superbiam
1379 1101 1531 1173 quasi
1576 1119 1590 1155 :
1637 1102 1760 1156 Non
1810 1100 1968 1155 deest

361 1193 452 1265 qui
522 1194 738 1263 jubeat,
816 1194 914 1248 sed
986 1193 1140 1248 deest
1216 1191 1307 1262 qui
1386 1191 1630 1261 impleat,
1709 1188 1836 1260 quia
1908 1187 1965 1241 in

360 1291 585 1354 peccato
652 1291 807 1337 natus
870 1282 1101 1352 implere
1164 1297 1273 1336 non
1339 1288 1520 1351 potest
1563 1296 1576 1332 :
1616 1279 1743 1335 ideo
1807 1284 1964 1331 natus

362 1380 444 1426 est
474 1372 738 1438 Christus,
792 1371 847 1425 id
887 1378 968 1425 est
1016 1370 1189 1442 gratia
1240 1386 1361 1441 quae
1407 1376 1647 1423 sanaret.
1686 1369 1749 1424 Ut
1780 1368 1961 1422 abun-

359 1462 523 1517 daret
545 1461 839 1517 delictum.
874 1460 943 1515 Ut
972 1459 1180 1514 scilicet
1209 1457 1370 1529 quiin
1395 1457 1648 1511 sordibus
1681 1463 1796 1509 erat
1821 1471 1964 1526 prae-

357 1549 653 1606 varicando
697 1549 877 1621 magis
923 1548 1286 1613 sordesceret,
1332 1554 1390 1601 ut
1438 1544 1734 1601 mediocris
1770 1543 1958 1615 paeda-

356 1654 563 1711 gogum
608 1638 856 1704 haberet,
899 1636 1171 1707 perfectus
1216 1635 1454 1706 signum,
1505 1643 1557 1690 et
1607 1634 1776 1689 durus
1825 1648 1956 1687 sen-

790 270 1193 328 WALAFRIDI
1232 267 1474 325 STRABI
1513 261 1711 321 FULD.
1753 248 1925 317 ΜΘΝ.
1968 255 2120 314 OPP.
2162 255 2338 312 PARS
2377 257 2418 309 ι.
2460 286 2528 296 -
2565 244 3019 312 THEOLOGICA

370 403 511 451 stum
540 396 812 452 dimittere
842 397 1024 452 omnia
1069 403 1290 467 peccata
1341 401 1451 447 tam
1491 388 1776 463 originalia
1804 383 2041 457 quamA
2070 388 2122 436 et
2162 380 2492 449 hujusmodi,
2533 395 2643 434 non
2691 379 2990 435 secundum
3030 377 3243 449 culpam
3284 395 3310 467 7:

3564 244 3659 310 488

3360 377 3464 433 hoc
3511 377 3670 433 modo

2079 476 2405 524 vetustatem
2444 467 2614 525 ﬁnivit
2659 476 2711 523 et
2760 467 3054 539 disposuit,
3104 475 3163 522 ut
3207 466 3452 522 dolorem
3499 465 3668 522 crucis

2075 559 2372 625 sustinens,
2398 557 2477 613 sic
2505 558 2734 612 haberet
2775 557 3021 612 membra
3069 556 3304 611 distenta
3350 564 3404 610 et
3444 552 3572 623 ﬁxa,
3604 570 3668 609 ne

2074 649 2147 703 ad
2172 647 2388 719 priores
2418 654 2572 702 actus
2611 653 2982 713 moverentur,
3017 661 3051 700 a
3080 645 3276 717 quibus
3304 644 3467 699 etiam
3490 643 3667 715 sepul-

2074 744 2159 791 tus
2190 736 2412 807 quievit,
2445 735 2697 790 humanis
2727 735 3040 790 subtractus
3078 733 3409 805 aspectibus,
3443 732 3667 805 exigens

2074 841 2108 880 a
2137 826 2317 892 nobis,
2360 832 2417 879 ut
2460 832 2785 880 vetustatem
2828 830 3177 894 peccatorum
3226 838 3351 878 cum
3394 821 3585 877 dolore
3619 828 3668 876 et

2068 914 2279 987 gemitu
2309 913 2643 985 poenitentiae
2674 914 3014 984 deponamus
3046 929 3060 966 :
3090 911 3340 967 membra
3369 927 3467 983 per
3494 909 3668 966 conti-

2066 1002 2311 1058 nentiam
2341 1003 2671 1072 etjustitiam
2701 1000 2913 1058 conﬁxa
2941 1001 3065 1067 sint,
3115 1016 3185 1056 ne
3214 1001 3281 1055 ad
3308 999 3498 1071 priora
3522 997 3669 1054 mala

2073 1092 2377 1158 redeamus,
2410 1107 2439 1146 a
2469 1091 2664 1163 quibus
2700 1090 2772 1144 ita
2818 1089 3060 1161 perfecte
3092 1088 3451 1160 quiescamus,
3482 1096 3541 1142 ut
3571 1102 3673 1144 nec

2067 1195 2253 1235 eorum
2283 1179 2441 1246 visio,
2483 1196 2584 1234 nec
2628 1177 2896 1235 memoria
2938 1178 3200 1233 habeatur
3234 1193 3246 1233 :
3278 1185 3332 1232 et
3358 1192 3465 1232 non
3495 1176 3668 1232 solum

2065 1270 2221 1325 hoca
2253 1269 2409 1324 nobis
2463 1268 2631 1340 exigit
2676 1268 2731 1321 in
2772 1274 3113 1323 sacramento
3157 1265 3446 1337 passionis,
3492 1266 3591 1321 sed
3615 1273 3668 1321 et

2063 1374 2185 1413 eum
2221 1358 2268 1412 si
2299 1352 2546 1413 volumus
2575 1356 2792 1421 imitari,
2825 1355 3004 1412 eﬂicit.
3043 1357 3312 1413 Surrexit
3336 1372 3371 1411 α
3396 1356 3659 1412 mortuis.

2061 1448 2209 1502 Mors
2250 1455 2303 1501 et
2322 1446 2653 1502 resurrectio
2685 1445 2886 1501 Christi
2906 1445 3070 1499 etiam
3101 1452 3437 1501 sacramenta
3466 1453 3608 1499 sunt.

2146 1567 2316 1621 Vnus.
2353 1571 2405 1621 6.
2448 1596 2518 1606 —
2571 1568 2731 1622 Vetus
2774 1565 2954 1622 homo.
2995 1565 3056 1620 Id
3102 1572 3204 1632 est,
3251 1571 3463 1620 veteres
3510 1571 3661 1620 actus

2075 1663 2199 1710 sunt
2228 1653 2488 1723 cruciﬁxi,
2512 1654 2567 1709 id
2594 1662 2696 1720 est,
2727 1653 2945 1709 mortui.
2968 1654 3221 1709 Vetustas
3251 1661 3440 1730 nostra
3465 1660 3517 1708 et
3546 1668 3665 1707 ma-

358 1727 484 1783 tiret
512 1726 807 1801 ﬂagellum.
832 1725 1334 1799 Superabundavit.
1356 1722 1493 1813 Quia
1509 1730 1563 1778 et
1592 1722 1771 1795 gratia
1800 1720 1944 1776 Chri-

2067 1743 2291 1799 ledictio
2339 1744 2394 1798 in
2447 1720 2660 1798 duobus
2707 1742 2972 1811 consistit,
3036 1742 3263 1807 scilicet,
3322 1726 3392 1796 in
3420 1741 3582 1813 culpa
3610 1749 3664 1796 et

356 1816 423 1871 sli
475 1816 633 1871 etiam
681 1816 767 1870 his
821 1813 1033 1887 proficit
1085 1829 1221 1886 quos
1272 1812 1520 1868 diabolus
1578 1811 1796 1867 vincere
1845 1825 1956 1865 non

356 1904 526 1977 potuit
561 1923 573 1960 :
608 1913 659 1960 et
684 1904 812 1977 quia
830 1912 1115 1976 peccatum
1157 1903 1229 1957 ad
1269 1909 1485 1973 tempus
1522 1900 1791 1972 regnavit,
1824 1915 1952 1971 gra-

358 1994 429 2049 tia
452 1994 506 2049 in
535 2001 821 2050 aeternum.
1130 2053 1135 2057 ,

427 2084 593 2140 Vnus.
614 2086 704 2140 21.
724 2114 793 2123 ——
815 2084 976 2140 Sicut
1005 2082 1261 2155 regnavit
1286 2085 1587 2154 peccatum
1604 2082 1667 2136 in
1688 2082 1948 2136 mortem.

350 2173 475 2228 Non
502 2172 674 2239 addit,
722 2188 822 2243 per
866 2189 1033 2226 unum
1079 2170 1165 2227 vel
1204 2187 1303 2241 per
1332 2170 1504 2224 Adam
1538 2186 1550 2222 :
1585 2168 1713 2240 quia
1742 2184 1852 2223 non
1882 2167 1950 2221 de

350 2261 442 2316 illo
471 2261 645 2317 solum
678 2261 791 2332 agit
839 2261 983 2332 quod
1027 2276 1093 2315 ex
1143 2260 1317 2314 Adam
1364 2265 1641 2313 traxerunt
1676 2256 1946 2322 homines,

350 2350 449 2405 sed
477 2358 529 2405 et
557 2350 625 2405 de
651 2366 716 2405 eo
747 2350 893 2422 quod
916 2365 1010 2404 sua
1026 2349 1299 2405 voluntate
1326 2347 1669 2404 addiderunt.
1695 2346 1804 2402 Sed
1825 2360 1950 2402 cum

347 2440 521 2496 dicit:
560 2441 755 2496 Gratia
782 2443 1000 2512 regnet,
1051 2438 1218 2503 addit,
1258 2455 1364 2511 per
1401 2436 1943 2499 JesumChristum,

348 2536 477 2596 etc.,
532 2528 662 2600 quia
714 2543 815 2599 per
863 2544 989 2583 eum
1049 2542 1157 2583 non
1184 2534 1387 2581 tantum
1419 2523 1721 2597 originalis,
1765 2523 1863 2579 sed
1894 2529 1948 2578 et

346 2616 774 2673 voluntariorum
803 2614 862 2672 ﬁt
891 2616 1143 2673 remissio
1162 2624 1533 2687 peccatorum.

968 2807 1193 2864 CAPUT
1230 2806 1320 2861 VI.

412 2986 581 3043 Vens.
626 2988 676 3039 1.
710 3015 779 3025 -
814 2984 1298 3040 Permanebimus.
1353 2983 1467 3038 Hoc
1514 2980 1761 3053 perversi
1791 2978 1938 3036 acci-

341 3076 494 3148 piunt
522 3092 587 3130 ex
615 3072 736 3128 illo:
762 3074 856 3131 Ubi
875 3072 1181 3128 abundavit
1202 3070 1494 3138 delictum,
1519 3070 1938 3143 superabunda-

344 3167 425 3220 vit
456 3167 513 3219 et
539 3164 747 3235 gratia.
779 3162 896 3217 Hoc
929 3160 1110 3216 dicere
1128 3168 1210 3215 est
1236 3176 1359 3215 csse
1380 3160 1623 3232 ingratos
1644 3158 1856 3230 gratiae.
1875 3158 1944 3212 Et

345 3253 473 3324 quia
499 3252 681 3324 gratia
706 3250 871 3322 viget,
922 3249 1015 3303 ubi
1061 3249 1315 3305 delictum
1364 3247 1675 3315 abundavit,
1725 3263 1833 3302 non
1862 3253 1943 3302 est

340 3339 773 3412 permanendum
800 3339 856 3392 in
885 3345 1131 3409 peccato,
1173 3347 1231 3393 ut
1269 3337 1492 3410 quidam
1528 3335 1798 3392 aestimant
1839 3350 1940 3406 pro

339 3428 535 3497 majori
566 3427 758 3500 gratia.
792 3429 915 3482 Non
946 3427 1094 3482 enim
1128 3426 1409 3498 peccantis
1438 3426 1656 3492 merito,
1680 3425 1780 3481 sed
1810 3424 1941 3478 sub-

339 3516 607 3573 venientis
637 3516 835 3572 auxilio
863 3517 1329 3588 superabundavit
1349 3516 1542 3588 gratia,
1566 3515 1658 3570 ubi
1688 3514 1937 3569 abunda-

339 3605 415 3661 vit
447 3605 726 3662 delictum.
769 3606 894 3661 Non
934 3622 1071 3679 ergo
1114 3606 1546 3677 permanendum
1594 3604 1650 3659 in
1687 3612 1933 3676 peccato,

340 3695 438 3751 sed
467 3696 646 3766 potius
675 3696 940 3751 debemus
967 3703 1020 3751 et
1049 3712 1343 3766 possumus
1376 3711 1499 3751 esse
1528 3702 1755 3766 peccato
1781 3694 1936 3767 quasi

340 3784 541 3840 mortui
572 3792 627 3840 et
658 3785 855 3856 sepulti
876 3801 978 3856 per
1001 3784 1177 3856 ipsam
1206 3785 1444 3858 gratiam
1471 3792 1526 3841 et
1552 3800 1849 3857 resurgere
1877 3783 1935 3838 in

330 3873 619 3944 justitiam,
656 3882 708 3930 et
737 3883 879 3945 post,
914 3874 969 3928 in
998 3874 1165 3929 vitam
1191 3883 1469 3930 aeternam.

406 3963 578 4018 Vens.
610 3967 664 4020 2.
690 3994 758 4003 ——
791 3965 993 4019 Mortui
1020 3980 1235 4020 sumus.
1285 3965 1346 4017 Id
1378 3971 1459 4018 est
1487 3962 1703 4018 liberati
1734 3978 1768 4016 a
1797 3977 1934 4032 pec-

336 4059 455 4108 cato
485 4068 583 4122 per
610 4051 959 4122 baptismum,
993 4060 1051 4106 ut
1073 4053 1185 4121 jam
1224 4069 1333 4108 non
1365 4052 1671 4107 dominetur
1692 4051 1747 4104 in
1775 4050 1933 4106 nobis

335 4156 438 4212 per
462 4139 713 4214 gratiam.
748 4141 887 4197 Mori
916 4140 1061 4196 enim
1099 4149 1342 4212 peccato,
1374 4149 1457 4196 est
1482 4139 1706 4195 liberari
1735 4155 1766 4194 a
1793 4155 1931 4210 pec-

337 4236 479 4286 cato.
510 4230 784 4300 Quomodo
814 4230 1020 4295 adhuc,
1055 4238 1164 4286 etc.
1196 4230 1330 4285 Cum
1353 4230 1498 4285 enim
1524 4230 1628 4285 hoc
1657 4228 1932 4300 praestite-

336 4318 407 4373 rit
428 4318 624 4392 gratia,
672 4326 727 4373 ut
770 4334 1112 4374 moraremur
1144 4326 1387 4389 peccato,
1440 4317 1568 4390 quid
1611 4317 1758 4372 aliud
1793 4316 1932 4374 faci-

334 4423 456 4463 mus
476 4408 523 4462 si
550 4406 783 4463 vivimus
812 4406 869 4460 in
898 4422 984 4473 eo,
1014 4406 1119 4461 nisi
1153 4414 1211 4461 ut
1250 4407 1442 4479 gratia:
1487 4406 1656 4461 simus
1682 4405 1930 4480 ingrati?

2056 1849 2241 1904 pcena.
2265 1832 2512 1888 Christus
2540 1840 2723 1887 autem
2751 1846 2853 1887 sua
2883 1830 3075 1902 simpla
3115 1838 3378 1887 vetustate
3411 1838 3657 1886 nostram

2062 1921 2283 1992 duplam
2331 1920 2685 1991 consumpsit.
2738 1920 2798 1974 In
2854 1920 3102 1990 sepulcro
3153 1918 3300 1974 enim
3344 1934 3451 1974 uno
3487 1918 3576 1974 die
3604 1926 3658 1974 et

2064 2010 2277 2065 duabus
2306 2010 2555 2065 noctibus
2600 2008 2823 2080 quievit.
2877 2010 2981 2064 Per
3036 2024 3201 2063 unum
3247 2007 3406 2063 Diem
3462 2007 3655 2079 simpla

2062 2099 2180 2169 ejus
2211 2106 2454 2155 vetustas
2482 2097 2749 2171 signatur,
2783 2113 2883 2168 per
2904 2097 3038 2152 duas
3058 2112 3190 2152 vero
3220 2105 3410 2153 noctes
3438 2096 3654 2168 gemina

2053 2196 2274 2254 nostra;
2325 2187 2469 2243 unde
2520 2204 2534 2240 :
2586 2186 2813 2257 Culpam
2859 2193 3102 2241 nostram
3161 2184 3408 2240 Christus
3453 2184 3651 2241 delevit

2053 2284 2385 2348 praesentem
2408 2319 2421 2342 ,
2471 2275 2804 2346 praeteritam
2829 2318 2842 2341 ,
2905 2282 2958 2329 et
3013 2272 3271 2330 futuram.
3320 2275 3648 2330 Praeteritam

2053 2365 2410 2431 remittendo,
2456 2372 2779 2435 praesentem
2819 2363 2891 2418 ab
2935 2378 3002 2418 ea
3029 2363 3381 2429 retrahendo,
3416 2361 3647 2418 futuram

2048 2462 2106 2524 ut
2146 2455 2443 2509 vitaremus
2483 2453 2720 2526 gratiam
2762 2451 3117 2509 conferendo.
3167 2453 3393 2509 Putnam
3432 2468 3646 2524 quoque

2050 2542 2302 2598 similiter
2329 2542 2699 2615 consumpsit,
2726 2542 3087 2615 gehennalem
3131 2557 3361 2614 prorsus
3389 2541 3640 2609 dolendo,

2047 2640 2105 2686 ut
2131 2648 2255 2686 eam
2284 2648 2415 2688 vere
2450 2631 2774 2702 poenitentes
2822 2646 2932 2685 non
2973 2630 3226 2686 sentiant.
3268 2630 3644 2702 Temporalem

2051 2737 2185 2776 vero
2214 2736 2325 2776 non
2350 2720 2563 2791 penitus
2608 2719 2826 2793 quidem
2869 2719 3024 2775 tulit:
3054 2726 3240 2774 manet
3276 2718 3421 2774 enim
3453 2717 3639 2786 fames,

2058 2809 2196 2876 sitis,
2228 2825 2398 2877 mors,
2431 2818 2485 2864 et
2519 2808 2855 2878 hujusmodi;
2889 2808 2987 2865 sed
3016 2824 3247 2880 regnum
3276 2815 3329 2862 et
3348 2806 3641 2863 dominium

2044 2898 2163 2967 ejus
2188 2898 2407 2968 dejecit,
2434 2905 2489 2952 et
2515 2897 2571 2952 in
2600 2897 2897 2954 novissimo
2927 2897 3142 2969 penitus
3169 2896 3567 2953 exterminabit.

2125 3015 2296 3069 Vnus.
2322 3019 2372 3069 9.
2397 3044 2466 3055 —
2503 3015 2751 3070 Sciente:
2790 3014 2931 3086 quod
2964 3014 3239 3071 Christus.
3273 3012 3464 3084 (AUG.)
3492 3012 3639 3067 Unus

1976 3106 2025 3173 α
2054 3102 2355 3158 resurrexit
2378 3104 2494 3172 jam
2524 3119 2635 3158 non
2672 3102 2984 3158 moriturus.
3036 3102 3353 3158 Resurrexit
3379 3101 3637 3167 Lazarus,

2045 3192 2141 3247 sed
2164 3192 2463 3247 moriturus
2501 3210 2514 3246 :
2559 3191 2853 3247 resurrexit
2900 3190 3013 3245 ﬁlia
3052 3188 3499 3263 archisynagogi,
3543 3188 3638 3245 sed

2044 3281 2340 3348 moritura;
2384 3280 2676 3336 resurrexit
2717 3279 2860 3335 ﬁlius
2907 3279 3103 3346 viduae,
3152 3280 3250 3335 sed
3295 3278 3631 3334 moriturus:

2044 3369 2339 3426 resurrexit
2369 3369 2618 3424 Christus
2641 3385 2751 3425 non
2778 3369 3089 3424 moriturus.
3130 3367 3272 3423 Audi
3291 3366 3631 3438 Apostolum,

2046 3459 2304 3517 Christus
2347 3475 2666 3530 resurgens,
2707 3465 2810 3515 etc.
2851 3458 3039 3513 Talem
3083 3472 3246 3529 spera
3282 3455 3637 3512 resurrectio-

2039 3564 2184 3616 nem,
2219 3556 2273 3603 et
2301 3556 2526 3619 pr0pter
2570 3548 2675 3603 hoc
2722 3554 2839 3603 esto
2874 3546 3228 3613 Christianus,
3271 3561 3380 3601 non
3418 3554 3636 3617 propter

2039 3636 2353 3693 felicitatem
2376 3644 2536 3693 terra:
2563 3636 2743 3705 hujus.

2108 3753 2280 3808 Vnus.
2301 3756 2386 3807 1ο.
2405 3782 2473 3793 -
2490 3751 2642 3819 Quod
2652 3753 2807 3807 enim
2817 3754 3077 3807 mortuus
3089 3754 3174 3807 est
3188 3748 3631 3823 peccato.(Auc.)

2038 3841 2453 3898 Sacramentum
2501 3840 2837 3911 baptismatis
2893 3839 3187 3911 Apostolus
3247 3836 3593 3893 commendat
3615 3877 3629 3905 ,

2034 3939 2092 3985 ut
2120 3932 2395 4003 quomodo
2423 3929 2513 3985 ille
2543 3929 2712 3985 semel
2742 3927 3026 3984 moriendo
3048 3926 3395 3983 similitudine
3425 3924 3635 3997 peccati

2033 4027 2280 4074 mortuus
2309 4018 2663 4090 praedicatur,
2696 4018 2771 4072 ita
2796 4017 3106 4090 quicunque
3135 4014 3291 4071 fuerit
3311 4015 3368 4069 in
3386 4014 3481 4069 illo
3501 4015 3631 4085 bap-

2033 4107 2244 4175 tizatus,
2270 4107 2449 4163 eidem
2476 4108 2575 4175 rei,
2608 4108 2761 4176 cujus
2808 4106 2903 4162 illa
2942 4105 3043 4161 fuit
3072 4103 3386 4169 similitudo,
3419 4103 3627 4158 moria-

2033 4205 2134 4266 tur,
2168 4196 2221 4251 id
2252 4204 2353 4267 est,
2376 4204 2633 4268 peccato;
2668 4204 2721 4251 et
2750 4194 2893 4251 vivat
2933 4209 2968 4250 a
3019 4193 3244 4251 lavacro
3272 4191 3627 4259 renasceudo,

2034 4286 2172 4342 sicut
2200 4285 2292 4341 ille
2320 4301 2355 4341 a
2385 4285 2641 4357 sepulcro
2671 4284 3033 4357 resurgendo.

2105 4403 2273 4457 Vens.
2327 4404 2419 4456 11.
2461 4431 2531 4442 —
2571 4402 2657 4457 Ita
2695 4404 2757 4456 et
2806 4416 2918 4456 vos.
2972 4396 3249 4469 Quidquid
3297 4411 3462 4468 supra
3501 4394 3633 4451 dixit

405 4497 576 4552 Vnus.
619 4499 672 4550 3.
706 4526 776 4536 —
820 4496 908 4552 An
952 4471 1282 4568 ignoratis:
1296 4495 1491 4552 Mortui
1528 4471 1932 4567 peccato'quod
1953 4471 2006 4532 D
2037 4505 2161 4546 esse
2195 4489 2506 4545 hominibus
2553 4506 2654 4560 per
2699 4487 2938 4562 gratiam
2983 4486 3206 4554 Christi,
3247 4484 3335 4542 hic
3372 4483 3632 4541 Romanis

336 4585 395 4641 ﬁt
423 4586 478 4640 in
508 4584 799 4654 baptismo,
842 4601 951 4641 non
990 4585 1254 4641 debemus
1300 4585 1351 4641 ei
1389 4585 1589 4641 iterum
1630 4585 1836 4652 vivere,
1877 4593 1934 4641 ut

334 4675 533 4731 iterum
572 4674 709 4729 mori
754 4675 823 4729 sit
861 4675 911 4730 ei
953 4691 1180 4731 necesse
1213 4694 1225 4730 :
1267 4676 1393 4748 quia
1419 4676 1475 4730 in
1503 4684 1679 4731 morte
1709 4674 1928 4744 Christi,

334 4763 391 4818 id
420 4771 522 4830 est,
546 4762 602 4817 in
631 4762 984 4818 similitudine
1015 4766 1208 4819 mortis
1252 4765 1449 4820 Christi
1487 4773 1544 4820 ut
1592 4765 1731 4821 sicut
1763 4765 1933 4820 semel

332 4860 579 4907 mortuus
627 4860 710 4907 est
749 4866 936 4917 carne,
985 4860 1039 4907 et
1071 4869 1289 4924 semper
1325 4854 1476 4921 vivit,
1517 4853 1591 4908 ita
1628 4869 1730 4908 nos
1761 4854 1933 4909 semel

334 4940 535 4995 mortui
563 4940 711 4996 malo
741 4956 839 5011 per
866 4940 1214 5011 baptismum,
1239 4959 1457 5014 semper
1487 4943 1735 5000 vivamus
1765 4943 1928 4999 bono.

333 5028 434 5084 Vel
452 5031 516 5084 in
546 5030 875 5087 mortevdicit
905 5048 918 5085 :
946 5030 1073 5102 quia
1104 5047 1255 5087 mors
1284 5040 1367 5087 est
1390 5049 1560 5089 causa
1591 5034 1751 5104 hujus
1782 5032 1933 5106 puri-

337 5114 601 5172 ﬁcationis
614 5159 626 5172 .

405 5205 576 5261 Vnus.
612 5208 664 5261 4.
699 5238 768 5247 -
800 5208 1146 5282 Conscpulti.
1199 5207 1475 5283 Quidquid
1510 5219 1727 5283 gestum
1764 5219 1847 5267 est
1876 5211 1931 5266 in

336 5310 500 5351 cruce
522 5294 745 5362 Christi,
760 5296 815 5351 in
838 5288 1134 5368 sepultura,
1152 5299 1206 5352 in
1227 5301 1650 5370 resurrectione,
1664 5301 1723 5356 in
1739 5316 1932 5357 ascen-

333 5383 506 5451 sione,
531 5383 585 5438 in
622 5384 812 5440 sedere
842 5386 914 5440 ad
961 5386 1229 5454 dextram,
1279 5388 1350 5442 ita
1380 5398 1597 5462 gestum
1628 5400 1728 5459 est,
1762 5400 1819 5446 ut
1847 5391 1932 5445 his

332 5473 499 5528 rebus
514 5473 744 5545 mystice
765 5490 872 5529 non
891 5481 1097 5530 tantum
1117 5477 1293 5545 dictis,
1319 5480 1417 5533 sed
1438 5479 1599 5534 etiam
1617 5481 1786 5553 gestis
1807 5497 1933 5536 con-

330 5559 597 5633 ﬁguretur
626 5563 736 5619 vita
765 5563 1089 5620 Christiana.
1111 5567 1344 5622 Attende
1365 5568 1576 5640 singula
1596 5553 1814 5639 Christi,
1840 5568 1931 5642 qui

332 5646 545 5706 vixerat
574 5657 729 5709 vetus
749 5651 914 5709 homo
942 5655 1244 5711 secundum
1272 5671 1511 5727 poenam,
1535 5656 1757 5724 famem,
1787 5658 1931 5714 sitim

2032 4579 2292 4635 attribuit.

2103 4682 2272 4737 Vnus.
2310 4685 2394 4739 12.
2418 4712 2489 4724 -
2510 4682 2630 4738 Νοη
2661 4696 2806 4752 ergo.
2841 4676 2981 4748 Quia
3002 4694 3163 4750 supra
3195 4675 3330 4733 dixit
3357 4690 3459 4731 nos
3477 4690 3629 4730 mor-

2031 4779 2153 4826 tuos
2183 4787 2305 4826 esse
2336 4770 2594 4842 peccatis,
2629 4776 2681 4824 et
2708 4785 2819 4824 non
2857 4768 3061 4823 debere
3089 4767 3272 4823 vivere
3301 4766 3357 4820 in
3386 4778 3472 4831 eo,
3506 4776 3631 4820 cum

2030 4876 2193 4916 nemo
2223 4859 2341 4915 sine
2387 4866 2615 4931 peccato
2650 4875 2663 4911 :
2701 4857 3028 4914 determinat
3068 4872 3100 4910 a
3149 4854 3348 4927 quibus
3387 4852 3627 4907 maxime

2031 4956 2115 5003 est
2139 4947 2459 5014 cavendum,
2484 4946 2641 5019 quasi
2670 4945 2960 5002 concludat
2989 4942 3136 5017 quod
3165 4957 3333 5014 supra
3353 4940 3629 5015 quaereba-

2031 5045 2120 5093 tur
2142 5053 2155 5093 :
2187 5036 2637 5092 Permanebimus
2656 5035 2711 5089 in
2732 5040 2972 5106 peccato.

2105 5126 2386 5182 Obediatis
2437 5124 2929 5197 concupiscentiis.
3007 5115 3464 5192 Concupiscentia
3521 5116 3628 5173 ali-

2031 5213 2246 5287 quando
2274 5230 2474 5269 nomen
2522 5220 2605 5269 est
2645 5212 2864 5282 fomitis,
2899 5210 3107 5267 scilicet
3132 5208 3249 5266 vitii
3294 5207 3494 5275 innati;
3524 5206 3630 5262 ali-

2032 5304 2247 5375 quando
2269 5311 2420 5358 actus
2440 5301 2735 5371 interioris,
2757 5301 2946 5372 quiest
2975 5298 3139 5354 etiam
3168 5298 3224 5352 in
3251 5296 3430 5369 primo
3458 5303 3629 5361 motu,

2031 5392 2121 5464 qui
2151 5391 2346 5447 dicitur
2374 5391 2681 5463 propassio,
2718 5398 2769 5445 ct
2799 5390 2854 5444 in
2901 5387 3145 5444 secundo
3183 5387 3274 5459 qui
3302 5384 3501 5441 dicitur
3530 5384 3633 5439 de—

2031 5481 2266 5549 lectatio,
2303 5489 2355 5536 et
2392 5481 2445 5534 in
2476 5480 2637 5535 tertio
2669 5479 2762 5551 qui
2792 5478 2991 5534 dicitur
3038 5492 3361 5532 consensus.
3392 5474 3495 5530 Hic
3524 5488 3637 5528 non

2030 5570 2285 5642 prohibet
2324 5568 2838 5639 concupiscentiam,
2882 5582 3002 5638 quae
3048 5573 3132 5621 est
3158 5565 3217 5619 in
3242 5564 3421 5636 primo
3460 5570 3630 5627 motu,

2031 5658 2161 5731 quia
2190 5674 2300 5714 non
2327 5665 2413 5714 est
2439 5657 2495 5713 in
2523 5664 2794 5729 potestate
2821 5663 3004 5713 nostra
3031 5655 3253 5727 quando
3282 5658 3474 5724 surgat
3497 5668 3513 5707 :
3536 5650 3636 5707 sed
