3948 6178
240 316 339 372 489

1111 314 1383 372 GLOSSA
1421 315 1835 403 ORDINAHIA.
1874 342 1944 356 —
1969 315 2187 374 EPIST.
2218 318 2314 373 AD
2343 316 2519 375 ROM.

3433 322 3537 375 490

236 443 331 501 Dei
350 440 530 515 gratia
559 453 908 511 compescere
935 455 1249 510 possumus,
1284 456 1353 495 ne
1384 457 1559 513 usque
1587 441 1656 496 ad
1679 438 1828 496 dele-
1848 436 1906 498 A
1934 426 2063 495 tiam
2093 441 2409 497 misericors
2430 441 2628 496 Pater?
2669 440 2939 512 quomodo
2968 439 3072 495 ista
3109 439 3292 496 debita
3328 440 3527 497 redde-

237 531 522 590 ctationem
570 537 624 585 et
667 544 996 585 consensum
1040 528 1344 599 perveniat,
1378 530 1525 601 quod
1554 530 1806 601 prohibet

300 646 469 701 Vnus.
506 646 593 699 15.
615 674 685 684 -
712 643 853 713 Quid
881 648 1042 717 ergo?
1085 643 1226 712 Quia
1267 643 1356 699 lex
1400 660 1433 699 a
1461 645 1598 714 Deo,
1634 654 1827 716 peccat

236 734 322 807 qui
351 749 472 790 eam
530 731 747 787 dimittit
800 748 902 803 pro
948 732 1147 805 gratia.
1201 733 1345 800 Quid
1374 738 1537 805 ergo?
1565 736 1825 791 Peecabi-

236 839 374 879 mus.
408 820 551 889 Quia
579 836 689 876 non
719 820 820 875 sub
850 820 992 893 lege,
1028 837 1149 893 qum
1178 828 1366 891 terret,
1384 822 1481 876 sed
1503 822 1604 877 sub
1622 822 1819 895 gratia,

237 926 351 984 quae
378 910 519 965 bene
549 908 855 980 promittit?
883 909 1014 981 quid
1061 910 1237 982 ergo?
1279 910 1671 980 peccabimus?
1709 912 1826 968 Hoc

236 998 469 1072 quidam,
504 997 599 1070 qui
628 996 811 1071 legem
842 997 998 1069 quasi
1046 999 1414 1056 cohaerentem
1441 998 1529 1056 vel
1559 1015 1825 1057 coercen-

234 1097 337 1145 tem
357 1086 678 1159 praedicant,
712 1093 766 1142 et
796 1086 1107 1143 tenendam.

298 1200 571 1259 Vsus.t6.
603 1230 675 1242 —
703 1201 791 1257 An
820 1202 1056 1258 nescitis
1086 1204 1371 1275 quoniam,
1395 1209 1501 1260 etc.
1533 1202 1615 1258 Ne
1646 1203 1824 1259 Deum

1927 536 2091 599 retur,
2120 529 2224 583 nisi
2254 529 2407 600 prius
2434 529 2524 584 illa
2555 529 2728 600 gratia
2756 529 2988 599 gratuito
3018 529 3347 585 donaretur?

1996 616 2189 689 (Avo.)
2211 618 2344 673 Cum
2374 634 2549 690 genus
2579 618 2875 673 humanum
2920 626 3137 690 peccata
3166 617 3333 691 longe
3362 634 3519 689 sepa-

1927 705 2164 761 raverint
2194 722 2228 760 a
2256 709 2392 773 Deo,
2424 722 2524 778 per
2552 706 2930 774 mediatorem,
2965 707 3057 778 qui
3083 707 3230 761 solus
3261 706 3380 761 sine
3405 721 3527 777 pec-

1926 802 2050 849 cato
2080 802 2240 849 natus
2260 804 2362 862 est,
2397 795 2527 850 vixit
2557 803 2609 850 et
2639 795 2853 850 occisus
2901 803 3002 861 est,
3045 793 3381 851 reconciliari
3427 809 3528 849 nos

1926 883 2229 952 Oportebat,
2262 891 2321 938 ut
2347 892 2401 939 et
2444 884 2675 938 humana
2725 884 2981 955 superbia
3026 900 3127 954 per
3171 883 3524 938 humilitatem

1925 970 2029 1026 Dei
2059 980 2385 1043 argueretur
2412 988 2476 1028 ac
2505 982 2802 1039 sanaretur,
2843 981 2897 1027 et
2926 972 3391 1027 demonstraretur
3418 971 3525 1026 ho-

1926 1059 2061 1116 mini
2085 1076 2250 1132 quam
2281 1060 2446 1133 longe
2476 1077 2507 1116 a
2534 1062 2650 1118 Deo
2681 1068 3001 1129 recesserat,
3035 1068 3137 1117 etc.

2516 1238 2742 1295 CAPUT
2791 1238 2888 1292 VH
2900 1278 2913 1292 .

231 1287 539 1361 proﬁtentes
596 1289 802 1358 verbis,
854 1288 983 1346 facti
1031 1290 1202 1345 simus
1244 1290 1469 1360 diaboli,
1517 1299 1823 1362 praemonet

231 1393 324 1434 nos
351 1394 472 1433 esse
501 1394 698 1434 servos
730 1380 845 1448 ejus
875 1380 1029 1450 cujus
1057 1380 1396 1435 voluntatem
1424 1379 1675 1437 facimus.
1994 1384 2165 1439 Vnus.
2201 1388 2252 1439 1.
2277 1415 2346 1425 -
2377 1385 2463 1440 An
2494 1387 2787 1457 ignoratis.
2823 1386 3093 1441 Hactenus
3115 1386 3183 1441 de
3209 1385 3265 1442 vi
3294 1386 3480 1457 gratiae
3504 1402 3517 1441 :

1922 1488 2085 1537 nunc,
2119 1473 2263 1545 quod
2296 1473 2381 1529 lex
2407 1474 2545 1529 ultra
2576 1490 2685 1529 non
2718 1482 2798 1528 est
2830 1474 3077 1540 tenenda,
3104 1482 3157 1529 et
3184 1474 3295 1547 agit
3320 1475 3387 1529 de
3418 1472 3526 1531 ﬁne

234 1579 578 1635 mutationem
636 1579 889 1648 ostendit,
950 1587 1004 1635 et
1053 1596 1221 1652 quam
1268 1559 1336 1634 sit
1386 1580 1438 1636 ei
1463 1581 1571 1637 hoc
1600 1590 1809 1654 gratum

1931 1560 2080 1633 legis,
2114 1570 2165 1617 et
2203 1562 2371 1633 priori
2418 1563 2534 1631 ejus
2579 1562 2859 1617 iuutilitate
2892 1581 2904 1616 :
2942 1579 3051 1617 non
3093 1579 3229 1636 ergo
3259 1563 3519 1618 mirentur

234 1668 451 1740 aperuit,
486 1669 609 1724 Deo
639 1669 901 1739 hymnum
928 1648 1187 1725 offerens.
1208 1669 1393 1725 Eratis
1423 1648 1814 1741 eniinfinquit,
1920 1648 2152 1741 Romani
2202 1650 2330 1721 (illia
2373 1652 2662 1722 ΑΡοδίοῙυδ
2870 1668 2883 1705 ³
2916 1652 3036 1708 Non
3075 1653 3209 1707 θείίε
3246 1652 3359 1741 δαί)-
3380 1652 3511 1724 1⁸96,

233 1738 365 1813 servi
390 1756 609 1828 peccati
640 1775 654 1811 ε
682 1738 871 1813 vestra
898 1766 1081 1813 autem
1110 1767 1303 1829 sponte
1333 1738 1618 1831 liberaque
1649 1738 1809 1814 adimi

1931 1738 2017 1793 sed
2062 1739 2161 1795 sub
2206 1740 2443 1811 gratia:
2484 1755 2649 1810 supra
2705 1739 2986 1795 dicebatur
3041 1756 3152 1796 non
3198 1738 3514 1811 justificare,

1931 1827 2007 1850 με-
2043 1827 2235 1850 ,1-ι.---
2275 1844 2510 1850 -..-___-_
2566 1828 2678 1850 “ut-
2726 1828 2841 1850 Δ-.-
2894 1844 3065 1850 -_____-
3116 1829 3181 1850 -.ι
3224 1827 3492 1850 Πι-..2-ι--...

231 1827 491 1903 voluntate
520 1845 672 1902 illius
701 1846 1000 1902 dominium
1029 1827 1363 1917 excussistis,
1397 1854 1451 1903 et
1481 1827 1893 1919 spiritualem”
1921 1827 2241 1919 Ῐῖίομάθδεὲνθ
2259 1844 2513 1919 9955319;
2550 1828 2684 1919 fillia
2722 1828 2850 1919 dif”
2894 1844 3075 1919 usqu?
3114 1829 3185 1919 a_d
3224 1827 3516 1919 Christ“??-

231 1934 522 1990 doctrinam
551 1933 851 2006 amplexati
880 1935 1031 1991 estis.
1056 1938 1316 1992 Formam
1348 1914 1641 1993 doctrinis.
1672 1937 1817 1993 Nos-
1917 1914 2067 2006 ρτᾲο
2100 1932 2112 1971 τ
2138 1918 2230 2006 AA“
2255 1916 2521 2006 ignoratis
2550 1917 2653 1974 hoc
2683 1916 2891 1973 δοίῙίοθι
2932 1933 2946 1969 ί
2989 1916 3113 1989 (lum
3142 1916 3229 2006 Ῑθῗί
3249 1915 3519 2006 Fatum”?

229 2030 304 2078 ιη
328 2023 579 2080 doctrina
608 2002 693 2080 est
722 2024 921 2094 forma,
954 2042 1081 2099 quae.
1102 2025 1397 2099 imaginem
1416 2024 1517 2081 Dei
1545 2023 1820 2082 damma,
1915 2002 1972 2059 in
2004 2004 2222 2099 homine
2247 2004 2576 2099 dominatur
2624 2013 2825 2099 quanto
2858 2013 3108 2099 tempore
3144 2003 3284 2099 vivit
3303 2048 3316 2073 ,
3371 2003 3518 2077 quod

233 2119 331 2166 iam
359 2112 614 2167 restituit,
907 2089 916 2094 ⁷
971 2089 987 2099 ’
1070 2089 1081 2098 ’
1211 2089 1244 2099 “’
1915 2108 2025 2148 non
2082 2092 2291 2148 debetis
2349 2093 2632 2166 ignorare;
2684 2093 2808 2165 quia
2857 2093 3036 2165 legem
3079 2093 3268 2160 scitis,
3314 2100 3368 2148 et
3409 2106 3515 2166 ego

291 2226 433 2281 Vnus
488 2229 556 2281 19
606 2257 679 2268 -
724 2228 1051 2281 Humanum
1120 2234 1208 2281 etc
1279 2228 1555 2281 Hactenus
1580 2226 1816 2281 ostendit
1913 2179 2105 2253 “quor
2133 2182 2429 2237 scientibus
2455 2182 2748 2252 legemﬁn
2780 2197 2886 2253 qua
2921 2182 3067 2253 qu°d
3098 2182 3221 2237 dico
3250 2180 3514 2236 manifes-

336 2241 452 2282 tius.
488 2229 578 2282 19.
606 2257 679 2268 -
724 2228 1070 2295 Humanum,
1120 2234 1228 2284 etc.
1279 2228 1555 2285 Hactenus
1580 2227 1816 2285 ostendit

228 2317 269 2371 Α
308 2269 452 2282 ’³⁸⁸⁸⁸
493 2269 578 2282 ““’⁶
724 2269 1070 2295 “””’“’”“’”’⁹
1122 2269 1228 2284 “⁴“”
1274 2269 1555 2328 ῗ““’.“”.”““³
1581 2269 1816 2328 ἷ¹“””“ἶ“’
1914 2277 2077 2339 tatur,
2109 2270 2153 2325 si
2186 2270 2529 2340 spiritualiter
2547 2269 2894 2341 intelligatur,
2916 2270 3003 2325 vel
3031 2270 3118 2325 lex
3144 2269 3318 2341 Moysi
3346 2269 3514 2325 domi-

272 2315 507 2373 nostolus
527 2332 641 2371 non
671 2332 794 2371 esse
826 2316 1188 2373 peccandum.
1221 2317 1322 2373 Hic
1350 2317 1480 2373 dioit
1510 2318 1641 2373 σηιά
1670 2318 1818 2373 dein-
1987 2367 1996 2373 ,
2101 2359 2112 2369 .
2186 2359 2197 2373 .
2318 2358 2328 2368 .
2504 2366 2514 2373 ,
2601 2358 2611 2369 .
2698 2359 2711 2373 .
2786 2359 2819 2373 ..
2864 2367 2872 2373 ,
3032 2357 3042 2368 .
3161 2366 3171 2373 ,

271 2331 1818 2429 ἕδὶῗξῗδέῗῖ,ῗδῗξηῗξῗξῗῗηῖξἓξῗιῗξωξῃᾝξξιμαωξιξ
1913 2367 2069 2412 natur
2100 2359 2152 2412 in
2186 2358 2421 2425 homine,
2462 2366 2521 2413 ut
2564 2358 2615 2414 ei
2661 2359 2909 2425 obediat;
2954 2357 3079 2429 quia
3125 2366 3179 2413 et
3231 2374 3327 2413 vos
3360 2357 3512 2413 scitis

229 2418 347 2475 ceps
374 2405 440 2459 sit
463 2405 748 2477 agendum
787 2412 844 2459 ut
892 2404 1098 2461 scilicet
1144 2406 1416 2461 serviatur
1454 2406 1694 2475 justitiaa,
1745 2407 1814 2462 de

772 2446 1113 2519 ςζξηζῖςνζζ
1144 2446 1422 2519 ":33:
1454 2446 1813 2519 δζῖζζυζζηῖῖῖ
1911 2446 2092 2519 legem
2122 2447 2312 2519 Moysi,
2343 2448 2652 2503 scientibus
2676 2449 2851 2513 enim,
2885 2455 2989 2502 etc.
3021 2447 3091 2501 Et
3117 2446 3196 2502 sic
3226 2446 3513 2517 dupliciter

772 2493 783 2503 .
969 2492 979 2503 .
1554 2495 1564 2505 .
1911 2492 1962 2501 ,ν
2007 2492 2092 2501 ν...
2122 2492 2205 2501 ...ν
2247 2492 2312 2513 -.,
2343 2492 2650 2503 -.ηνηηνην
2676 2492 2851 2513 ν.--...,
2887 2492 2989 2502 νη.
3021 2492 3091 2501 _-
3117 2492 3195 2502 --η
3228 2492 3296 2500 -..
3339 2492 3503 2502 ---ηπ

230 2492 1443 2608 3112311}:eff_?}f‘,?ffsﬁj‘i_fx‘f‘i§?ffg
1911 2492 2090 2605 poetest
2118 2492 2233 2608 legi
2254 2535 2447 2601 littera,
2500 2534 2587 2591 vel
2629 2536 2698 2590 de
2740 2535 2863 2606 lege
2893 2534 3143 2599 naturali,
3176 2534 3264 2590 vel
3287 2492 3356 2588 de
3384 2534 3511 2607 lege

1911 2624 2167 2680 Mosaica.
2209 2625 2366 2681 Vivit.
2399 2624 2608 2681 Mortua
2636 2623 2781 2681 enim
2809 2622 3008 2680 dicitur
3038 2623 3145 2691 lex,
3172 2638 3297 2679 cum
3326 2630 3509 2679 cessat

1911 2712 2026 2782 ejus
2054 2712 2366 2769 auctoritas.

297 1492 461 1547 Vsus.
491 1493 580 1546 17.
613 1521 684 1532 -
719 1492 942 1548 Gratias
972 1496 1164 1548 autem
1193 1494 1321 1560 Deo,
1374 1500 1478 1548 etc.
1529 1493 1598 1547 Et
1627 1508 1822 1548 eorum

231 2588 304 2634 est
328 2580 417 2652 qui
447 2597 560 2637 non
590 2582 765 2652 possit
788 2581 928 2637 bene
957 2582 1197 2653 operari,
1245 2583 1441 2639 saltem
1486 2583 1764 2640 voluntate
1795 2602 1809 2639 :

231 2670 361 2742 quod
388 2670 534 2725 idem
566 2678 652 2726 est
680 2686 780 2741 per
808 2670 1064 2743 gratiam.

295 2759 446 2815 Sicut
481 2760 643 2815 enim
682 2759 1041 2829 exhibuistis,
1078 2766 1183 2815 etc.
1221 2759 1411 2831 (AUG.)
1442 2758 1500 2815 Si
1526 2774 1636 2815 non
1664 2760 1808 2831 plus,

231 2846 306 2903 vel
335 2855 597 2919 quantum
628 2855 775 2917 tunc,
808 2863 879 2903 ne
910 2847 1048 2903 ﬁdes
1077 2846 1236 2921 quasi
1254 2865 1444 2922 aspera
1474 2856 1527 2904 et
1556 2848 1811 2921 importa-

232 2914 671 3008 bilis'ﬁjgeretur,
760 2914 768 2917 ’
1094 2914 1112 2921 ’
1316 2914 1336 2922 ⁷
1632 2914 1651 2921 “
1908 2929 2118 2985 eorum,
2152 2915 2402 2986 exemplo
2423 2916 2673 2971 humanae
2699 2916 2837 2988 legis
2880 2915 3067 2971 utitur.
3112 2914 3299 3008 Sciunt
3324 2914 3507 3008 legem

296 3001 596 3082 Sicutvtunc
626 3025 808 3080 nullus
854 3025 1015 3082 timor
1057 3024 1257 3099 coegit,
1292 3025 1391 3081 sed
1420 3025 1589 3082 libido
1617 3025 1809 3098 volup-

1931 3004 2156 3075 lomani,
2187 3004 2313 3077 quia
2340 3020 2450 3060 non
2483 3012 2607 3059 sunt
2636 3003 2882 3069 Barbari,
2917 3005 3014 3060 sed
3043 3001 3335 3059 naturalem
3352 3001 3509 3072 justi-

230 3121 401 3210 tesque
448 3114 663 3210 peccati
708 3114 879 3210 duxit,
931 3114 1019 3210 sic
1058 3091 1226 3170 modo
1262 3114 1552 3210 delectatio
1586 3091 1809 3184 iustitiae
1828 3145 1880 3210 ο
1908 3093 2655 3210 ξξξιξιῆεοξῇξξξξιξιξάεωυιι
2712 3093 2908 3165 partim
2965 3109 3032 3149 ex
3087 3091 3316 3162 Graecis,
3367 3091 3507 3147 sicut

232 3182 568 3274 adulta—etsi
601 3203 843 3260 nondum
866 3182 1164 3276 perfecta;
1212 3203 1359 3259 unde
1384 3203 1518 3259 dixit
1552 3182 1880 3261 εἨωηα-υ
1910 3182 2090 3280 θτξῖθί
2118 3183 2455 3280 θί-Ηθδνίξθίς⁸
2591 3273 2601 3280 _
2727 3276 2737 3280 _
2935 3272 2971 3280 Α,
3097 3277 3103 3280 _
3198 3268 3249 3280 η,

232 3307 372 3347 num,
416 3269 424 3274 ’
890 3269 909 3276 ”
1153 3269 1160 3272 ’
1893 3304 1899 3309 -
1981 3273 2150 3327 Vnus.
2173 3276 2224 3326 3.
2260 3303 2330 3312 —
2350 3273 2531 3344 Igitur
2550 3273 2768 3328 vivente
2797 3272 3024 3338 marito,
3057 3277 3163 3326 etc.
3196 3269 3253 3325 Si
3279 3284 3507 3325 servans

294 3381 374 3437 ιια
401 3397 578 3437 nunc.
615 3379 757 3449 Quia
789 3381 912 3451 plus
943 3381 1109 3437 etiam
1136 3381 1365 3438 deberet
1391 3381 1558 3437 amari
1579 3380 1805 3452 justum,
1909 3360 2090 3433 legem
2116 3368 2405 3426 mortuam,
2438 3360 2550 3415 vult
2580 3376 2707 3452 esse
2732 3358 2879 3429 fidei,
2913 3358 3123 3414 adulter
3152 3365 3234 3414 est
3264 3358 3318 3413 in
3349 3366 3508 3413 utro-

232 3484 377 3540 quam
403 3477 530 3525 tunc
558 3447 660 3524 fuit
689 3447 961 3541 iniquitas,
980 3477 1039 3524 ut
1064 3484 1167 3541 pro
1190 3469 1401 3539 justitia
1429 3447 1618 3527 toleret
1644 3447 1809 3528 homo
1910 3464 2172 3541 queque?
2202 3449 2427 3541 PFB“?
2454 3448 2525 3541 _ei
2563 3447 2848 3541 _Chris"“3'
2900 3449 2960 3503 Si
3003 3451 3197 3541 “utf’m
3239 3450 3503 3541 τηθνίῗιυξ

230 3534 445 3627 δοιοὶ-εδ,
475 3565 529 3614 ει
558 3534 873 3615 conterui,“
893 3534 1094 3628 omnia"
1124 3534 1291 3613 edam
1319 3567 1575 3615 mortem.
1906 3538 2086 3608 fuerit
2114 3539 2218 3593 vir.
2257 3537 2345 3592 Sic
2376 3536 2525 3591 ﬁnita
2563 3536 2686 3607 lege
2707 3552 2836 3628 Anon
2878 3535 3286 3607 praevaricatur,
3318 3534 3411 3608 qui
3436 3534 3505 3590 ad

1908 3625 2181 3680 Christum
2208 3625 2399 3680 transit
2429 3623 2903 3698 dimissiseﬁguris.

1979 3715 2147 3768 Vnus.
2182 3716 2233 3768 4.
2268 3717 2459 3771 —Per
2479 3731 2697 3787 corpus
2723 3714 2951 3770 Christi.
2986 3711 3126 3781 Quia
3152 3712 3395 3767 Christus
3415 3710 3515 3767 fuit

1906 3802 2148 3883 impletio
2191 3810 2244 3857 et
2288 3803 2490 3857 veritas
2525 3819 2536 3858 :
2574 3802 2774 3874 legalia
2821 3816 2949 3857 vero
2996 3800 3174 3873 figura
3219 3808 3273 3856 et
3312 3800 3506 3855 umbra

1908 3891 2103 3947 Christi
2150 3890 2385 3959 fuerunt,
2434 3899 2487 3948 et
2532 3907 2721 3946 eorum
2770 3906 2892 3963 quae
2936 3889 2992 3944 in
3029 3888 3243 3946 Christo
3285 3887 3505 3961 impleta

1907 3987 2053 4035 sunt.

1980 2827 2150 2883 Vnus.
2173 2829 2227 2884 2.
2261 2857 2330 2867 —
2359 2827 2501 2883 Nam
2521 2843 2642 2900 qum
2669 2828 2770 2883 sub
2816 2828 2954 2885 viro.
2988 2827 3056 2884 Ut
3086 2824 3264 2881 ﬁrmet
3292 2823 3506 2881 animos

291 3671 446 3727 Vnus.
482 3677 574 3729 20.
608 3702 678 3714 -—
707 3674 918 3729 Liberi.
964 3673 1208 3730 Libertas
1256 3673 1399 3730 servi
1445 3683 1547 3742 est,
1592 3675 1809 3747 quando

231 3775 338 3815 eum
360 3776 584 3831 peccare
616 3761 872 3829 delectat,
923 3762 1068 3834 quod
1116 3770 1198 3818 est
1244 3779 1310 3819 ex
1357 3762 1528 3819 libero
1558 3763 1803 3818 arbitrio.

232 3848 518 3906 Liberaliter
575 3850 761 3917 servit,
808 3850 899 3923 qui
948 3851 1275 3906 voluntatem
1322 3851 1538 3907 Domini
1574 3852 1808 3907 libenter

233 3934 367 4005 facit;
394 3938 471 3996 sic
490 3946 543 3995 et
568 3938 789 4008 justitiai
827 3938 999 3995 libere
1043 3940 1227 4011 servit,
1281 3940 1373 4013 qui
1403 3948 1562 4008 amat,
1594 3940 1687 4013 qui
1714 3940 1807 3998 lae-

233 4031 376 4082 tatur.

293 4131 451 4188 Vnus.
481 4137 574 4190 2t.
606 4164 677 4175 —
698 4134 870 4202 Quem
920 4151 1045 4207 ergo
1080 4137 1356 4207 fructum.
1391 4121 1519 4192 Haec
1538 4150 1809 4192 rememo-

231 4219 353 4276 ratio
381 4220 499 4278 facit
526 4222 713 4295 priora
745 4224 1060 4291 abhorrere,
1097 4232 1150 4280 et
1182 4225 1358 4301 magis
1388 4225 1654 4281 obnoxios
1681 4241 1807 4299 gra-

232 4305 322 4363 tiae.
354 4311 709 4367 Erubescitis.
738 4312 838 4366 Est
865 4312 1010 4368 enim
1053 4314 1301 4385 quaedam
1329 4313 1640 4385 temporalis
1670 4330 1807 4369 con-

232 4393 373 4467 fusio,
406 4399 630 4466 scilicet,
664 4400 1016 4471 perturbatio,
1039 4401 1203 4456 animi
1223 4401 1562 4473 respicientis
1588 4410 1809 4474 peccata

233 4498 335 4552 sua,
368 4494 419 4541 et
445 4488 784 4559 respectione
803 4489 1098 4557 horrentis,
1131 4496 1184 4545 et
1210 4491 1435 4546 horrore
1466 4492 1802 4547 erubescen-
1827 4502 1888 4568 D

234 4571 309 4639 tis,
339 4581 386 4629 et
412 4577 787 4633 erubescendo
814 4577 1154 4651 corrigentis.
1206 4580 1361 4635 Finis
1390 4581 1642 4649 illorum,
1678 4589 1788 4636 etc.

234 4657 353 4727 Quia
379 4679 520 4720 mors
548 4674 632 4720 est
655 4665 820 4739 digna
849 4666 1129 4723 retributio
1149 4682 1248 4738 pro
1276 4676 1500 4739 peccato
1525 4686 1538 4722 :
1563 4669 1662 4723 sed
1688 4668 1799 4725 vita

233 4756 431 4819 acterna,
454 4770 573 4825 quae
598 4762 682 4809 est
713 4754 836 4810 finis
857 4755 1149 4827 justorum,
1168 4756 1287 4812 sola
1315 4757 1490 4830 gratia
1517 4758 1675 4811 datur
1702 4774 1801 4829 per

234 4834 501 4911 Christum,
533 4842 657 4914 quia
684 4851 736 4899 et
763 4844 959 4900 merita
990 4861 1058 4901 ex
1085 4845 1281 4919 gratia,
1313 4853 1367 4902 et
1391 4846 1650 4902 reddetur
1676 4862 1799 4918 gra-

235 4923 294 4979 tia
317 4942 412 4999 pro
438 4931 628 5003 gratia.

294 5043 449 5101 Vnus.
479 5051 568 5105 22.
590 5078 661 5089 -
680 5049 840 5105 Nunc
870 5064 997 5106 vero
1048 5049 1291 5106 liberati.
1332 5050 1523 5124 (AUG.)
1572 5050 1800 5107 Liberos

235 5128 351 5187 dixit
380 5133 616 5203 justitiae,
668 5152 777 5193 non
822 5136 1077 5194 liberatos
1125 5155 1138 5193 :
1172 5155 1317 5195 nunc
1360 5156 1391 5194 a
1435 5148 1659 5211 peccato
1689 5155 1799 5195 non

234 5216 433 5291 liberos,
460 5240 529 5280 ne
558 5225 661 5280 sibi
689 5227 793 5282 hoc
818 5226 1079 5297 tribuant,
1110 5228 1207 5283 sed
1239 5227 1366 5283 dicit
1395 5227 1626 5299 proinde
1657 5227 1799 5283 libe-

234 5317 372 5381 ratos,
400 5312 464 5367 ad
496 5314 816 5370 sententiam
848 5314 1066 5370 Domini
1099 5334 1113 5371 :
1146 5316 1208 5372 Si
1255 5317 1435 5373 Filius
1472 5334 1565 5374 vos
1597 5318 1798 5373 libera-

234 5400 373 5465 verit,
393 5418 515 5459 vere
550 5403 709 5459 liberi
725 5404 885 5459 eritis
917 5404 1102 5475 (Joan.
1125 5404 1275 5477 vni).

294 5488 585 5561 Stipendia.
618 5491 809 5548 Merito
841 5493 1189 5564 stipendium,
1233 5494 1355 5565 quia
1382 5493 1587 5549 militiae
1617 5493 1802 5549 diabo-

1979 4095 2149 4151 Vnus.
2183 4098 2234 4149 5.
2268 4124 2337 4135 -
2362 4095 2499 4151 Cum
2528 4096 2683 4150 enim
2699 4110 2964 4151 essemus.
2985 4092 3084 4149 Hic
3111 4099 3337 4165 quatuor
3354 4097 3507 4146 actus

1908 4183 2142 4238 hominis
2184 4183 2355 4254 ponit,
2406 4191 2529 4238 ante
2573 4183 2774 4256 legem,
2821 4182 2921 4237 sub
2969 4182 3115 4256 lege,
3147 4182 3250 4237 sub
3279 4179 3500 4255 gratia:

1906 4271 2104 4327 deinde
2134 4271 2190 4325 in
2215 4271 2323 4327 alia
2351 4271 2458 4327 vita
2484 4271 2575 4326 ubi
2604 4271 2813 4326 nullum
2844 4270 3070 4327 bellum.

1979 4361 2147 4415 Vnus.
2173 4364 2224 4415 6.
2257 4391 2327 4401 —
2356 4361 2517 4417 Nunc
2562 4364 2774 4426 autem,
2826 4367 2933 4415 etc.
2978 4358 3169 4430 (AUG.)
3198 4358 3260 4412 In
3288 4372 3502 4428 praece-

1905 4449 2053 4505 denti
2080 4448 2433 4505 similitudine
2463 4449 2562 4504 tria
2590 4458 2715 4505 sunt
2738 4466 2752 4504 :
2775 4448 2878 4515 vir,
2908 4455 3037 4518 etc.,
3057 4461 3231 4520 usque
3258 4446 3330 4502 ad
3358 4445 3506 4517 quod

1920 4554 2043 4594 eum
2072 4554 2181 4594 non
2201 4538 2432 4594 vincant.

1966 4628 2008 4682 Α
2044 4629 2161 4700 lege
2190 4630 2411 4683 mortis.
2432 4629 2601 4683 Aucta
2628 4635 2712 4682 est
2744 4625 2890 4681 enim
2908 4621 3347 4695 concupiscentia
3365 4636 3493 4678 cum

1896 4716 1983 4771 lex
2011 4717 2325 4787 prohiberet
2362 4716 2455 4771 ubi
2503 4704 2614 4771 non
2654 4721 2765 4770 erat
2806 4712 2961 4781 ﬁdes,
3012 4720 3064 4767 et
3110 4713 3181 4767 ad
3219 4710 3500 4768 cumulum

1896 4814 2264 4876 peccatorum,
2315 4803 2777 4875 praevaricationis
2822 4802 3033 4858 crimen
3071 4800 3347 4871 adjectum
3376 4808 3500 4867 est;

1898 4893 2025 4966 quia
2054 4894 2145 4949 ubi
2174 4910 2285 4949 non
2314 4902 2397 4948 est
2425 4894 2533 4957 lex,
2558 4908 2660 4948 nec
2690 4890 3084 4962 prmvaricatio.

1970 4985 2035 5039 In
2056 4984 2309 5040 novitate
2337 4984 2595 5055 spiritus.
2630 4980 2903 5052 Operibus
2933 4979 3061 5036 novi
3088 4976 3345 5045 hominis,
3381 4992 3502 5049 quae

1897 5087 2008 5127 non
2037 5072 2239 5128 nostris
2267 5071 2472 5127 viribus
2504 5070 2591 5127 vel
2635 5070 2761 5141 lege
2801 5068 3138 5141 attingimus,
3173 5067 3271 5123 sed
3299 5066 3496 5139 gratia,

1897 5160 2103 5217 scilicet
2131 5161 2351 5232 spiritus
2393 5160 2449 5215 in
2497 5159 2693 5232 quibus
2732 5158 2813 5214 sic
2864 5167 2947 5213 est
2990 5156 3403 5223 immorandum,
3438 5163 3498 5212 ut

1898 5249 2031 5303 nihil
2061 5250 2292 5305 addatur
2319 5250 2388 5306 de
2417 5249 2559 5323 legis
2589 5247 2869 5319 Operibus,
2892 5262 3013 5319 qua:
3033 5254 3245 5302 vetusta
3263 5253 3408 5301 sunt.

1970 5338 2141 5393 Vnus.
2174 5340 2227 5394 ’7.
2259 5368 2329 5379 -
2360 5339 2502 5407 Quid
2539 5354 2668 5410 ergo
2709 5338 2980 5394 dicemus.
3034 5334 3493 5407 Quandoquidem

1898 5426 1984 5483 lex
2005 5427 2196 5482 mortis
2226 5436 2305 5482 est
2336 5437 2387 5483 et
2416 5426 2564 5482 auxit
2583 5428 2729 5483 vires
2760 5425 2990 5498 peccati,
3014 5424 3262 5479 detinens
3291 5439 3325 5478 a
3353 5423 3499 5477 bona

255 5510 585 5588 LOWPW‘IW-
619 5510 809 5548 Μετιῑο
841 5510 1192 5588 δῑιρθηαιωξῖξ
1220 5511 1355 5588 ,ιιιιιθ
1382 5510 1587 5588 mu}???
1617 5510 1802 5588 “1320f
1900 5516 2241 5587 Operatione;
2288 5516 2504 5572 videtur
2539 5533 2669 5588 ergo
2714 5516 2802 5571 lex
2848 5522 3154 5587 peccatum,
3188 5512 3243 5567 id
3284 5518 3363 5566 est
3394 5510 3492 5563 do-

377 5594 519 5677 m?“
564 5588 785 5677 αεῑενηθι.
811 5589 1068 5677 εδοίῐυξιηξ
1110 5583 1350 5677 demtum
1392 5584 1652 5677 {additur-
1704 5581 1801 5638 δαί
1900 5566 2032 5662 cens
2062 5566 2312 5676 peccare,
2343 5605 2429 5661 vel
2457 5605 2575 5660 talis
2599 5566 2712 5677 lpro
2745 5566 3082 5677 quardonata
3113 5566 3354 5672 peccavit
3388 5612 3491 5651 au-

236 5662 461 5722 redderet
486 5683 743 5725 coronam
765 5669 948 5739 justus
968 5671 1163 5743 Judex,
1197 5671 1244 5727 si
1272 5688 1382 5728 non
1403 5672 1657 5728 donasset
1681 5686 1803 5746 gra-
1902 5702 2017 5752 οισι.
2045 5662 2181 5766 e‘jus,
2214 5662 2371 5767 quasi
2414 5694 2571 5752 malm
2613 5662 2712 5751 ξεί,
2763 5662 2909 5759 Non,
2958 5689 3054 5747 sed
3082 5662 3264 5760 potius
3290 5685 3493 5739 bonum

353 5789 580 5851 ΡΑτιιοι..
622 5793 809 5852 CXIV.

3108 5786 3175 5836 16
