3964 6180
434 309 528 363 691

964 306 1367 364 WALAFRIDI
1405 305 1647 363 STRABI
1683 303 1886 362 FULD.
1925 300 2099 360 MON.
2141 299 2294 358 OPP.
2337 302 2513 359 PARS
2550 301 2593 358 Ι.
2626 331 2695 344 -
2731 300 3202 359 THEOLOGICA.

3627 304 3729 360 £92

436 439 519 487 est
542 449 555 486 :
578 440 860 503 peccatum
894 430 1018 487 fecit
1037 448 1357 505 agnoscere,
1386 432 1512 502 quia
1539 430 1689 501 prius
1718 427 2121 489 nescieban-A
2216 428 2378 483 Nam.
2413 426 2582 496 Quasi
2611 426 2760 483 dicat
2788 446 2802 482 :
2835 427 3123 495 Quomodo
3165 427 3300 482 mihi
3345 427 3529 482 datum
3558 436 3642 483 est
3668 430 3738 484 ad

436 526 525 575 tur
553 521 799 592 quaedam
829 521 915 576 vel
947 537 1068 576 esse
1100 530 1342 591 peccata,
1394 519 1480 576 vel
1509 520 1645 574 adeo
1666 534 1798 575 esse
1829 517 2031 589 gravia,

2137 517 2404 571 mortem?
2449 515 2590 585 Quia
2637 532 2736 586 per
2781 516 2915 571 illud
2956 516 3210 572 seductus
3257 514 3398 571 falsa
3423 516 3731 573 dulcedine.

440 607 528 663 vel
567 625 691 664 esse
718 609 1009 680 punienda.
1058 610 1231 664 Absit.
1280 608 1384 666 Sed
1427 612 1742 681 peccatum.
1785 606 2038 661 Ostendit
2139 605 2440 661 Occasione
2471 609 2722 678 accepta,
2755 613 2841 662 etc
2876 603 3033 673 Quod
3070 604 3494 675 concupiscitur,
3524 603 3584 660 ﬁt
3611 605 3730 661 dul-

440 696 621 767 legem
650 714 759 753 non
789 714 911 754 esse
941 704 1243 768 peccatum,
1282 696 1378 752 sed
1426 697 1660 753 indicem
1690 694 1897 767 peccati
1929 712 1942 749 :
1975 702 2035 749 ut

440 785 518 839 sic
546 786 727 841 anima
756 793 934 840 reatus
969 785 1328 841 sollicitudine
1369 785 1437 839 ad
1465 784 1873 857 percipiendam
1900 798 2034 857 gra-

443 872 572 928 tiam
602 881 1026 930 converteretur.

509 961 701 1033 (Aua.)
728 962 904 1017 Absit.
938 963 1058 1018 Uno
1093 962 1264 1018 verbo
1292 962 1474 1033 legem
1502 961 1750 1033 absolvit,
1780 969 1909 1027 etc.,
1939 977 2034 1017 us-

435 1065 541 1122 que
568 1050 640 1105 ad
670 1065 864 1120 magna
891 1057 975 1105 est
1004 1051 1251 1121 Apostoli
1282 1051 1624 1107 defendentis
1649 1050 1958 1107 auctoritas.

505 1137 768 1208 (Tneoo.)
794 1138 931 1193 Illud
957 1146 1158 1207 autem,
1188 1141 1307 1196 Non
1328 1142 1576 1212 cognovi,
1609 1147 1662 1195 et
1688 1138 2029 1204 Nesciebam,

432 1241 543 1281 non
574 1226 664 1282 hic
693 1226 1089 1298 ignorationem
1132 1228 1353 1284 omnino
1402 1228 1731 1300 significant,
1784 1226 1881 1282 sed
1930 1228 2033 1282 hoc

434 1314 565 1369 dicit
598 1333 610 1368 :
644 1316 916 1370 Naturalis
947 1316 1289 1372 discretionis
1340 1318 1665 1373 exactiorem
1693 1317 1812 1387 cepi
1841 1314 2032 1389 cogni-

432 1402 635 1458 tionem
665 1420 761 1474 per
788 1403 988 1476 legem.

506 1493 650 1548 Nam
679 1494 1215 1565 concupiscentiam.
1248 1494 1364 1550 Hoc
1394 1493 1527 1567 legit
1552 1493 1842 1565 Apostolus
1862 1508 2032 1564 gene-

432 1579 567 1649 rale,
597 1581 740 1635 unde
769 1581 967 1636 omnia.
998 1582 1148 1635 Bona
1175 1581 1281 1648 lex,
1313 1600 1433 1654 quae
1461 1583 1591 1637 dum
1623 1582 1728 1637 hoc
1758 1581 2025 1652 prohibet,

430 1668 610 1723 omnia
635 1669 903 1740 prohibet.
934 1670 1476 1742 Concupiscentiam.
1510 1669 1688 1742 Aliqui
1718 1670 2030 1743 generalem

429 1755 756 1830 intelligunt.
785 1756 889 1812 Alii
918 1758 1069 1813 illam
1098 1758 1166 1814 de
1195 1774 1301 1830 qua
1322 1759 1375 1813 in
1403 1759 1677 1832 Decalogo
1701 1777 1714 1814 :
1748 1760 1869 1816 Non
1898 1775 2031 1816 con-

432 1848 686 1919 cupisces
706 1863 828 1902 rem
853 1848 1109 1919 proximi
1147 1848 1235 1902 tui
1272 1849 1359 1903 vel
1390 1864 1627 1904 uxorem
1658 1847 1857 1918 (Exod.
1889 1846 2020 1918 xx).

433 1932 773 2001 Generalem,
810 1934 931 2007 quia
959 1952 1025 1989 ex
1052 1950 1119 1990 ea
1146 1951 1308 1991 omne
1337 1935 1559 1991 malum.
1591 1935 1931 1993 Nesciebam.
1966 1935 2027 1990 In

428 2038 524 2077 sua
553 2038 786 2094 persona
815 2024 1126 2095 generalem
1157 2024 1270 2097 agit
1297 2040 1537 2081 causam.

498 2140 669 2196 Vens.
704 2145 758 2196 8.
783 2172 853 2183 -—
886 2142 1184 2200 Occasione
1223 2146 1417 2198 autem
1447 2145 1700 2214 accepta.
1735 2140 1877 2210 Quia
1908 2140 2028 2197 talis

423 2235 713 2285 estnostra
738 2230 1043 2298 carnalitas,
1094 2239 1152 2286 ut
1195 2229 1473 2286 ardentius
1518 2229 1793 2285 desideret
1831 2229 2025 2301 prohi-

425 2317 533 2372 bita
567 2336 580 2372 :
614 2318 808 2390 quibus
856 2335 965 2375 non
1010 2320 1343 2387 memoratis,
1381 2319 1588 2389 jaceret
1628 2318 1787 2391 quasi
1829 2318 2025 2390 sopita.

422 2406 492 2462 Et
521 2406 769 2462 diabolus
796 2407 988 2464 videns
1016 2409 1197 2481 legem
1228 2408 1283 2462 in
1316 2407 1573 2463 auxilium
1602 2406 1911 2463 hominibus
1939 2408 2025 2462 da-

433 2502 566 2564 tam,
599 2497 777 2568 magis
808 2497 1008 2553 exarsit
1035 2505 1090 2552 et
1117 2497 1296 2571 magis
1340 2496 1549 2563 institit,
1598 2504 1655 2551 ut
1693 2511 1816 2553 eam
1843 2504 2024 2553 verte-

431 2591 515 2640 ret
543 2584 649 2640 illis
678 2585 733 2640 in
762 2586 1080 2656 perniciem,
1105 2603 1227 2643 cum
1255 2586 1408 2657 prius
1437 2585 1592 2658 quasi
1622 2602 1815 2641 secure
1841 2586 2024 2656 possi-

420 2673 559 2728 dens
590 2674 771 2728 minus
795 2682 1040 2744 tentaret,
1089 2676 1177 2731 vel
1224 2674 1511 2730 occasione
1549 2682 1775 2745 accepta
1803 2673 1860 2728 in
1889 2673 2024 2747 ipsis

424 2762 613 2828 rebus,
641 2770 699 2817 ut
728 2763 846 2819 visa
874 2763 1102 2818 muliere
1131 2764 1215 2819 vel
1248 2778 1399 2819 auro.

487 2867 680 2940 (AUG.)
716 2869 892 2925 Minor
929 2877 1043 2924 erat
1070 2868 1511 2939 concupiscentia
1541 2868 1759 2941 quando
1790 2876 1914 2924 ante
1941 2868 2020 2925 le-

414 2973 543 3029 gem
580 2973 802 3014 securus
847 2959 1136 3029 peccabas,
1190 2965 1318 3025 etc.,
1367 2974 1541 3031 usque
1592 2958 1664 3014 ad
1705 2957 1883 3014 omnis
1913 2966 2016 3026 est,

412 3046 629 3117 quando
661 3047 993 3103 transcendit
1020 3047 1220 3118 legem.

2137 694 2253 749 cius
2284 693 2415 748 dum
2445 701 2674 763 vetetur,
2705 702 2758 749 et
2786 693 2866 750 sic
2894 692 3029 748 fallit
3057 701 3341 765 peccatum
3372 710 3471 764 per
3504 694 3730 749 manda-

2135 790 2269 837 tum.
2316 783 2397 837 Ex
2439 782 2825 853 prohibitione,
2872 798 3105 854 namque
3151 782 3243 836 ubi
3280 782 3520 839 charitas
3550 781 3731 838 deﬁcit

2134 869 2470 926 desiderium
2498 869 2627 926 mali
2656 871 2852 928 crescit
2886 888 2899 925 :
2932 885 3037 942 quo
3082 878 3202 926 acto
3248 870 3460 927 dulcius
3498 869 3559 925 ﬁt
3587 871 3731 943 quod

2132 957 2475 1030 prohibetur,
2508 968 2562 1015 et
2589 959 2663 1036 ita
2688 958 2827 1015 fallit
2865 959 3004 1015 falsa
3031 958 3337 1016 dulcedine.
3370 958 3554 1015 Fallax
3586 961 3729 1015 enim

2130 1046 2361 1103 dulcedo
2393 1056 2495 1118 est,
2529 1063 2695 1121 quam
2738 1043 2927 1119 pfures
2970 1055 3133 1121 atque
3176 1048 3415 1117 majores
3445 1063 3729 1119 poenarum

2132 1136 2521 1192 amaritudines
2550 1145 2871 1209 sequuntur.
2893 1135 3152 1193 Seduxit.
3184 1139 3231 1191 A
3251 1136 3395 1192 bono
3424 1136 3495 1192 ad
3524 1136 3728 1193 malum

2132 1223 2313 1292 traxit,
2349 1233 2403 1281 et
2429 1241 2529 1297 par
2574 1226 2677 1282 hoc
2723 1224 3097 1281 ad'azternam
3142 1224 3547 1281 damnationem
3593 1242 3724 1299 per-

2130 1312 2303 1369 duxit.

2205 1402 2438 1459 Occidit.
2473 1402 2664 1474 (Λυσι.)
2710 1402 2904 1458 Gladio
2950 1410 3041 1458 tuo
3085 1419 3246 1475 quem
3284 1404 3559 1474 portabas,
3595 1412 3723 1472 etc.,

2129 1507 2303 1564 usque
2332 1490 2406 1547 ad
2433 1500 2552 1547 esto
2580 1507 2716 1563 ergo
2744 1491 2964 1547 humilis
2993 1499 3046 1547 et
3074 1493 3278 1563 poteris
3308 1492 3545 1549 vincere.

2202 1606 2373 1663 Vens.
2408 1610 2494 1664 12.
2527 1638 2596 1649 -
2625 1609 2816 1682 Itaque
2852 1609 2947 1664 lea:
2977 1610 3219 1682 quidem.
3250 1608 3376 1681 Ipsa
3402 1617 3486 1666 est
3516 1619 3721 1677 sancta,

2130 1711 2259 1751 sane
2290 1696 2515 1752 docens.
2547 1698 2618 1753 Et
2647 1697 3003 1765 mandatum,
3044 1696 3102 1754 id
3155 1706 3238 1753 est
3282 1698 3429 1771 quod
3475 1714 3577 1771 per
3605 1715 3726 1755 eam

2046 1786 2099 1847 Β
2126 1784 2458 1856 praecipitur.

2205 1893 2499 1959 Sanctum,
2519 1891 2575 1946 in
2603 1908 2683 1948 se.
2717 1894 2787 1949 Et
2802 1895 3049 1965 justum,
3083 1892 3140 1948 id
3170 1901 3253 1950 est
3264 1891 3565 1963 justiﬁcans
3595 1909 3724 1966 pec-

2127 1987 2387 2037 catorem.
2422 1983 2492 2037 Et
2523 1982 2748 2038 bonum.
2792 1981 2853 2037 Id
2898 1989 2980 2037 est
3027 1982 3179 2051 utile,
3211 1982 3501 2055 acquirens
3530 1982 3719 2040 vitam.

2126 2070 2195 2124 Et
2226 2086 2348 2126 cum
2377 2055 2589 2125 constet
2616 2070 2748 2124 mihi
2773 2070 2919 2157 qpod
2949 2070 3036 2127 lex
3074 2071 3235 2138 bona,
3270 2079 3321 2127 et
3350 2080 3531 2128 tamen
3563 2089 3631 2128 ex
3661 2088 3728 2129 ea

2124 2158 2256 2212 mihi
2287 2175 2457 2225 mors,
2500 2166 2558 2214 ut
2587 2175 2751 2230 supra
2782 2160 2983 2215 dictum
3027 2168 3128 2225 est,
3181 2176 3315 2232 ergo
3346 2160 3493 2232 quod
3524 2161 3726 2216 bonum

2126 2255 2227 2311 est,
2260 2245 2462 2303 factum
2491 2255 2574 2303 est
2603 2264 2769 2314 mors,
2822 2248 2879 2303 id
2918 2256 2999 2303 est
3046 2249 3201 2303 datur
3244 2249 3376 2303 mihi
3423 2266 3456 2305 a
3485 2250 3626 2317 Deo,
3652 2250 3727 2305 ita

2123 2343 2182 2391 ut
2211 2335 2257 2390 si
2300 2335 2540 2392 efﬁciens
2587 2352 2754 2392 causa
2802 2337 3036 2392 mortis?
3079 2338 3201 2393 Non
3234 2355 3248 2391 :
3281 2339 3378 2393 sed
3435 2338 3616 2395 fomes
3646 2347 3729 2395 est

2123 2423 2382 2492 efﬁciens,
2416 2426 2506 2498 qui
2532 2425 2728 2481 bonam
2757 2442 2870 2481 rem
2902 2426 3062 2483 vertit
3093 2426 3148 2480 in
3177 2427 3399 2483 malum.

2194 2531 2366 2587 Vens.
2402 2535 2580 2586 l3.—
2623 2534 2686 2589 Ut
2734 2536 3007 2605 appareat
3050 2537 3369 2605 peccatum.
3417 2534 3542 2589 Non
3575 2533 3721 2599 dico,

2122 2627 2181 2674 ut
2212 2619 2300 2685 sit,
2351 2620 2478 2691 quia
2524 2620 2685 2675 etiam
2730 2628 2863 2687 erat,
2904 2621 3124 2693 quando
3164 2638 3273 2677 non
3314 2622 3634 2694 apparebat,
3667 2631 3725 2678 ut

2122 2724 2303 2779 supra.
2336 2708 2842 2781 Concupiscentiam
2886 2710 3219 2766 nesciebam.
3258 2711 3382 2767 Non
3412 2711 3569 2779 dixit,
3602 2712 3726 2767 Non

2118 2796 2410 2852 habebam.

2191 2905 2300 2959 Per
2328 2904 2554 2959 bonum.
2587 2903 2810 2975 Legem.
2858 2905 2982 2960 Non
3016 2904 3200 2978 utique
3231 2904 3555 2963 efﬁcientem
3582 2923 3719 2979 pec-

2118 2999 2318 3059 catum,
2367 2992 2467 3047 sed
2512 2992 2696 3064 potius
2740 2993 3206 3051 demonstrantem
3244 3002 3298 3051 et
3336 2995 3719 3067 prohibentem

2118 3078 2269 3135 illud.

482 3142 713 3246 (Antam?
1013 3144 1551 3246 concupiscentiam,
1576 3142 1785 3246 dicens,
1818 3151 2013 3246 cpncta
2035 3150 2084 3214 α
2190 3170 2258 3226 ω
2285 3169 2390 3238 ﬁat
2418 3184 2595 3242 supra
2622 3170 2870 3227 modum
2903 3168 3043 3239 Quia
3086 3187 3182 3243 per
3219 3171 3400 3246 legem
3428 3187 3540 3229 non
3569 3172 3723 3230 ἀξία,

407 3238 634 3302 peccata
662 3231 865 3303 signat.
903 3232 1036 3286 Erat
1075 3231 1219 3286 enim
1262 3240 1387 3286 ante
1434 3240 1737 3301 peccatum,
1772 3232 1867 3288 sed
1897 3248 2005 3288 non

408 3334 591 3385 omne,
624 3320 843 3391 quando
872 3319 1076 3375 crimen
1105 3319 1565 3390 praevaricationis
1593 3321 1770 3377 adhuc
1798 3320 2004 3376 deerat.

408 3406 519 3463 Sed
547 3423 708 3463 omne
737 3414 1020 3480 peccatum
1040 3408 1204 3464 modo
1233 3408 1483 3475 accessit,
1518 3408 1645 3481 quia
1673 3409 1838 3465 etiam
1864 3425 2007 3481 pra-

406 3495 691 3552 varicatio.

478 3592 671 3663 (AUG.)
704 3595 875 3648 Aucta
904 3600 987 3648 est
1015 3593 1159 3649 enim
1189 3593 1633 3665 concupiscentia
1671 3611 1739 3650 ex
1767 3594 2008 3666 prohibi-

405 3680 552 3737 tione
579 3682 743 3753 legis,
770 3682 986 3754 quando
1014 3681 1188 3739 adhuc
1216 3682 1392 3755 gratia
1422 3682 1612 3739 deerat
1631 3682 1933 3739 liberantis.

476 3797 646 3852 Vens.
682 3801 734 3853 9.
770 3829 838 3838 —
866 3800 978 3871 Ego
1000 3803 1193 3854 autem
1212 3799 1478 3855 vivebam.
1513 3799 1662 3854 Patet
1696 3816 1709 3853 :
1744 3798 1870 3870 quia
1900 3813 2009 3853 non

405 3902 472 3941 ex
503 3902 622 3952 sua,
656 3886 754 3941 sed
804 3903 871 3941 ex
916 3902 1149 3957 persona
1194 3886 1429 3941 hominis
1476 3887 1808 3959 generaliter
1834 3886 2009 3958 loqui-

400 3982 506 4029 tur.
569 3976 679 4046 Ego
745 3979 939 4031 autem
980 3976 1247 4032 vivebam.
1296 3977 1435 4030 Nota
1482 3976 1619 4031 duos
1666 3976 1914 4031 homines
1952 3975 2009 4029 in

402 4062 618 4131 eodem,
682 4062 996 4118 interiorem
1053 4071 1107 4118 et
1165 4064 1518 4129 exteriorem,
1584 4063 1639 4117 id
1696 4072 1778 4118 est
1835 4063 2011 4118 ratio-

402 4166 530 4206 nem
561 4158 616 4206 et
646 4148 906 4215 fomitem,
941 4151 1032 4222 qui
1063 4160 1147 4206 est
1190 4152 1247 4205 in
1296 4168 1482 4207 carne.
1527 4152 1849 4207 Interiorem
1879 4152 2011 4208 dicit

401 4238 715 4297 consentire
736 4238 862 4310 legi,
894 4248 947 4294 et
978 4240 1092 4308 ejus
1114 4240 1424 4295 testimonio
1447 4240 1646 4295 bonam
1674 4256 1798 4295 esse
1827 4240 2009 4313 legem

400 4332 686 4399 approbat.
717 4327 1059 4383 Exteriorem
1088 4344 1219 4384 vero
1250 4337 1440 4385 contra
1458 4328 1772 4384 interiorem
1789 4336 1842 4384 et
1871 4346 2009 4385 con-

402 4424 489 4471 tra
517 4416 698 4489 legem
729 4432 1043 4490 repugnare
1073 4426 1127 4472 et
1156 4416 1430 4488 captivare
1466 4426 1519 4473 et
1557 4434 1655 4488 per
1685 4418 1868 4491 legem
1897 4435 2012 4473 ma-

2113 3256 2204 3323 cit,
2238 3257 2336 3311 sed
2354 3257 2532 3326 magis
2560 3258 2734 3313 solitis
2764 3258 3146 3329 cupiditatibus
3177 3261 3362 3316 crevit.

2186 3371 2356 3427 Vens.
2392 3373 2480 3426 14.
2508 3401 2579 3414 -
2606 3374 2714 3445 Ego
2743 3377 2956 3430 autem.
3011 3375 3302 3448 Hucusque
3330 3375 3513 3447 legem
3542 3392 3718 3432 excu-

2115 3460 2273 3531 savit,
2320 3461 2466 3532 quod
2530 3476 2640 3517 non
2682 3462 2847 3518 debet
2894 3463 3109 3519 refundi
3158 3464 3213 3519 in
3261 3480 3382 3520 eam
3409 3465 3599 3537 culpa;
3633 3465 3725 3523 hic

2114 3547 2261 3616 dicit,
2294 3550 2442 3621 quod
2471 3566 2574 3606 nec
2603 3550 2659 3604 in
2688 3550 3044 3622 principalem
3075 3560 3342 3619 naturam,
3361 3553 3423 3609 id
3436 3561 3521 3609 est
3551 3554 3722 3610 ratio-

2113 3652 2259 3704 nem,
2292 3638 2590 3693 secundum
2618 3638 2708 3694 hic
2738 3640 2883 3712 quod
2907 3656 2939 3694 a
2967 3641 3085 3697 Deo
3116 3641 3311 3709 habet;
3344 3650 3397 3697 et
3425 3642 3497 3697 ita
3525 3658 3641 3699 non
3662 3642 3718 3698 in

2114 3725 2443 3796 Creatorem,
2474 3727 2571 3782 sed
2599 3727 2654 3782 in
2695 3728 2965 3799 homines,
3000 3729 3091 3801 qui
3138 3746 3205 3785 ex
3251 3747 3312 3787 se
3353 3730 3524 3786 vitiati
3561 3739 3714 3799 sunt,

2112 3823 2169 3869 ut
2196 3815 2382 3886 pravis
2411 3816 2648 3872 motibus
2678 3817 2929 3873 resistere
2950 3827 3242 3891 nequeant.
3270 3820 3531 3876 Carnutis
3561 3837 3716 3877 sum.

2111 3903 2235 3958 Non
2262 3903 2577 3960 indecenter
2604 3905 2710 3961 hoc
2737 3905 2899 3960 etiam
2929 3906 2999 3962 de
3026 3907 3208 3978 seipso
3237 3908 3365 3964 dicit
3392 3909 3714 3980 Apostolus,

2111 3992 2412 4048 secundum
2443 4009 2662 4048 carnem
2693 3994 2931 4065 quandiu
2961 3994 3051 4051 hic
3080 3994 3229 4064 vivit,
3279 4006 3501 4068 propter
3529 3998 3722 4054 carnis

2110 4087 2307 4135 motus.
2340 4081 2410 4135 Et
2440 4081 2545 4137 hoc
2576 4082 2714 4139 bene
2745 4082 2875 4137 dicit
2922 4083 3100 4137 omnis
3129 4093 3368 4140 sanctus.
3411 4087 3718 4142 Venunda-

2114 4172 2205 4224 tus
2235 4170 2335 4225 sub
2350 4174 2601 4241 peccato.
2634 4170 2703 4224 Et
2734 4170 2836 4227 hoc
2866 4187 2933 4227 ex
2963 4172 3118 4244 culpa
3146 4173 3306 4244 primi
3325 4174 3582 4242 hominis,
3621 4176 3716 4249 qui

2110 4272 2212 4328 pro
2238 4256 2598 4313 delectatione
2627 4257 2734 4314 cibi
2763 4260 2932 4328 vetiti,
2967 4277 3026 4316 se
3059 4269 3111 4316 et
3131 4277 3323 4319 omnes
3351 4263 3487 4319 alios
3519 4264 3717 4320 vendi-

2110 4345 2207 4400 dit.
2240 4345 2358 4415 Vel,
2392 4346 2492 4401 sub
2521 4355 2767 4418 peccato,
2819 4349 2875 4403 id
2916 4356 2999 4404 est
3042 4350 3185 4405 servi
3212 4350 3419 4422 peccati
3447 4351 3573 4408 sint.
3608 4352 3712 4410 Vel

2109 4434 2482 4507 unusquisque
2522 4436 2765 4492 vendidit
2811 4453 2871 4493 se
2916 4439 3306 4497 consuetudine
3339 4441 3576 4513 propriae
3603 4457 3709 4499 vo-

394 4506 570 4574 jorem
598 4514 925 4577 potestatem
947 4506 1215 4576 peccandi
1243 4506 1468 4561 habere.
1510 4507 1614 4563 Sed
1644 4524 1775 4563 cum
1812 4509 2002 4563 venis-
2029 4508 2088 4573 D
2106 4506 2348 4578 ιυηιδιῖε,

400 4599 503 4661 set,
529 4602 635 4651 etc.
665 4596 765 4652 Hic
796 4596 1070 4652 secundus
1117 4603 1267 4651 actus
1313 4596 1412 4650 sub
1459 4594 1601 4667 lege.
1654 4596 1714 4650 ld
1744 4604 1828 4651 est
1859 4614 1871 4650 :
1904 4596 2004 4651 Hic

402 4682 642 4755 loquitur
672 4684 964 4755 Apostolus
993 4684 1048 4738 in
1081 4692 1222 4739 statu
1268 4683 1504 4739 hominis
1532 4684 1693 4755 positi
1723 4685 1825 4739 sub
1855 4684 1998 4757 lege.

403 4774 648 4830 Revixit.
683 4773 857 4843 Coepit
890 4789 1154 4843 apparere
1194 4781 1248 4828 et
1294 4772 1589 4829 rebellare.
1627 4774 1870 4839 Revixit,
1906 4773 1999 4843 ait,

401 4875 511 4917 non
539 4860 689 4916 vixit.
715 4861 935 4917 Vixerat
964 4862 1109 4915 enim
1137 4860 1427 4934 aliquando
1457 4861 1513 4915 in
1542 4861 1813 4931 paradiso,
1838 4877 2002 4933 quan-

403 4948 475 5002 do
506 4957 690 5004 contra
726 4956 1053 5020 praeceptum
1086 4950 1271 5004 datum
1318 4950 1452 5005 satis
1481 4950 1772 5021 apparebat
1800 4950 2001 5005 admis-

402 5051 542 5091 sum.
575 5037 683 5092 Sed
709 5053 832 5093 cum
853 5037 1101 5093 homines
1130 5038 1243 5092 nati
1259 5046 1577 5108 peccatores
1599 5038 1717 5093 sine
1745 5039 2001 5094 mandato

406 5122 669 5190 viverent,
704 5133 959 5196 tanquam
988 5134 1260 5181 mortuum
1290 5126 1490 5181 latebat
1520 5126 1637 5183 sine
1667 5127 1997 5200 cognitione,

405 5211 530 5283 quia
561 5212 677 5268 sine
709 5212 1035 5269 cohibitione
1069 5232 1081 5268 :
1117 5215 1215 5269 sed
1246 5215 1367 5269 data
1412 5215 1554 5286 lege,
1599 5216 1655 5271 in
1680 5217 1865 5272 notitia
1894 5217 2000 5272 ho-

404 5299 569 5355 minis
589 5301 798 5367 revixit,
823 5302 969 5373 quod
998 5302 1053 5357 in
1071 5302 1255 5357 notitia
1273 5303 1435 5374 primi
1457 5304 1689 5360 hominis
1708 5304 1999 5377 aliquando

404 5388 633 5446 vixerat.

474 5515 643 5572 Vens.
680 5518 765 5571 10.
797 5545 866 5557 -
896 5514 1216 5574 Inventum.
1258 5519 1397 5576 Ante
1442 5527 1556 5575 erat
1585 5518 1688 5575 sibi
1717 5518 2000 5593 ignoratus

399 5612 673 5677 peccator,
699 5605 798 5663 sed
826 5606 991 5662 modo
1021 5606 1194 5664 factus
1239 5607 1558 5665 manifestus
1605 5608 1709 5664 sibi
1736 5608 1999 5681 praevari-

405 5701 575 5751 cator.

2172 4638 2344 4694 Vens.
2378 4640 2463 4693 16.
2512 4669 2581 4680 -
2624 4640 2775 4709 Quod
2822 4642 2977 4698 enim
3029 4658 3242 4716 operor.
3292 4642 3509 4709 Probat,
3560 4645 3711 4717 quod

2101 4742 2289 4782 servus
2318 4734 2401 4781 est
2426 4727 2636 4798 peccati
2670 4746 2683 4783 :
2716 4728 2842 4800 quia
2871 4729 3019 4802 quod
3064 4746 3260 4802 Operor
3288 4733 3590 4789 secundum
3621 4751 3711 4790 ex.

2100 4814 2352 4871 teriorem
2382 4815 2702 4872 dimittendo
2721 4817 2866 4873 bona
2886 4819 2972 4875 vel
2991 4818 3242 4877 faciendo
3257 4820 3420 4889 mala,
3458 4822 3711 4897 intelligo

2100 4904 2404 4959 secundum
2447 4904 2766 4961 interiorem
2813 4923 2923 4962 non
2968 4924 3093 4964 esse
3151 4910 3510 4980 operandum.
3570 4912 3711 4969 Vere

2099 5006 2295 5062 Operor
2326 4993 2473 5064 quod
2516 5009 2624 5050 non
2673 4993 2939 5069 intelligo,
2990 4996 3115 5068 quia
3162 5006 3216 5053 et
3262 4998 3473 5053 dimitto
3501 4999 3712 5055 bonum

2101 5080 2247 5152 quod
2276 5080 2420 5149 volo,
2463 5090 2516 5137 et
2547 5081 2685 5139 facio
2713 5083 2918 5140 malum
2940 5085 3086 5158 quod
3105 5085 3252 5141 nolo.
3277 5088 3399 5144 Non
3421 5090 3708 5162 intelligo.

2100 5167 2242 5236 Quia
2268 5168 2413 5225 aliud
2443 5170 2602 5227 video
2630 5189 2718 5228 me
2748 5190 2848 5244 per
2877 5173 3056 5246 legem
3076 5174 3239 5243 scire,
3259 5183 3313 5231 et
3334 5175 3480 5231 aliud
3512 5192 3708 5250 agere.

2102 5257 2221 5314 Non
2271 5260 2425 5316 enim
2471 5261 2612 5334 quod
2656 5262 2776 5319 volo
2824 5262 3049 5330 bonum,
3102 5264 3202 5320 hoc
3254 5282 3379 5338 ago,-
3411 5266 3510 5322 sed
3539 5267 3707 5339 quod.

2100 5345 2383 5415 Subjectus
2414 5357 2657 5418 peccato,
2690 5349 2819 5406 facit
2846 5351 2991 5425 quod
3022 5368 3131 5408 non
3163 5352 3294 5409 vult.
3337 5355 3522 5411 Facio.
3558 5355 3711 5412 Con-

2099 5434 2341 5506 cupisco,
2372 5452 2483 5493 non
2514 5438 2660 5509 quod
2696 5447 2822 5510 post
2865 5440 3357 5513 concupiscentiam
3404 5444 3709 5515 Apostolus

2100 5530 2201 5592 eat,
2233 5532 2286 5580 et
2315 5541 2439 5581 eum
2469 5526 2537 5581 ad
2566 5527 2708 5583 mala
2739 5529 2910 5584 trahat
2944 5547 2956 5584 :
2996 5529 3317 5599 luctabatur,
3366 5548 3475 5587 non
3516 5534 3708 5603 subju-

2098 5612 2325 5711 gabatur
2358 5632 2373 5669 :
2403 5615 2473 5672 de
2500 5631 2561 5672 se
2589 5616 2694 5674 hoc
2721 5616 2818 5673 tibi
2847 5618 3123 5691 proponit,
3156 5636 3227 5676 ne
3263 5620 3333 5677 de
3361 5620 3466 5678 hoc
3493 5621 3708 5695 despe-

2098 5717 2191 5757 res
2218 5708 2274 5757 ill
2304 5708 2375 5759 te.
