3948 6178
232 285 344 340 493
1059 281 1330 339 GLOSSA
1367 281 1777 339 ORDINABIA.
1818 312 1886 325 -—
1921 281 2139 338 EPIST.
2180 281 2276 337 AD
2304 279 2480 339 ROM.
3428 278 3532 335 494

313 406 490 461 Vens.
527 408 615 462 17.
652 434 722 448 -
758 406 919 462 Nune
947 410 1158 463 autem.
1187 407 1310 461 Jam
1339 407 1654 477 redemptus
1689 423 1701 462 :
1727 408 1842 476 jam

1987 427 2074 481 uia
2103 426 2284 482 anima
2312 426 2445 480 Adae
2487 423 2749 496 peccavit,
2780 422 2825 477 si
2855 410 2987 479 vero
3032 423 3207 477 anima
3255 431 3534 494 peccatum

238 502 474 585 accepta
503 494 683 567 gratia
714 494 925 585 Christi
942 494 1036 567 qui
1064 494 1162 550 fuit
1189 503 1314 550 ante
1353 496 1455 550 sub
1492 504 1720 567 peccato
1732 512 1841 585 rve-
1940 494 1997 570 ίξι
2026 533 2084 570 se
2114 515 2356 583 haberet,
2389 494 2553 569 ῃοιξιο
2583 518 2691 568 ηδη
2720 528 2780 567 se
2810 520 3187 585 cognosceret.

238 582 543 639 nundatus.
575 585 696 640 Non
724 600 839 657 ego.
871 584 1069 640 Libera
1099 592 1183 639 est
1210 600 1386 652 mens,
1429 600 1561 641 caro
1600 584 1839 657 captiva.
2015 634 2165 657 πη,
2217 637 2282 657 m
2448 592 2543 657 m3

240 672 497 740 Habitat,
534 679 588 726 et
636 671 683 725 si
721 688 830 727 non
860 672 1251 728 consentiendo
1298 673 1385 740 ei,
1419 673 1550 729 vivit
1598 690 1664 728 ex
1711 673 1839 729 ﬁde.

249 759 396 814 Sunt.
437 759 736 827 desideria,
771 761 867 815 sed
897 760 943 815 si
972 777 1081 816 non
1129 770 1361 835 regnant
1408 760 1525 833 ipse
1544 778 1654 817 non
1692 761 1841 830 facit,

242 846 460 904 faceret
480 856 665 904 autem
693 848 740 904 si
759 848 1224 907 consentiret.Sed
1244 850 1387 923 quod
1408 852 1624 907 habitat
1646 852 1708 906 in
1732 866 1844 906 me.

244 935 544 1006 Quomodo
573 937 801 1006 habitat,
834 954 960 994 cum
988 955 1098 994 non
1127 938 1196 993 sit
1224 939 1527 995 substantia
1546 940 1645 996 sed
1665 939 1847 1010 priva-

246 1024 329 1081 tio
378 1026 561 1082 boni?
588 1028 736 1083 Ecce
785 1027 948 1099 primi
993 1026 1230 1083 hominis
1270 1043 1471 1100 corpus
1524 1035 1847 1098 corruptum

247 1122 335 1170 est
380 1131 482 1186 per
536 1124 846 1187 peccatum.
897 1117 1130 1189 Ipsaque
1177 1117 1456 1188 corruptio
1502 1134 1599 1188 per
1645 1117 1841 1173 condi-

246 1202 461 1259 tionem
489 1202 809 1260 oﬂ‘ensionis
835 1213 1021 1261 manet
1064 1206 1122 1260 in
1150 1222 1405 1277 corpore,
1455 1206 1627 1261 robur
1654 1212 1851 1261 tenens

246 1291 454 1348 divina:
496 1293 779 1348 sententiae
815 1292 958 1349 datae
1005 1294 1064 1348 in
1098 1295 1313 1363 Adam,
1347 1295 1501 1364 cujus
1565 1293 1842 1350 consortio

250 1380 444 1435 anima
489 1381 798 1438 maculatur
825 1390 1071 1454 peccato.

2015 634 2185 689 Vnus.
2217 637 2306 689 23.
2338 662 2408 673 -
2448 632 2604 689 Video
2620 635 2832 687 autem.
2858 631 3046 702 (Αυα.)
3068 630 3150 684 Ad
3172 646 3371 700 corpus
3393 644 3538 684 mor-

1945 721 2012 777 tis
2041 722 2292 793 pertinet,
2325 730 2382 775 ut
2411 720 2495 775 lex
2524 720 2896 774 membrorum
2954 726 3221 791 repugnet
3251 716 3359 788 legi
3389 732 3536 771 men-

1945 808 2013 864 tis
2040 811 2168 864 dum
2196 826 2325 865 caro
2360 809 2625 863 adversus
2652 807 2898 878 spiritum
2929 805 3283 875 concupiscit.
3318 805 3425 859 Sed
3456 805 3541 858 lex

1946 899 2158 970 peccati
2217 914 2328 954 non
2371 905 2595 970 regnat,
2628 912 2753 952 cum
2803 911 2912 950 non
2957 895 3210 950 obeditur
3253 892 3545 948 desideriis

1949 988 2086 1056 ejus.
2118 988 2318 1059 Legem
2360 989 2421 1042 in
2468 987 2753 1041 membris.
2789 985 2955 1040 Recte
3002 982 3177 1038 fomes
3213 982 3423 1052 peccati
3459 982 3545 1036 lex

1949 1076 2148 1132 dicitur
2179 1094 2193 1129 :
2228 1075 2354 1146 quia
2383 1073 2623 1147 legitime
2655 1073 2855 1129 factum
2884 1080 2984 1140 est,
3018 1080 3075 1127 ut
3104 1072 3195 1143 qui
3225 1086 3334 1126 non
3363 1069 3551 1125 obedi-

1950 1165 2027 1221 vit
2056 1180 2157 1219 suo
2188 1164 2472 1235 superiori,
2508 1163 2557 1218 ei
2589 1179 2697 1217 non
2755 1162 2957 1218 serviat
3004 1178 3159 1215 suum
3214 1160 3462 1223 inferius,
3496 1158 3552 1214 id

1954 1262 2036 1310 est
2065 1270 2212 1309 caro.
2250 1253 2561 1325 Captivum.
2596 1252 2676 1305 Ex
2707 1267 2887 1316 carne,
2909 1267 2973 1304 ex
3004 1258 3154 1320 parte
3185 1267 3197 1303 :
3234 1248 3362 1321 quia
3397 1264 3554 1303 mens

1954 1349 2264 1414 repugnat,
2298 1347 2349 1395 et
2397 1340 2805 1396 condelectatur
2853 1338 2963 1411 legi
3007 1339 3127 1393 Dei.
3180 1338 3270 1393 Sic
3318 1338 3388 1392 de
3433 1337 3554 1407 ipso

1956 1430 2218 1501 Apostolo
2249 1430 2449 1502 legitur
2480 1448 2493 1483 :
2529 1446 2683 1483 mens
2712 1445 2817 1483 non
2839 1428 3107 1482 consentit
3126 1435 3373 1496 peccato,
3403 1440 3557 1480 mors

1958 1519 2256 1589 contendit,
2288 1536 2445 1573 mens
2476 1534 2584 1573 non
2628 1517 2913 1573 consentit.
2948 1518 3046 1571 Est
3077 1516 3133 1569 in
3160 1532 3247 1570 me
3298 1515 3560 1586 quiddam

1958 1617 2254 1673 mortuum,
2286 1607 2546 1679 quiddam
2577 1607 2759 1663 vivum
2795 1623 2809 1660 :
2843 1604 2976 1677 quid
3007 1604 3133 1659 inde
3173 1604 3505 1675 sperandum
3534 1602 3563 1658 τ

322 1487 498 1543 Vnus.
537 1492 622 1542 l8.
673 1519 743 1529 —
777 1489 919 1545 Nam
948 1490 1107 1545 velle.
1150 1489 1303 1546 Velle
1350 1506 1461 1546 non
1492 1506 1506 1546 :
1541 1488 1669 1563 quia
1716 1488 1856 1546 velle

249 1574 467 1632 bonum
512 1576 729 1645 adjacet
774 1577 941 1644 mihi,
994 1576 1121 1649 quia
1141 1578 1298 1648 juxta
1344 1594 1569 1635 carnem
1612 1578 1759 1647 jacet
1805 1584 1860 1634 et

248 1664 509 1736 quiescit,
542 1664 814 1736 impotens
843 1681 1075 1739 surgere
1123 1666 1194 1721 ab
1239 1667 1444 1722 bonum
1493 1666 1855 1737 operandum.

245 1718 461 1810 ius}
496 1718 904 1826 senatus.
934 1718 1021 1809 ἔεὶ
1046 1718 1455 1827 iussisset;
1484 1718 1859 1811 suam;
1879 1764 1933 1823 Β
1978 1812 2012 1827 Δ
2032 1723 2205 1825 Υελε·
2236 1724 2420 1827 94;:-
2438 1720 2906 1827 ’?[?’f-E-,,N°P}f{
2932 1728 3144 1827 ωθῖξίθξ
3168 1718 3558 1827 δεξῗίέξλξξιτέῗς

250 1858 356 1915 per
386 1842 680 1909 rationem,
716 1843 814 1898 sed
843 1842 952 1899 tale
982 1851 1064 1898 est
1092 1844 1198 1899 hoc
1247 1844 1388 1900 velle
1414 1887 1428 1912 ,
1462 1843 1609 1917 quod
1645 1859 1865 1915 semper

253 1931 308 1986 vi
337 1931 529 1988 carnis
559 1938 886 2003 superatur:
911 1931 1052 1988 velle
1090 1940 1273 1987 autem
1312 1932 1413 1989 Dei
1441 1949 1665 1989 carnem
1695 1949 1865 2004 supe-

254 2028 370 2076 rat.
408 2020 575 2077 Velle.
598 2019 748 2077 Bona
768 2027 893 2075 sunt
923 2038 1044 2093 qum
1058 2020 1213 2091 jubet
1231 2021 1319 2076 lex
1338 2064 1351 2089 ,
1377 2021 1518 2077 adeo
1546 2028 1605 2078 ut
1640 2029 1858 2077 natura-

256 2108 411 2175 liter,
444 2116 589 2165 amet
628 2108 892 2166 etfacere
930 2108 1095 2178 velit,
1142 2110 1240 2167 sed
1286 2109 1441 2166 deest
1486 2109 1662 2166 virtus
1704 2109 1871 2182 perﬁ-

250 2197 461 2254 ciendi.

338 2287 512 2343 Velle.
546 2286 736 2358 (Αυσ.)
767 2286 997 2358 Semper
1026 2287 1202 2343 bonus
1230 2286 1344 2343 vult
1363 2286 1580 2360 penitus
1599 2304 1711 2343 non
1736 2303 1868 2345 con-

253 2374 572 2446 cupiscere,
614 2374 713 2430 sed
761 2391 1045 2447 nunquam
1095 2376 1202 2432 hoc
1247 2374 1461 2448 perlicit
1516 2376 1573 2431 in
1600 2377 1705 2433 hac
1734 2375 1865 2433 vita.

331 2464 635 2533 Per/icere.
666 2464 791 2519 Non
820 2463 895 2519 ait
923 2463 1127 2531 facere,
1153 2464 1250 2519 sed
1281 2464 1569 2536 perficere,
1603 2465 1732 2538 quia
1760 2480 1870 2520 non

256 2552 397 2609 nihil
431 2551 582 2609 facit.
632 2552 760 2625 Agit
799 2552 1003 2608 bonum
1038 2569 1049 2608 :
1085 2553 1214 2625 quia
1261 2554 1719 2626 concupiscentiae
1761 2570 1871 2609 non

257 2640 536 2699 consentit
560 2661 574 2708 ;
607 2641 706 2696 sed
733 2657 844 2697 non
873 2640 1086 2712 perficit
1116 2649 1174 2696 ut
1201 2642 1424 2698 omnino
1466 2659 1576 2699 non
1606 2641 1871 2714 concupi-

257 2739 402 2798 scat,
435 2729 516 2787 sic
546 2737 599 2786 et
641 2729 814 2786 hostis
843 2730 957 2804 agit
998 2730 1225 2799 malum,
1257 2731 1391 2786 dum
1426 2740 1610 2787 movet
1647 2732 1873 2787 deside-

256 2821 430 2888 rium,
462 2818 562 2876 sed
578 2834 691 2876 non
710 2817 941 2891 perﬁcit,
973 2820 1105 2892 quia
1133 2836 1244 2876 non
1264 2820 1533 2892 pertrahit
1553 2820 1624 2876 ad
1642 2821 1869 2878 malum.

332 2927 506 2983 Vnus.
529 2929 615 2982 l9.
638 2955 710 2968 —
727 2927 843 2983 Non
874 2928 1029 2983 enim
1047 2927 1190 3000 quod
1209 2926 1351 2984 volo.
1374 2927 1584 2983 Bonum
1604 2928 1874 2999 perficere

261 3031 379 3072 non
416 3014 669 3082 invenio,
721 3014 849 3087 quia
876 3030 980 3072 nec
1027 3015 1232 3071 bonum
1282 3013 1419 3070 illud
1449 3016 1596 3088 quod
1638 3016 1786 3072 nolo.
1829 3018 1876 3070 A

1972 1811 2104 1881 Quis
2151 1828 2241 1867 me
2294 1811 2550 1867 liberabit
2582 1815 2604 1866 ?
2632 1809 2981 1864 Liberabitur
3027 1824 3152 1865 cum
3199 1807 3431 1863 mortale
3459 1807 3566 1862 hoc

1965 1899 2154 1956 induet
2183 1898 2662 1965 immortalitatem,
2682 1898 2775 1953 ubi
2809 1897 2959 1953 nulla
2978 1896 3421 1968 concupiscentia
3441 1911 3568 1967 per-

1966 1998 2227 2054 manebit.

2037 2114 2211 2169 Vnus.
2244 2117 2333 2170 25.
2366 2143 2435 2153 -
2465 2114 2646 2185 Igitur
2676 2128 2771 2184 ego
2798 2110 3066 2185 ipse.‘llic
3092 2108 3286 2165 tertius
3323 2117 3476 2166 actus
3515 2107 3572 2161 in

1969 2202 2093 2275 lege
2122 2202 2362 2273 Spiritus.
2412 2201 2521 2257 Sed
2569 2200 2697 2272 quia
2728 2200 2857 2256 dicit
2905 2199 3085 2271 gratia
3115 2215 3174 2253 se
3222 2214 3344 2253 esse
3370 2197 3573 2253 libera-

1968 2298 2105 2358 tum,
2139 2307 2207 2344 ne
2238 2289 2360 2362 quis
2408 2296 2622 2360 torpeat
2652 2304 2900 2357 securus,
2952 2287 3110 2360 quasi
3154 2294 3437 2358 peccatum
3465 2302 3575 2341 non

1972 2379 2114 2434 ultra
2144 2385 2359 2444 noceat,
2389 2376 2713 2432 determinat
2742 2376 3014 2448 quomodo
3045 2376 3113 2430 sit
3154 2375 3408 2430 liberatio
3444 2374 3492 2429 si
3520 2374 3576 2429 in

1970 2467 2147 2541 gratia
2175 2466 2451 2521 manserit.
2488 2465 2743 2537 Alioquin
2771 2471 3055 2536 peccatum
3085 2464 3280 2518 iterum
3331 2478 3576 2535 oecupa-

1974 2555 2070 2610 bit.
2103 2557 2210 2628 Ego
2242 2557 2379 2628 ipse.
2412 2554 2535 2627 Ego
2564 2554 2618 2607 in
2648 2568 2832 2622 carne,
2856 2568 2962 2625 ego
2983 2552 3037 2606 in
3057 2560 3239 2607 mente
3272 2569 3284 2605 :
3318 2566 3427 2605 non
3444 2550 3576 2637 duo,

1975 2651 2073 2706 sed
2119 2666 2259 2706 unus
2306 2666 2373 2707 ex
2418 2656 2684 2723 utroque;
2716 2657 2897 2705 mente
2928 2664 3039 2704 non
3086 2646 3387 2714 consentio,
3412 2662 3579 2703 carne

1976 2739 2327 2811 concupisco.

2508 2890 2734 2947 CAPUT
2782 2889 2904 2945 VIII
2921 2930 2933 2944 .

2053 3033 2220 3089 Vens.
2250 3034 2301 3087 l.
2350 3060 2420 3071 —
2457 3032 2613 3088 Nihil
2660 3032 2838 3103 igitur
2882 3048 3057 3087 nunc.
3109 3029 3228 3086 Etsi
3269 3038 3396 3086 ante
3421 3074 3435 3099 ,
3473 3045 3584 3087 non

260 3112 424 3177 parte
455 3118 489 3159 a
517 3119 627 3177 qua
656 3103 836 3158 minus
880 3103 1160 3160 videretur
1204 3104 1462 3171 ostendit,
1496 3104 1596 3160 sed
1624 3113 1867 3161 econtra-

1982 3136 2122 3176 nunc
2155 3140 2168 3175 :
2202 3135 2327 3175 cum
2357 3120 2412 3174 in
2443 3120 2681 3176 Christo.
2715 3122 2871 3176 Nihil
2908 3120 3314 3176 damnationis.
3348 3118 3454 3189 Qui
3483 3136 3585 3191 per

261 3195 351 3249 rio
379 3192 609 3258 malum,
657 3192 787 3264 quia
816 3191 981 3248 etiam
1027 3192 1164 3248 illud
1212 3192 1361 3264 quod
1415 3192 1544 3248 nolo
1569 3236 1583 3259 ,
1616 3200 1724 3250 etc.
1759 3192 1878 3260 Vel,

262 3298 381 3338 non
406 3279 630 3337 invenio
678 3281 902 3350 bonum,
936 3280 1066 3353 quia
1102 3296 1214 3338 non
1262 3288 1346 3337 est
1391 3281 1489 3336 ibi.
1532 3280 1687 3336 Multi
1735 3280 1881 3336 enim

265 3369 423 3426 stulti
451 3386 563 3426 non
590 3369 874 3425 inveniunt
919 3370 1123 3426 bonum
1151 3370 1208 3425 in
1253 3369 1442 3442 aliqua
1498 3385 1582 3438 re,
1616 3370 1762 3443 quod
1793 3378 1882 3425 ta-

267 3476 400 3515 men
430 3467 516 3515 est
558 3459 653 3515 ibi.

340 3547 537 3620 (Auo.)
565 3546 728 3603 Aliud
758 3555 842 3604 est
870 3563 981 3603 non
999 3547 1414 3619 concupiscere,
1439 3546 1590 3603 aliud
1609 3554 1733 3618 post
1756 3563 1884 3603 con.

266 3636 643 3708 cupiscentias
670 3652 802 3717 gues
829 3652 941 3692 non
967 3636 1070 3692 ire.
1101 3637 1228 3692 Non
1263 3636 1659 3707 concupiscere
1685 3678 1699 3703 ,
1756 3652 1881 3690 om-

266 3726 399 3781 nino
445 3723 676 3796 perfecti
720 3732 842 3792 est;
889 3734 1015 3797 post
1066 3724 1541 3797 concupiscentias
1586 3739 1718 3779 suas
1770 3740 1883 3780 non

267 3814 371 3882 ire,
403 3814 697 3886 pugnantis
741 3822 844 3882 est,
893 3813 1148 3871 luctantis
1177 3821 1279 3870 est.
1312 3814 1417 3871 Ubi
1444 3813 1621 3870 fervet
1666 3828 1877 3886 pugna,

271 3918 445 3976 quare
486 3902 815 3973 desperatur
856 3903 1086 3959 victoria
1104 3904 1133 3959 ?

341 4029 512 4085 Vnus.
531 4031 623 4087 20.
647 4056 718 4068 —
736 4027 797 4084 Si
823 4032 1037 4095 autem,
1071 4035 1176 4084 etc.
1210 4025 1500 4083 Concludit
1539 4025 1879 4097 superiorem

271 4117 598 4175 sententiam
629 4134 644 4172 :
677 4131 813 4189 ergo
840 4132 946 4188 ego
974 4133 1085 4177 non
1113 4131 1318 4187 Operor
1346 4115 1504 4184 illud,
1537 4115 1745 4171 scilicet
1764 4129 1879 4168 ma-

270 4206 401 4274 lum,
435 4222 503 4262 ex
532 4221 643 4279 quo
671 4204 825 4276 prior
855 4205 1086 4278 questio
1107 4204 1474 4275 concluditur,
1501 4204 1709 4259 scilicet
1730 4202 1878 4275 quod

272 4295 541 4352 consentit
560 4294 674 4367 legi
694 4294 820 4349 Dei.
840 4294 946 4349 Sed
964 4294 1110 4367 quod
1130 4294 1348 4350 habitat
1366 4296 1431 4349 in
1446 4310 1537 4349 me
1554 4296 1873 4365 peceatum.

272 4385 504 4440 Pressus
533 4390 764 4456 peccato
794 4382 912 4452 ejus
958 4382 1294 4438 voluntatem
1337 4381 1467 4438 facit
1512 4381 1659 4453 quod
1696 4389 1877 4435 tamen

270 4480 350 4528 est
409 4471 542 4529 vitio
598 4471 852 4527 hominis.
886 4471 1003 4528 Hoc
1060 4470 1209 4540 dicit,
1242 4478 1302 4526 ut
1345 4478 1494 4527 notet
1548 4470 1619 4526 de
1650 4468 1866 4542 quantis
1893 4474 1945 4538 Ῑ)

273 4562 421 4618 Deus
449 4560 730 4617 hominem
750 4560 910 4616 eruit.

344 4667 516 4724 Vsus.
538 4671 628 4726 21.
653 4696 723 4709 --
740 4668 969 4723 Invenio
988 4666 1182 4739 igitur.
1208 4665 1430 4721 Dixerat
1450 4666 1632 4739 legem
1652 4665 1868 4730 bonam,

272 4762 521 4813 naturam
550 4756 753 4812 bonam
780 4771 902 4828 qum
929 4754 1077 4811 idem
1108 4754 1225 4811 vult
1253 4762 1307 4810 et
1353 4754 1403 4810 ei
1437 4754 1707 4811 consentit
1738 4768 1752 4808 :
1784 4752 1873 4809 hic

269 4845 518 4917 adjungit
544 4846 748 4901 bonam
776 4845 960 4918 legem
1006 4844 1165 4900 bona;
1201 4851 1405 4900 natura:
1433 4843 1756 4913 adjutricem
1781 4862 1795 4908 ;
1819 4849 1873 4897 et

272 4944 452 4991 tamen
501 4934 741 4991 exterior
785 4935 952 4990 homo
990 4934 1281 5002 conjuncta
1325 4932 1421 4988 illa
1449 4932 1559 4988 duo
1589 4932 1754 4988 vincit
1777 4949 1791 4985 :
1815 4938 1874 4985 ut

272 5025 436 5080 homo
466 5038 569 5096 per
593 5031 852 5079 neutrum
879 5038 1045 5096 posse
1076 5021 1313 5079 evadere
1353 5022 1563 5089 videns,
1604 5018 1872 5077 obnoxius

276 5113 343 5167 sit
358 5111 577 5186 gratia.
609 5113 840 5169 Valenti.
868 5111 1101 5167 Tantum
1133 5127 1148 5166 :
1182 5110 1311 5185 quia
1329 5109 1598 5182 perﬁcere
1614 5124 1726 5164 non
1744 5124 1872 5179 pos-

276 5217 415 5269 sum,
436 5201 564 5274 quia
582 5200 787 5256 malum
806 5200 1007 5257 rationi
1027 5215 1201 5273 prope
1221 5206 1321 5269 est,
1346 5198 1608 5254 insidians
1628 5197 1686 5252 in
1704 5211 1873 5253 carne

276 5299 356 5346 est
402 5289 565 5362 quasi
599 5290 670 5345 ad
689 5290 888 5360 januas
932 5289 1129 5345 animai
1151 5331 1166 5357 ,
1198 5296 1252 5344 et
1279 5287 1426 5344 aliud
1474 5285 1620 5360 cogit
1665 5284 1868 5353 facere,

275 5394 438 5451 quam
458 5377 572 5435 vult
598 5379 763 5434 homo
792 5387 849 5433 et
873 5377 982 5434 lex.

346 5486 516 5541 Vnus.
547 5488 617 5543 22
647 5515 718 5526 -
744 5484 1065 5541 Secundum
1108 5485 1462 5540 interiorem.
1503 5482 1696 5554 (Am)
1733 5480 1875 5551 Quia

279 5588 404 5630 caro
432 5590 503 5630 ex
532 5574 710 5629 Adam
738 5573 1045 5629 traducitur
1072 5580 1361 5643 peccatum
1396 5571 1453 5626 in
1499 5588 1559 5627 se
1605 5571 1792 5637 habet,
1827 5569 1874 5625 si

282 5663 457 5721 anima
485 5662 887 5733 traduceretur,
918 5669 973 5718 et
998 5661 1056 5718 in
1081 5660 1204 5734 ipsa
1235 5660 1510 5718 habitaret
1537 5667 1825 5733 peccatum
1857 5675 1871 5715 :

1982 3210 2216 3283 gratiam
2248 3208 2591 3279 baptismatis
2618 3217 2671 3264 et
2709 3208 2988 3265 lavacrum
3032 3208 3461 3281 regenerationis
3489 3224 3585 3264 so-

1982 3299 2130 3353 lutus
2154 3306 2236 3353 est
2262 3306 2316 3353 et
2346 3297 2466 3369 ipsc
2496 3306 2700 3363 reatus,
2736 3314 2863 3354 cum
2884 3313 2991 3371 quo
3012 3313 3135 3353 eras
3153 3306 3330 3368 natus,
3355 3305 3409 3353 et
3429 3297 3586 3370 quid-

1981 3386 2111 3458 quid
2132 3394 2257 3442 ante
2286 3386 2623 3442 commisisti.

2053 3476 2246 3547 (Αυα.)
2275 3476 2391 3530 Etsi
2434 3476 2639 3531 habent
2686 3474 2960 3531 desideria
3007 3475 3191 3532 carnis
3240 3475 3438 3549 quibus
3476 3491 3587 3531 non

1981 3564 2346 3633 consentiunt,
2380 3571 2507 3633 etc.,
2541 3580 2713 3637 usque
2733 3564 2806 3619 ad
2834 3564 2931 3619 sed
2962 3564 3065 3619 hoc
3095 3565 3299 3619 bonum
3340 3563 3470 3621 fecit
3497 3580 3585 3621 re-

1980 3652 2283 3726 generatio.

2051 3767 2223 3821 Vans.
2257 3770 2310 3822 2.
2341 3795 2411 3805 —
2438 3766 2555 3820 Lex
2584 3766 2739 3821 enim
2787 3766 3045 3838 spiritus.
3088 3764 3188 3820 Hic
3216 3765 3454 3820 ostendit
3482 3781 3585 3837 per

1980 3854 2112 3927 quid
2140 3854 2317 3926 gratia
2358 3853 2569 3920 liberet,
2613 3853 2820 3909 scilicet
2847 3869 2949 3925 per
2991 3853 3247 3925 Spiritum
3309 3861 3579 3921 sanctum,

1981 3945 2107 4015 quia
2138 3945 2232 3999 lex
2253 3944 2508 4015 spiritus.
2546 3944 2644 3997 Est
2675 3942 2894 4013 spiritus
2921 3950 3142 3998 sanctus
3162 3942 3255 4015 qui
3274 3943 3433 3998 docet
3450 3942 3581 4015 quid

1979 4033 2048 4088 sit
2074 4032 2368 4104 agendum,
2401 4039 2455 4087 et
2484 4031 2613 4102 quid
2642 4046 2771 4098 non,
2805 4032 2896 4104 qui
2929 4039 3011 4087 est
3041 4032 3197 4087 dator
3224 4030 3369 4098 vitae,
3391 4040 3445 4087 et
3474 4032 3582 4089 hoc

1977 4138 2079 4192 per
2124 4121 2397 4176 Christum
2454 4121 2547 4192 qui
2603 4121 2697 4176 dat
2745 4120 3004 4191 Spiritum
3055 4136 3067 4176 :
3118 4128 3171 4177 et
3218 4120 3493 4193 quomodo
3522 4120 3580 4175 in

1978 4219 2192 4274 Christo
2238 4217 2475 4289 exponit.

2050 4361 2219 4416 Vens.
2254 4364 2306 4415 3.
2349 4391 2401 4403 —
2427 4361 2568 4417 Nam
2599 4362 2741 4434 quod
2789 4363 3146 4435 impossibile.
3198 4361 3485 4430 Quomodo
3518 4362 3573 4416 in

1978 4450 2194 4506 Christo
2240 4448 2380 4505 facta
2431 4450 2497 4503 sit
2546 4450 2793 4505 liberalia
2819 4493 2831 4515 ,
2865 4450 3118 4505 ostendit.
3170 4453 3279 4506 Per
3315 4467 3568 4506 carnem.

1977 4541 2081 4595 Per
2127 4538 2535 4605 carnalitatem,
2571 4556 2693 4610 quae
2755 4538 3074 4605 rebellabat,
3123 4546 3175 4593 et
3221 4538 3402 4593 audita
3447 4538 3572 4610 lege

1973 4627 2207 4699 amplius
2236 4636 2317 4683 est
2355 4627 2613 4693 incitata;
2646 4627 2725 4683 sic
2753 4625 3025 4681 infirmata
3054 4636 3136 4680 est
3155 4627 3241 4681 lex
3263 4627 3456 4684 littera:
3474 4645 3572 4699 per

1972 4733 2217 4784 carnem,
2252 4724 2306 4771 et
2347 4716 2470 4771 idco
2508 4723 2626 4771 erat
2656 4715 2706 4770 ei
2744 4714 3079 4786 impossibile
3121 4715 3359 4771 liberare
3389 4732 3419 4770 a
3448 4717 3571 4788 lege

1973 4806 2182 4877 peccati
2231 4813 2284 4861 et
2330 4804 2539 4860 mortis.

2044 4922 2254 4977 Filium
2283 4937 2450 4975 suum
2480 4920 2734 4975 mittens.
2757 4918 2949 4991 (Αυσ.)
2995 4920 3117 4974 Non
3146 4919 3237 4973 ubi
3265 4934 3375 4975 non
3404 4927 3523 4975 erat
3556 4936 3568 4976 :

1976 5009 2069 5081 qui
2116 5009 2318 5082 ubique
2347 5016 2448 5076 est,
2500 5015 2628 5075 etc.,
2652 5024 2824 5081 usque
2844 5008 2917 5064 ad
2953 5007 3082 5079 quia
3109 5006 3338 5064 visibilis
3365 5008 3569 5065 mundo

1975 5097 2242 5170 apparuit.

2047 5214 2111 5268 In
2132 5212 2591 5277 similitudinem,
2625 5219 2729 5267 etc.
2761 5212 2885 5267 Non
2934 5211 2987 5265 in
3036 5226 3259 5267 carnem
3304 5212 3573 5283 peccatri-

1976 5318 2130 5368 cem;
2164 5300 2287 5372 quia
2316 5316 2423 5356 non
2454 5317 2580 5355 eum
2608 5307 2781 5355 mater
2819 5300 3263 5371 concupiscentia
3310 5302 3409 5356 sed
3436 5316 3572 5374 gra-

1978 5391 2049 5445 tia
2078 5389 2343 5461 concepit.
2395 5390 2518 5444 Non
2564 5389 2833 5460 peccatrix
2880 5405 3016 5462 ergo
3065 5388 3181 5457 fuit,
3216 5389 3340 5461 quia
3390 5406 3490 5444 nec
3519 5388 3575 5442 in

1978 5480 2220 5535 libidinis
2250 5478 2689 5548 concupiscentia
2738 5486 3019 5548 concepta,
3054 5494 3155 5533 nec
3196 5477 3406 5548 peccati
3437 5491 3572 5530 cau-

1981 5585 2094 5623 sam
2116 5568 2172 5622 in
2201 5584 2260 5623 se
2284 5568 2486 5634 habuit,
2519 5583 2620 5623 nec
2667 5566 2720 5621 in
2750 5564 2815 5622 ea
2857 5566 3121 5637 peccavit.
3158 5567 3218 5619 In
3254 5578 3418 5636 poena
3439 5578 3575 5634 ergo

1981 5657 2173 5713 similis
2203 5665 2433 5725 nostrae,
2464 5671 2573 5712 non
2601 5655 2657 5711 in
2703 5654 2961 5728 qualitate
2988 5652 3219 5726 peccati.
