3964 6180
376 270 480 325 495

953 266 1357 322 WALAFRIDI
1396 264 1637 322 STRABI
1676 264 1878 320 FULD.
1908 259 2083 318 MON.
2125 258 2284 316 OPP.
2324 258 2501 317 PARS
2538 259 2581 314 Ι.
2621 288 2691 301 -
2727 257 3199 316 THEOLOGICA.

3576 260 3678 312 {.96

453 393 522 447 Et
552 390 618 447 de
634 393 884 463 peccato.
918 389 1133 461 (Οιιια.)
1166 392 1282 445 Hoc
1310 396 1392 444 est
1425 407 1439 443 :
1472 390 1576 444 Per
1593 389 1831 444 hostiam
1853 401 1975 442 car-
1996 384 2052 445 A
2080 383 2169 440 vel
2196 391 2385 440 nostro
2422 401 2436 439 :
2471 384 2620 456 quod
2648 390 2830 440 tamen
2858 399 2968 440 non
2995 391 3099 450 est,
3117 381 3223 437 nisi
3255 386 3456 454 agente
3476 378 3679 450 Spiritu

380 478 468 534 nis
498 495 610 534 sum
641 494 805 551 quam
835 479 1028 534 obtulit
1062 478 1116 531 in
1146 493 1245 533 ara
1283 477 1481 547 crucis,
1535 475 1811 531 damnavit
1838 490 1977 547 pec-

381 576 583 637 catum,
616 575 669 622 et
697 568 763 623 ad
793 568 1018 622 nihilum
1047 567 1260 639 redegit
1288 566 1343 620 in
1374 581 1540 622 carne
1571 581 1688 622 sua.

454 658 776 713 Damnavit.
810 657 870 711 Id
909 664 990 711 est
1032 654 1302 710 dextruxit
1350 654 1645 720 diabolum,
1678 654 1734 708 id
1764 660 1847 709 est
1875 669 1977 724 pro

383 753 611 816 peccato
643 745 789 816 quod
818 744 945 799 facit
972 744 1027 797 in
1057 759 1223 799 carne
1264 740 1484 798 Christi.
1537 743 1635 798 Vel
1663 750 1973 814 peccatum,

383 833 440 888 id
470 820 554 888 est
573 832 811 888 fomitem
840 832 1227 903 procedentem
1257 832 1326 888 de
1356 839 1582 903 peccato
1601 832 1734 889 Adae
1753 832 1978 887 damna-

383 921 476 989 vit,
509 921 565 976 id
586 929 667 977 est
695 920 1011 977 debilitavit.

456 1036 627 1092 Vsus.
649 1037 700 1091 4.
724 1064 793 1075 --
827 1037 891 1094 Ut
925 1037 1284 1108 justiﬁcatio.
1315 1037 1395 1091 Ita
1441 1036 1726 1091 damnatur
1771 1047 1975 1106 pecca-

384 1131 500 1179 tum
528 1140 629 1196 per
663 1122 938 1179 Christum
979 1132 1037 1179 ut
1059 1124 1266 1194 justitia
1316 1141 1483 1197 quam
1519 1125 1608 1181 lex
1636 1123 1811 1197 Moysi
1840 1138 1976 1195 pro-

379 1212 527 1267 misit
557 1220 1051 1269 consummaretur.

459 1330 630 1385 νεεδ.
664 1332 716 1385 5.
749 1360 819 1371 —
850 1330 957 1397 Qui
984 1330 1137 1385 enim
1156 1330 1466 1387 secundum
1494 1346 1747 1387 carnem.
1771 1328 1977 1384 Ambu-

386 1418 506 1472 lans
536 1419 836 1474 secundum
867 1433 1087 1474 carnem
1114 1434 1225 1473 non
1254 1427 1336 1472 est
1370 1419 1566 1488 justus,
1600 1418 1728 1490 quia
1756 1433 1859 1474 nec
1887 1417 1979 1489 qui

381 1514 465 1561 est
505 1507 807 1562 secundum
867 1523 1008 1562 eam.
1060 1508 1169 1562 Cur
1211 1508 1368 1562 non?
1415 1507 1543 1578 quia
1590 1506 1830 1562 carnalia
1877 1522 1979 1576 pro

294 1582 303 1585 ’
383 1596 610 1650 summis
641 1596 798 1651 bonis
830 1594 1181 1666 concupiscit,
1232 1596 1379 1667 quod
1422 1604 1692 1667 repugnat
1732 1594 1975 1665 justitiae.

456 1685 628 1740 Vnus.
662 1688 713 1739 6.
733 1715 799 1725 —
820 1685 962 1740 Nam
985 1684 1314 1757 prudentia.
1351 1684 1456 1752 Qui
1484 1685 1602 1741 haec
1640 1700 1763 1756 qua:
1791 1684 1977 1740 carnis

2075 480 2285 529 sancto.

2146 588 2316 642 Vnus.
2369 590 2435 643 14
2460 629 2473 643 .
2514 617 2585 628 -
2628 589 2910 661 Aguntur.
2962 587 3212 658 Aguntur
3240 584 3408 651 dicit,
3440 599 3553 639 non
3580 599 3673 639 re-

2084 694 2307 759 guntur.
2341 686 2471 741 Plus
2501 694 2584 741 est
2620 685 2763 741 enim
2791 685 2881 759 agi
2912 700 3078 756 quam
3106 684 3228 756 regi
3260 700 3272 738 :
3306 683 3396 755 agi
3425 683 3572 738 enim
3591 682 3677 737 di-

2088 775 2260 831 cimus
2286 775 2549 847 aliquem,
2575 774 2733 846 quasi
2760 774 2847 830 vix
2890 773 3095 844 aliquid
3116 780 3400 846 agentem;
3434 771 3568 843 regi.
3584 787 3677 825 au-

2093 867 2203 914 tem
2233 858 2388 930 quasi
2412 859 2528 928 jam
2558 858 2764 930 aliquid
2793 865 3069 931 agentem,
3101 855 3193 928 qui
3211 855 3336 911 ideo
3363 854 3596 928 regitur,
3623 862 3680 910 ut

2087 963 2236 1012 recte
2265 963 2414 1028 agat.
2449 955 2560 1011 Sed
2586 963 2845 1029 aguntur,
2879 970 2990 1009 non
3019 953 3165 1026 quod
3192 952 3326 1007 nihil
3346 968 3448 1023 per
3468 967 3548 1019 se,
3581 950 3679 1006 sed

2088 1044 2256 1115 quod,
2288 1051 2348 1098 ut
2374 1042 2582 1115 aliquid
2626 1051 2812 1117 agant,
2844 1042 3050 1113 impetu
3089 1040 3282 1115 gratiae
3310 1038 3677 1112 impelluntur.

2158 1132 2345 1202 (AUG.,
2380 1131 2478 1186 lib.
2511 1133 2578 1188 de
2614 1133 2841 1205 Correp.
2874 1135 2930 1187 et
2962 1131 3142 1196 Grat.,
3174 1145 3223 1186 c.
3255 1127 3337 1200 2.)
3364 1128 3488 1185 Non
3519 1144 3580 1183 se
3605 1127 3681 1183 ita

2076 1236 2181 1291 que
2210 1219 2400 1275 fallant
2430 1219 2525 1293 qui
2554 1220 2744 1276 dicunt
2777 1235 2789 1275 :
2823 1220 2890 1276 Ut
2907 1219 3040 1292 quid
3057 1217 3235 1287 nobis,
3258 1224 3389 1284 etc.,
3413 1232 3589 1290 usque
3608 1215 3681 1271 ad

2076 1308 2358 1380 accepisse
2390 1325 2449 1365 se
2478 1308 2777 1382 gaudeant.

2152 1416 2319 1469 Vens.
2356 1418 2439 1470 15.
2474 1446 2543 1455 -
2572 1417 2693 1472 Νοη
2723 1416 2878 1470 enim
2907 1415 3225 1487 accepistis,
3262 1421 3367 1469 etc.
3402 1411 3522 1467 Filii
3554 1427 3679 1468 esse

2078 1503 2320 1570 debetis,
2348 1520 2458 1559 non
2488 1504 2652 1569 servi,
2688 1503 2816 1575 quia
2834 1519 2944 1558 non
2966 1501 3257 1573 accepistis
3284 1501 3535 1572 spiritum
3567 1516 3680 1555 ser-

2078 1590 2261 1647 vitutis
2296 1608 2308 1646 :
2343 1591 2435 1662 qui
2462 1592 2663 1648 invitos
2693 1592 2889 1647 timore
2917 1606 3093 1663 pinna
3123 1588 3330 1646 servire
3350 1589 3531 1644 faciat.

2149 1680 2254 1736 Sed
2281 1681 2580 1753 accepistis
2610 1681 2881 1753 spiritum
2911 1680 3249 1752 adoptionis.
3292 1678 3441 1733 Idem
3464 1684 3549 1732 est
3568 1676 3678 1748 spi-

379 1781 506 1828 sunt
564 1773 724 1844 sapit,
774 1788 885 1828 non
933 1745 1015 1828 est
1055 1773 1268 1842 justus;
1300 1745 1428 1828 nam
1472 1745 1762 1844 prudentia
1791 1772 1970 1828 carnis
1990 1745 2045 1806 Β
2076 1767 2235 1836 ritus,
2271 1770 2370 1824 sed
2396 1745 2875 1840 prOpterdiversa
2904 1745 3075 1840 opera
3117 1766 3454 1823 dissimiliter
3482 1745 3677 1838 appel—

378 1878 530 1918 mors
559 1870 661 1917 est.
701 1864 821 1918 Vita
859 1866 915 1918 et
939 1879 1081 1935 pax.
1114 1862 1236 1917 Vita
1266 1862 1487 1934 quidem
1514 1861 1583 1916 ad
1611 1861 1669 1916 id
1713 1861 1965 1931 relatum,

380 1951 617 2023 affectus
646 1953 839 2006 carnis
867 1967 1057 2019 mors;
1088 1966 1196 2021 pax
1225 1959 1407 2006 autem
1437 1950 1507 2005 ad
1537 1950 1593 2004 id
1624 1950 1771 2022 quod
1792 1949 1976 2022 sequi—

376 2047 464 2095 tur
496 2055 509 2094 :
541 2039 777 2111 affectus
808 2042 1001 2095 carnis
1030 2040 1342 2095 inimicitia
1373 2044 1459 2095 est
1496 2040 1567 2094 ad
1599 2040 1797 2095 Deum.

448 2128 620 2183 Vnus.
641 2130 694 2182 7.
727 2158 796 2168 -
820 2127 1094 2195 Quoniam
1121 2129 1406 2200 sapientia
1448 2128 1661 2184 carnis.
1686 2127 1816 2184 Haec
1845 2142 1977 2183 enu-

382 2217 648 2272 merando
672 2217 909 2272 deterret
948 2232 981 2271 a
1025 2216 1207 2273 carnis
1252 2215 1584 2271 obedientia.

451 2304 691 2362 Inimica
721 2309 824 2361 est.
859 2306 1000 2361 Dum
1028 2305 1101 2359 nil
1132 2312 1282 2376 putat
1321 2306 1497 2361 Deum
1542 2320 1726 2376 posse,
1776 2312 1977 2376 praeter

375 2395 521 2466 quod
551 2394 608 2448 in
637 2394 847 2449 naturis
877 2410 1062 2449 rerum
1091 2394 1325 2449 videtur.

449 2491 621 2548 Vsus.
656 2495 707 2547 9.
752 2522 822 2532 —
863 2492 922 2548 Si
971 2496 1186 2548 tamen.
1226 2491 1498 2564 Ambigue
1548 2490 1806 2562 loquitur,
1849 2490 1977 2562 quia

379 2574 624 2631 nondum
652 2583 777 2629 sunt
805 2574 1063 2646 perfectae
1083 2574 1229 2642 ﬁdei,
1269 2575 1365 2629 sed
1389 2590 1515 2645 spes
1532 2582 1616 2629 est
1634 2572 1972 2644 perﬁciendi-

376 2664 624 2737 Spiritus
654 2665 774 2719 Dei.
810 2663 1038 2735 Spiritus
1069 2663 1289 2729 Christi,
1327 2663 1457 2735 quia
1484 2662 1631 2718 idem
1679 2670 1764 2717 est
1796 2660 1975 2733 Spiri—

371 2759 460 2808 tus
489 2752 590 2808 Dei
620 2760 672 2807 et
701 2752 934 2823 Spiritus
982 2752 1204 2808 Christi.

452 2859 624 2915 νεεδ.
651 2859 813 2913 40.-
837 2859 1045 2930 Corpus
1075 2858 1319 2931 quidem.
1355 2857 1587 2912 Nomine
1606 2856 1856 2928 corporis
1876 2857 1974 2911 ho-

371 2955 574 3011 minem
615 2963 787 3011 totum
836 2954 1125 3027 significat,
1179 2955 1319 3011 sicut
1367 2954 1621 3009 Ezechiel
1669 2969 1969 3010 econverso

375 3044 596 3100 nomine
625 3044 837 3111 animm,
898 3059 1021 3098 cum
1057 3042 1229 3115 inquit
1260 3043 1505 3098 :Anima
1550 3059 1670 3115 quae
1694 3044 1967 3115 peccavit,

2083 1855 2228 1912 latur
2258 1873 2271 1913 :
2298 1857 2534 1929 Spiritus
2554 1858 2654 1913 irae
2677 1857 2943 1931 Egyptiis
2963 1856 3181 1923 dicitur,
3197 1855 3396 1927 quibus
3415 1871 3561 1927 aqua
3580 1853 3684 1926 spi-

2075 1944 2183 2001 ritu
2203 1945 2380 2002 divisa
2399 1946 2774 2002 nocuit.Filius
2794 1946 2962 2002 Israel
2990 1962 3100 2002 non
3117 1943 3315 2001 dicitur
3335 1945 3453 2015 irae,
3476 1943 3677 2016 quibus

2079 2047 2221 2106 aqua
2231 2034 2410 2091 divisa
2419 2035 2640 2107 profuit.
2658 2034 2892 2106 Spiritus
2913 2033 3124 2089 timoris
3141 2042 3241 2103 est,
3261 2033 3347 2088 his
3366 2033 3461 2106 qui
3480 2049 3583 2104 per
3601 2031 3674 2088 le-

2076 2137 2225 2194 gem,
2258 2124 2326 2179 de
2355 2124 2597 2195 peccatis
2626 2132 2679 2180 et
2698 2139 2799 2178 sua
2818 2122 3131 2178 inﬁrmitate
3161 2122 3416 2189 convicti,
3439 2120 3679 2195 gratiam

2079 2210 2304 2282 spiritus
2358 2229 2471 2269 non
2512 2212 2906 2286 intelligebant.
2967 2212 3200 2283 Spiritus
3249 2210 3518 2266 libertatis
3560 2209 3680 2280 ejus

2076 2314 2245 2370 opere
2295 2300 2414 2357 istis
2462 2301 2659 2374 quibus
2708 2299 3052 2374 regeneratio
3096 2300 3152 2355 in
3200 2299 3365 2355 vitam
3408 2306 3679 2355 aeternam

2077 2402 2130 2449 et
2158 2385 2315 2457 ﬁdes,
2350 2407 2472 2461 quae
2491 2406 2591 2461 per
2607 2389 2956 2445 dilectionem
2975 2396 3256 2461 operatur,
3278 2388 3552 2459 impertita
3570 2395 3675 2443 est.

2079 2483 2231 2539 Unus
2280 2495 2418 2553 ergo
2449 2479 2672 2550 spiritus
2727 2478 2819 2550 qui
2861 2478 2998 2533 duos
3046 2477 3269 2533 timores
3299 2476 3447 2534 facit.
3482 2476 3589 2546 Qui
3620 2483 3675 2531 et

2074 2571 2184 2626 duo
2214 2585 2424 2644 genera
2465 2583 2750 2623 servorum
2797 2566 3021 2623 faciunt.
3054 2566 3154 2620 Est
3184 2565 3328 2621 enim
3359 2560 3554 2621 servus
3584 2564 3679 2637 qui

2076 2667 2129 2715 et
2195 2657 2358 2725 ﬁlius,
2404 2657 2496 2729 qui
2527 2656 2679 2711 timet
2728 2655 3025 2711 Dominum
3076 2662 3131 2710 et
3167 2655 3403 2710 honorat
3431 2663 3699 2726 patrem;

2073 2748 2219 2804 unde
2266 2745 2563 2802 Malachias
2600 2763 2613 2800 :
2646 2745 2705 2801 Si
2748 2746 3022 2801 Dominus
3054 2760 3200 2812 sum,
3248 2744 3343 2800 ubi
3363 2748 3447 2800 est
3499 2745 3672 2799 timor

2072 2853 2230 2893 meus
2255 2840 2278 2892 ?
2315 2836 2373 2891 Si
2398 2838 2581 2907 pater,
2616 2834 2711 2889 ubi
2750 2837 2837 2889 est
2863 2834 3057 2889 Ito-mor
3085 2836 3288 2888 meus?
3317 2831 3579 2904 (Malach.
3605 2833 3667 2902 ι).

2070 2925 2141 2979 Ει
2170 2931 2256 2980 est
2285 2939 2479 2978 servus
2510 2922 2602 2993 qui
2631 2921 2786 2977 timet
2812 2938 3049 2992 poenam,
3083 2921 3181 2976 sed
3210 2936 3320 2976 non
3348 2919 3526 2993 diligit
3550 2920 3676 2989 jus-

2072 3013 2266 3069 titiam.
2300 3014 2368 3067 Et
2390 3011 2519 3083 quia
2539 3011 2608 3066 de
2630 3010 2914 3065 timoribus
2946 3009 3005 3064 ﬁt
3040 3009 3265 3076 mentio,
3290 3008 3575 3065 sciendum
3595 3016 3682 3064 est

373 3141 479 3188 etc.
504 3133 573 3187 Et
602 3147 798 3185 sensus
831 3139 912 3185 est
947 3148 960 3185 ε
998 3131 1052 3185 Si
1092 3097 1315 3201 spiritus
1355 3097 1639 3185 Christi‘in
1682 3097 1839 3185 vobis
1869 3138 1970 3201 est,
2001 3102 2050 3165 Ο
2072 3110 2275 3201 Praeter
2304 3100 2613 3201 na‘Eralem
2638 3106 2912 3201 ῖιτηίῇιῗθπξν
2945 3116 3037 3170 (Ιω
3065 3098 3318 3201 οιξιηιδυε
3348 3104 3510 3196 me?“
3546 3113 3684 3201 q‘fa'

369 3221 497 3277 licet
525 3235 724 3291 corpus
754 3227 1048 3285 mortuum,
1081 3219 1138 3275 id
1167 3227 1250 3274 est
1294 3221 1457 3275 homo
1505 3227 1752 3274 mortuus
1810 3218 1971 3274 fuerit

366 3317 595 3380 propter
623 3316 867 3378 peccata,
898 3308 955 3362 id
986 3315 1067 3363 est
1097 3307 1153 3362 in
1202 3307 1470 3379 peccatis,
1505 3308 1728 3379 spiritus
1760 3316 1967 3375 tamen,

374 3398 434 3453 id
465 3405 549 3453 est
586 3396 769 3452 anima
820 3414 943 3469 quae
989 3396 1167 3452 fuerat
1212 3397 1398 3468 impia,
1453 3396 1585 3453 vivit
1618 3413 1630 3452 :
1665 3397 1794 3469 quia
1830 3398 1966 3467 Deo,

371 3485 465 3558 qui
494 3493 577 3541 est
606 3485 735 3552 vita,
763 3486 1030 3559 jungitur,
1055 3494 1106 3541 et
1125 3486 1229 3541 hoc
1252 3493 1477 3557 prOpter
1499 3484 1961 3555 justiﬁcationem,

368 3575 425 3629 id
455 3581 535 3629 est
563 3582 917 3645 peccatorum
946 3574 1346 3644 remissionem,
1383 3592 1506 3647 qua:
1536 3583 1619 3630 est
1652 3591 1718 3630 ex
1765 3574 1968 3645 Spiritu

369 3671 576 3719 sancto.
610 3664 909 3729 Mortuum,
944 3663 1037 3731 ait,
1069 3679 1179 3719 non
1222 3663 1473 3719 mortale.
1508 3665 1646 3719 Ante
1685 3671 1969 3734 peccatum

375 3751 521 3806 enim
561 3766 763 3823 corpus
808 3753 1072 3819 animale,
1107 3752 1163 3807 id
1194 3760 1277 3809 est
1326 3752 1554 3808 mortale
1598 3751 1726 3821 fuit,
1760 3752 1969 3808 scilicet

372 3847 568 3911 potens
614 3840 775 3896 mori.
828 3841 937 3896 Sed
984 3841 1129 3913 quod
1177 3857 1288 3897 non
1335 3857 1564 3898 necesse
1612 3848 1731 3895 erat
1776 3839 1965 3896 mori:

370 3929 534 3984 modo
579 3937 855 3985 mortuum
902 3929 1100 3985 dicitur
1154 3938 1381 4000 prOpter
1427 3937 1709 4000 peccatum
1733 3971 1747 3997 ,
1780 3928 1838 3984 id
1886 3936 1970 3984 est

372 4026 519 4097 quod
539 4033 622 4080 est
642 4041 869 4082 necesse
891 4026 1050 4081 mori.
1073 4029 1309 4097 Pr0pter
1343 4031 1643 4098 peccatum
1664 4026 1965 4095 vitandum,

367 4122 682 4169 reservatur
711 4115 829 4170 haec
858 4113 1167 4181 infirmitas,
1198 4122 1257 4169 ut
1300 4114 1497 4170 exinde
1526 4129 1762 4185 peccare
1788 4114 1970 4188 magis

371 4200 579 4256 timeat.

438 4307 611 4363 νεεδ.
645 4310 731 4362 11.
777 4338 846 4347 -
887 4307 1039 4375 Quod
1086 4310 1137 4364 si
1182 4309 1449 4381 Spiritus.
1503 4308 1696 4380 (AUG.)
1735 4309 1968 4364 Attende

368 4397 513 4468 quod
543 4395 778 4468 Spiritus
807 4404 1046 4463 sanctus,
1081 4405 1210 4464 etc.,
1246 4414 1416 4470 usque
1460 4397 1532 4453 ad
1563 4397 1703 4455 sicut
1721 4405 1775 4453 et
1794 4414 1964 4470 gene-

370 4486 638 4541 rationem
667 4485 788 4541 Filii
808 4486 930 4559 quis
952 4486 1233 4541 enarrabit
1256 4487 1284 4541 Ὺ

445 4576 749 4645 Viviﬁcabit
776 4579 834 4632 et
859 4576 1146 4633 mortalia.
1189 4575 1319 4648 (ID.)
1349 4576 1496 4632 Ecce
1528 4582 1756 4648 quartus
1786 4583 1960 4632 actus.

362 4662 425 4718 In
452 4662 630 4735 prima
659 4664 892 4731 actione,
926 4673 1054 4731 etc.,
1087 4680 1262 4738 usque
1300 4664 1373 4719 ad
1401 4665 1526 4736 quia
1576 4680 1677 4721 nos
1707 4663 1961 4736 superio-

364 4766 482 4806 rem
523 4750 681 4805 nobis
725 4752 900 4806 Deum
946 4753 1387 4809 deserueramus.

2072 3199 2196 3246 tuor
2225 3206 2347 3245 esse
2395 3188 2648 3253 timores,
2683 3188 2890 3244 scilicet
2925 3203 2937 3243 :
2970 3187 3322 3256 mundanum,
3374 3186 3467 3258 qui
3496 3186 3680 3241 malus

2073 3286 2158 3334 est
2188 3295 2291 3334 nec
2321 3294 2351 3332 a
2382 3278 2500 3333 Deo
2525 3296 2539 3345 ;
2575 3284 2629 3331 et
2660 3276 2936 3345 servilem,
2970 3276 3063 3347 qui
3091 3276 3269 3330 bonus
3298 3283 3381 3330 est
3410 3275 3674 3344 etaDeo,

2074 3368 2174 3423 sed
2201 3383 2312 3423 non
2340 3374 2423 3422 est
2475 3364 2788 3432 sufﬁciens;
2840 3365 3103 3419 initialem
3127 3408 3141 3431 ,
3176 3364 3268 3435 qui
3305 3365 3483 3418 bonus
3511 3371 3593 3419 est
3622 3371 3679 3419 et

2076 3455 2347 3512 sufﬁciens
2371 3474 2385 3522 ;
2418 3462 2472 3510 et
2500 3462 2729 3527 castum,
2763 3453 2854 3525 qui
2883 3454 3059 3508 bonus
3089 3460 3173 3509 est
3202 3460 3255 3508 et
3272 3452 3582 3523 perficiens,
3604 3452 3677 3507 de

2072 3560 2180 3616 quo
2209 3544 2298 3600 hic
2326 3544 2506 3615 agitur
2530 3560 2544 3598 :
2565 3544 2686 3615 Ipse
2706 3542 2860 3598 enim
2876 3546 3113 3614 generat
3143 3558 3246 3598 nos
3274 3542 3420 3610 ﬁlios
3446 3541 3653 3596 DeiJn

2071 3650 2176 3707 quo
2202 3634 2540 3689 clamamus.
2575 3632 2691 3687 Hoc
2734 3632 2933 3686 iterum
2964 3647 3031 3686 ex
3058 3631 3204 3686 dono
3234 3629 3488 3701 Spiritus,
3524 3628 3678 3700 quod

2069 3722 2145 3777 ita
2172 3738 2274 3777 nos
2304 3721 2431 3778 facit
2462 3722 2704 3777 clamare
2736 3721 2900 3787 Abba,
2927 3720 3224 3787 Hebraice,
3256 3723 3430 3792 pater
3456 3719 3676 3774 Latine.

2070 3818 2217 3873 Abba
2242 3821 2426 3890 pater.
2460 3817 2689 3887 PrOpter
2718 3823 3124 3871 sacramentum
3147 3857 3161 3885 ,
3245 3823 3537 3886 utrumque
3564 3829 3677 3885 po-

2072 3915 2180 3969 suit
2209 3915 2526 3986 Apostolus.
2559 3915 2628 3969 Et
2656 3914 2713 3968 in
2760 3914 3018 3986 passione
3065 3913 3199 3969 dixit
3227 3913 3490 3980 Christus,
3525 3913 3679 3969 Abba

2071 4008 2252 4076 pater,
2279 4003 2409 4074 quia
2436 4002 2685 4060 Ecclesia
2705 4011 2787 4058 est
2817 4004 2886 4058 de
2908 4011 3140 4075 utroque
3160 4003 3383 4074 populo,
3410 4001 3500 4057 cui
3519 4016 3677 4057 com-

2070 4092 2285 4163 patiens
2315 4092 2370 4146 in
2399 4108 2459 4147 se
2490 4092 2729 4147 ostendit
2766 4090 2909 4146 ﬁlios
2939 4093 3055 4161 ejus
3103 4093 3397 4162 (martyres
3427 4090 3676 4161 scilicet)

2069 4197 2180 4236 non
2210 4180 2413 4236 debere
2442 4180 2759 4251 desperare,
2791 4180 2838 4235 si
2868 4196 2978 4252 qua
3016 4188 3263 4252 tempore
3293 4179 3571 4252 passionis
3602 4195 3678 4236 ex

2068 4270 2302 4324 humana
2324 4268 2617 4342 fragilitate
2638 4268 2855 4324 tristitia
2870 4269 3098 4341 irrepat.

2141 4376 2313 4431 Vnus.
2348 4377 2434 4430 16.
2473 4405 2544 4415 -
2582 4374 2733 4443 Quod
2780 4391 2977 4432 sumus
3023 4375 3135 4445 ﬁlii
3170 4375 3289 4431 Dei.
3327 4375 3444 4431 Hoc
3471 4390 3677 4450 recog-

1991 4459 2043 4520 D
2071 4480 2302 4520 noscere
2331 4463 2457 4519 facit
2505 4463 2738 4535 Spiritus
2766 4472 3008 4531 sanctus,
3042 4464 3171 4519 dum
3200 4464 3255 4518 in
3303 4463 3554 4520 Ecclesia
3609 4462 3678 4520 ﬁt

2068 4552 2317 4608 remissio
2339 4560 2693 4623 peccatorum
2717 4572 2731 4620 ;
2757 4568 2922 4625 quam
2942 4552 3045 4608 etsi
3063 4559 3178 4608 tota
3195 4551 3435 4608 Trinitas
3477 4551 3671 4623 faciat,

2064 4642 2134 4697 ad
2183 4640 2443 4712 Spiritum
2493 4648 2741 4697 sanctum
2783 4649 2966 4697 tamen
3011 4640 3332 4713 intelligitur
3366 4640 3673 4712 pertinere,

2062 4729 2192 4801 quia
2223 4730 2529 4786 communis
2546 4738 2628 4784 est
2646 4729 2796 4784 Patri
2824 4738 2878 4785 et
2898 4729 3054 4799 Filio,
3079 4730 3475 4802 amborumque
3497 4729 3629 4784 unio
3655 4749 3673 4797 ;

431 4839 711 4896 Mortalia.
734 4841 857 4894 Non
885 4849 1116 4907 mortua,
1151 4841 1278 4913 quia
1314 4841 1372 4895 in
1398 4840 1802 4897 resurrectione
1832 4856 1956 4897 cum
2061 4834 2163 4889 Per
2193 4833 2367 4913 quam.
2385 4817 2711 4913 ﬁtfgaiftss
2741 4826 2795 4913 ff
2824 4818 3024 4913 ξωίιδεν
3059 4834 3183 4913 ,φη
3210 4817 3475 4874 emam“

360 4928 591 4983 mortale
620 4928 725 4984 hoc
755 4928 941 4982 induet
968 4928 1466 4997 immortalitatem,
1502 4946 1612 4985 non
1641 4930 1821 4985 solum
1850 4946 1953 4985 ne-

358 5016 587 5072 cessitas
615 5016 907 5083 moriendi,
939 5032 1102 5088 quam
1130 5018 1295 5073 modo
1324 5019 1490 5073 habet
1519 5026 1742 5090 propter
1760 5034 1954 5089 pecca-

354 5110 489 5170 tum,
523 5104 622 5160 sed
650 5120 753 5161 nec
780 5104 1083 5160 mortalitas
1103 5148 1116 5172 ,
1155 5121 1320 5177 quam
1349 5106 1540 5161 habuit
1582 5122 1784 5178 corpus
1824 5107 1948 5163 ani-

352 5191 493 5246 male
522 5199 647 5247 ante
675 5201 979 5263 peccatum,
1022 5193 1343 5249 remanebit.

421 5282 659 5353 PrOpter
676 5282 1114 5338 inhabitantem.
1142 5282 1564 5338 Evidentissime
1588 5291 1814 5354 apparet
1833 5299 1945 5340 non

2058 4922 2259 4977 corpus
2278 4906 2424 4963 unici
2444 4906 2567 4961 Filii
2587 4907 2706 4962 Dei.
2742 4907 2934 4963 Unitas
2982 4907 3131 4962 enim
3159 4923 3261 4962 nos
3288 4905 3663 4979 compaginat,

2054 5010 2219 5068 quam
2246 4994 2377 5052 facit
2408 4995 2665 5065 charitas,
2689 5010 2811 5068 quae
2839 5012 2952 5052 non
2978 5003 3063 5052 est
3090 4996 3196 5051 nisi
3226 5011 3261 5051 a
3307 4994 3512 5067 Spiritu
3532 5010 3641 5050 san

2050 5092 2158 5141 cto.
2183 5084 2313 5139 Haec
2341 5083 2613 5154 dicuntur,
2638 5090 2699 5140 ut
2716 5100 2962 5142 amemus
2981 5084 3264 5152 unitatem,
3288 5091 3342 5140 et
3363 5082 3664 5140 timeamus

2048 5171 2472 5245 separationem.

2114 5287 2286 5343 Vatis.
2323 5289 2410 5344 1⁵7.
2444 5318 2515 5328 -
2552 5289 2809 5345 eredes
2854 5288 2971 5344 Etsi
3019 5304 3131 5345 non
3179 5288 3411 5345 decedat
3459 5288 3608 5343 Deus
3631 5330 3651 5358 ,

348 5375 559 5424 tantum
590 5368 821 5440 Spiritus
843 5413 856 5437 ,
891 5371 988 5426 sed
1019 5370 1185 5426 etiam
1230 5371 1480 5443 corporis
1510 5380 1686 5428 morte
1714 5381 1943 5444 propter
2043 5375 2190 5447 quod
2218 5376 2416 5432 dicitur
2462 5377 2716 5433 humanis
2758 5377 2995 5451 legibus.
3036 5378 3137 5435 Vel
3166 5378 3414 5443 decedet,
3444 5385 3502 5432 ut
3531 5393 3650 5433 non

343 5466 631 5529 peccatum
661 5459 936 5514 hominem
966 5460 1253 5531 meruisse,
1288 5469 1340 5516 et
1370 5478 1470 5531 per
1529 5461 1791 5532 Spiritum
1819 5477 1941 5517 san-

340 5553 508 5615 ctum,
544 5555 832 5620 utrumque
861 5548 1152 5603 liberatum
1181 5565 1214 5605 a
1244 5550 1478 5605 Christo.

2040 5463 2285 5520 videatur
2312 5481 2413 5535 per
2442 5467 2724 5537 speculum
2766 5466 2823 5521 in
2851 5466 3139 5540 aenigmate
3185 5466 3324 5523 sicut
3351 5480 3517 5532 nunc,
3543 5466 3653 5523 sed

2037 5550 2173 5609 facie
2208 5552 2283 5608 ad
2318 5552 2535 5610 faciem.
2586 5555 2769 5611 Potest
2806 5555 2970 5611 etiam
2999 5555 3140 5622 dici,
3194 5555 3340 5627 quod
3389 5553 3651 5610 Christus

414 5635 584 5692 Vitas.
617 5640 703 5694 13.
725 5665 797 5679 -
816 5638 876 5694 Si
894 5641 1088 5695 autem
1118 5638 1355 5711 Spiritu.
1378 5638 1479 5695 Vel
1508 5638 1713 5710 Spiritu
1744 5646 1934 5697 sancto
2033 5649 2201 5714 caput
2225 5650 2475 5699 nostrum
2509 5643 2580 5699 ad
2608 5644 2922 5716 passionem
2968 5643 3271 5712 decedens,
3323 5642 3482 5700 nobis
3513 5644 3657 5700 reli-
