3948 6178
273 348 383 402 49³7

1044 404 1055 410 -
1115 346 1387 405 GLOSSA
1423 348 1836 408 ORDINARIA.
1875 381 1946 395 —
1968 351 2188 414 EPIST.
2228 360 2324 415 AD
2355 360 2524 419 ROM.

3477 378 3581 437 498

283 478 403 542 quit
419 470 573 542 pacis
592 469 979 527 ecclesiasticae
1006 472 1410 543 possessionem
1435 516 1449 543 ,
1473 475 1611 531 sicut
1639 476 1757 547 ipse
1772 476 1845 531 ait
1869 495 1882 532 :
1905 476 1962 538 A
1987 480 2110 535 Non
2138 490 2319 540 tamen
2350 487 2571 544 omnino
2598 488 2901 563 ignoratur.
2934 495 3077 553 Nam
3107 496 3153 554 si
3186 500 3401 570 penitus
3421 501 3579 575 igno-

276 562 491 615 Pacem
520 558 793 615 meame
814 560 980 627 vobis,
1010 577 1211 632 pacem
1228 578 1416 618 meam
1444 565 1703 637 relinquo
1732 565 1879 621 vobis
1980 578 2226 641 raretur,
2261 590 2372 629 non
2416 577 2841 637 desideraretur.
2876 584 2942 638 Et
2990 602 3177 642 rursus
3210 589 3257 643 si
3284 558 3580 664 viderEtur,

280 648 471 716 (Joan.
518 648 664 713 xxv).
721 647 963 703 Christus
1021 648 1183 704 etiam
1214 658 1297 705 est
1339 651 1624 707 haereditas
1669 660 1875 709 nostra.

279 736 443 793 Unde
473 754 488 791 :
520 736 792 795 Dominus
816 753 956 809 pars
988 737 1343 795 hcereditatis
1372 756 1513 796 mete
1541 738 1719 811 (Psal.
1752 743 1875 814 xv),

276 831 381 881 etc.

342 914 405 970 Si
434 918 632 970 tamen
674 916 1072 987 compatimur.
1106 912 1433 971 Mortiﬁcare
1481 915 1620 974 facta
1670 918 1872 988 carnis,

268 1002 419 1058 unde
444 1001 555 1058 vita
574 1001 694 1069 erit,
723 1018 885 1058 nemo
916 1010 1094 1074 potest
1123 1002 1241 1060 sine
1268 1002 1538 1076 molestia,
1570 1005 1659 1062 cui
1676 1023 1874 1064 neces-

271 1090 414 1146 saria
446 1098 532 1145 est
559 1090 838 1161 patientia.

322 1179 498 1234 Vnus.
524 1183 611 1234 19.
632 1209 704 1220 —-
725 1180 868 1236 Nam
888 1182 1241 1254 exspectatio
1262 1186 1561 1238 creaturae.
1587 1182 1864 1255 Creatura,

267 1275 397 1322 sunt
442 1268 573 1323 boni
596 1309 611 1336 ,
643 1268 819 1339 quiin
867 1268 1138 1324 creatione
1188 1270 1289 1325 Dei
1335 1279 1597 1341 manent,
1630 1272 1717 1327 vel
1748 1272 1871 1344 quia

266 1362 395 1410 sunt
423 1371 596 1412 causa
622 1356 885 1411 omnium.
911 1357 1201 1428 Corruptio
1232 1365 1318 1412 est
1346 1358 1582 1426 vanitas,
1614 1360 1704 1416 cui
1734 1360 1872 1415 sub-

257 1444 407 1513 jecta
434 1452 520 1499 est
544 1452 808 1500 creatura.
870 1444 1067 1500 Omnia
1096 1445 1241 1501 enim
1291 1463 1412 1519 quin
1458 1457 1752 1504 nascuntur
1792 1450 1874 1506 in-

262 1531 423 1587 ﬁrma
473 1541 527 1589 et
572 1532 939 1604 corruptibilia
971 1541 1098 1588 sunt
1122 1576 1134 1600 ,
1160 1541 1214 1588 et
1242 1550 1343 1606 per
1392 1536 1498 1592 hoc
1526 1552 1663 1593 vana
1699 1553 1713 1592 :
1745 1538 1874 1610 quia

264 1628 471 1675 statum
510 1637 667 1676 suum
694 1629 882 1677 tenere
914 1637 1024 1676 non
1053 1630 1300 1692 possunt.

333 1709 530 1781 (Αυε.)
561 1709 718 1779 Quod
747 1709 839 1776 ait,
872 1727 1010 1767 nam
1049 1713 1418 1783 exspectatio,
1453 1720 1555 1768 etc.
1588 1712 1677 1769 Sic
1705 1713 1868 1769 intel-

263 1796 555 1871 ligendum
584 1806 685 1868 est,
714 1806 772 1853 ut
800 1815 976 1871 neque
1004 1814 1245 1866 sensum,
1280 1808 1382 1856 etc.
1392 1842 1406 1872 ,
1438 1818 1611 1874 usque
1622 1804 1694 1858 ad
1720 1803 1941 1893 labo-B

256 1893 339 1940 rat
382 1895 438 1940 et
487 1887 818 1958 corruptioni
863 1887 1123 1957 subjacet.

328 1974 507 2030 Vsus.
538 1979 627 2032 2ο.
661 2006 730 2016 -
768 1977 888 2032 Non
933 1977 1144 2043 valens,
1179 1984 1283 2033 etc.
1336 1977 1540 2048 Sponte
1600 1980 1866 2049 peccavit,

252 2062 358 2118 sed
390 2079 502 2118 non
528 2071 721 2135 sponte
742 2063 845 2119 fert
863 2080 1100 2135 pcenam,
1125 2066 1271 2137 quod
1294 2065 1578 2135 subjicitur
1598 2065 1822 2123 fallaciae
1850 2087 1863 2123 :

252 2151 357 2207 sed
390 2160 617 2223 propter
651 2153 911 2222 justitiam
943 2160 994 2207 et
1036 2152 1379 2209 clementiam
1410 2154 1524 2223 ejus
1553 2156 1644 2227 qui
1666 2164 1720 2211 et
1739 2172 1867 2227 pec—

251 2248 441 2296 catum
457 2241 643 2327 punit,
676 2249 731 2296 et
760 2257 949 2297 sanare
978 2241 1223 2296 intendit.

327 2329 502 2384 Vsus.
534 2333 623 2385 21.
654 2359 724 2370 -
756 2330 896 2397 Quia
925 2334 979 2385 et
1011 2331 1135 2402 ipsa
1166 2334 1450 2388 creatura.
1484 2330 1678 2404 (ΑΗΘ.)
1705 2333 1866 2389 Modo

251 2432 501 2481 creatura
518 2432 722 2481 tantum
739 2441 862 2481 cum
884 2427 1124 2481 nondum
1154 2424 1388 2482 ﬁliorum
1408 2427 1579 2483 forma
1599 2428 1859 2499 perfecta,

249 2521 395 2579 etc.,
428 2530 603 2588 usque
631 2516 703 2570 ad
723 2515 885 2569 homo
914 2515 1079 2581 enim,
1115 2515 1395 2588 signaculo
1424 2516 1677 2590 imaginis
1698 2518 1862 2573 amis-

244 2618 327 2669 so,
362 2602 621 2658 remansit
642 2645 656 2673 ,
690 2611 891 2658 tantum
920 2611 1180 2659 creatura.

330 2692 705 2748 Liberabitur.
729 2691 1112 2762 Revelabitur,
1146 2700 1426 2765 exspectat
1472 2692 1689 2761 revela;
1726 2695 1859 2750 sub-

251 2779 390 2849 jecit
414 2779 753 2835 liberabitur.
783 2780 909 2835 Haec
952 2780 1136 2835 omnia
1163 2796 1263 2852 per
1291 2781 1570 2852 Spiritum.

320 2868 496 2923 Vsus.
530 2873 619 2925 22.
654 2899 723 2908 -
755 2868 948 2927 Omnis
978 2873 1264 2925 creatura.
1289 2869 1480 2942 (Λυσι.)
1509 2871 1702 2926 Homo.
1729 2869 1860 2927 Om-

248 2956 333 3011 nis
359 2964 611 3012 creatura
639 2965 723 3012 est
768 2957 853 3013 vel
883 2957 1181 3028 corporalis
1201 2999 1217 3023 ,
1251 2965 1355 3014 etc.
1380 2999 1395 3028 ,
1429 2975 1608 3032 usque
1639 2960 1712 3015 ad
1754 2960 1856 3015 etsi

249 3060 363 3101 non
389 3046 445 3099 in
476 3045 729 3103 omnibus
754 3045 1081 3101 hominibus.
1117 3046 1311 3103 Omnis
1343 3051 1632 3105 creatura.
1663 3048 1855 3121 (Amm)

249 3133 443 3189 Omnia
475 3133 740 3189 elementa
769 3149 891 3190 cum
921 3134 1110 3190 labore
1131 3151 1227 3189 sua
1247 3135 1463 3206 explent
1483 3134 1683 3203 ofﬁcia,
1709 3137 1852 3207 quod

1980 658 2275 729 gemitibus
2304 679 2415 718 non
2447 678 2795 736 quaereretur.

2049 748 2373 839 Scrutatur.
2409 752 2638 827 (Anam;
2670 757 2793 813 Non
2822 761 2977 832 quasi
3009 780 3261 835 quaerens
3281 768 3427 839 quod
3455 785 3582 826 nes-

1978 833 2085 890 ciat
2113 838 2198 892 cui
2228 838 2360 894 nihil
2390 850 2473 896 est
2501 845 2788 918 occultum,
2822 833 3176 922 cuique—nota
3205 833 3314 911 est-
3332 858 3579 929 precatio

1976 923 2220 981 omnium
2278 928 2583 1000 spirituum.

2047 1040 2216 1097 Vsus.
2248 1046 2336 1132 22.
2370 1073 2440 1085 -
2469 1048 2689 1105 Scimus
2717 1055 2912 1108 autem
2959 1058 3228 1127 quoniam
3276 1059 3578 1132 diligenti-

1975 1127 2074 1184 bus
2098 1171 2114 1197 ,
2148 1138 2253 1186 etc.
2288 1131 2457 1201 Quasi
2487 1135 2632 1193 dicat
2659 1156 2673 1192 :
2702 1139 2826 1194 Non
2858 1143 3034 1199 solum
3061 1145 3166 1202 hoc
3194 1145 3325 1203 facit
3346 1127 3575 1221 spiritus

1975 1226 2212 1287 sanctus,
2247 1220 2345 1275 sed
2376 1222 2537 1279 etiam
2569 1224 2697 1281 facit
2727 1230 2911 1284 omnia
2949 1232 3304 1305 diligentibus
3355 1254 3414 1294 se
3436 1255 3574 1309 pro-

1971 1306 2158 1362 venire
2198 1307 2254 1361 in
2302 1309 2539 1382 bonum,
2573 1331 2834 1386 prospera
2864 1318 2949 1373 vel
2978 1321 3245 1391 adversa;
3276 1326 3399 1381 talis
3428 1306 3572 1384 enim

1972 1394 2120 1450 Deus
2165 1398 2476 1453 consolatur
2514 1405 2789 1474 prosperis
2813 1447 2826 1474 ,
2875 1418 3088 1465 exercet
3134 1412 3400 1469 adversis.
3436 1416 3572 1473 Pro-

1973 1492 2095 1572 sunt
2155 1501 2290 1558 ergo
2327 1488 2472 1547 mala
2532 1508 2654 1561 qua:
2719 1491 2910 1550 ﬁdeles
2986 1497 3074 1567 pie
3118 1500 3420 1572 perferunt,
3478 1506 3565 1561 vel

1970 1571 2039 1625 ad
2106 1575 2452 1631 emendanda
2540 1578 2655 1635 sive
2734 1580 3000 1638 demenda
3048 1597 3301 1657 peccata,
3349 1591 3436 1647 vel
3500 1594 3568 1649 ad

1971 1662 2326 1717 exercerdam
2356 1665 2798 1741 probandamque
2820 1672 3105 1745 justitiam,
3132 1677 3217 1732 vel
3247 1679 3315 1732 ad
3344 1680 3572 1737 demou-

1971 1836 2151 1891 carnis
2180 1838 2249 1894 de
2295 1850 2524 1911 peccato
2562 1844 2721 1916 primi
2770 1848 3005 1903 hominis
3034 1852 3372 1925 originaliter
3399 1874 3569 1914 vene-

1970 1926 2058 1994 rit,
2093 1936 2275 1982 tamen
2307 1928 2481 1985 bonus
2520 1932 2637 2001 ejus
2664 1951 2795 1989 usus
2840 1937 3264 2009 gloriosissimos
3303 1953 3569 2019 martyres

1969 2012 2114 2069 fecit.
2148 2015 2383 2088 Ideoque
2412 2035 2522 2074 non
2551 2023 2725 2077 solum
2757 2024 2892 2095 ipsa,
2930 2028 3024 2082 sed
3069 2036 3121 2084 et
3140 2031 3323 2087 omnia
3387 2012 3571 2091 saeculi

1968 2103 2109 2157 mala
2139 2104 2385 2160 remissis
2411 2110 2648 2178 peccatis
2688 2128 2974 2171 remanere
3017 2117 3340 2191 debuerunt,
3373 2130 3431 2176 ut
3458 2124 3560 2178 ha-

1967 2190 2117 2246 beret
2147 2193 2310 2249 homo
2338 2211 2459 2250 cum
2492 2199 2687 2269 quibus
2707 2217 2811 2273 pro
2829 2203 3053 2260 veritate
3075 2190 3401 2279 certaret,et
3420 2212 3565 2268 unde

1973 2280 2369 2337 exercitaretur
2396 2284 2566 2340 virtus
2596 2285 2855 2348 ﬁdelium.

2034 2368 2354 2427 Secundum
2396 2377 2769 2446 propositum.
2826 2377 2993 2448 Quasi
3036 2381 3224 2440 dicat:
3257 2384 3416 2455 Quod
3460 2364 3562 2444 vo-

1973 2456 2076 2511 cati
2115 2466 2270 2529 sunt,
2302 2476 2409 2515 non
2439 2462 2657 2519 aliunde
2703 2474 2786 2520 est
2832 2484 2992 2538 quam
3022 2485 3055 2524 a
3084 2473 3574 2547 prmdestinatione,

1963 2545 2086 2600 Dei.
2116 2546 2187 2601 Et
2216 2548 2360 2603 unde
2388 2558 2491 2621 est,
2542 2554 2687 2623 quod
2715 2558 2909 2611 omnia
2955 2565 3330 2630 cooperantur
3358 2566 3421 2620 in
3461 2566 3555 2622 bo-

1961 2659 2103 2699 num
2135 2660 2150 2698 :
2182 2661 2292 2700 non
2323 2662 2391 2702 ex
2419 2648 2629 2705 merito.

2029 2749 2199 2806 Vsus.
2218 2755 2308 2809 29.
2332 2756 2559 2811 -Νατη
2604 2773 2736 2830 quos
2758 2803 2773 2824 ,
2805 2760 2984 2831 Deus,
3014 2764 3469 2835 praedestinavit,
3504 2768 3560 2825 id

1957 2845 2060 2907 est,
2091 2855 2189 2910 per
2217 2842 2525 2912 appositam
2556 2847 2787 2916 gratiam
2806 2851 3130 2922 praeparavit
3144 2861 3203 2909 ut
3224 2854 3393 2910 verbo
3412 2873 3555 2927 pre-

1955 2925 2241 2982 dicationis
2287 2932 2578 2988 crederent
2611 2952 2624 2989 :
2658 2935 2779 2991 illos
2817 2942 3140 3009 praesciuit,
3181 2943 3236 2996 Id
3276 2952 3358 2997 est
3396 2925 3563 3020 longe

1954 3023 2081 3070 ante
2108 3018 2391 3087 pramovit,
2422 3020 2550 3089 ﬁeri
2578 3027 2895 3095 con/armes
2943 3029 3093 3094 Filii,
3129 3029 3222 3100 qui
3249 3039 3332 3086 est
3360 3018 3544 3105 imago

1951 3104 2146 3172 Patris,
2181 3123 2570 3180 usquequaque
2598 3113 2788 3167 eadem
2831 3130 2953 3170 cum
2982 3118 3157 3173 Patre.
3210 3120 3365 3175 Unde
3407 3104 3552 3179 dici-

249 3188 332 3278 est
361 3222 533 3278 nostri
576 3188 739 3279 causa
816 3188 960 3277 unde
1011 3188 1480 3294 quiescentbobis
1526 3188 1846 3297 assumptis;
1875 3188 1926 3252 Ο
1956 3200 2042 3247 tur
2073 3211 2086 3248 ³
2123 3194 2227 3262 Qui
2254 3196 2404 3252 videt
2430 3214 2538 3265 me’
2571 3201 2720 3257 videt
2748 3207 2807 3258 εί
2823 3206 3054 3261 Patrem
3082 3207 3267 3278 (Joan'
3299 3210 3441 3281 xw)‘

249 3319 302 3366 et
331 3310 459 3366 ideo
489 3310 779 3384 diligenter
806 3326 907 3366 nos
934 3327 1204 3382 paremus.

318 3400 662 3471 Inge-miscit.
698 3399 926 3471 Semper
954 3399 1011 3453 in
1058 3400 1161 3455 hoc
1200 3415 1340 3456 nova
1387 3409 1490 3468 est,
1516 3401 1661 3473 quod
1691 3409 1847 3457 nota-

248 3496 334 3543 tur
363 3505 463 3559 per
505 3487 870 3544 inchoativum
915 3488 1159 3555 verbum,
1192 3496 1245 3543 et
1290 3505 1393 3560 pro
1436 3489 1709 3547 desiderio
1738 3506 1842 3562 pa-

245 3577 364 3632 tria
391 3575 649 3631 caelestis.
682 3576 962 3632 Parturit.
1004 3576 1066 3630 Id
1091 3584 1174 3631 est
1218 3576 1383 3633 dolet.

321 3674 496 3746 Usque
525 3674 726 3729 adhuc.
784 3673 976 3744 (AUG.)
1026 3672 1165 3740 Quia
1223 3672 1325 3730 etsi
1374 3673 1568 3746 aliquis
1613 3674 1671 3729 in
1725 3673 1846 3729 sinu

245 3760 481 3817 Abrahae
511 3761 694 3818 dolere
721 3760 945 3827 destitit,
981 3769 1162 3817 tamen
1192 3762 1370 3818 adhuc
1399 3762 1452 3816 in
1482 3762 1567 3817 his
1598 3763 1689 3835 qui
1718 3778 1850 3818 non-

248 3850 375 3904 dum
405 3858 532 3904 sunt
559 3849 791 3915 liberati,
825 3849 1003 3905 omnis
1045 3858 1292 3905 creatura
1336 3850 1665 3924 ingemiscit.

313 3940 484 3995 Vsus.
507 3942 597 3996 23.
632 3969 700 3978 -
729 3939 850 3995 Νοη
890 3940 1091 4006 solum,
1126 3947 1232 3995 etc.
1270 3939 1465 4012 (Λυσι.)
1505 3939 1567 3994 Id
1596 3947 1697 4009 est,
1736 3954 1847 3995 non

246 4027 419 4082 solum
448 4027 504 4082 in
532 4026 749 4082 homine
786 4025 1029 4097 corporis
1054 4068 1068 4095 ,
1103 4028 1203 4082 sed
1230 4035 1283 4082 et
1312 4044 1413 4083 nos
1436 4027 1491 4083 in
1521 4028 1678 4083 nobis
1711 4027 1845 4100 ipsis

244 4125 436 4186 praeter
461 4132 681 4187 corpus,
715 4115 955 4187 exceptis
986 4116 1229 4187 corporis
1274 4116 1555 4172 molestiis.

310 4206 431 4260 Non
460 4206 662 4261 solum.
704 4205 891 4276 (AUG.,
924 4204 989 4259 in
1019 4221 1211 4276 carpas.
1243 4222 1465 4279 propos.
1491 4209 1557 4261 53
1579 4207 1642 4261 in
1674 4206 1839 4277 epist.

236 4293 306 4348 ad
332 4294 514 4363 Rom.)
543 4294 667 4347 Non
699 4293 873 4348 solum
903 4292 1017 4364 ipsa
1038 4310 1159 4365 qua:
1182 4296 1557 4350 tantummodo
1595 4302 1845 4350 creatura

241 4382 433 4437 dicitur
462 4383 517 4437 in
546 4382 874 4449 hominibus,
900 4390 1027 4448 etc.,
1061 4399 1238 4456 usque
1274 4384 1346 4441 ad
1373 4392 1466 4440 aut
1518 4383 1843 4440 sollicitante

241 4471 507 4526 molestia.

2019 3300 2309 3371 Imaginis:
2359 3303 2426 3359 Ut
2472 3313 2752 3375 portemus
2795 3308 3088 3381 imaginem
3113 3314 3370 3385 caelestis,
3401 3316 3541 3373 sicut

1946 3388 2283 3456 portavimus
2328 3390 2623 3465 imaginem
2670 3397 2890 3452 terreni.
2951 3400 3050 3455 Vel
3106 3404 3539 3476 primogenitus.

1948 3474 2087 3543 Quia
2124 3485 2249 3533 ante
2292 3494 2510 3536 omnem
2554 3491 2856 3540 creaturam
2900 3503 3008 3543 non
3039 3487 3209 3545 factus
3257 3474 3355 3547 sed
3380 3503 3537 3550 natus

1947 3571 2048 3632 est,
2082 3572 2136 3619 et
2166 3567 2291 3636 quia
2339 3568 2547 3638 primus
2594 3570 2714 3627 sine
2756 3582 2978 3644 peccato
3023 3586 3180 3633 natus
3204 3623 3216 3644 ,
3251 3588 3307 3635 et
3331 3582 3536 3653 primus

1945 3652 2295 3723 impassibilis
2324 3672 2621 3730 resurgens
2644 3699 2658 3727 ,
2691 3660 2746 3715 in
2776 3677 2885 3732 quo
2914 3663 3075 3719 habet
3107 3665 3324 3724 fratres.
3393 3713 3396 3716 .

2017 3750 2184 3805 Vnus.
2220 3754 2307 3806 30.
2336 3782 2406 3793 —
2443 3755 2677 3811 Vocavit.
2699 3756 2923 3814 Vocatio
2944 3762 3244 3818 exteriorfit
3262 3781 3361 3834 per
3380 3782 3537 3837 pra:-

1943 3837 2214 3894 dicatores
2271 3848 2324 3895 et
2370 3848 2451 3895 est
2520 3845 2823 3900 communis
2880 3846 3147 3904 bonorum
3176 3858 3231 3904 et
3254 3853 3542 3910 malorum.

1945 3926 2174 3982 Interior
2202 3943 2333 3984 vero
2362 3936 2566 3985 tantum
2588 3931 2907 3989 electorum.
2927 3936 3006 3990 De
3027 3938 3281 3993 exteriori
3301 3940 3500 3997 dicitur
3525 3960 3538 3998 :

1943 4017 2105 4071 Multi
2136 4020 2273 4072 sunt
2300 4019 2501 4089 vocati,
2534 4022 2705 4092 pauci
2732 4038 2858 4080 vero
2887 4025 3072 4081 electi.
3105 4026 3400 4084 Vocatione
3432 4029 3541 4085 im-

1944 4104 2125 4174 pletur
2186 4105 2606 4175 praedestinatio.
2658 4110 2866 4166 Vocare
2890 4153 2906 4181 ,
2937 4120 3020 4167 est
3066 4114 3430 4187 cognitionem
3479 4119 3548 4174 de

1945 4191 2052 4248 ﬁde
2081 4192 2337 4262 adjuvare
2368 4196 2454 4252 vel
2504 4212 2873 4272 compungere
2912 4217 3036 4256 eum
3065 4219 3228 4274 quem
3256 4204 3415 4261 faciat
3440 4223 3542 4262 au-

1944 4279 2084 4350 dire,
2134 4289 2186 4337 et
2233 4283 2339 4339 hoc
2385 4291 2469 4338 est
2516 4285 2811 4343 electorum
2860 4296 3086 4345 tantum.
3137 4294 3533 4363 Magniﬁcavit.

1943 4369 2060 4425 Hoc
2088 4370 2158 4424 de
2186 4371 2455 4441 prmscitis
2474 4414 2489 4443 ,
2521 4375 2590 4429 de
2638 4375 2758 4430 aliis
2785 4392 2894 4433 non
2919 4420 2932 4447 ,
2965 4380 3056 4451 qui
3085 4380 3189 4435 etsi
3216 4381 3286 4436 ad
3332 4389 3542 4454 tempus

1943 4457 2168 4512 credant
2193 4466 2247 4514 et
2285 4459 2414 4515 boni
2451 4461 2735 4519 videantur
2758 4507 2771 4534 ,
2805 4474 2988 4521 tamen
3018 4468 3141 4540 quia
3185 4485 3293 4524 non
3320 4487 3541 4541 perma-

306 4570 604 4625 Primitias
634 4571 892 4642 spiritus.
946 4572 1005 4626 Id
1054 4580 1172 4638 est,
1204 4588 1431 4644 quorum
1468 4573 1579 4642 jam
1610 4571 1838 4644 spiritus

1965 4554 2094 4612 1ent,
2129 4562 2236 4602 non
2257 4548 2693 4622 magnificantur.
2748 4554 3142 4625 Magniﬁcavit,
3167 4556 3253 4613 vel
3282 4560 3540 4630 magniﬁ-

236 4656 388 4728 quasi
419 4657 473 4711 in
505 4656 841 4715 sacrificium
873 4660 1037 4715 oblati
1071 4669 1196 4716 sunt
1231 4662 1375 4729 Deo,
1410 4670 1463 4718 et
1492 4663 1676 4719 divino
1706 4664 1841 4719 cha-

237 4745 409 4799 ritatis
442 4744 571 4816 igne
617 4748 887 4803 succensi.
950 4749 1340 4822 Adeptione-m.
1364 4752 1430 4807 Ut
1458 4765 1655 4823 corpus
1682 4752 1842 4806 etiam

237 4832 563 4890 beneﬁcium
594 4834 903 4907 adoptionis
931 4837 1181 4910 accipiat,
1212 4848 1264 4895 et
1295 4856 1360 4895 ex
1391 4840 1539 4896 omni
1564 4850 1714 4913 parte
1746 4840 1841 4896 filii

238 4922 336 4977 Dei
366 4922 498 4977 sint.

308 5010 481 5065 Vsus.
527 5012 616 5068 24.
646 5043 716 5054 -
744 5013 847 5086 Spe
896 5018 1068 5072 enim.
1102 5018 1230 5074 Ideo
1285 5018 1413 5074 dicit
1442 5027 1499 5073 ut
1528 5019 1701 5088 majus
1727 5035 1841 5075 me-

236 5098 394 5154 ritum
442 5099 561 5170 spei
606 5100 853 5156 videatur
885 5112 937 5160 et
965 5105 1088 5161 ideo
1125 5098 1327 5163 debeat
1388 5108 1617 5163 salvare.

306 5188 555 5260 Spiritus
571 5190 805 5261 adjuvat
822 5193 1246 5262 inﬁrmitatem.
1270 5196 1461 5267 (Λυσι.)
1493 5196 1630 5267 Quia
1677 5197 1838 5270 inge-

237 5275 519 5333 miscimus
548 5285 601 5332 et
628 5279 864 5348 petimus
878 5281 915 5336 li
930 5283 1128 5352 berari,
1166 5285 1263 5340 sed
1285 5300 1355 5340 ne
1375 5286 1460 5341 vel
1480 5293 1604 5341 ante
1624 5294 1840 5358 tempus

236 5365 319 5421 vel
349 5366 624 5422 contrarie
652 5375 926 5439 petamus,
962 5372 1195 5443 Spiritus
1222 5374 1458 5443 adjuvat.
1509 5374 1668 5444 Quod
1716 5382 1838 5431 ora-

242 5453 313 5508 tio
340 5454 611 5525 impetrat,
646 5456 848 5512 donum
878 5460 979 5515 Dei
1008 5469 1091 5516 est
1137 5462 1437 5531 evidenter,
1489 5464 1585 5520 sed
1613 5472 1665 5521 et
1680 5481 1838 5521 orare

246 5550 324 5614 est
351 5559 417 5597 ex
460 5543 661 5614 gratia.

315 5613 483 5669 Vsus;
524 5618 614 5671 26.
664 5645 733 5655 —
789 5618 1291 5679 Inenarrabilibus.
1351 5623 1637 5693 Quomodo
1694 5627 1837 5682 enim

246 5709 617 5770 enarraretur,
654 5705 872 5776 quando
922 5708 1287 5779 desideratur,
1320 5714 1466 5784 quod
1510 5714 1838 5788 ignoratur?

1945 4635 2093 4689 cabit
2118 4651 2131 4689 :
2160 4636 2265 4691 hoc
2307 4645 2489 4692 autem
2536 4637 2774 4695 futurum
2805 4650 2914 4712 est,
2948 4644 3045 4699 sed
3074 4644 3270 4701 dicitur
3294 4648 3542 4718 praeteri-

1941 4730 2057 4777 tum
2089 4740 2103 4779 :
2138 4724 2261 4796 quia
2291 4724 2487 4781 dicitur
2514 4728 2660 4782 Deus
2699 4728 2895 4786 fecisse
2924 4748 3045 4804 qua;
3088 4734 3157 4787 ab
3196 4742 3400 4790 aeterno
3429 4736 3542 4791 dis-

1941 4811 2121 4881 posuit
2164 4811 2389 4882 facere;
2418 4816 2563 4871 unde
2610 4817 2817 4872 Isaias:
2852 4818 2957 4886 Qui
2988 4823 3130 4893 fecit
3174 4839 3295 4895 qua
3336 4826 3538 4895 futura

1941 4904 2079 4957 sunt
2117 4902 2246 4971 (Isa.
2296 4903 2473 4975 κων).
2525 4904 2742 4961 Talibus
2770 4907 2950 4961 omnia
2995 4908 3051 4963 in
3104 4910 3333 4981 bonum,
3376 4913 3536 4969 etiam

1942 4989 2087 5059 quod
2131 4988 2374 5056 deviant,
2406 4999 2462 5045 ut
2509 4990 2637 5047 inde
2680 4994 2950 5049 cautiores
2983 4997 3089 5051 sint
3118 5040 3132 5065 ,
3166 5008 3219 5054 et
3250 5000 3306 5054 in
3335 5015 3393 5056 se
3425 5018 3535 5057 non

1939 5074 2293 5132 conﬁdentes.
2331 5078 2466 5133 Sunt
2495 5079 2583 5136 hic
2610 5090 2842 5152 quatuor
2877 5094 3170 5141 memorata
3204 5104 3217 5142 :
3249 5089 3539 5159 praedesti-

1939 5164 2107 5234 natio,
2158 5166 2391 5233 vocatio,
2430 5167 2762 5237 justiﬁcatio,
2812 5171 3199 5245 magniﬁcatio.
3248 5177 3425 5232 Unum
3454 5187 3538 5234 est

1939 5252 1993 5306 in
2025 5255 2169 5319 Deo,
2205 5263 2257 5309 et
2286 5254 2387 5309 tria
2429 5256 2486 5310 in
2514 5258 2691 5313 nobis.
2742 5260 3148 5318 Prtedestinatio
3177 5264 3323 5320 enim
3349 5274 3539 5323 nostra

1939 5357 2049 5397 non
2078 5342 2133 5396 in
2164 5343 2327 5398 nobis
2348 5352 2449 5413 est,
2491 5346 2589 5400 sed
2617 5346 2674 5400 in
2707 5348 2921 5405 occulto
2959 5352 3103 5421 apud
3130 5352 3307 5423 ipsum
3337 5354 3391 5409 in
3421 5355 3538 5425 ejus

1939 5431 2302 5501 praescientia.
2335 5431 2463 5487 Tria
2492 5449 2625 5489 vero
2653 5435 2863 5508 reliqua
2892 5438 2946 5493 in
2969 5439 3126 5495 nobis
3147 5451 3288 5497 sunt.

2012 5546 2180 5601 Vnus.
2229 5549 2315 5601 31.
2350 5578 2418 5587 -
2439 5547 2498 5603 Si
2521 5550 2668 5605 Deus
2690 5568 2793 5624 pro
2822 5554 2999 5611 nobis.
3044 5554 3234 5627 (AUG.)
3254 5557 3402 5612 Deus
3442 5571 3541 5627 pro

1940 5634 2099 5690 nobis
2130 5643 2185 5690 ut
2216 5635 2627 5706 prmdestinaret
2665 5655 2765 5695 nos
2812 5650 2938 5697 ante
2968 5660 3128 5715 quam
3159 5660 3403 5698 essemus
3424 5688 3444 5711 ,
3474 5654 3534 5701 ut

1940 5731 2159 5779 vocaret
2189 5740 2289 5781 nos
2325 5740 2450 5780 cum
2480 5727 2658 5783 aversi
2689 5744 2954 5798 essemus,
2984 5738 3039 5785 ut
3072 5732 3204 5799 justi
3220 5730 3402 5787 ﬁcaret
3440 5748 3540 5789 nos
