3964 6180
410 320 512 375 499

412 458 537 499 cum
582 447 899 514 peccatores
947 453 1229 506 essemus,
1263 443 1314 490 et
1357 431 1687 505 glorificaret
1732 444 1834 485 nos
1882 444 2003 484 cum
2031 428 2092 491 Α

412 531 670 588 mortales
721 545 984 610 essemus.

486 644 655 698 Vnus.
691 645 862 699 32.-—
882 638 1157 694 Tradidit.
1190 634 1399 691 Dicitur
1429 633 1532 689 hoc
1560 631 1689 704 quia
1718 629 1877 685 Pater
1907 637 2009 683 tra-

416 731 554 788 didit
600 730 791 790 Filium
816 771 829 795 ,
862 742 1052 782 verum
1097 730 1286 780 auctor
1312 722 1500 779 calicis
1537 720 1697 790 hujus
1734 724 1818 774 est
1847 717 2011 773 etiam

415 822 536 894 ipse
557 820 648 892 qui
666 817 818 873 bibit.
840 815 996 872 Unde
1016 811 1311 885 Apostolus
1335 830 1348 866 :
1376 812 1632 868 Christus
1653 809 1867 865 dilexit
1884 823 2006 874 nos,

418 915 475 966 et
503 908 745 967 tradidit
763 906 1129 977 semetipsum
1150 918 1252 976 pro
1272 902 1427 957 nobis
1448 899 1666 973 (Ephes.
1700 897 1775 970 v).
1801 898 1858 953 Si
1874 911 2010 969 ergo

419 1001 577 1055 Pater
604 996 798 1052 Filium
826 992 1077 1058 tradidit,
1112 1000 1163 1046 et
1192 990 1360 1046 Filius
1390 989 1648 1059 seipsum,
1682 987 1846 1041 Judas
1881 985 2010 1057 quid

424 1087 552 1149 fecit
584 1086 614 1142 τ
660 1086 818 1140 Pater
860 1080 1124 1136 tradendo
1168 1079 1379 1142 Filium,
1424 1078 1565 1133 bene
1605 1076 1730 1132 fecit
1772 1095 1786 1143 ;
1845 1074 2011 1129 Filius

420 1170 684 1227 tradendo
744 1168 1004 1238 seipsum,
1073 1165 1212 1219 bene
1280 1162 1405 1219 fecit
1467 1180 1481 1228 ;
1540 1160 1706 1215 Iudas
1790 1158 2011 1213 traden-

416 1263 487 1317 do
541 1259 863 1331 magistrum
906 1271 1004 1327 pro
1054 1253 1300 1321 avaritia,
1344 1251 1485 1306 male
1528 1249 1673 1305 fecit.
1710 1249 1834 1303 Non
1868 1248 2013 1302 enim

420 1349 567 1424 quod
596 1347 755 1402 nobis
782 1345 1082 1418 praestitum
1114 1351 1196 1397 est
1225 1341 1294 1396 de
1322 1340 1575 1412 passione
1605 1338 1826 1403 Christi,
1850 1337 2013 1392 mali-

417 1440 506 1495 tiae
524 1437 678 1493 Iudae
706 1433 1089 1505 deputabitur;
1123 1429 1345 1485 habebit
1390 1428 1479 1483 ille
1506 1426 1821 1482 mercedem
1851 1425 2005 1480 mali-

419 1529 529 1595 tiae,
563 1525 812 1580 Christus
840 1522 1058 1578 laudem
1085 1519 1296 1594 gratiae.
1339 1518 1560 1573 Omnia.
1593 1516 1768 1571 Minus
1800 1524 1882 1570 est
1909 1531 2014 1570 no-

419 1618 504 1672 bis
534 1615 717 1671 omnia
746 1613 905 1677 dare,
938 1626 1103 1682 quam
1131 1607 1303 1663 nostri
1339 1622 1506 1662 causa
1532 1605 1695 1660 morti
1742 1604 2017 1659 Christum

417 1706 648 1762 tradere.
684 1703 870 1774 Itaque
899 1699 1082 1755 omnia
1113 1697 1414 1769 superiora,
1447 1694 1655 1751 scilicet
1683 1694 1830 1749 Deus
1860 1692 2016 1747 trini-

1012 309 1413 368 WALAFRIDI
1443 306 1686 363 STRABI
1716 304 1916 362 FULD.
1949 301 2121 360 MON.
2156 299 2309 357 OPP.
2348 299 2526 357 PARS
2554 299 2598 353 Ι.
2638 328 2700 339 -
2730 294 3198 353 THEOLOGICA.

3604 294 3700 348 500

2181 423 2371 496 tAUG.)
2400 422 2534 480 Tam
2562 420 2806 494 perfecta
2833 421 2922 477 hic
2968 419 3063 476 ﬁlii
3112 419 3405 476 eminentia
3449 417 3702 475 declara-

2109 529 2218 589 tur,
2233 528 2361 591 etc.,
2387 536 2560 593 usque
2580 519 2651 575 ad
2684 536 2696 574 :
2730 519 3000 574 Mediator
3013 518 3114 574 Dei
3134 521 3191 574 et
3207 517 3520 584 hominum,
3546 516 3703 571 homo

2114 612 2369 668 Christus
2398 611 2557 666 Jesus
2593 609 2758 679 (Tim.
2805 606 2887 678 ιι).

2181 726 2351 781 Vnus.
2387 727 2438 779 6.
2471 754 2542 765 -
2570 725 2690 780 Non
2716 726 2913 778 autem
2935 722 3077 795 quod
3105 720 3402 778 exciderit.
3437 719 3705 776 Consola-

2109 821 2198 869 tur
2228 813 2475 869 dolorem
2507 828 2663 867 suum
2683 810 2993 882 Apostolus.
3019 809 3152 879 Quis
3174 810 3317 865 enim
3335 809 3565 883 plangat
3585 824 3709 864 eum

2112 903 2206 975 qui
2232 903 2363 958 olim
2389 910 2637 957 mortuus
2667 900 3004 967 habebatur;
3039 899 3140 955 hos
3168 899 3297 954 olim
3325 898 3475 954 Deus
3504 899 3713 954 salvan-

2111 992 2213 1046 dos
2240 1007 2351 1046 non
2378 989 2618 1046 decrevit
2646 989 2937 1060 praescius,
2969 1004 3080 1044 non
3121 1004 3478 1059 personarum
3506 1002 3712 1058 accep-

2111 1080 2435 1135 tor.Nullum
2457 1080 2601 1135 enim
2620 1079 2841 1133 damnat
2861 1086 3151 1150 antequam
3170 1084 3379 1148 peccet,
3400 1076 3612 1131 nullum
3632 1090 3718 1132 co-

2113 1177 2271 1224 ronat
2291 1177 2582 1240 antequam
2600 1168 2777 1223 vincat
2799 1185 2813 1234 ;
2838 1167 2936 1222 sed
2954 1166 3299 1238 praescientia
3324 1164 3609 1220 deﬁnitum
3628 1165 3718 1219 ha-

2114 1258 2225 1325 bet,
2249 1257 2424 1329 qualis
2443 1256 2733 1327 unicuique
2749 1254 2930 1311 futura
2952 1255 3023 1309 sit
3043 1255 3315 1321 voluntas,
3340 1270 3404 1310 ex
3427 1269 3536 1327 qua
3561 1254 3716 1309 dam-

2112 1354 2272 1401 netur
2299 1345 2385 1401 vel
2415 1353 2726 1401 coronetur.
2777 1343 2919 1413 Quia
2955 1344 3176 1399 dolebat
3204 1344 3273 1398 de
3304 1343 3526 1409 Iudaeis,
3575 1359 3715 1400 con-
3760 1373 3766 1379 r

2116 1435 2326 1489 solatur
2354 1450 2434 1500 se,
2467 1433 2754 1490 inveniens
2784 1432 3084 1503 scriptum:
3108 1447 3220 1487 non
3244 1448 3438 1489 omnes
3468 1448 3594 1487 esse
3612 1432 3725 1488 sal-

2118 1523 2352 1590 vandos,
2377 1522 2478 1577 sed
2524 1530 2730 1577 tantum
2770 1520 2977 1576 similes
3013 1522 3187 1577 Isaac.
3239 1523 3299 1577 In
3349 1522 3433 1577 his
3479 1521 3720 1577 ostendit

2124 1612 2269 1683 quod
2329 1610 2448 1666 sola
2474 1610 2655 1684 gratia
2685 1609 2785 1665 Dei
2813 1609 2977 1666 faciet
2997 1608 3141 1664 ﬁlios
3181 1609 3300 1665 Dei.
3355 1611 3474 1667 Non
3520 1614 3721 1666 autem

2117 1699 2259 1773 quod
2287 1699 2571 1755 exciderit
2590 1700 2819 1755 verbum
2836 1699 2955 1754 Dei.
2988 1698 3070 1752 Ex
3089 1699 3195 1754 hoc
3231 1698 3381 1770 quod
3411 1698 3546 1754 dixit
3576 1698 3722 1770 quod

421 1804 524 1861 tas,
556 1801 742 1849 nostra
772 1797 894 1845 sunt
924 1789 993 1843 ad
1021 1786 1320 1843 videndum
1340 1785 1458 1841 sive
1479 1783 1791 1839 fruendum.
1816 1783 2020 1854 Equa—
2049 1790 2103 1850 B
2124 1788 2417 1861 promissio
2464 1795 2685 1844 aeterna;
2751 1787 3084 1843 hareditaﬁs
3151 1786 3294 1843 facta
3359 1796 3442 1843 est
3492 1787 3720 1853 Judeis,

425 1885 519 1953 lia,
556 1881 762 1937 scilicet
803 1878 987 1952 angeli
1036 1876 1234 1947 quibus
1286 1873 1627 1946 acquabimur
1656 1872 1712 1926 in
1748 1870 1930 1927 futuro
1960 1871 2028 1926 ad

426 1969 843 2037 convivendum,
868 1966 1031 2021 modo
1059 1980 1192 2020 vero
1217 1979 1404 2017 sumus
1427 1961 1738 2016 inferiores.
1761 1958 2029 2015 Inferiora

427 2075 644 2133 quoque
690 2064 882 2111 nostra
932 2062 1056 2109 sunt
1102 2053 1173 2108 ad
1215 2048 1629 2107 dominandum.
1671 2050 1741 2103 Et
1781 2048 2030 2103 similiter

427 2148 675 2221 quaedam
731 2145 896 2201 etiam
952 2142 1238 2214 superiora
1264 2183 1279 2207 ,
1311 2148 1370 2194 ut
1428 2138 1687 2194 sublimes
1733 2137 1945 2209 angeli,
1979 2144 2032 2192 et

427 2238 688 2295 universa
739 2233 1043 2289 ministeria
1088 2229 1332 2287 cmlestia
1379 2228 1479 2284 Dei
1526 2235 1713 2283 nostra
1746 2234 1888 2293 sunt,
1921 2242 2032 2281 non

430 2326 672 2384 dominio
695 2366 711 2397 ,
744 2323 842 2380 sed
886 2339 1029 2388 usu;
1063 2320 1202 2376 sicut
1259 2335 1349 2374 res
1398 2316 1652 2386 Domini,
1704 2314 2032 2371 famulorum

430 2423 557 2472 sunt
581 2435 594 2483 ;
628 2414 700 2470 ad
728 2412 930 2469 victum
955 2453 969 2477 ,
1004 2409 1212 2466 scilicet
1240 2407 1325 2463 vel
1357 2412 1737 2463 ornamentum
1767 2404 1855 2461 vel
1885 2403 2033 2459 aliud

430 2502 762 2576 hujusmodi.

505 2595 676 2649 Vnus.
713 2593 798 2646 34.
831 2620 899 2631 -
930 2589 1011 2645 Ad
1052 2588 1349 2643 dexteram
1390 2585 1510 2641 Dei.
1558 2584 1621 2638 In
1674 2583 1883 2637 honore
1926 2596 2034 2654 quo

435 2685 583 2739 Deus
632 2682 788 2750 cujus
835 2676 1127 2750 postulatio
1174 2691 1284 2730 non
1313 2680 1492 2745 potest
1521 2671 1817 2728 contemni.
1844 2671 2034 2725 Inter-

437 2770 633 2844 pellat.
668 2770 810 2823 Dum
857 2764 1097 2837 quotidie
1128 2762 1403 2818 hominem
1447 2775 1609 2831 quem
1636 2757 1950 2828 assumpsit,
1984 2764 2038 2811 et

438 2875 608 2931 grave
639 2873 813 2929 genus
840 2854 1029 2909 mortis
1059 2852 1204 2923 quod
1233 2866 1334 2922 pro
1362 2849 1520 2905 nobis
1560 2846 1834 2916 sustinuit,
1867 2845 2036 2901 vultui

436 2956 666 3022 paterno
687 2944 863 3001 oﬂ‘ert.

511 3039 682 3094 Vens.
714 3037 802 3090 35.
834 3064 904 3075 —
927 3032 1060 3100 Quis
1088 3045 1190 3085 nos
1226 3026 1527 3101 separabit,
1563 3032 1665 3081 etc.
1702 3023 1921 3096 (avra)
1940 3022 2037 3078 Ni-

442 3126 520 3181 hil
544 3126 741 3181 borum
766 3128 944 3195 potest
973 3133 1234 3190 separare
1265 3115 1572 3181 credentes,
1605 3121 1733 3183 etc.,
1767 3129 1939 3186 usque
1966 3110 2037 3167 ad

443 3223 502 3269 ut
530 3222 583 3269 et
611 3229 714 3268 nos
739 3217 965 3282 propter
1011 3208 1188 3279 ipsum
1235 3205 1501 3278 patiamur
1532 3221 1545 3257 :
1578 3203 1684 3260 Sed
1711 3203 1773 3258 in
1804 3204 1892 3259 his
1913 3216 2036 3258 om-

444 3303 611 3359 nibus
658 3314 1012 3373 superamus.

513 3402 683 3456 Vens.
708 3402 795 3453 38.
820 3427 888 3438 —
909 3397 1091 3470 Neque
1120 3393 1327 3466 angeli,
1376 3406 1554 3465 neque
1582 3391 1889 3464 principes,
1922 3404 2027 3444 ne-

446 3506 549 3564 que
577 3490 838 3544 virtutes.
873 3485 938 3539 Hi
977 3483 1196 3539 ordines
1234 3481 1574 3552 accipiuntur
1593 3479 1663 3535 de
1692 3479 1853 3533 malis
1874 3492 2045 3550 ange-

444 3578 531 3647 lis,
565 3585 618 3633 et
645 3576 714 3631 de
744 3574 900 3630 bonis
930 3573 975 3628 si
1003 3571 1123 3627 ﬁeri
1178 3577 1381 3642 posset.

518 3668 689 3723 Vitas.
723 3667 810 3722 39.
842 3693 913 3703 —
942 3663 1124 3734 Neque
1157 3660 1418 3725 altitudo,
1460 3673 1639 3731 neque
1674 3654 2043 3729 profundum.

449 3758 509 3812 Id
557 3765 640 3811 est
685 3767 789 3810 nec
833 3766 1100 3823 prospera
1132 3749 1219 3806 vel
1255 3748 1491 3804 adversa
1514 3789 1529 3813 ,
1551 3746 1696 3801 unde
1736 3746 1991 3800 Salomon
2029 3758 2041 3823 ξ

448 3846 686 3903 Divitias
707 3847 765 3898 et
778 3820 1144 3915 paupertate:
1160 3856 1232 3894 ne
1252 3838 1469 3894 dederis
1487 3837 1633 3892 mihi
1656 3852 1669 3888 ε
1694 3851 1766 3890 ne
1786 3820 2047 3906 repletui

450 3934 703 3991 mendax
732 3933 884 3999 ﬁam,
916 3931 1005 3986 vel
1029 3944 1249 4001 pauper
1273 3928 1516 3999 rapiam,
1551 3929 1607 3980 et
1632 3926 1920 3996 perjurem
1947 3938 2047 3977 no-

451 4039 583 4079 men
612 4022 717 4077 Dei
745 4021 926 4091 (Prov.
959 4018 1124 4088 xxx).
1150 4016 1299 4071 Multi
1325 4022 1556 4086 peccant
1574 4011 1871 4075 altitudine,
1895 4009 2047 4063 multi

453 4110 795 4167 necessitate.
843 4107 1046 4161 Contra
1073 4106 1178 4160 hoc
1214 4103 1538 4174 proponitur
1581 4101 1760 4157 Achaz
1790 4099 1844 4153 in
1882 4098 2042 4165 Isaia,

459 4199 552 4270 qui
594 4197 814 4253 nolebat
847 4202 1035 4265 petere
1086 4194 1305 4265 signum
1337 4207 1518 4262 neque
1548 4190 1603 4243 in
1643 4188 1752 4244 alto
1781 4204 1960 4259 neque
1990 4187 2046 4241 in

451 4285 744 4361 profundo.
791 4283 1113 4339 Remedium
1147 4282 1215 4335 de
1245 4280 1458 4335 Christo
1484 4321 1498 4347 ,
1532 4278 1623 4348 qui
1666 4293 1844 4348 neque
1873 4277 2045 4331 elatus

451 4382 716 4449 potestate
747 4388 854 4445 qua
870 4370 1093 4443 aequalis
1113 4369 1278 4435 Patri,
1302 4383 1406 4423 nec
1425 4367 1668 4422 turbatus
1693 4367 1763 4422 de
1783 4366 2046 4434 ejectione

452 4464 645 4521 mortis
669 4506 683 4530 ,
715 4463 806 4534 qui
836 4470 918 4517 est
956 4460 1174 4534 signum
1215 4458 1271 4512 in
1300 4457 1430 4523 alto,
1466 4464 1518 4511 et
1546 4457 1602 4510 in
1633 4454 1902 4526 profundo
1934 4470 1947 4508 :
1977 4469 2047 4509 ne

454 4543 547 4609 ille
594 4552 682 4609 vel
727 4550 884 4624 regia
931 4555 1198 4621 potestate
1266 4545 1621 4602 extolleretur
1644 4589 1657 4611 ,
1690 4544 1778 4600 vel
1821 4558 2063 4599 aerumna

453 4642 765 4698 turbaretur
784 4682 799 4708 ,
834 4639 973 4696 sicut
1017 4646 1146 4693 tunc
1194 4642 1313 4691 erat
1355 4651 1457 4706 pro
1514 4633 1658 4690 bello
1688 4632 2053 4704 Assyriorum.

1054 4825 1280 4885 CAPUT
1319 4826 1415 4883 IX.

525 4973 693 5028 Vitas.
730 4974 779 5023 1.
813 4999 881 5009 -
917 4969 1218 5027 Veritatem
1246 4968 1387 5024 dico.
1444 4964 1606 5021 Modo
1651 4964 1786 5020 nihil
1832 4979 1920 5019 me
1947 4978 2053 5034 po-

454 5069 561 5116 test
615 5074 873 5131 separare
895 5101 910 5127 ,
942 5057 1039 5113 sed
1069 5056 1200 5112 olim
1237 5056 1313 5112 fui
1362 5061 1671 5126 separatus;
1704 5053 1849 5110 unde
1887 5051 2052 5109 modo

455 5149 635 5215 doleo,
668 5156 720 5203 et
750 5147 829 5204 sic
855 5146 1001 5203 mala
1023 5147 1138 5215 jam
1168 5145 1224 5199 in
1254 5145 1459 5199 bonum
1504 5149 1903 5200 convertuntur.

530 5248 831 5303 Veritatem
860 5245 998 5301 dico.
1023 5240 1253 5313 (Auum)
1283 5240 1425 5309 Quia
1452 5249 1644 5296 contra
1662 5240 1880 5297 Iudaeos
1900 5238 2049 5310 loqui

456 5335 607 5392 visus
627 5343 728 5404 est,
761 5341 890 5399 etc.,
947 5347 1120 5405 usque
1157 5329 1228 5386 ad
1291 5328 1393 5384 Job
1436 5335 1621 5384 tamen
1666 5327 1765 5384 fuit
1811 5345 1877 5384 ex
1924 5327 2049 5382 ﬁliis

456 5424 603 5479 Esau
619 5423 857 5495 quintus,
879 5420 1085 5477 scilicet
1097 5419 1167 5475 ab
1179 5417 1472 5483 Abraham,
1485 5418 1588 5474 hoc
1601 5424 1684 5473 est
1692 5432 1865 5489 nepos
1876 5417 2041 5473 Esau.

525 5539 695 5595 Vitas.
743 5540 795 5592 3.
821 5565 890 5576 —
919 5538 1027 5591 Pro
1055 5534 1353 5605 fratribus.
1380 5532 1604 5602 Iudaeis,
1636 5531 1723 5588 vel
1753 5532 1914 5588 etiam
1942 5546 2045 5604 pro

463 5627 550 5683 his
578 5624 923 5683 retrahendis
955 5623 1044 5695 qui
1091 5622 1257 5678 modo
1314 5630 1438 5677 sunt
1471 5621 1671 5678 fratres
1699 5622 1754 5676 in
1791 5621 1919 5689 ﬁde,
1952 5620 2045 5693 qui

471 5723 591 5770 sunt
620 5722 671 5772 et
710 5712 928 5786 cognati
958 5711 1067 5769 mei
1100 5729 1111 5766 :
1143 5717 1195 5768 et
1224 5710 1292 5767 ita
1322 5710 1544 5784 gravius
1584 5710 1895 5782 peccabam.

2128 1877 2220 1949 qui
2252 1877 2355 1947 ipsi
2385 1894 2449 1932 ex
2490 1893 2692 1949 magna
2737 1884 2893 1949 parte
2938 1892 3049 1931 non
3093 1876 3464 1945 crediderunt,
3495 1875 3724 1931 videba-

2128 1975 2216 2019 tur
2243 1966 2470 2022 verbum
2499 1965 2600 2020 Dei
2628 1981 2739 2020 non
2768 1981 2891 2021 esse
2939 1965 3238 2037 impletum.
3271 1966 3355 2020 Ad
3400 1965 3545 2037 quod
3594 1981 3722 2020 res-

2126 2055 2332 2126 pondet
2364 2074 2382 2110 :
2412 2055 2482 2109 Et
2511 2055 2557 2109 si
2599 2054 2655 2108 in
2684 2054 3011 2126 quibusdam
3050 2070 3160 2109 non
3205 2062 3288 2110 est
3324 2054 3626 2124 impletum,
3660 2053 3721 2108 in

2130 2143 2252 2201 aliis
2290 2152 2473 2198 tamen
2496 2187 2509 2210 ,
2566 2143 2773 2199 scilicet
2805 2143 2860 2197 in
2908 2143 3164 2217 gentibus
3212 2143 3562 2200 credentibus
3616 2142 3727 2197 im-

2129 2233 2337 2303 pletum
2365 2240 2468 2298 est,
2503 2232 2596 2304 qui
2624 2232 2788 2287 modo
2818 2232 2932 2287 veri
2960 2240 3085 2287 sunt
3105 2230 3200 2286 ﬁlii
3211 2233 3460 2287 Abrahae.
3484 2233 3606 2317 βου
3625 2248 3731 2287 au-

2134 2325 2249 2377 tem
2291 2320 2557 2377 exiderit.
2607 2319 2779 2389 Quasi
2825 2320 2970 2375 dicat
3003 2338 3016 2375 :
3048 2321 3166 2375 Etsi
3186 2320 3261 2375 ita
3287 2319 3593 2385 laboravit;
3627 2316 3733 2374 etsi

2132 2425 2243 2465 non
2275 2425 2468 2465 omnes
2498 2409 2751 2475 credunt,
2774 2424 2885 2463 non
2904 2417 3087 2464 tamen
3126 2408 3329 2483 excidit
3342 2408 3574 2464 verbum
3589 2408 3727 2475 Dei;

2132 2499 2239 2569 vel,
2273 2514 2384 2554 non
2413 2497 2537 2554 dico
2569 2498 2717 2569 quod
2746 2498 3028 2555 exciderit.
3061 2498 3300 2554 Verbum
3329 2497 3429 2553 Dei
3449 2497 3731 2564 excidere,

2131 2596 2214 2643 est
2249 2586 2521 2658 promissa
2540 2601 2650 2643 non
2697 2586 2930 2657 impleri.

2205 2703 2376 2758 Vens.
2410 2705 2462 2757 7.
2503 2731 2572 2743 -
2600 2703 2664 2757 In
2694 2702 2871 2758 Isaae.
2917 2701 2978 2756 Id
3027 2709 3108 2757 est
3136 2701 3193 2755 in
3239 2699 3471 2767 Christo,
3504 2711 3740 2758 vocante

2134 2791 2329 2864 gratia,
2362 2798 2785 2864 congregantur.
2819 2790 2877 2844 In
2927 2791 3083 2845 Isaac
3120 2789 3514 2860 promisssione
3550 2789 3738 2862 praeﬁ-

2136 2879 2317 2952 gurati
2347 2887 2488 2946 sunt,
2522 2893 2630 2934 non
2674 2878 2766 2950 qui
2811 2877 3022 2949 seipsos
3047 2879 3224 2947 justos
3246 2919 3261 2946 ,
3294 2878 3390 2933 sed
3418 2894 3558 2950 quos
3587 2880 3741 2934 Deus

2136 2966 2261 3023 facit
2280 2986 2293 3034 ;
2317 2966 2373 3021 hi
2394 2976 2518 3022 sunt
2539 2964 2633 3023 ﬁlii
2652 2966 2839 3022 liberae
2860 2983 2980 3038 quae
3001 2982 3220 3021 sursum
3240 2974 3340 3033 est,
3366 2982 3486 3038 quae
3508 2974 3594 3022 est
3614 2982 3739 3022 ma-

2137 3064 2218 3112 ter
2232 3063 2435 3111 nostra.
2472 3054 2588 3110 Filii
2619 3055 2799 3111 carnis
2828 3064 2951 3109 sunt
2986 3063 3218 3111 terrenae
3245 3055 3565 3123 Jerusalem,
3622 3072 3743 3128 quae

2063 3147 2114 3212 C
2139 3145 2302 3201 servit
2331 3160 2456 3200 cum
2485 3143 2609 3199 ﬁliis
2650 3143 2780 3198 suis.
2816 3143 2965 3199 Sicut
2994 3144 3151 3201 Isaac
3198 3160 3306 3199 non
3336 3144 3537 3200 meruit
3564 3152 3625 3199 ut
3644 3160 3743 3200 na-

2147 3233 2379 3289 sciturus
2415 3232 2817 3305 promitteretur
2838 3275 2853 3303 ,
2888 3232 2964 3287 sic
2995 3239 3045 3288 et
3093 3232 3218 3299 isti,
3252 3232 3348 3288 sed
3393 3232 3508 3288 sola
3556 3233 3742 3306 gratia

2144 3322 2416 3394 promissa
2446 3330 2529 3377 est
2556 3330 2610 3376 et
2637 3321 2717 3377 eis
2755 3321 2880 3376 data
2916 3319 3147 3377 ﬁliorum
3175 3321 3414 3392 adoptio.

2217 3429 2386 3485 Vsus.
2422 3430 2507 3484 10.
2531 3459 2601 3469 -
2630 3428 2753 3486 Νοη
2781 3429 2964 3485 solum
3001 3434 3194 3484 autem
3231 3428 3355 3483 illa.
3389 3427 3523 3483 Sara
3554 3428 3747 3483 habuit

2145 3516 2586 3589 promissionem,
2621 3517 2719 3572 sed
2748 3524 2801 3571 et
2830 3516 3079 3573 Rebecca
3098 3515 3283 3571 habuit
3302 3516 3743 3587 promissionem,

2144 3606 2350 3661 habens
2381 3606 2585 3663 scilicet
2614 3606 2752 3661 duos
2793 3604 2933 3661 ﬁlios
2979 3622 3052 3661 ex
3091 3622 3202 3661 uno
3241 3606 3543 3661 concubitu
3588 3606 3745 3662 Isaac

2139 3695 2326 3768 patris
2356 3695 2560 3751 nostri.
2594 3695 2675 3749 Ex
2706 3710 2814 3749 uno
2846 3693 3132 3749 concubitu
3162 3693 3323 3760 dicit,
3357 3709 3426 3748 ne
3454 3693 3748 3749 videantur

2145 3784 2334 3838 merita
2362 3791 2650 3855 parentum
2681 3780 2987 3838 differentia
3015 3782 3069 3836 in
3099 3782 3393 3854 generatis,
3428 3782 3527 3836 sed
3548 3783 3744 3852 patris,

2145 3872 2200 3926 id
2232 3880 2315 3927 est
2345 3872 2668 3927 institutoris
2699 3871 2890 3941 nostri,
2917 3887 3078 3943 quem
3109 3871 3396 3937 imitemur,
3429 3870 3476 3924 si
3491 3871 3749 3926 volumus

2146 3976 2270 4016 esse
2312 3959 2408 4016 ﬁili
2454 3961 2574 4016 Dei.
2607 3960 2901 4015 Promissio
2950 3959 3093 4015 facta
3133 3960 3285 4014 Sarae
3320 3959 3561 4015 ostendit
3598 3960 3747 4032 quod

2144 4057 2366 4120 propter
2393 4066 2568 4122 genus
2598 4049 2779 4103 nullus
2802 4048 3064 4104 salvetur.
3100 4050 3204 4103 Ista
3243 4056 3422 4103 autem
3451 4048 3748 4119 promissio

2146 4138 2288 4193 facta
2317 4138 2605 4204 Rebeccae,
2648 4138 2884 4193 ostendit
2930 4137 3073 4209 quod
3114 4145 3339 4208 propter
3394 4136 3604 4191 nullum
3634 4152 3750 4192 me-

2145 4226 2307 4281 ritum
2330 4243 2487 4281 suum
2524 4226 2613 4282 vel
2648 4234 2934 4298 parentum
2981 4226 3179 4298 aliquis
3226 4225 3465 4298 eligitur,
3500 4225 3601 4281 sed
3633 4225 3750 4281 sola

2144 4315 2343 4390 gratia.

2214 4417 2382 4471 Vens.
2421 4420 2506 4472 11.
2544 4446 2612 4455 -
2646 4416 2785 4472 Cum
2830 4418 2985 4471 enim
3022 4416 3277 4471 nondum
3315 4415 3461 4470 nati.
3494 4415 3752 4471 Rebecca

2080 4508 2132 4568 D
2162 4506 2347 4560 habuit
2375 4504 2793 4575 promissionem
2839 4505 2983 4561 hanc
3015 4521 3028 4558 :
3061 4505 3232 4575 Major
3275 4505 3480 4559 serviet
3517 4504 3748 4567 minori,

2160 4595 2214 4653 id
2244 4602 2326 4650 est
2353 4593 2520 4663 Esau,
2552 4593 2934 4664 persequendo
2961 4592 3164 4661 Iacob,
3195 4592 3246 4646 ei
3270 4590 3538 4663 proﬁciet.

2230 4711 2399 4767 Vnus.
2434 4713 2519 4766 12.
2546 4738 2614 4749 -
2643 4709 2763 4765 Non
2783 4724 2856 4763 ea:
2887 4707 3163 4780 operibus.
3189 4705 3401 4761 Futuris
3446 4722 3572 4778 quae
3611 4706 3755 4761 bona

2157 4797 2246 4854 vel
2271 4796 2413 4852 mala
2440 4812 2551 4852 non
2593 4804 2747 4853 erant
2783 4794 2995 4866 futura,
3029 4794 3135 4850 nisi
3174 4794 3424 4866 apposita
3453 4794 3638 4866 gratia
3667 4792 3755 4849 vel

2157 4886 2451 4942 subtracta.
3140 4884 3161 4896 '

2225 4976 2416 5045 (AUG.)
2448 4973 2607 5042 Quod
2637 4973 2683 5029 si
2712 4972 2925 5028 futuros
2953 4986 3144 5027 eorum
3172 4987 3352 5026 mores
3390 4969 3592 5027 dicitur
3621 4969 3762 5029 divi¢

2154 5080 2283 5118 num
2327 5062 2653 5119 discrevisse
2693 5060 2958 5131 judicium
3003 5068 3131 5126 etc.,
3173 5076 3347 5132 usque
3378 5060 3451 5116 ad
3480 5058 3759 5131 quomodo

2154 5151 2298 5208 enim
2329 5150 2510 5206 futura
2540 5150 2813 5217 dicuntur,
2846 5166 2967 5221 quae
2995 5149 3141 5204 nulla
3163 5148 3367 5203 erunt?

2240 5267 2411 5322 Vens.
2428 5266 2768 5338 i3.—Major
2785 5265 2992 5321 serviet
3009 5265 3242 5321 minori.
3266 5264 3382 5319 Hoc
3401 5262 3471 5317 ad
3487 5261 3729 5317 litteram
3751 5278 3763 5316 :

2163 5354 2290 5426 quia
2319 5354 2542 5410 Idumaei
2563 5354 2656 5427 qui
2684 5353 2752 5408 de
2782 5353 2930 5409 Esau
2961 5352 3077 5424 (qui
3098 5360 3153 5407 et
3179 5352 3357 5408 Edom
3384 5350 3628 5421 dicitur),
3665 5366 3765 5405 su-

2158 5443 2293 5499 bditi
2321 5442 2538 5499 fuerunt
2566 5441 2715 5497 Filiis
2734 5441 2902 5497 Israel
2927 5460 2940 5507 ;
2966 5441 3064 5496 sed
3093 5440 3272 5513 magis
3301 5440 3357 5494 in
3384 5441 3491 5496 hac
3518 5439 3761 5510 prophe-

2158 5528 2228 5582 tia
2268 5527 2564 5583 intenditur
2620 5525 2767 5597 quod
2804 5524 3038 5596 p0pulus
3092 5524 3409 5580 Iudaeorum
3453 5522 3655 5593 major,
3710 5521 3767 5576 id

2164 5623 2248 5672 est
2277 5615 2332 5670 in
2356 5616 2504 5671 cultu
2531 5614 2692 5670 unius
2724 5613 2824 5670 Dei
2862 5613 3035 5685 prior,
3087 5611 3320 5679 minori,
3370 5611 3425 5667 id
3469 5619 3553 5666 est
3581 5618 3768 5680 poste-

2159 5704 2294 5760 riori
2316 5703 2626 5761 Christiano
2669 5712 2812 5761 esset
2845 5701 3179 5759 serviturus.
