  <div class='ocr_page' id='page_1' title='image "/cluster/home/n/w/nwhite01/storage/ocr_20150623/114/hvd.32044052819893/256.png"; bbox 0 0 3948 6178; ppageno 0'>
   <div class='ocr_carea' id='block_1_1' title="bbox 281 212 378 264">
    <p class='ocr_par' dir='ltr' id='par_1_1' title="bbox 281 212 378 264">
     <span class='ocr_line' id='line_1_1' title="bbox 281 212 378 264; baseline -0.01 0"><span class='ocrx_word' id='word_1_1' title='bbox 281 212 378 264; x_wconf 76' lang='grc'><strong>501</strong></span> 
     </span>
    </p>
   </div>
   <div class='ocr_carea' id='block_1_2' title="bbox 1247 182 2669 269">
    <p class='ocr_par' dir='ltr' id='par_1_2' title="bbox 1247 182 2669 269">
     <span class='ocr_line' id='line_1_2' title="bbox 1247 182 2669 269; baseline 0.002 -5"><span class='ocrx_word' id='word_1_2' title='bbox 1247 206 1516 265; x_wconf 84' lang='lat' dir='ltr'><strong>GLOSSA</strong></span> <span class='ocrx_word' id='word_1_3' title='bbox 1552 206 1962 266; x_wconf 67' lang='lat' dir='ltr'><strong>oanmama.</strong></span> <span class='ocrx_word' id='word_1_4' title='bbox 2001 234 2071 251; x_wconf 85' lang='lat'><strong>—-</strong></span> <span class='ocrx_word' id='word_1_5' title='bbox 2107 210 2324 267; x_wconf 88' lang='lat' dir='ltr'><strong>EPIST.</strong></span> <span class='ocrx_word' id='word_1_6' title='bbox 2364 213 2461 267; x_wconf 82' lang='lat' dir='ltr'><strong>AD</strong></span> <span class='ocrx_word' id='word_1_7' title='bbox 2498 182 2669 269; x_wconf 78' lang='lat' dir='ltr'><strong>acM.</strong></span> 
     </span>
    </p>
   </div>
   <div class='ocr_carea' id='block_1_3' title="bbox 3481 215 3586 270">
    <p class='ocr_par' dir='ltr' id='par_1_3' title="bbox 3481 215 3586 270">
     <span class='ocr_line' id='line_1_3' title="bbox 3481 215 3586 270; baseline 0.01 -1"><span class='ocrx_word' id='word_1_8' title='bbox 3481 215 3586 270; x_wconf 70' lang='lat'><strong>502</strong></span> 
     </span>
    </p>
   </div>
   <div class='ocr_carea' id='block_1_4' title="bbox 350 332 3578 406">
    <p class='ocr_par' dir='ltr' id='par_1_4' title="bbox 350 332 3578 406">
     <span class='ocr_line' id='line_1_4' title="bbox 350 332 3578 406; baseline 0.001 -16"><span class='ocrx_word' id='word_1_9' title='bbox 350 335 519 391; x_wconf 77' lang='lat' dir='ltr'><strong>Iacob</strong></span> <span class='ocrx_word' id='word_1_10' title='bbox 538 333 743 400; x_wconf 69' lang='lat' dir='ltr'><strong>dilexi,</strong></span> <span class='ocrx_word' id='word_1_11' title='bbox 773 340 878 390; x_wconf 90' lang='lat' dir='ltr'><strong>etc.</strong></span> <span class='ocrx_word' id='word_1_12' title='bbox 910 333 1156 390; x_wconf 82' lang='lat' dir='ltr'><strong>InJacob</strong></span> <span class='ocrx_word' id='word_1_13' title='bbox 1175 332 1310 388; x_wconf 82' lang='lat' dir='ltr'><strong>nihil</strong></span> <span class='ocrx_word' id='word_1_14' title='bbox 1336 332 1541 387; x_wconf 79' lang='lat' dir='ltr'><strong>invenit</strong></span> <span class='ocrx_word' id='word_1_15' title='bbox 1568 333 1876 402; x_wconf 88' lang='lat' dir='ltr'><strong>amandum,</strong></span> <span class='ocrx_word' id='word_1_16' title='bbox 1901 332 1957 396; x_wconf 89' lang='lat' dir='ltr'><strong>A</strong></span> <span class='ocrx_word' id='word_1_17' title='bbox 1986 334 2237 406; x_wconf 79' lang='lat' dir='ltr'><strong>aequitate</strong></span> <span class='ocrx_word' id='word_1_18' title='bbox 2282 336 2644 393; x_wconf 84' lang='lat' dir='ltr'><strong>occultissima</strong></span> <span class='ocrx_word' id='word_1_19' title='bbox 2667 379 2683 404; x_wconf 94' lang='lat'><strong>,</strong></span> <span class='ocrx_word' id='word_1_20' title='bbox 2734 343 2786 393; x_wconf 91' lang='lat' dir='ltr'><strong>et</strong></span> <span class='ocrx_word' id='word_1_21' title='bbox 2833 335 2901 392; x_wconf 91' lang='lat' dir='ltr'><strong>ab</strong></span> <span class='ocrx_word' id='word_1_22' title='bbox 2924 335 3175 393; x_wconf 84' lang='lat' dir='ltr'><strong>humanis</strong></span> <span class='ocrx_word' id='word_1_23' title='bbox 3205 337 3578 394; x_wconf 76' lang='lat' dir='ltr'><strong>sensibuS’re-</strong></span> 
     </span>
    </p>
   </div>
   <div class='ocr_carea' id='block_1_5' title="bbox 280 420 1886 488">
    <p class='ocr_par' dir='ltr' id='par_1_5' title="bbox 280 420 1886 488">
     <span class='ocr_line' id='line_1_5' title="bbox 280 420 1886 488; baseline 0 -11"><span class='ocrx_word' id='word_1_24' title='bbox 280 422 389 477; x_wconf 87' lang='lat' dir='ltr'><strong>nisi</strong></span> <span class='ocrx_word' id='word_1_25' title='bbox 437 422 838 479; x_wconf 63' lang='lat' dir='ltr'><strong>misericordia:</strong></span> <span class='ocrx_word' id='word_1_26' title='bbox 884 438 998 477; x_wconf 67' lang='lat' dir='ltr'><strong>suae</strong></span> <span class='ocrx_word' id='word_1_27' title='bbox 1044 423 1268 478; x_wconf 88' lang='lat' dir='ltr'><strong>donum.</strong></span> <span class='ocrx_word' id='word_1_28' title='bbox 1320 422 1382 477; x_wconf 87' lang='lat' dir='ltr'><strong>In</strong></span> <span class='ocrx_word' id='word_1_29' title='bbox 1415 420 1560 477; x_wconf 86' lang='lat' dir='ltr'><strong>Esau</strong></span> <span class='ocrx_word' id='word_1_30' title='bbox 1588 422 1722 476; x_wconf 89' lang='lat' dir='ltr'><strong>nihil</strong></span> <span class='ocrx_word' id='word_1_31' title='bbox 1752 422 1886 488; x_wconf 88' lang='lat' dir='ltr'><strong>odit,</strong></span> 
     </span>
    </p>
   </div>
   <div class='ocr_carea' id='block_1_6' title="bbox 276 510 1884 583">
    <p class='ocr_par' dir='ltr' id='par_1_6' title="bbox 276 510 1884 583">
     <span class='ocr_line' id='line_1_6' title="bbox 276 510 1884 583; baseline 0 -18"><span class='ocrx_word' id='word_1_32' title='bbox 276 510 384 565; x_wconf 90' lang='lat' dir='ltr'><strong>nisi</strong></span> <span class='ocrx_word' id='word_1_33' title='bbox 414 511 686 583; x_wconf 80' lang='lat' dir='ltr'><strong>originale</strong></span> <span class='ocrx_word' id='word_1_34' title='bbox 714 518 1017 582; x_wconf 90' lang='lat' dir='ltr'><strong>peccatum.</strong></span> <span class='ocrx_word' id='word_1_35' title='bbox 1071 511 1181 567; x_wconf 89' lang='lat' dir='ltr'><strong>Sed</strong></span> <span class='ocrx_word' id='word_1_36' title='bbox 1230 526 1337 583; x_wconf 92' lang='lat' dir='ltr'><strong>quo</strong></span> <span class='ocrx_word' id='word_1_37' title='bbox 1368 510 1532 565; x_wconf 88' lang='lat' dir='ltr'><strong>modo</strong></span> <span class='ocrx_word' id='word_1_38' title='bbox 1560 510 1665 566; x_wconf 92' lang='lat' dir='ltr'><strong>hoc</strong></span> <span class='ocrx_word' id='word_1_39' title='bbox 1695 518 1844 565; x_wconf 88' lang='lat' dir='ltr'><strong>recte</strong></span> <span class='ocrx_word' id='word_1_40' title='bbox 1871 552 1884 576; x_wconf 96' lang='lat'><strong>,</strong></span> 
     </span>
    </p>
   </div>
   <div class='ocr_carea' id='block_1_7' title="bbox 278 598 1887 672">
    <p class='ocr_par' dir='ltr' id='par_1_7' title="bbox 278 598 1887 672">
     <span class='ocr_line' id='line_1_7' title="bbox 278 598 1887 672; baseline -0.002 -16"><span class='ocrx_word' id='word_1_41' title='bbox 278 615 409 656; x_wconf 92' lang='lat' dir='ltr'><strong>cum</strong></span> <span class='ocrx_word' id='word_1_42' title='bbox 439 599 574 654; x_wconf 90' lang='lat' dir='ltr'><strong>nihil</strong></span> <span class='ocrx_word' id='word_1_43' title='bbox 607 599 896 672; x_wconf 77' lang='lat' dir='ltr'><strong>egissent?</strong></span> <span class='ocrx_word' id='word_1_44' title='bbox 924 598 1067 669; x_wconf 89' lang='lat' dir='ltr'><strong>Quia</strong></span> <span class='ocrx_word' id='word_1_45' title='bbox 1094 615 1185 654; x_wconf 91' lang='lat' dir='ltr'><strong>res</strong></span> <span class='ocrx_word' id='word_1_46' title='bbox 1214 606 1298 654; x_wconf 89' lang='lat' dir='ltr'><strong>est</strong></span> <span class='ocrx_word' id='word_1_47' title='bbox 1326 599 1617 669; x_wconf 90' lang='lat' dir='ltr'><strong>stupenda,</strong></span> <span class='ocrx_word' id='word_1_48' title='bbox 1649 598 1751 653; x_wconf 89' lang='lat' dir='ltr'><strong>sibi</strong></span> <span class='ocrx_word' id='word_1_49' title='bbox 1781 598 1887 654; x_wconf 88' lang='lat' dir='ltr'><strong>ob-</strong></span> 
     </span>
    </p>
   </div>
   <div class='ocr_carea' id='block_1_8' title="bbox 273 686 1887 761">
    <p class='ocr_par' dir='ltr' id='par_1_8' title="bbox 273 686 1887 761">
     <span class='ocr_line' id='line_1_8' title="bbox 273 686 1887 761; baseline -0.001 -18"><span class='ocrx_word' id='word_1_50' title='bbox 273 687 395 757; x_wconf 89' lang='lat' dir='ltr'><strong>jicit</strong></span> <span class='ocrx_word' id='word_1_51' title='bbox 428 706 443 742; x_wconf 88' lang='lat'>:</span> <span class='ocrx_word' id='word_1_52' title='bbox 482 688 625 757; x_wconf 86' lang='lat' dir='ltr'><strong>Quid</strong></span> <span class='ocrx_word' id='word_1_53' title='bbox 653 705 780 761; x_wconf 79' lang='lat' dir='ltr'><strong>ergo</strong></span> <span class='ocrx_word' id='word_1_54' title='bbox 799 689 1095 745; x_wconf 83' lang='lat' dir='ltr'><strong>dicemus?</strong></span> <span class='ocrx_word' id='word_1_55' title='bbox 1120 688 1202 744; x_wconf 83' lang='lat' dir='ltr'><strong>Ex</strong></span> <span class='ocrx_word' id='word_1_56' title='bbox 1221 686 1611 751; x_wconf 83' lang='lat' dir='ltr'><strong>misericordia,</strong></span> <span class='ocrx_word' id='word_1_57' title='bbox 1646 693 1728 741; x_wconf 92' lang='lat' dir='ltr'><strong>est</strong></span> <span class='ocrx_word' id='word_1_58' title='bbox 1746 686 1887 742; x_wconf 87' lang='lat' dir='ltr'><strong>velle</strong></span> 
     </span>
    </p>
   </div>
   <div class='ocr_carea' id='block_1_9' title="bbox 279 775 1886 848">
    <p class='ocr_par' dir='ltr' id='par_1_9' title="bbox 279 775 1886 848">
     <span class='ocr_line' id='line_1_9' title="bbox 279 775 1886 848; baseline -0.002 -16"><span class='ocrx_word' id='word_1_59' title='bbox 279 784 335 832; x_wconf 91' lang='lat' dir='ltr'><strong>et</strong></span> <span class='ocrx_word' id='word_1_60' title='bbox 365 792 630 841; x_wconf 89' lang='lat' dir='ltr'><strong>currere;</strong></span> <span class='ocrx_word' id='word_1_61' title='bbox 677 776 822 848; x_wconf 91' lang='lat' dir='ltr'><strong>quod</strong></span> <span class='ocrx_word' id='word_1_62' title='bbox 870 783 1099 848; x_wconf 80' lang='lat' dir='ltr'><strong>apparet</strong></span> <span class='ocrx_word' id='word_1_63' title='bbox 1143 776 1199 831; x_wconf 92' lang='lat' dir='ltr'><strong>in</strong></span> <span class='ocrx_word' id='word_1_64' title='bbox 1238 775 1359 832; x_wconf 90' lang='lat' dir='ltr'><strong>aliis</strong></span> <span class='ocrx_word' id='word_1_65' title='bbox 1388 792 1454 831; x_wconf 89' lang='lat' dir='ltr'><strong>ex</strong></span> <span class='ocrx_word' id='word_1_66' title='bbox 1485 776 1676 832; x_wconf 90' lang='lat' dir='ltr'><strong>eadem</strong></span> <span class='ocrx_word' id='word_1_67' title='bbox 1706 790 1886 831; x_wconf 84' lang='lat' dir='ltr'><strong>massa</strong></span> 
     </span>
    </p>
   </div>
   <div class='ocr_carea' id='block_1_10' title="bbox 280 864 982 937">
    <p class='ocr_par' dir='ltr' id='par_1_10' title="bbox 280 864 982 937">
     <span class='ocr_line' id='line_1_10' title="bbox 280 864 982 937; baseline -0.001 -16"><span class='ocrx_word' id='word_1_68' title='bbox 280 864 370 921; x_wconf 90' lang='lat' dir='ltr'><strong>cui</strong></span> <span class='ocrx_word' id='word_1_69' title='bbox 399 864 589 921; x_wconf 89' lang='lat' dir='ltr'><strong>debita</strong></span> <span class='ocrx_word' id='word_1_70' title='bbox 618 872 701 920; x_wconf 89' lang='lat' dir='ltr'><strong>est</strong></span> <span class='ocrx_word' id='word_1_71' title='bbox 727 864 982 937; x_wconf 86' lang='lat' dir='ltr'><strong>perditio.</strong></span> 
     </span>
    </p>
   </div>
   <div class='ocr_carea' id='block_1_11' title="bbox 353 977 1885 1052">
    <p class='ocr_par' dir='ltr' id='par_1_11' title="bbox 353 977 1885 1052">
     <span class='ocr_line' id='line_1_11' title="bbox 353 977 1885 1052; baseline 0 -17"><span class='ocrx_word' id='word_1_72' title='bbox 353 980 526 1036; x_wconf 71' lang='lat' dir='ltr'><strong>Vens.</strong></span> <span class='ocrx_word' id='word_1_73' title='bbox 562 983 648 1036; x_wconf 73' lang='grc'><strong>14.</strong></span> <span class='ocrx_word' id='word_1_74' title='bbox 683 1010 751 1022; x_wconf 89' lang='lat'><strong>—-</strong></span> <span class='ocrx_word' id='word_1_75' title='bbox 804 981 945 1050; x_wconf 88' lang='lat' dir='ltr'><strong>Quid</strong></span> <span class='ocrx_word' id='word_1_76' title='bbox 993 996 1141 1052; x_wconf 85' lang='lat' dir='ltr'><strong>ergo.</strong></span> <span class='ocrx_word' id='word_1_77' title='bbox 1195 978 1337 1049; x_wconf 85' lang='lat' dir='ltr'><strong>Quia</strong></span> <span class='ocrx_word' id='word_1_78' title='bbox 1367 979 1483 1035; x_wconf 88' lang='lat' dir='ltr'><strong>sine</strong></span> <span class='ocrx_word' id='word_1_79' title='bbox 1512 977 1708 1034; x_wconf 92' lang='lat' dir='ltr'><strong>merito</strong></span> <span class='ocrx_word' id='word_1_80' title='bbox 1739 979 1885 1035; x_wconf 90' lang='lat' dir='ltr'><strong>hunc</strong></span> 
     </span>
    </p>
   </div>
   <div class='ocr_carea' id='block_1_12' title="bbox 277 1067 1884 1142">
    <p class='ocr_par' dir='ltr' id='par_1_12' title="bbox 277 1067 1884 1142">
     <span class='ocr_line' id='line_1_12' title="bbox 277 1067 1884 1142; baseline -0.002 -17"><span class='ocrx_word' id='word_1_81' title='bbox 277 1068 465 1142; x_wconf 77' lang='lat' dir='ltr'><strong>elegit,</strong></span> <span class='ocrx_word' id='word_1_82' title='bbox 500 1070 647 1125; x_wconf 91' lang='lat' dir='ltr'><strong>hunc</strong></span> <span class='ocrx_word' id='word_1_83' title='bbox 675 1069 1001 1140; x_wconf 90' lang='lat' dir='ltr'><strong>reprobavit,</strong></span> <span class='ocrx_word' id='word_1_84' title='bbox 1034 1069 1247 1124; x_wconf 89' lang='lat' dir='ltr'><strong>dicetur</strong></span> <span class='ocrx_word' id='word_1_85' title='bbox 1280 1069 1495 1141; x_wconf 89' lang='lat' dir='ltr'><strong>iniquus</strong></span> <span class='ocrx_word' id='word_1_86' title='bbox 1526 1067 1720 1123; x_wconf 87' lang='lat' dir='ltr'><strong>Deus?</strong></span> <span class='ocrx_word' id='word_1_87' title='bbox 1760 1069 1884 1123; x_wconf 91' lang='lat' dir='ltr'><strong>Non</strong></span> 
     </span>
    </p>
   </div>
   <div class='ocr_carea' id='block_1_13' title="bbox 277 1155 1882 1230">
    <p class='ocr_par' dir='ltr' id='par_1_13' title="bbox 277 1155 1882 1230">
     <span class='ocr_line' id='line_1_13' title="bbox 277 1155 1882 1230; baseline -0.001 -18"><span class='ocrx_word' id='word_1_88' title='bbox 277 1158 403 1230; x_wconf 88' lang='lat' dir='ltr'><strong>quia</strong></span> <span class='ocrx_word' id='word_1_89' title='bbox 432 1159 580 1214; x_wconf 89' lang='lat' dir='ltr'><strong>hunc</strong></span> <span class='ocrx_word' id='word_1_90' title='bbox 606 1173 709 1229; x_wconf 89' lang='lat' dir='ltr'><strong>per</strong></span> <span class='ocrx_word' id='word_1_91' title='bbox 734 1158 1171 1213; x_wconf 87' lang='lat' dir='ltr'><strong>misericordiam</strong></span> <span class='ocrx_word' id='word_1_92' title='bbox 1199 1158 1384 1230; x_wconf 84' lang='lat' dir='ltr'><strong>elegit,</strong></span> <span class='ocrx_word' id='word_1_93' title='bbox 1418 1157 1569 1212; x_wconf 90' lang='lat' dir='ltr'><strong>illum</strong></span> <span class='ocrx_word' id='word_1_94' title='bbox 1596 1173 1700 1227; x_wconf 91' lang='lat' dir='ltr'><strong>per</strong></span> <span class='ocrx_word' id='word_1_95' title='bbox 1722 1155 1882 1225; x_wconf 90' lang='lat' dir='ltr'><strong>justi-</strong></span> 
     </span>
    </p>
   </div>
   <div class='ocr_carea' id='block_1_14' title="bbox 275 1245 1882 1319">
    <p class='ocr_par' dir='ltr' id='par_1_14' title="bbox 275 1245 1882 1319">
     <span class='ocr_line' id='line_1_14' title="bbox 275 1245 1882 1319; baseline 0.001 -19"><span class='ocrx_word' id='word_1_96' title='bbox 275 1245 407 1301; x_wconf 86' lang='lat' dir='ltr'><strong>tiam</strong></span> <span class='ocrx_word' id='word_1_97' title='bbox 436 1247 770 1317; x_wconf 89' lang='lat' dir='ltr'><strong>reprobavit.</strong></span> <span class='ocrx_word' id='word_1_98' title='bbox 802 1248 864 1302; x_wconf 90' lang='lat' dir='ltr'><strong>In</strong></span> <span class='ocrx_word' id='word_1_99' title='bbox 900 1262 1009 1319; x_wconf 89' lang='lat' dir='ltr'><strong>quo</strong></span> <span class='ocrx_word' id='word_1_100' title='bbox 1055 1254 1249 1302; x_wconf 87' lang='lat' dir='ltr'><strong>neutro</strong></span> <span class='ocrx_word' id='word_1_101' title='bbox 1280 1254 1365 1301; x_wconf 89' lang='lat' dir='ltr'><strong>est</strong></span> <span class='ocrx_word' id='word_1_102' title='bbox 1392 1245 1686 1317; x_wconf 81' lang='lat' dir='ltr'><strong>iniquitas;</strong></span> <span class='ocrx_word' id='word_1_103' title='bbox 1735 1246 1882 1302; x_wconf 87' lang='lat' dir='ltr'><strong>hunc</strong></span> 
     </span>
    </p>
   </div>
   <div class='ocr_carea' id='block_1_15' title="bbox 270 1332 1881 1407">
    <p class='ocr_par' dir='ltr' id='par_1_15' title="bbox 270 1332 1881 1407">
     <span class='ocr_line' id='line_1_15' title="bbox 270 1332 1881 1407; baseline -0.001 -17"><span class='ocrx_word' id='word_1_104' title='bbox 270 1335 538 1405; x_wconf 84' lang='lat' dir='ltr'><strong>justitiam</strong></span> <span class='ocrx_word' id='word_1_105' title='bbox 564 1378 578 1402; x_wconf 97' lang='lat'><strong>,</strong></span> <span class='ocrx_word' id='word_1_106' title='bbox 629 1336 757 1407; x_wconf 87' lang='lat' dir='ltr'><strong>quia</strong></span> <span class='ocrx_word' id='word_1_107' title='bbox 798 1335 870 1390; x_wconf 88' lang='lat' dir='ltr'><strong>ita</strong></span> <span class='ocrx_word' id='word_1_108' title='bbox 910 1335 1043 1392; x_wconf 83' lang='lat' dir='ltr'><strong>dicit</strong></span> <span class='ocrx_word' id='word_1_109' title='bbox 1088 1334 1364 1407; x_wconf 84' lang='lat' dir='ltr'><strong>Scriptura</strong></span> <span class='ocrx_word' id='word_1_110' title='bbox 1409 1332 1679 1391; x_wconf 80' lang='lat' dir='ltr'><strong>inducens</strong></span> <span class='ocrx_word' id='word_1_111' title='bbox 1704 1335 1881 1390; x_wconf 90' lang='lat' dir='ltr'><strong>Deum</strong></span> 
     </span>
    </p>
   </div>
   <div class='ocr_carea' id='block_1_16' title="bbox 275 1424 916 1497">
    <p class='ocr_par' dir='ltr' id='par_1_16' title="bbox 275 1424 916 1497">
     <span class='ocr_line' id='line_1_16' title="bbox 275 1424 916 1497; baseline 0.003 -19"><span class='ocrx_word' id='word_1_112' title='bbox 275 1424 597 1497; x_wconf 85' lang='lat' dir='ltr'><strong>loquentem</strong></span> <span class='ocrx_word' id='word_1_113' title='bbox 626 1424 916 1480; x_wconf 86' lang='lat' dir='ltr'><strong>Pharaoni.</strong></span> 
     </span>
    </p>
   </div>
   <div class='ocr_carea' id='block_1_17' title="bbox 346 1536 1880 1611">
    <p class='ocr_par' dir='ltr' id='par_1_17' title="bbox 346 1536 1880 1611">
     <span class='ocr_line' id='line_1_17' title="bbox 346 1536 1880 1611; baseline -0.002 -15"><span class='ocrx_word' id='word_1_114' title='bbox 346 1541 528 1596; x_wconf 77' lang='lat' dir='ltr'><strong>Absit.</strong></span> <span class='ocrx_word' id='word_1_115' title='bbox 561 1538 784 1595; x_wconf 88' lang='lat' dir='ltr'><strong>Constat</strong></span> <span class='ocrx_word' id='word_1_116' title='bbox 813 1539 960 1611; x_wconf 88' lang='lat' dir='ltr'><strong>quod</strong></span> <span class='ocrx_word' id='word_1_117' title='bbox 989 1538 1169 1593; x_wconf 89' lang='lat' dir='ltr'><strong>nullus</strong></span> <span class='ocrx_word' id='word_1_118' title='bbox 1195 1538 1474 1606; x_wconf 86' lang='lat' dir='ltr'><strong>liberatur,</strong></span> <span class='ocrx_word' id='word_1_119' title='bbox 1505 1536 1611 1593; x_wconf 89' lang='lat' dir='ltr'><strong>nisi</strong></span> <span class='ocrx_word' id='word_1_120' title='bbox 1639 1537 1880 1610; x_wconf 86' lang='lat' dir='ltr'><strong>gratuita</strong></span> 
     </span>
    </p>
   </div>
   <div class='ocr_carea' id='block_1_18' title="bbox 273 1626 1877 1700">
    <p class='ocr_par' dir='ltr' id='par_1_18' title="bbox 273 1626 1877 1700">
     <span class='ocr_line' id='line_1_18' title="bbox 273 1626 1877 1700; baseline -0.002 -17"><span class='ocrx_word' id='word_1_121' title='bbox 273 1628 695 1695; x_wconf 85' lang='lat' dir='ltr'><strong>misericordia;</strong></span> <span class='ocrx_word' id='word_1_122' title='bbox 727 1628 910 1683; x_wconf 90' lang='lat' dir='ltr'><strong>nullus</strong></span> <span class='ocrx_word' id='word_1_123' title='bbox 940 1628 1257 1693; x_wconf 86' lang='lat' dir='ltr'><strong>damnatur,</strong></span> <span class='ocrx_word' id='word_1_124' title='bbox 1288 1628 1394 1682; x_wconf 90' lang='lat' dir='ltr'><strong>nisi</strong></span> <span class='ocrx_word' id='word_1_125' title='bbox 1423 1626 1731 1700; x_wconf 67' lang='lat' dir='ltr'><strong>aequissima</strong></span> <span class='ocrx_word' id='word_1_126' title='bbox 1753 1628 1877 1696; x_wconf 88' lang='lat' dir='ltr'><strong>jus-</strong></span> 
     </span>
    </p>
   </div>
   <div class='ocr_carea' id='block_1_19' title="bbox 270 1716 1872 1788">
    <p class='ocr_par' dir='ltr' id='par_1_19' title="bbox 270 1716 1872 1788">
     <span class='ocr_line' id='line_1_19' title="bbox 270 1716 1872 1788; baseline -0.002 -14"><span class='ocrx_word' id='word_1_127' title='bbox 270 1716 407 1775; x_wconf 85' lang='lat' dir='ltr'><strong>titia.</strong></span> <span class='ocrx_word' id='word_1_128' title='bbox 443 1717 554 1773; x_wconf 88' lang='lat' dir='ltr'><strong>Sed</strong></span> <span class='ocrx_word' id='word_1_129' title='bbox 585 1732 684 1772; x_wconf 86' lang='lat' dir='ltr'><strong>cur</strong></span> <span class='ocrx_word' id='word_1_130' title='bbox 711 1716 891 1787; x_wconf 89' lang='lat' dir='ltr'><strong>potius</strong></span> <span class='ocrx_word' id='word_1_131' title='bbox 926 1718 1070 1772; x_wconf 93' lang='lat' dir='ltr'><strong>hunc</strong></span> <span class='ocrx_word' id='word_1_132' title='bbox 1100 1731 1263 1788; x_wconf 91' lang='lat' dir='ltr'><strong>quam</strong></span> <span class='ocrx_word' id='word_1_133' title='bbox 1279 1717 1423 1771; x_wconf 90' lang='lat' dir='ltr'><strong>hunc</strong></span> <span class='ocrx_word' id='word_1_134' title='bbox 1451 1716 1679 1783; x_wconf 88' lang='lat' dir='ltr'><strong>liberet;</strong></span> <span class='ocrx_word' id='word_1_135' title='bbox 1711 1731 1872 1771; x_wconf 88' lang='lat' dir='ltr'><strong>scru-</strong></span> 
     </span>
    </p>
   </div>
   <div class='ocr_carea' id='block_1_20' title="bbox 276 1804 1874 1877">
    <p class='ocr_par' dir='ltr' id='par_1_20' title="bbox 276 1804 1874 1877">
     <span class='ocr_line' id='line_1_20' title="bbox 276 1804 1874 1877; baseline -0.001 -18"><span class='ocrx_word' id='word_1_136' title='bbox 276 1814 424 1862; x_wconf 88' lang='lat' dir='ltr'><strong>tetur</strong></span> <span class='ocrx_word' id='word_1_137' title='bbox 452 1805 548 1877; x_wconf 89' lang='lat' dir='ltr'><strong>qui</strong></span> <span class='ocrx_word' id='word_1_138' title='bbox 576 1813 756 1877; x_wconf 89' lang='lat' dir='ltr'><strong>potest</strong></span> <span class='ocrx_word' id='word_1_139' title='bbox 785 1813 894 1860; x_wconf 91' lang='lat' dir='ltr'><strong>tam</strong></span> <span class='ocrx_word' id='word_1_140' title='bbox 922 1804 1250 1876; x_wconf 86' lang='lat' dir='ltr'><strong>profondum</strong></span> <span class='ocrx_word' id='word_1_141' title='bbox 1274 1804 1558 1875; x_wconf 86' lang='lat' dir='ltr'><strong>judicium,</strong></span> <span class='ocrx_word' id='word_1_142' title='bbox 1601 1813 1874 1861; x_wconf 89' lang='lat' dir='ltr'><strong>verumta-</strong></span> 
     </span>
    </p>
   </div>
   <div class='ocr_carea' id='block_1_21' title="bbox 276 1893 1031 1965">
    <p class='ocr_par' dir='ltr' id='par_1_21' title="bbox 276 1893 1031 1965">
     <span class='ocr_line' id='line_1_21' title="bbox 276 1893 1031 1965; baseline -0.001 -16"><span class='ocrx_word' id='word_1_143' title='bbox 276 1911 405 1951; x_wconf 86' lang='lat' dir='ltr'><strong>men</strong></span> <span class='ocrx_word' id='word_1_144' title='bbox 435 1904 629 1951; x_wconf 85' lang='lat' dir='ltr'><strong>caveat</strong></span> <span class='ocrx_word' id='word_1_145' title='bbox 655 1893 1031 1965; x_wconf 68' lang='lat' dir='ltr'><strong>praecipitium.</strong></span> 
     </span>
    </p>
   </div>
   <div class='ocr_carea' id='block_1_22' title="bbox 344 2008 1876 2076">
    <p class='ocr_par' dir='ltr' id='par_1_22' title="bbox 344 2008 1876 2076">
     <span class='ocr_line' id='line_1_22' title="bbox 344 2008 1876 2076; baseline -0.003 -9"><span class='ocrx_word' id='word_1_146' title='bbox 344 2012 522 2067; x_wconf 68' lang='lat' dir='ltr'><strong>Vens.</strong></span> <span class='ocrx_word' id='word_1_147' title='bbox 559 2014 646 2066; x_wconf 77' lang='lat'><strong>15.</strong></span> <span class='ocrx_word' id='word_1_148' title='bbox 677 2038 748 2052; x_wconf 89' lang='lat'><em>--</em></span> <span class='ocrx_word' id='word_1_149' title='bbox 777 2011 1069 2068; x_wconf 77' lang='lat' dir='ltr'><strong>Miserebor</strong></span> <span class='ocrx_word' id='word_1_150' title='bbox 1098 2012 1194 2066; x_wconf 88' lang='lat' dir='ltr'><strong>cui</strong></span> <span class='ocrx_word' id='word_1_151' title='bbox 1221 2009 1510 2065; x_wconf 78' lang='lat' dir='ltr'><strong>misertus.</strong></span> <span class='ocrx_word' id='word_1_152' title='bbox 1541 2008 1603 2064; x_wconf 90' lang='lat' dir='ltr'><strong>Id</strong></span> <span class='ocrx_word' id='word_1_153' title='bbox 1633 2017 1736 2076; x_wconf 91' lang='lat' dir='ltr'><strong>est,</strong></span> <span class='ocrx_word' id='word_1_154' title='bbox 1787 2008 1876 2065; x_wconf 91' lang='lat' dir='ltr'><strong>cui</strong></span> 
     </span>
    </p>
   </div>
   <div class='ocr_carea' id='block_1_23' title="bbox 275 2099 1875 2169">
    <p class='ocr_par' dir='ltr' id='par_1_23' title="bbox 275 2099 1875 2169">
     <span class='ocr_line' id='line_1_23' title="bbox 275 2099 1875 2169; baseline -0.001 -14"><span class='ocrx_word' id='word_1_155' title='bbox 275 2100 514 2167; x_wconf 62' lang='lat' dir='ltr'><strong>praescia</strong></span> <span class='ocrx_word' id='word_1_156' title='bbox 556 2099 926 2154; x_wconf 90' lang='lat' dir='ltr'><strong>miserendum</strong></span> <span class='ocrx_word' id='word_1_157' title='bbox 948 2142 961 2163; x_wconf 94' lang='lat'><strong>,</strong></span> <span class='ocrx_word' id='word_1_158' title='bbox 1006 2106 1059 2153; x_wconf 91' lang='lat' dir='ltr'><strong>et</strong></span> <span class='ocrx_word' id='word_1_159' title='bbox 1086 2099 1230 2169; x_wconf 88' lang='lat' dir='ltr'><strong>apud</strong></span> <span class='ocrx_word' id='word_1_160' title='bbox 1259 2114 1346 2153; x_wconf 91' lang='lat' dir='ltr'><strong>me</strong></span> <span class='ocrx_word' id='word_1_161' title='bbox 1375 2114 1691 2169; x_wconf 84' lang='lat' dir='ltr'><strong>mansurum</strong></span> <span class='ocrx_word' id='word_1_162' title='bbox 1726 2116 1739 2152; x_wconf 90' lang='lat'><strong>:</strong></span> <span class='ocrx_word' id='word_1_163' title='bbox 1770 2099 1875 2154; x_wconf 89' lang='lat' dir='ltr'><strong>hoc</strong></span> 
     </span>
    </p>
   </div>
   <div class='ocr_carea' id='block_1_24' title="bbox 277 2167 1874 2257">
    <p class='ocr_par' dir='ltr' id='par_1_24' title="bbox 277 2167 1874 2257">
     <span class='ocr_line' id='line_1_24' title="bbox 277 2167 1874 2257; baseline -0.002 -14"><span class='ocrx_word' id='word_1_164' title='bbox 277 2195 361 2244; x_wconf 88' lang='lat' dir='ltr'><strong>est</strong></span> <span class='ocrx_word' id='word_1_165' title='bbox 390 2189 525 2243; x_wconf 88' lang='lat' dir='ltr'><strong>dare</strong></span> <span class='ocrx_word' id='word_1_166' title='bbox 555 2187 633 2242; x_wconf 89' lang='lat' dir='ltr'><strong>illi</strong></span> <span class='ocrx_word' id='word_1_167' title='bbox 675 2188 763 2243; x_wconf 90' lang='lat' dir='ltr'><strong>cui</strong></span> <span class='ocrx_word' id='word_1_168' title='bbox 806 2187 1045 2242; x_wconf 86' lang='lat' dir='ltr'><strong>dandum</strong></span> <span class='ocrx_word' id='word_1_169' title='bbox 1076 2167 1176 2257; x_wconf 78' lang='lat' dir='ltr'><strong>est,</strong></span> <span class='ocrx_word' id='word_1_170' title='bbox 1211 2202 1321 2241; x_wconf 90' lang='lat' dir='ltr'><strong>non</strong></span> <span class='ocrx_word' id='word_1_171' title='bbox 1349 2167 1480 2241; x_wconf 72' lang='lat' dir='ltr'><strong>dai&#39;e</strong></span> <span class='ocrx_word' id='word_1_172' title='bbox 1510 2185 1589 2241; x_wconf 91' lang='lat' dir='ltr'><strong>illi</strong></span> <span class='ocrx_word' id='word_1_173' title='bbox 1618 2185 1705 2242; x_wconf 90' lang='lat' dir='ltr'><strong>cui</strong></span> <span class='ocrx_word' id='word_1_174' title='bbox 1742 2186 1874 2241; x_wconf 91' lang='lat' dir='ltr'><strong>dan-</strong></span> 
     </span>
    </p>
   </div>
   <div class='ocr_carea' id='block_1_25' title="bbox 280 2275 1872 2348">
    <p class='ocr_par' dir='ltr' id='par_1_25' title="bbox 280 2275 1872 2348">
     <span class='ocr_line' id='line_1_25' title="bbox 280 2275 1872 2348; baseline -0.001 -17"><span class='ocrx_word' id='word_1_175' title='bbox 280 2278 410 2332; x_wconf 88' lang='lat' dir='ltr'><strong>dum</strong></span> <span class='ocrx_word' id='word_1_176' title='bbox 439 2293 551 2332; x_wconf 91' lang='lat' dir='ltr'><strong>non</strong></span> <span class='ocrx_word' id='word_1_177' title='bbox 590 2284 706 2343; x_wconf 88' lang='lat' dir='ltr'><strong>est;</strong></span> <span class='ocrx_word' id='word_1_178' title='bbox 750 2284 806 2331; x_wconf 89' lang='lat' dir='ltr'><strong>ut</strong></span> <span class='ocrx_word' id='word_1_179' title='bbox 835 2291 958 2333; x_wconf 91' lang='lat' dir='ltr'><strong>eum</strong></span> <span class='ocrx_word' id='word_1_180' title='bbox 989 2284 1163 2345; x_wconf 88' lang='lat' dir='ltr'><strong>vocet,</strong></span> <span class='ocrx_word' id='word_1_181' title='bbox 1217 2291 1378 2348; x_wconf 89' lang='lat' dir='ltr'><strong>quem</strong></span> <span class='ocrx_word' id='word_1_182' title='bbox 1410 2275 1545 2331; x_wconf 87' lang='lat' dir='ltr'><strong>sciat</strong></span> <span class='ocrx_word' id='word_1_183' title='bbox 1571 2275 1832 2330; x_wconf 88' lang='lat' dir='ltr'><strong>obaudire</strong></span> <span class='ocrx_word' id='word_1_184' title='bbox 1857 2294 1872 2343; x_wconf 87' lang='lat'><strong>;</strong></span> 
     </span>
    </p>
   </div>
   <div class='ocr_carea' id='block_1_26' title="bbox 281 2364 1874 2438">
    <p class='ocr_par' dir='ltr' id='par_1_26' title="bbox 281 2364 1874 2438">
     <span class='ocr_line' id='line_1_26' title="bbox 281 2364 1874 2438; baseline -0.001 -18"><span class='ocrx_word' id='word_1_185' title='bbox 281 2373 361 2421; x_wconf 23' lang='lat' dir='ltr'><strong>ut!</strong></span> <span class='ocrx_word' id='word_1_186' title='bbox 388 2365 568 2421; x_wconf 81' lang='lat' dir='ltr'><strong>David</strong></span> <span class='ocrx_word' id='word_1_187' title='bbox 609 2366 702 2437; x_wconf 91' lang='lat' dir='ltr'><strong>qui</strong></span> <span class='ocrx_word' id='word_1_188' title='bbox 743 2373 866 2438; x_wconf 88' lang='lat' dir='ltr'><strong>post</strong></span> <span class='ocrx_word' id='word_1_189' title='bbox 907 2366 1122 2421; x_wconf 83' lang='lat' dir='ltr'><strong>veniam</strong></span> <span class='ocrx_word' id='word_1_190' title='bbox 1154 2373 1263 2419; x_wconf 90' lang='lat' dir='ltr'><strong>tam</strong></span> <span class='ocrx_word' id='word_1_191' title='bbox 1294 2365 1433 2420; x_wconf 88' lang='lat' dir='ltr'><strong>bene</strong></span> <span class='ocrx_word' id='word_1_192' title='bbox 1463 2364 1717 2437; x_wconf 84' lang='lat' dir='ltr'><strong>perstitit.</strong></span> <span class='ocrx_word' id='word_1_193' title='bbox 1750 2364 1874 2419; x_wconf 90' lang='lat' dir='ltr'><strong>Saul</strong></span> 
     </span>
    </p>
   </div>
   <div class='ocr_carea' id='block_1_27' title="bbox 277 2451 1877 2526">
    <p class='ocr_par' dir='ltr' id='par_1_27' title="bbox 277 2451 1877 2526">
     <span class='ocr_line' id='line_1_27' title="bbox 277 2451 1877 2526; baseline -0.003 -16"><span class='ocrx_word' id='word_1_194' title='bbox 277 2468 386 2511; x_wconf 90' lang='lat' dir='ltr'><strong>non</strong></span> <span class='ocrx_word' id='word_1_195' title='bbox 416 2454 631 2510; x_wconf 90' lang='lat' dir='ltr'><strong>auditus</strong></span> <span class='ocrx_word' id='word_1_196' title='bbox 661 2455 716 2509; x_wconf 92' lang='lat' dir='ltr'><strong>in</strong></span> <span class='ocrx_word' id='word_1_197' title='bbox 743 2467 906 2526; x_wconf 87' lang='lat' dir='ltr'><strong>prece</strong></span> <span class='ocrx_word' id='word_1_198' title='bbox 933 2469 1044 2508; x_wconf 90' lang='lat' dir='ltr'><strong>non</strong></span> <span class='ocrx_word' id='word_1_199' title='bbox 1072 2452 1324 2524; x_wconf 90' lang='lat' dir='ltr'><strong>perstitit,</strong></span> <span class='ocrx_word' id='word_1_200' title='bbox 1358 2453 1455 2509; x_wconf 91' lang='lat' dir='ltr'><strong>sed</strong></span> <span class='ocrx_word' id='word_1_201' title='bbox 1484 2452 1553 2508; x_wconf 91' lang='lat' dir='ltr'><strong>ad</strong></span> <span class='ocrx_word' id='word_1_202' title='bbox 1581 2451 1724 2508; x_wconf 91' lang='lat' dir='ltr'><strong>idola</strong></span> <span class='ocrx_word' id='word_1_203' title='bbox 1753 2468 1877 2508; x_wconf 87' lang='lat' dir='ltr'><strong>con-</strong></span> 
     </span>
    </p>
   </div>
   <div class='ocr_carea' id='block_1_28' title="bbox 279 2540 1876 2614">
    <p class='ocr_par' dir='ltr' id='par_1_28' title="bbox 279 2540 1876 2614">
     <span class='ocr_line' id='line_1_28' title="bbox 279 2540 1876 2614; baseline -0.003 -15"><span class='ocrx_word' id='word_1_204' title='bbox 279 2558 475 2599; x_wconf 90' lang='lat' dir='ltr'><strong>versus</strong></span> <span class='ocrx_word' id='word_1_205' title='bbox 519 2551 639 2609; x_wconf 91' lang='lat' dir='ltr'><strong>est;</strong></span> <span class='ocrx_word' id='word_1_206' title='bbox 686 2542 832 2598; x_wconf 86' lang='lat' dir='ltr'><strong>unde</strong></span> <span class='ocrx_word' id='word_1_207' title='bbox 872 2543 1018 2611; x_wconf 90' lang='lat' dir='ltr'><strong>juste</strong></span> <span class='ocrx_word' id='word_1_208' title='bbox 1065 2543 1390 2614; x_wconf 89' lang='lat' dir='ltr'><strong>reprobatus</strong></span> <span class='ocrx_word' id='word_1_209' title='bbox 1434 2556 1556 2597; x_wconf 89' lang='lat' dir='ltr'><strong>esse</strong></span> <span class='ocrx_word' id='word_1_210' title='bbox 1584 2556 1615 2597; x_wconf 90' lang='lat' dir='ltr'><strong>a</strong></span> <span class='ocrx_word' id='word_1_211' title='bbox 1644 2540 1876 2612; x_wconf 64' lang='lat' dir='ltr'><strong>praescio</strong></span> 
     </span>
    </p>
   </div>
   <div class='ocr_carea' id='block_1_29' title="bbox 281 2632 514 2688">
    <p class='ocr_par' dir='ltr' id='par_1_29' title="bbox 281 2632 514 2688">
     <span class='ocr_line' id='line_1_29' title="bbox 281 2632 514 2688; baseline -0.009 0"><span class='ocrx_word' id='word_1_212' title='bbox 281 2632 514 2688; x_wconf 88' lang='lat' dir='ltr'><strong>videtur.</strong></span> 
     </span>
    </p>
   </div>
   <div class='ocr_carea' id='block_1_30' title="bbox 349 2744 1878 2817">
    <p class='ocr_par' dir='ltr' id='par_1_30' title="bbox 349 2744 1878 2817">
     <span class='ocr_line' id='line_1_30' title="bbox 349 2744 1878 2817; baseline -0.002 -16"><span class='ocrx_word' id='word_1_213' title='bbox 349 2746 522 2812; x_wconf 73' lang='lat' dir='ltr'><strong>Vens,</strong></span> <span class='ocrx_word' id='word_1_214' title='bbox 556 2748 642 2800; x_wconf 87' lang='lat'><strong>16.</strong></span> <span class='ocrx_word' id='word_1_215' title='bbox 677 2775 745 2784; x_wconf 95' lang='lat'><strong>—</strong></span> <span class='ocrx_word' id='word_1_216' title='bbox 776 2746 955 2817; x_wconf 80' lang='lat' dir='ltr'><strong>Igitur</strong></span> <span class='ocrx_word' id='word_1_217' title='bbox 998 2760 1115 2801; x_wconf 78' lang='lat' dir='ltr'><strong>non</strong></span> <span class='ocrx_word' id='word_1_218' title='bbox 1144 2745 1420 2811; x_wconf 82' lang='lat' dir='ltr'><strong>volentis,</strong></span> <span class='ocrx_word' id='word_1_219' title='bbox 1457 2751 1563 2800; x_wconf 93' lang='lat' dir='ltr'><strong>etc.</strong></span> <span class='ocrx_word' id='word_1_220' title='bbox 1596 2744 1878 2816; x_wconf 86' lang='lat' dir='ltr'><strong>Tanquam</strong></span> 
     </span>
    </p>
   </div>
   <div class='ocr_carea' id='block_1_31' title="bbox 281 2832 1879 2900">
    <p class='ocr_par' dir='ltr' id='par_1_31' title="bbox 281 2832 1879 2900">
     <span class='ocr_line' id='line_1_31' title="bbox 281 2832 1879 2900; baseline -0.003 -9"><span class='ocrx_word' id='word_1_221' title='bbox 281 2835 483 2891; x_wconf 88' lang='lat' dir='ltr'><strong>diceret</strong></span> <span class='ocrx_word' id='word_1_222' title='bbox 515 2852 531 2889; x_wconf 89' lang='lat'><strong>:</strong></span> <span class='ocrx_word' id='word_1_223' title='bbox 564 2834 688 2889; x_wconf 89' lang='lat' dir='ltr'><strong>Non</strong></span> <span class='ocrx_word' id='word_1_224' title='bbox 716 2832 912 2890; x_wconf 79' lang='lat' dir='ltr'><strong>sufﬁcit</strong></span> <span class='ocrx_word' id='word_1_225' title='bbox 940 2833 1055 2889; x_wconf 89' lang='lat' dir='ltr'><strong>sola</strong></span> <span class='ocrx_word' id='word_1_226' title='bbox 1085 2833 1336 2889; x_wconf 87' lang='lat' dir='ltr'><strong>voluntas</strong></span> <span class='ocrx_word' id='word_1_227' title='bbox 1363 2832 1634 2900; x_wconf 82' lang='lat' dir='ltr'><strong>hominis;</strong></span> <span class='ocrx_word' id='word_1_228' title='bbox 1684 2832 1731 2887; x_wconf 88' lang='lat' dir='ltr'><strong>si</strong></span> <span class='ocrx_word' id='word_1_229' title='bbox 1769 2848 1879 2888; x_wconf 89' lang='lat' dir='ltr'><strong>non</strong></span> 
     </span>
    </p>
   </div>
   <div class='ocr_carea' id='block_1_32' title="bbox 282 2921 1870 2992">
    <p class='ocr_par' dir='ltr' id='par_1_32' title="bbox 282 2921 1870 2992">
     <span class='ocr_line' id='line_1_32' title="bbox 282 2921 1870 2992; baseline -0.003 -13"><span class='ocrx_word' id='word_1_230' title='bbox 282 2924 350 2979; x_wconf 90' lang='lat' dir='ltr'><strong>sit</strong></span> <span class='ocrx_word' id='word_1_231' title='bbox 396 2923 560 2979; x_wconf 90' lang='lat' dir='ltr'><strong>etiam</strong></span> <span class='ocrx_word' id='word_1_232' title='bbox 601 2922 975 2980; x_wconf 87' lang='lat' dir='ltr'><strong>misericordia</strong></span> <span class='ocrx_word' id='word_1_233' title='bbox 1022 2921 1144 2979; x_wconf 92' lang='lat' dir='ltr'><strong>Dei.</strong></span> <span class='ocrx_word' id='word_1_234' title='bbox 1178 2921 1277 2978; x_wconf 88' lang='lat' dir='ltr'><strong>Cui</strong></span> <span class='ocrx_word' id='word_1_235' title='bbox 1320 2921 1549 2992; x_wconf 90' lang='lat' dir='ltr'><strong>dicitur,</strong></span> <span class='ocrx_word' id='word_1_236' title='bbox 1600 2928 1870 2977; x_wconf 89' lang='lat' dir='ltr'><strong>econtra:</strong></span> 
     </span>
    </p>
   </div>
   <div class='ocr_carea' id='block_1_33' title="bbox 280 3010 1879 3078">
    <p class='ocr_par' dir='ltr' id='par_1_33' title="bbox 280 3010 1879 3078">
     <span class='ocr_line' id='line_1_33' title="bbox 280 3010 1879 3078; baseline -0.003 -11"><span class='ocrx_word' id='word_1_237' title='bbox 280 3012 402 3068; x_wconf 88' lang='lat' dir='ltr'><strong>Non</strong></span> <span class='ocrx_word' id='word_1_238' title='bbox 433 3010 628 3067; x_wconf 77' lang='lat' dir='ltr'><strong>suﬁicit</strong></span> <span class='ocrx_word' id='word_1_239' title='bbox 655 3010 819 3067; x_wconf 86' lang='lat' dir='ltr'><strong>etiam</strong></span> <span class='ocrx_word' id='word_1_240' title='bbox 847 3010 1230 3067; x_wconf 89' lang='lat' dir='ltr'><strong>misericordia</strong></span> <span class='ocrx_word' id='word_1_241' title='bbox 1256 3011 1377 3078; x_wconf 87' lang='lat' dir='ltr'><strong>Dei,</strong></span> <span class='ocrx_word' id='word_1_242' title='bbox 1400 3010 1447 3066; x_wconf 89' lang='lat' dir='ltr'><strong>si</strong></span> <span class='ocrx_word' id='word_1_243' title='bbox 1474 3026 1583 3067; x_wconf 91' lang='lat' dir='ltr'><strong>non</strong></span> <span class='ocrx_word' id='word_1_244' title='bbox 1605 3010 1671 3065; x_wconf 90' lang='lat' dir='ltr'><strong>sit</strong></span> <span class='ocrx_word' id='word_1_245' title='bbox 1694 3011 1879 3066; x_wconf 88' lang='lat' dir='ltr'><strong>volun-</strong></span> 
     </span>
    </p>
   </div>
   <div class='ocr_carea' id='block_1_34' title="bbox 1986 424 2533 495">
    <p class='ocr_par' dir='ltr' id='par_1_34' title="bbox 1986 424 2533 495">
     <span class='ocr_line' id='line_1_34' title="bbox 1986 424 2533 495; baseline 0.007 -18"><span class='ocrx_word' id='word_1_246' title='bbox 1986 424 2285 480; x_wconf 90' lang='lat' dir='ltr'><strong>motissima</strong></span> <span class='ocrx_word' id='word_1_247' title='bbox 2308 425 2533 495; x_wconf 90' lang='lat' dir='ltr'><strong>judicat.</strong></span> 
     </span>
    </p>
   </div>
   <div class='ocr_carea' id='block_1_35' title="bbox 2056 534 3578 608">
    <p class='ocr_par' dir='ltr' id='par_1_35' title="bbox 2056 534 3578 608">
     <span class='ocr_line' id='line_1_35' title="bbox 2056 534 3578 608; baseline 0.003 -20"><span class='ocrx_word' id='word_1_248' title='bbox 2056 534 2227 590; x_wconf 75' lang='lat' dir='ltr'><strong>Vnus.</strong></span> <span class='ocrx_word' id='word_1_249' title='bbox 2283 538 2367 590; x_wconf 89' lang='lat'><strong>19.</strong></span> <span class='ocrx_word' id='word_1_250' title='bbox 2397 565 2468 576; x_wconf 89' lang='lat'>—</span> <span class='ocrx_word' id='word_1_251' title='bbox 2493 534 2635 602; x_wconf 84' lang='lat' dir='ltr'><strong>Quid</strong></span> <span class='ocrx_word' id='word_1_252' title='bbox 2663 536 2865 592; x_wconf 86' lang='lat' dir='ltr'><strong>adhuc.</strong></span> <span class='ocrx_word' id='word_1_253' title='bbox 2916 536 3209 608; x_wconf 88' lang='lat' dir='ltr'><strong>Postquam</strong></span> <span class='ocrx_word' id='word_1_254' title='bbox 3239 542 3456 591; x_wconf 88' lang='lat' dir='ltr'><strong>constat</strong></span> <span class='ocrx_word' id='word_1_255' title='bbox 3510 551 3578 592; x_wconf 80' lang='lat' dir='ltr'><strong>ex</strong></span> 
     </span>
    </p>
   </div>
   <div class='ocr_carea' id='block_1_36' title="bbox 1986 620 3587 697">
    <p class='ocr_par' dir='ltr' id='par_1_36' title="bbox 1986 620 3587 697">
     <span class='ocr_line' id='line_1_36' title="bbox 1986 620 3587 697; baseline 0.001 -20"><span class='ocrx_word' id='word_1_256' title='bbox 1986 620 2259 679; x_wconf 84' lang='lat' dir='ltr'><strong>voluntate</strong></span> <span class='ocrx_word' id='word_1_257' title='bbox 2287 621 2388 679; x_wconf 90' lang='lat' dir='ltr'><strong>Dei</strong></span> <span class='ocrx_word' id='word_1_258' title='bbox 2434 639 2558 679; x_wconf 89' lang='lat' dir='ltr'><strong>esse</strong></span> <span class='ocrx_word' id='word_1_259' title='bbox 2582 665 2596 693; x_wconf 91' lang='lat'><strong>,</strong></span> <span class='ocrx_word' id='word_1_260' title='bbox 2643 639 2810 695; x_wconf 88' lang='lat' dir='ltr'><strong>quare</strong></span> <span class='ocrx_word' id='word_1_261' title='bbox 2855 622 3146 697; x_wconf 87' lang='lat' dir='ltr'><strong>inquiritur</strong></span> <span class='ocrx_word' id='word_1_262' title='bbox 3172 625 3320 680; x_wconf 89' lang='lat' dir='ltr'><strong>unde</strong></span> <span class='ocrx_word' id='word_1_263' title='bbox 3347 623 3485 679; x_wconf 90' lang='lat' dir='ltr'><strong>alius</strong></span> <span class='ocrx_word' id='word_1_264' title='bbox 3514 623 3587 679; x_wconf 87' lang='lat' dir='ltr'><strong>sit</strong></span> 
     </span>
    </p>
   </div>
   <div class='ocr_carea' id='block_1_37' title="bbox 1985 707 3584 785">
    <p class='ocr_par' dir='ltr' id='par_1_37' title="bbox 1985 707 3584 785">
     <span class='ocr_line' id='line_1_37' title="bbox 1985 707 3584 785; baseline 0.001 -21"><span class='ocrx_word' id='word_1_265' title='bbox 1985 707 2180 780; x_wconf 86' lang='lat' dir='ltr'><strong>bonus,</strong></span> <span class='ocrx_word' id='word_1_266' title='bbox 2210 710 2347 766; x_wconf 89' lang='lat' dir='ltr'><strong>alius</strong></span> <span class='ocrx_word' id='word_1_267' title='bbox 2376 710 2443 766; x_wconf 90' lang='lat' dir='ltr'><strong>sit</strong></span> <span class='ocrx_word' id='word_1_268' title='bbox 2471 711 2692 768; x_wconf 81' lang='lat' dir='ltr'><strong>malus?</strong></span> <span class='ocrx_word' id='word_1_269' title='bbox 2718 712 2842 768; x_wconf 91' lang='lat' dir='ltr'><strong>Non</strong></span> <span class='ocrx_word' id='word_1_270' title='bbox 2872 719 2958 769; x_wconf 90' lang='lat' dir='ltr'><strong>est</strong></span> <span class='ocrx_word' id='word_1_271' title='bbox 2983 728 3151 785; x_wconf 90' lang='lat' dir='ltr'><strong>opus,</strong></span> <span class='ocrx_word' id='word_1_272' title='bbox 3175 712 3300 785; x_wconf 89' lang='lat' dir='ltr'><strong>quia</strong></span> <span class='ocrx_word' id='word_1_273' title='bbox 3326 711 3449 767; x_wconf 89' lang='lat' dir='ltr'><strong>talis</strong></span> <span class='ocrx_word' id='word_1_274' title='bbox 3476 710 3584 768; x_wconf 89' lang='lat' dir='ltr'><strong>erit</strong></span> 
     </span>
    </p>
   </div>
   <div class='ocr_carea' id='block_1_38' title="bbox 1983 798 3580 873">
    <p class='ocr_par' dir='ltr' id='par_1_38' title="bbox 1983 798 3580 873">
     <span class='ocr_line' id='line_1_38' title="bbox 1983 798 3580 873; baseline 0.003 -21"><span class='ocrx_word' id='word_1_275' title='bbox 1983 798 2215 871; x_wconf 90' lang='lat' dir='ltr'><strong>quisque</strong></span> <span class='ocrx_word' id='word_1_276' title='bbox 2243 800 2460 873; x_wconf 88' lang='lat' dir='ltr'><strong>qualem</strong></span> <span class='ocrx_word' id='word_1_277' title='bbox 2479 801 2593 856; x_wconf 91' lang='lat' dir='ltr'><strong>vult</strong></span> <span class='ocrx_word' id='word_1_278' title='bbox 2610 801 2759 857; x_wconf 90' lang='lat' dir='ltr'><strong>Deus</strong></span> <span class='ocrx_word' id='word_1_279' title='bbox 2788 817 2930 869; x_wconf 89' lang='lat' dir='ltr'><strong>esse,</strong></span> <span class='ocrx_word' id='word_1_280' title='bbox 2954 809 3008 857; x_wconf 93' lang='lat' dir='ltr'><strong>et</strong></span> <span class='ocrx_word' id='word_1_281' title='bbox 3031 800 3157 858; x_wconf 89' lang='lat' dir='ltr'><strong>ideo</strong></span> <span class='ocrx_word' id='word_1_282' title='bbox 3187 800 3383 871; x_wconf 81' lang='lat' dir='ltr'><strong>injuste</strong></span> <span class='ocrx_word' id='word_1_283' title='bbox 3413 800 3580 857; x_wconf 89' lang='lat' dir='ltr'><strong>alium</strong></span> 
     </span>
    </p>
   </div>
   <div class='ocr_carea' id='block_1_39' title="bbox 1983 887 3583 963">
    <p class='ocr_par' dir='ltr' id='par_1_39' title="bbox 1983 887 3583 963">
     <span class='ocr_line' id='line_1_39' title="bbox 1983 887 3583 963; baseline 0.001 -21"><span class='ocrx_word' id='word_1_284' title='bbox 1983 887 2238 955; x_wconf 89' lang='lat' dir='ltr'><strong>damnat,</strong></span> <span class='ocrx_word' id='word_1_285' title='bbox 2295 889 2459 945; x_wconf 87' lang='lat' dir='ltr'><strong>alium</strong></span> <span class='ocrx_word' id='word_1_286' title='bbox 2495 889 2702 945; x_wconf 88' lang='lat' dir='ltr'><strong>salvat:</strong></span> <span class='ocrx_word' id='word_1_287' title='bbox 2725 890 2813 948; x_wconf 86' lang='lat' dir='ltr'><strong>vel</strong></span> <span class='ocrx_word' id='word_1_288' title='bbox 2843 890 2972 962; x_wconf 90' lang='lat' dir='ltr'><strong>quid</strong></span> <span class='ocrx_word' id='word_1_289' title='bbox 2999 890 3261 963; x_wconf 87' lang='lat' dir='ltr'><strong>queritur,</strong></span> <span class='ocrx_word' id='word_1_290' title='bbox 3289 890 3346 947; x_wconf 89' lang='lat' dir='ltr'><strong>id</strong></span> <span class='ocrx_word' id='word_1_291' title='bbox 3374 897 3459 946; x_wconf 90' lang='lat' dir='ltr'><strong>est</strong></span> <span class='ocrx_word' id='word_1_292' title='bbox 3484 904 3583 945; x_wconf 88' lang='lat' dir='ltr'><strong>cur</strong></span> 
     </span>
    </p>
   </div>
   <div class='ocr_carea' id='block_1_40' title="bbox 1981 976 3581 1051">
    <p class='ocr_par' dir='ltr' id='par_1_40' title="bbox 1981 976 3581 1051">
     <span class='ocr_line' id='line_1_40' title="bbox 1981 976 3581 1051; baseline 0.003 -22"><span class='ocrx_word' id='word_1_293' title='bbox 1981 976 2172 1032; x_wconf 87' lang='lat' dir='ltr'><strong>nititur</strong></span> <span class='ocrx_word' id='word_1_294' title='bbox 2187 976 2384 1051; x_wconf 89' lang='lat' dir='ltr'><strong>aliquis</strong></span> <span class='ocrx_word' id='word_1_295' title='bbox 2400 977 2540 1034; x_wconf 89' lang='lat' dir='ltr'><strong>bene</strong></span> <span class='ocrx_word' id='word_1_296' title='bbox 2570 994 2755 1050; x_wconf 84' lang='lat' dir='ltr'><strong>agere,</strong></span> <span class='ocrx_word' id='word_1_297' title='bbox 2778 994 2901 1036; x_wconf 92' lang='lat' dir='ltr'><strong>cum</strong></span> <span class='ocrx_word' id='word_1_298' title='bbox 2917 979 3052 1036; x_wconf 87' lang='lat' dir='ltr'><strong>nihil</strong></span> <span class='ocrx_word' id='word_1_299' title='bbox 3078 980 3279 1051; x_wconf 90' lang='lat' dir='ltr'><strong>possit,</strong></span> <span class='ocrx_word' id='word_1_300' title='bbox 3310 977 3416 1034; x_wconf 84' lang='lat' dir='ltr'><strong>nisi</strong></span> <span class='ocrx_word' id='word_1_301' title='bbox 3434 976 3581 1050; x_wconf 88' lang='lat' dir='ltr'><strong>quod</strong></span> 
     </span>
    </p>
   </div>
   <div class='ocr_carea' id='block_1_41' title="bbox 1982 1065 2335 1121">
    <p class='ocr_par' dir='ltr' id='par_1_41' title="bbox 1982 1065 2335 1121">
     <span class='ocr_line' id='line_1_41' title="bbox 1982 1065 2335 1121; baseline 0.003 -1"><span class='ocrx_word' id='word_1_302' title='bbox 1982 1065 2131 1121; x_wconf 89' lang='lat' dir='ltr'><strong>Deus</strong></span> <span class='ocrx_word' id='word_1_303' title='bbox 2157 1065 2335 1121; x_wconf 80' lang='lat' dir='ltr'><strong>velit?</strong></span> 
     </span>
    </p>
   </div>
   <div class='ocr_carea' id='block_1_42' title="bbox 2050 1180 3580 1260">
    <p class='ocr_par' dir='ltr' id='par_1_42' title="bbox 2050 1180 3580 1260">
     <span class='ocr_line' id='line_1_42' title="bbox 2050 1180 3580 1260; baseline 0.008 -25"><span class='ocrx_word' id='word_1_304' title='bbox 2050 1180 2221 1237; x_wconf 76' lang='lat' dir='ltr'><strong>Vnus.</strong></span> <span class='ocrx_word' id='word_1_305' title='bbox 2247 1185 2338 1239; x_wconf 79' lang='lat'><strong>20.</strong></span> <span class='ocrx_word' id='word_1_306' title='bbox 2389 1211 2457 1222; x_wconf 92' lang='lat'><strong>—</strong></span> <span class='ocrx_word' id='word_1_307' title='bbox 2503 1182 2544 1238; x_wconf 92' lang='lat'><em>0</em></span> <span class='ocrx_word' id='word_1_308' title='bbox 2573 1184 2762 1240; x_wconf 82' lang='lat' dir='ltr'><strong>Homo.</strong></span> <span class='ocrx_word' id='word_1_309' title='bbox 2812 1184 2927 1239; x_wconf 82' lang='lat' dir='ltr'><strong>Hoc</strong></span> <span class='ocrx_word' id='word_1_310' title='bbox 2964 1199 3073 1240; x_wconf 92' lang='lat' dir='ltr'><strong>non</strong></span> <span class='ocrx_word' id='word_1_311' title='bbox 3102 1200 3167 1240; x_wconf 86' lang='lat' dir='ltr'><strong>ex</strong></span> <span class='ocrx_word' id='word_1_312' title='bbox 3198 1184 3379 1260; x_wconf 88' lang='lat' dir='ltr'><strong>inopia</strong></span> <span class='ocrx_word' id='word_1_313' title='bbox 3406 1189 3580 1247; x_wconf 87' lang='lat' dir='ltr'><strong>ratio-</strong></span> 
     </span>
    </p>
   </div>
   <div class='ocr_carea' id='block_1_43' title="bbox 1979 1268 3293 1338">
    <p class='ocr_par' dir='ltr' id='par_1_43' title="bbox 1979 1268 3293 1338">
     <span class='ocr_line' id='line_1_43' title="bbox 1979 1268 3293 1338; baseline 0.005 -14"><span class='ocrx_word' id='word_1_314' title='bbox 1979 1268 2065 1324; x_wconf 88' lang='lat' dir='ltr'><strong>nis</strong></span> <span class='ocrx_word' id='word_1_315' title='bbox 2094 1270 2405 1338; x_wconf 69' lang='lat' dir='ltr'><strong>reddendaa,</strong></span> <span class='ocrx_word' id='word_1_316' title='bbox 2442 1271 2539 1326; x_wconf 91' lang='lat' dir='ltr'><strong>sed</strong></span> <span class='ocrx_word' id='word_1_317' title='bbox 2569 1272 2825 1327; x_wconf 88' lang='lat' dir='ltr'><strong>hominen</strong></span> <span class='ocrx_word' id='word_1_318' title='bbox 2868 1273 2937 1327; x_wconf 92' lang='lat' dir='ltr'><strong>ad</strong></span> <span class='ocrx_word' id='word_1_319' title='bbox 2966 1288 3027 1327; x_wconf 91' lang='lat' dir='ltr'><strong>se</strong></span> <span class='ocrx_word' id='word_1_320' title='bbox 3055 1284 3293 1331; x_wconf 88' lang='lat' dir='ltr'><strong>revocat.</strong></span> 
     </span>
    </p>
   </div>
   <div class='ocr_carea' id='block_1_44' title="bbox 2049 1385 3577 1449">
    <p class='ocr_par' dir='ltr' id='par_1_44' title="bbox 2049 1385 3577 1449">
     <span class='ocr_line' id='line_1_44' title="bbox 2049 1385 3577 1449; baseline 0.006 -9"><span class='ocrx_word' id='word_1_321' title='bbox 2049 1385 2219 1442; x_wconf 74' lang='lat' dir='ltr'><strong>Vnus.</strong></span> <span class='ocrx_word' id='word_1_322' title='bbox 2252 1388 2342 1444; x_wconf 72' lang='lat'><strong>21.</strong></span> <span class='ocrx_word' id='word_1_323' title='bbox 2387 1417 2457 1427; x_wconf 92' lang='lat'><strong>—-</strong></span> <span class='ocrx_word' id='word_1_324' title='bbox 2498 1388 2587 1443; x_wconf 79' lang='lat' dir='ltr'><strong>Ea:</strong></span> <span class='ocrx_word' id='word_1_325' title='bbox 2633 1386 2825 1442; x_wconf 81' lang='lat' dir='ltr'><strong>eadem</strong></span> <span class='ocrx_word' id='word_1_326' title='bbox 2872 1404 3078 1445; x_wconf 88' lang='lat' dir='ltr'><strong>massa.</strong></span> <span class='ocrx_word' id='word_1_327' title='bbox 3130 1390 3219 1446; x_wconf 90' lang='lat' dir='ltr'><strong>Sic</strong></span> <span class='ocrx_word' id='word_1_328' title='bbox 3257 1399 3365 1447; x_wconf 88' lang='lat' dir='ltr'><strong>tota</strong></span> <span class='ocrx_word' id='word_1_329' title='bbox 3393 1409 3577 1449; x_wconf 86' lang='lat' dir='ltr'><strong>massa</strong></span> 
     </span>
    </p>
   </div>
   <div class='ocr_carea' id='block_1_45' title="bbox 1976 1473 3581 1547">
    <p class='ocr_par' dir='ltr' id='par_1_45' title="bbox 1976 1473 3581 1547">
     <span class='ocr_line' id='line_1_45' title="bbox 1976 1473 3581 1547; baseline 0.006 -19"><span class='ocrx_word' id='word_1_330' title='bbox 1976 1473 2197 1529; x_wconf 89' lang='lat' dir='ltr'><strong>humani</strong></span> <span class='ocrx_word' id='word_1_331' title='bbox 2226 1474 2608 1545; x_wconf 87' lang='lat' dir='ltr'><strong>generisjuste</strong></span> <span class='ocrx_word' id='word_1_332' title='bbox 2637 1483 2911 1547; x_wconf 90' lang='lat' dir='ltr'><strong>corrupta,</strong></span> <span class='ocrx_word' id='word_1_333' title='bbox 2936 1484 2988 1531; x_wconf 91' lang='lat' dir='ltr'><strong>et</strong></span> <span class='ocrx_word' id='word_1_334' title='bbox 3018 1476 3196 1533; x_wconf 90' lang='lat' dir='ltr'><strong>lutosa</strong></span> <span class='ocrx_word' id='word_1_335' title='bbox 3224 1487 3344 1547; x_wconf 90' lang='lat' dir='ltr'><strong>est;</strong></span> <span class='ocrx_word' id='word_1_336' title='bbox 3377 1480 3423 1535; x_wconf 88' lang='lat' dir='ltr'><strong>si</strong></span> <span class='ocrx_word' id='word_1_337' title='bbox 3452 1480 3581 1538; x_wconf 90' lang='lat' dir='ltr'><strong>inde</strong></span> 
     </span>
    </p>
   </div>
   <div class='ocr_carea' id='block_1_46' title="bbox 1975 1562 3576 1640">
    <p class='ocr_par' dir='ltr' id='par_1_46' title="bbox 1975 1562 3576 1640">
     <span class='ocr_line' id='line_1_46' title="bbox 1975 1562 3576 1640; baseline 0.005 -23"><span class='ocrx_word' id='word_1_338' title='bbox 1975 1578 2071 1617; x_wconf 90' lang='lat' dir='ltr'><strong>vas</strong></span> <span class='ocrx_word' id='word_1_339' title='bbox 2100 1562 2154 1617; x_wconf 89' lang='lat' dir='ltr'><strong>in</strong></span> <span class='ocrx_word' id='word_1_340' title='bbox 2174 1563 2457 1632; x_wconf 89' lang='lat' dir='ltr'><strong>honorem,</strong></span> <span class='ocrx_word' id='word_1_341' title='bbox 2478 1563 2856 1620; x_wconf 88' lang='lat' dir='ltr'><strong>misericordia</strong></span> <span class='ocrx_word' id='word_1_342' title='bbox 2884 1573 2987 1633; x_wconf 91' lang='lat' dir='ltr'><strong>est;</strong></span> <span class='ocrx_word' id='word_1_343' title='bbox 3019 1566 3064 1621; x_wconf 92' lang='lat' dir='ltr'><strong>si</strong></span> <span class='ocrx_word' id='word_1_344' title='bbox 3092 1565 3146 1622; x_wconf 92' lang='lat' dir='ltr'><strong>in</strong></span> <span class='ocrx_word' id='word_1_345' title='bbox 3176 1568 3576 1640; x_wconf 87' lang='lat' dir='ltr'><strong>contumeliam,</strong></span> 
     </span>
    </p>
   </div>
   <div class='ocr_carea' id='block_1_47' title="bbox 1972 1651 3580 1728">
    <p class='ocr_par' dir='ltr' id='par_1_47' title="bbox 1972 1651 3580 1728">
     <span class='ocr_line' id='line_1_47' title="bbox 1972 1651 3580 1728; baseline 0.006 -23"><span class='ocrx_word' id='word_1_346' title='bbox 1972 1651 2177 1720; x_wconf 89' lang='lat' dir='ltr'><strong>justum</strong></span> <span class='ocrx_word' id='word_1_347' title='bbox 2221 1661 2342 1721; x_wconf 91' lang='lat' dir='ltr'><strong>est;</strong></span> <span class='ocrx_word' id='word_1_348' title='bbox 2392 1652 2517 1725; x_wconf 89' lang='lat' dir='ltr'><strong>quia</strong></span> <span class='ocrx_word' id='word_1_349' title='bbox 2561 1654 2664 1709; x_wconf 90' lang='lat' dir='ltr'><strong>hoc</strong></span> <span class='ocrx_word' id='word_1_350' title='bbox 2692 1660 2805 1709; x_wconf 89' lang='lat' dir='ltr'><strong>erat</strong></span> <span class='ocrx_word' id='word_1_351' title='bbox 2838 1670 2902 1709; x_wconf 84' lang='lat' dir='ltr'><strong>ex</strong></span> <span class='ocrx_word' id='word_1_352' title='bbox 2933 1663 3124 1711; x_wconf 90' lang='lat' dir='ltr'><strong>natura</strong></span> <span class='ocrx_word' id='word_1_353' title='bbox 3157 1672 3170 1711; x_wconf 92' lang='lat'><strong>:</strong></span> <span class='ocrx_word' id='word_1_354' title='bbox 3203 1672 3332 1713; x_wconf 91' lang='lat' dir='ltr'><strong>ecce</strong></span> <span class='ocrx_word' id='word_1_355' title='bbox 3371 1659 3580 1728; x_wconf 90' lang='lat' dir='ltr'><strong>justitia</strong></span> 
     </span>
    </p>
   </div>
   <div class='ocr_carea' id='block_1_48' title="bbox 1975 1738 3584 1815">
    <p class='ocr_par' dir='ltr' id='par_1_48' title="bbox 1975 1738 3584 1815">
     <span class='ocr_line' id='line_1_48' title="bbox 1975 1738 3584 1815; baseline 0.006 -21"><span class='ocrx_word' id='word_1_356' title='bbox 1975 1738 2031 1794; x_wconf 91' lang='lat' dir='ltr'><strong>in</strong></span> <span class='ocrx_word' id='word_1_357' title='bbox 2060 1739 2145 1795; x_wconf 87' lang='lat' dir='ltr'><strong>his</strong></span> <span class='ocrx_word' id='word_1_358' title='bbox 2175 1740 2267 1812; x_wconf 91' lang='lat' dir='ltr'><strong>qui</strong></span> <span class='ocrx_word' id='word_1_359' title='bbox 2294 1757 2403 1796; x_wconf 91' lang='lat' dir='ltr'><strong>non</strong></span> <span class='ocrx_word' id='word_1_360' title='bbox 2432 1741 2632 1797; x_wconf 89' lang='lat' dir='ltr'><strong>habent</strong></span> <span class='ocrx_word' id='word_1_361' title='bbox 2662 1749 2875 1813; x_wconf 87' lang='lat' dir='ltr'><strong>tempus</strong></span> <span class='ocrx_word' id='word_1_362' title='bbox 2902 1745 3165 1815; x_wconf 89' lang='lat' dir='ltr'><strong>operandi</strong></span> <span class='ocrx_word' id='word_1_363' title='bbox 3193 1764 3206 1811; x_wconf 95' lang='lat'><strong>;</strong></span> <span class='ocrx_word' id='word_1_364' title='bbox 3254 1746 3323 1799; x_wconf 92' lang='lat' dir='ltr'><strong>de</strong></span> <span class='ocrx_word' id='word_1_365' title='bbox 3353 1746 3438 1801; x_wconf 87' lang='lat' dir='ltr'><strong>his</strong></span> <span class='ocrx_word' id='word_1_366' title='bbox 3479 1762 3584 1803; x_wconf 91' lang='lat' dir='ltr'><strong>au-</strong></span> 
     </span>
    </p>
   </div>
   <div class='ocr_carea' id='block_1_49' title="bbox 1972 1828 3564 1903">
    <p class='ocr_par' dir='ltr' id='par_1_49' title="bbox 1972 1828 3564 1903">
     <span class='ocr_line' id='line_1_49' title="bbox 1972 1828 3564 1903; baseline 0.008 -21"><span class='ocrx_word' id='word_1_367' title='bbox 1972 1836 2083 1883; x_wconf 92' lang='lat' dir='ltr'><strong>tem</strong></span> <span class='ocrx_word' id='word_1_368' title='bbox 2109 1828 2201 1902; x_wconf 89' lang='lat' dir='ltr'><strong>qui</strong></span> <span class='ocrx_word' id='word_1_369' title='bbox 2227 1829 2427 1885; x_wconf 90' lang='lat' dir='ltr'><strong>habent</strong></span> <span class='ocrx_word' id='word_1_370' title='bbox 2445 1838 2657 1901; x_wconf 85' lang='lat' dir='ltr'><strong>tempus</strong></span> <span class='ocrx_word' id='word_1_371' title='bbox 2687 1831 2869 1886; x_wconf 75' lang='lat' dir='ltr'><strong>subdit</strong></span> <span class='ocrx_word' id='word_1_372' title='bbox 2903 1848 2915 1889; x_wconf 93' lang='lat'><strong>:</strong></span> <span class='ocrx_word' id='word_1_373' title='bbox 2954 1832 3096 1901; x_wconf 86' lang='lat' dir='ltr'><strong>Quid</strong></span> <span class='ocrx_word' id='word_1_374' title='bbox 3114 1834 3162 1890; x_wconf 86' lang='lat' dir='ltr'><strong>si</strong></span> <span class='ocrx_word' id='word_1_375' title='bbox 3184 1836 3330 1891; x_wconf 88' lang='lat' dir='ltr'><strong>Deus</strong></span> <span class='ocrx_word' id='word_1_376' title='bbox 3352 1836 3564 1903; x_wconf 79' lang='lat' dir='ltr'><strong>volens,</strong></span> 
     </span>
    </p>
   </div>
   <div class='ocr_carea' id='block_1_50' title="bbox 1974 1916 3563 1992">
    <p class='ocr_par' dir='ltr' id='par_1_50' title="bbox 1974 1916 3563 1992">
     <span class='ocr_line' id='line_1_50' title="bbox 1974 1916 3563 1992; baseline 0.006 -21"><span class='ocrx_word' id='word_1_377' title='bbox 1974 1916 2181 1973; x_wconf 89' lang='lat' dir='ltr'><strong>scilicet</strong></span> <span class='ocrx_word' id='word_1_378' title='bbox 2201 1917 2330 1990; x_wconf 93' lang='lat' dir='ltr'><strong>quid</strong></span> <span class='ocrx_word' id='word_1_379' title='bbox 2350 1919 2684 1992; x_wconf 89' lang='lat' dir='ltr'><strong>respondeas</strong></span> <span class='ocrx_word' id='word_1_380' title='bbox 2704 1919 2841 1976; x_wconf 91' lang='lat' dir='ltr'><strong>Deo.</strong></span> <span class='ocrx_word' id='word_1_381' title='bbox 2868 1921 3035 1978; x_wconf 83' lang='lat' dir='ltr'><strong>Aliud</strong></span> <span class='ocrx_word' id='word_1_382' title='bbox 3054 1923 3116 1976; x_wconf 83' lang='lat' dir='ltr'><strong>in</strong></span> <span class='ocrx_word' id='word_1_383' title='bbox 3136 1925 3563 1981; x_wconf 83' lang='lat' dir='ltr'><strong>contumeliam.</strong></span> 
     </span>
    </p>
   </div>
   <div class='ocr_carea' id='block_1_51' title="bbox 1974 2005 3575 2081">
    <p class='ocr_par' dir='ltr' id='par_1_51' title="bbox 1974 2005 3575 2081">
     <span class='ocr_line' id='line_1_51' title="bbox 1974 2005 3575 2081; baseline 0.003 -20"><span class='ocrx_word' id='word_1_384' title='bbox 1974 2005 2082 2061; x_wconf 86' lang='lat' dir='ltr'><strong>Vas</strong></span> <span class='ocrx_word' id='word_1_385' title='bbox 2110 2006 2163 2061; x_wconf 89' lang='lat' dir='ltr'><strong>in</strong></span> <span class='ocrx_word' id='word_1_386' title='bbox 2207 2007 2504 2076; x_wconf 87' lang='lat' dir='ltr'><strong>honorem,</strong></span> <span class='ocrx_word' id='word_1_387' title='bbox 2559 2008 2656 2063; x_wconf 91' lang='lat' dir='ltr'><strong>sed</strong></span> <span class='ocrx_word' id='word_1_388' title='bbox 2702 2008 2759 2063; x_wconf 90' lang='lat' dir='ltr'><strong>in</strong></span> <span class='ocrx_word' id='word_1_389' title='bbox 2804 2009 3290 2066; x_wconf 90' lang='lat' dir='ltr'><strong>contumeliam:si</strong></span> <span class='ocrx_word' id='word_1_390' title='bbox 3320 2011 3427 2068; x_wconf 90' lang='lat' dir='ltr'><strong>vile</strong></span> <span class='ocrx_word' id='word_1_391' title='bbox 3457 2020 3575 2081; x_wconf 89' lang='lat' dir='ltr'><strong>est;</strong></span> 
     </span>
    </p>
   </div>
   <div class='ocr_carea' id='block_1_52' title="bbox 1974 2094 3008 2169">
    <p class='ocr_par' dir='ltr' id='par_1_52' title="bbox 1974 2094 3008 2169">
     <span class='ocr_line' id='line_1_52' title="bbox 1974 2094 3008 2169; baseline 0.004 -21"><span class='ocrx_word' id='word_1_392' title='bbox 1974 2110 2040 2148; x_wconf 82' lang='lat' dir='ltr'><strong>ex</strong></span> <span class='ocrx_word' id='word_1_393' title='bbox 2069 2111 2129 2149; x_wconf 91' lang='lat' dir='ltr'><strong>se</strong></span> <span class='ocrx_word' id='word_1_394' title='bbox 2160 2094 2329 2149; x_wconf 91' lang='lat' dir='ltr'><strong>lutum</strong></span> <span class='ocrx_word' id='word_1_395' title='bbox 2356 2094 2542 2162; x_wconf 88' lang='lat' dir='ltr'><strong>habet,</strong></span> <span class='ocrx_word' id='word_1_396' title='bbox 2576 2112 2685 2150; x_wconf 91' lang='lat' dir='ltr'><strong>non</strong></span> <span class='ocrx_word' id='word_1_397' title='bbox 2715 2112 2782 2151; x_wconf 86' lang='lat' dir='ltr'><strong>ex</strong></span> <span class='ocrx_word' id='word_1_398' title='bbox 2814 2096 3008 2169; x_wconf 86' lang='lat' dir='ltr'><strong>figulo.</strong></span> 
     </span>
    </p>
   </div>
   <div class='ocr_carea' id='block_1_53' title="bbox 2053 2182 3576 2260">
    <p class='ocr_par' dir='ltr' id='par_1_53' title="bbox 2053 2182 3576 2260">
     <span class='ocr_line' id='line_1_53' title="bbox 2053 2182 3576 2260; baseline 0.007 -23"><span class='ocrx_word' id='word_1_399' title='bbox 2053 2182 2193 2251; x_wconf 87' lang='lat' dir='ltr'><strong>Quid</strong></span> <span class='ocrx_word' id='word_1_400' title='bbox 2222 2184 2273 2238; x_wconf 89' lang='lat' dir='ltr'><strong>si</strong></span> <span class='ocrx_word' id='word_1_401' title='bbox 2301 2186 2464 2253; x_wconf 83' lang='lat' dir='ltr'><strong>Deus,</strong></span> <span class='ocrx_word' id='word_1_402' title='bbox 2498 2191 2604 2240; x_wconf 90' lang='lat' dir='ltr'><strong>etc.</strong></span> <span class='ocrx_word' id='word_1_403' title='bbox 2625 2184 2812 2256; x_wconf 77' lang='lat' dir='ltr'><strong>(AUG.,</strong></span> <span class='ocrx_word' id='word_1_404' title='bbox 2834 2184 2927 2239; x_wconf 93' lang='lat' dir='ltr'><strong>lib.</strong></span> <span class='ocrx_word' id='word_1_405' title='bbox 2954 2200 2992 2251; x_wconf 85' lang='grc' dir='ltr'><strong>ι,</strong></span> <span class='ocrx_word' id='word_1_406' title='bbox 3026 2185 3576 2260; x_wconf 82' lang='lat' dir='ltr'><strong>adSimplicianum,</strong></span> 
     </span>
    </p>
   </div>
   <div class='ocr_carea' id='block_1_54' title="bbox 1977 2270 3576 2349">
    <p class='ocr_par' dir='ltr' id='par_1_54' title="bbox 1977 2270 3576 2349">
     <span class='ocr_line' id='line_1_54' title="bbox 1977 2270 3576 2349; baseline 0.005 -24"><span class='ocrx_word' id='word_1_407' title='bbox 1977 2277 2169 2342; x_wconf 61' lang='lat' dir='ltr'><strong>quaest.</strong></span> <span class='ocrx_word' id='word_1_408' title='bbox 2191 2271 2281 2341; x_wconf 83' lang='grc' dir='ltr'><strong>ιι.)</strong></span> <span class='ocrx_word' id='word_1_409' title='bbox 2299 2270 2467 2340; x_wconf 84' lang='lat' dir='ltr'><strong>Quasi</strong></span> <span class='ocrx_word' id='word_1_410' title='bbox 2496 2271 2645 2327; x_wconf 90' lang='lat' dir='ltr'><strong>dicat</strong></span> <span class='ocrx_word' id='word_1_411' title='bbox 2670 2290 2682 2327; x_wconf 93' lang='lat'><strong>:</strong></span> <span class='ocrx_word' id='word_1_412' title='bbox 2705 2274 2827 2328; x_wconf 83' lang='lat' dir='ltr'><strong>Jam</strong></span> <span class='ocrx_word' id='word_1_413' title='bbox 2846 2281 3125 2329; x_wconf 89' lang='lat' dir='ltr'><strong>ostensum</strong></span> <span class='ocrx_word' id='word_1_414' title='bbox 3157 2283 3274 2343; x_wconf 89' lang='lat' dir='ltr'><strong>est;</strong></span> <span class='ocrx_word' id='word_1_415' title='bbox 3307 2278 3453 2349; x_wconf 90' lang='lat' dir='ltr'><strong>quod</strong></span> <span class='ocrx_word' id='word_1_416' title='bbox 3473 2278 3576 2335; x_wconf 90' lang='lat' dir='ltr'><strong>etsi</strong></span> 
     </span>
    </p>
   </div>
   <div class='ocr_carea' id='block_1_55' title="bbox 1975 2358 3574 2436">
    <p class='ocr_par' dir='ltr' id='par_1_55' title="bbox 1975 2358 3574 2436">
     <span class='ocr_line' id='line_1_55' title="bbox 1975 2358 3574 2436; baseline 0.006 -22"><span class='ocrx_word' id='word_1_417' title='bbox 1975 2359 2123 2414; x_wconf 91' lang='lat' dir='ltr'><strong>Deus</strong></span> <span class='ocrx_word' id='word_1_418' title='bbox 2170 2358 2303 2414; x_wconf 91' lang='lat' dir='ltr'><strong>nihil</strong></span> <span class='ocrx_word' id='word_1_419' title='bbox 2351 2359 2480 2415; x_wconf 86' lang='lat' dir='ltr'><strong>boni</strong></span> <span class='ocrx_word' id='word_1_420' title='bbox 2527 2360 2637 2430; x_wconf 89' lang='lat' dir='ltr'><strong>det,</strong></span> <span class='ocrx_word' id='word_1_421' title='bbox 2690 2376 2801 2415; x_wconf 91' lang='lat' dir='ltr'><strong>non</strong></span> <span class='ocrx_word' id='word_1_422' title='bbox 2846 2369 3024 2416; x_wconf 88' lang='lat' dir='ltr'><strong>tamen</strong></span> <span class='ocrx_word' id='word_1_423' title='bbox 3062 2362 3281 2436; x_wconf 90' lang='lat' dir='ltr'><strong>iniquus</strong></span> <span class='ocrx_word' id='word_1_424' title='bbox 3310 2372 3411 2432; x_wconf 89' lang='lat' dir='ltr'><strong>est,</strong></span> <span class='ocrx_word' id='word_1_425' title='bbox 3446 2374 3574 2435; x_wconf 89' lang='lat' dir='ltr'><strong>etc.,</strong></span> 
     </span>
    </p>
   </div>
   <div class='ocr_carea' id='block_1_56' title="bbox 1977 2447 3063 2523">
    <p class='ocr_par' dir='ltr' id='par_1_56' title="bbox 1977 2447 3063 2523">
     <span class='ocr_line' id='line_1_56' title="bbox 1977 2447 3063 2523; baseline 0.003 -20"><span class='ocrx_word' id='word_1_426' title='bbox 1977 2464 2151 2520; x_wconf 86' lang='lat' dir='ltr'><strong>usque</strong></span> <span class='ocrx_word' id='word_1_427' title='bbox 2177 2447 2249 2503; x_wconf 88' lang='lat' dir='ltr'><strong>ad</strong></span> <span class='ocrx_word' id='word_1_428' title='bbox 2274 2448 2371 2503; x_wconf 92' lang='lat' dir='ltr'><strong>sed</strong></span> <span class='ocrx_word' id='word_1_429' title='bbox 2402 2448 2559 2503; x_wconf 90' lang='lat' dir='ltr'><strong>abusi</strong></span> <span class='ocrx_word' id='word_1_430' title='bbox 2590 2455 2716 2505; x_wconf 90' lang='lat' dir='ltr'><strong>sunt</strong></span> <span class='ocrx_word' id='word_1_431' title='bbox 2742 2450 2842 2506; x_wconf 90' lang='lat' dir='ltr'><strong>hac</strong></span> <span class='ocrx_word' id='word_1_432' title='bbox 2873 2450 3063 2523; x_wconf 86' lang='lat' dir='ltr'><strong>gratia.</strong></span> 
     </span>
    </p>
   </div>
   <div class='ocr_carea' id='block_1_57' title="bbox 2052 2562 3581 2624">
    <p class='ocr_par' dir='ltr' id='par_1_57' title="bbox 2052 2562 3581 2624">
     <span class='ocr_line' id='line_1_57' title="bbox 2052 2562 3581 2624; baseline 0.005 -8"><span class='ocrx_word' id='word_1_433' title='bbox 2052 2562 2218 2617; x_wconf 71' lang='lat' dir='ltr'><strong>Vens.</strong></span> <span class='ocrx_word' id='word_1_434' title='bbox 2252 2566 2320 2620; x_wconf 73' lang='lat'><strong>22</strong></span> <span class='ocrx_word' id='word_1_435' title='bbox 2349 2592 2418 2603; x_wconf 89' lang='lat'><strong><em>—</em></strong></span> <span class='ocrx_word' id='word_1_436' title='bbox 2445 2562 2753 2620; x_wconf 81' lang='lat' dir='ltr'><strong>Sustinuit.</strong></span> <span class='ocrx_word' id='word_1_437' title='bbox 2795 2564 3035 2621; x_wconf 88' lang='lat' dir='ltr'><strong>Sustinet</strong></span> <span class='ocrx_word' id='word_1_438' title='bbox 3086 2566 3234 2622; x_wconf 92' lang='lat' dir='ltr'><strong>Deus</strong></span> <span class='ocrx_word' id='word_1_439' title='bbox 3291 2567 3464 2624; x_wconf 91' lang='lat' dir='ltr'><strong>malos</strong></span> <span class='ocrx_word' id='word_1_440' title='bbox 3519 2577 3581 2624; x_wconf 93' lang='lat' dir='ltr'><strong>ut</strong></span> 
     </span>
    </p>
   </div>
   <div class='ocr_carea' id='block_1_58' title="bbox 1979 2649 3575 2729">
    <p class='ocr_par' dir='ltr' id='par_1_58' title="bbox 1979 2649 3575 2729">
     <span class='ocr_line' id='line_1_58' title="bbox 1979 2649 3575 2729; baseline 0.006 -25"><span class='ocrx_word' id='word_1_441' title='bbox 1979 2650 2226 2706; x_wconf 90' lang='lat' dir='ltr'><strong>ordinate</strong></span> <span class='ocrx_word' id='word_1_442' title='bbox 2273 2649 2590 2721; x_wconf 89' lang='lat' dir='ltr'><strong>disperdat;</strong></span> <span class='ocrx_word' id='word_1_443' title='bbox 2636 2659 2691 2707; x_wconf 93' lang='lat' dir='ltr'><strong>et</strong></span> <span class='ocrx_word' id='word_1_444' title='bbox 2717 2652 2886 2708; x_wconf 91' lang='lat' dir='ltr'><strong>utitur</strong></span> <span class='ocrx_word' id='word_1_445' title='bbox 2927 2653 3033 2710; x_wconf 89' lang='lat' dir='ltr'><strong>illis</strong></span> <span class='ocrx_word' id='word_1_446' title='bbox 3080 2660 3339 2729; x_wconf 86' lang='lat' dir='ltr'><strong>tanquam</strong></span> <span class='ocrx_word' id='word_1_447' title='bbox 3365 2656 3575 2713; x_wconf 89' lang='lat' dir='ltr'><strong>instru-</strong></span> 
     </span>
    </p>
   </div>
   <div class='ocr_carea' id='block_1_59' title="bbox 1979 2738 3571 2817">
    <p class='ocr_par' dir='ltr' id='par_1_59' title="bbox 1979 2738 3571 2817">
     <span class='ocr_line' id='line_1_59' title="bbox 1979 2738 3571 2817; baseline 0.006 -24"><span class='ocrx_word' id='word_1_448' title='bbox 1979 2746 2162 2795; x_wconf 91' lang='lat' dir='ltr'><strong>mento</strong></span> <span class='ocrx_word' id='word_1_449' title='bbox 2191 2738 2262 2794; x_wconf 88' lang='lat' dir='ltr'><strong>ad</strong></span> <span class='ocrx_word' id='word_1_450' title='bbox 2290 2740 2520 2797; x_wconf 90' lang='lat' dir='ltr'><strong>salutem</strong></span> <span class='ocrx_word' id='word_1_451' title='bbox 2550 2740 2839 2798; x_wconf 91' lang='lat' dir='ltr'><strong>bonorum.</strong></span> <span class='ocrx_word' id='word_1_452' title='bbox 2861 2741 3082 2799; x_wconf 87' lang='lat' dir='ltr'><strong>Nullum</strong></span> <span class='ocrx_word' id='word_1_453' title='bbox 3111 2744 3259 2800; x_wconf 89' lang='lat' dir='ltr'><strong>enim</strong></span> <span class='ocrx_word' id='word_1_454' title='bbox 3288 2746 3455 2817; x_wconf 89' lang='lat' dir='ltr'><strong>Deus,</strong></span> <span class='ocrx_word' id='word_1_455' title='bbox 3479 2747 3571 2804; x_wconf 87' lang='lat' dir='ltr'><strong>vel</strong></span> 
     </span>
    </p>
   </div>
   <div class='ocr_carea' id='block_1_60' title="bbox 1978 2826 3572 2905">
    <p class='ocr_par' dir='ltr' id='par_1_60' title="bbox 1978 2826 3572 2905">
     <span class='ocr_line' id='line_1_60' title="bbox 1978 2826 3572 2905; baseline 0.006 -23"><span class='ocrx_word' id='word_1_456' title='bbox 1978 2826 2327 2899; x_wconf 81' lang='lat' dir='ltr'><strong>angelorum,</strong></span> <span class='ocrx_word' id='word_1_457' title='bbox 2380 2827 2468 2885; x_wconf 89' lang='lat' dir='ltr'><strong>vel</strong></span> <span class='ocrx_word' id='word_1_458' title='bbox 2496 2828 2774 2885; x_wconf 90' lang='lat' dir='ltr'><strong>hominum</strong></span> <span class='ocrx_word' id='word_1_459' title='bbox 2803 2839 3037 2898; x_wconf 89' lang='lat' dir='ltr'><strong>crearet,</strong></span> <span class='ocrx_word' id='word_1_460' title='bbox 3072 2848 3233 2905; x_wconf 89' lang='lat' dir='ltr'><strong>quem</strong></span> <span class='ocrx_word' id='word_1_461' title='bbox 3262 2832 3467 2890; x_wconf 89' lang='lat' dir='ltr'><strong>malum</strong></span> <span class='ocrx_word' id='word_1_462' title='bbox 3488 2834 3572 2891; x_wconf 83' lang='lat' dir='ltr'><strong>f&#39;u-</strong></span> 
     </span>
    </p>
   </div>
   <div class='ocr_carea' id='block_1_61' title="bbox 1979 2916 3571 2997">
    <p class='ocr_par' dir='ltr' id='par_1_61' title="bbox 1979 2916 3571 2997">
     <span class='ocr_line' id='line_1_61' title="bbox 1979 2916 3571 2997; baseline 0.006 -26"><span class='ocrx_word' id='word_1_463' title='bbox 1979 2924 2162 2972; x_wconf 89' lang='lat' dir='ltr'><strong>turum</strong></span> <span class='ocrx_word' id='word_1_464' title='bbox 2191 2931 2315 2972; x_wconf 90' lang='lat' dir='ltr'><strong>esse</strong></span> <span class='ocrx_word' id='word_1_465' title='bbox 2343 2916 2646 2989; x_wconf 71' lang='lat' dir='ltr'><strong>prmsciret,</strong></span> <span class='ocrx_word' id='word_1_466' title='bbox 2668 2917 2774 2973; x_wconf 92' lang='lat' dir='ltr'><strong>nisi</strong></span> <span class='ocrx_word' id='word_1_467' title='bbox 2802 2920 3008 2990; x_wconf 89' lang='lat' dir='ltr'><strong>pariter</strong></span> <span class='ocrx_word' id='word_1_468' title='bbox 3026 2930 3214 2977; x_wconf 88' lang='lat' dir='ltr'><strong>nosset</strong></span> <span class='ocrx_word' id='word_1_469' title='bbox 3230 2937 3344 2991; x_wconf 89' lang='lat' dir='ltr'><strong>eos,</strong></span> <span class='ocrx_word' id='word_1_470' title='bbox 3369 2924 3571 2997; x_wconf 89' lang='lat' dir='ltr'><strong>quibus</strong></span> 
     </span>
    </p>
   </div>
   <div class='ocr_carea' id='block_1_62' title="bbox 1978 3005 2880 3063">
    <p class='ocr_par' dir='ltr' id='par_1_62' title="bbox 1978 3005 2880 3063">
     <span class='ocr_line' id='line_1_62' title="bbox 1978 3005 2880 3063; baseline 0.003 -4"><span class='ocrx_word' id='word_1_471' title='bbox 1978 3005 2247 3063; x_wconf 88' lang='lat' dir='ltr'><strong>bonorum</strong></span> <span class='ocrx_word' id='word_1_472' title='bbox 2276 3005 2465 3062; x_wconf 87' lang='lat' dir='ltr'><strong>usibus</strong></span> <span class='ocrx_word' id='word_1_473' title='bbox 2493 3008 2880 3063; x_wconf 89' lang='lat' dir='ltr'><strong>commodaret.</strong></span> 
     </span>
    </p>
   </div>
   <div class='ocr_carea' id='block_1_63' title="bbox 278 3060 3573 3195">
    <p class='ocr_par' dir='ltr' id='par_1_63' title="bbox 278 3060 3573 3195">
     <span class='ocr_line' id='line_1_63' title="bbox 278 3060 3573 3195; baseline 0.008 -33"><span class='ocrx_word' id='word_1_474' title='bbox 278 3060 627 3156; x_wconf 60' lang='grc' dir='ltr'><strong>ἱέῖιιόἷιῐίέἱέ</strong></span> <span class='ocrx_word' id='word_1_475' title='bbox 645 3060 1065 3171; x_wconf 43' lang='lat'><strong>{135371136</strong></span> <span class='ocrx_word' id='word_1_476' title='bbox 1074 3060 1677 3181; x_wconf 62' lang='grc' dir='ltr'><strong>ὲῖιῖέοἷεῖίίὲἱιὶἓιῗὲἐὲ</strong></span> <span class='ocrx_word' id='word_1_477' title='bbox 1706 3060 1869 3195; x_wconf 63' lang='grc' dir='ltr'><strong>’ίὶξιῖεῖν</strong></span> <span class='ocrx_word' id='word_1_478' title='bbox 1897 3060 1948 3122; x_wconf 66' lang='grc' dir='ltr'>ο</span> <span class='ocrx_word' id='word_1_479' title='bbox 2046 3060 2217 3179; x_wconf 49' lang='lat' dir='ltr'><strong>vim;</strong></span> <span class='ocrx_word' id='word_1_480' title='bbox 2251 3060 2443 3179; x_wconf 58' lang='lat'><strong>23.;</strong></span> <span class='ocrx_word' id='word_1_481' title='bbox 2478 3060 2909 3181; x_wconf 46' lang='lat' dir='ltr'><strong>magis;</strong></span> <span class='ocrx_word' id='word_1_482' title='bbox 2942 3124 3109 3195; x_wconf 87' lang='lat' dir='ltr'><strong>Quasi</strong></span> <span class='ocrx_word' id='word_1_483' title='bbox 3139 3126 3286 3185; x_wconf 90' lang='lat' dir='ltr'><strong>dicat</strong></span> <span class='ocrx_word' id='word_1_484' title='bbox 3317 3146 3333 3183; x_wconf 72' lang='grc' dir='ltr'><strong>ε</strong></span> <span class='ocrx_word' id='word_1_485' title='bbox 3362 3129 3445 3185; x_wconf 80' lang='lat' dir='ltr'><strong>Ad</strong></span> <span class='ocrx_word' id='word_1_486' title='bbox 3465 3130 3573 3187; x_wconf 88' lang='lat' dir='ltr'><strong>hoc</strong></span> 
     </span>
    </p>
   </div>
   <div class='ocr_carea' id='block_1_64' title="bbox 281 3187 1871 3245">
    <p class='ocr_par' dir='ltr' id='par_1_64' title="bbox 281 3187 1871 3245">
     <span class='ocr_line' id='line_1_64' title="bbox 281 3187 1871 3245; baseline -0.001 0"><span class='ocrx_word' id='word_1_487' title='bbox 281 3205 377 3245; x_wconf 87' lang='lat' dir='ltr'><strong>cur</strong></span> <span class='ocrx_word' id='word_1_488' title='bbox 406 3188 568 3244; x_wconf 92' lang='lat' dir='ltr'><strong>etiam</strong></span> <span class='ocrx_word' id='word_1_489' title='bbox 598 3204 632 3244; x_wconf 92' lang='lat' dir='ltr'><strong>a</strong></span> <span class='ocrx_word' id='word_1_490' title='bbox 662 3189 928 3245; x_wconf 91' lang='lat' dir='ltr'><strong>contrario</strong></span> <span class='ocrx_word' id='word_1_491' title='bbox 957 3204 1067 3243; x_wconf 89' lang='lat' dir='ltr'><strong>non</strong></span> <span class='ocrx_word' id='word_1_492' title='bbox 1096 3197 1245 3244; x_wconf 90' lang='lat' dir='ltr'><strong>recte</strong></span> <span class='ocrx_word' id='word_1_493' title='bbox 1274 3188 1472 3244; x_wconf 90' lang='lat' dir='ltr'><strong>dicitur</strong></span> <span class='ocrx_word' id='word_1_494' title='bbox 1505 3205 1517 3243; x_wconf 88' lang='lat'><strong>:</strong></span> <span class='ocrx_word' id='word_1_495' title='bbox 1549 3188 1674 3244; x_wconf 89' lang='lat' dir='ltr'><strong>Non</strong></span> <span class='ocrx_word' id='word_1_496' title='bbox 1701 3187 1871 3243; x_wconf 84' lang='lat' dir='ltr'><strong>mise-</strong></span> 
     </span>
    </p>
   </div>
   <div class='ocr_carea' id='block_1_65' title="bbox 278 3276 1866 3343">
    <p class='ocr_par' dir='ltr' id='par_1_65' title="bbox 278 3276 1866 3343">
     <span class='ocr_line' id='line_1_65' title="bbox 278 3276 1866 3343; baseline -0.001 -11"><span class='ocrx_word' id='word_1_497' title='bbox 278 3278 447 3335; x_wconf 89' lang='lat' dir='ltr'><strong>rentis</strong></span> <span class='ocrx_word' id='word_1_498' title='bbox 475 3285 558 3333; x_wconf 90' lang='lat' dir='ltr'><strong>est</strong></span> <span class='ocrx_word' id='word_1_499' title='bbox 587 3277 707 3343; x_wconf 91' lang='lat' dir='ltr'><strong>Dei,</strong></span> <span class='ocrx_word' id='word_1_500' title='bbox 741 3278 839 3333; x_wconf 90' lang='lat' dir='ltr'><strong>sed</strong></span> <span class='ocrx_word' id='word_1_501' title='bbox 868 3276 1100 3333; x_wconf 89' lang='lat' dir='ltr'><strong>volentis</strong></span> <span class='ocrx_word' id='word_1_502' title='bbox 1128 3286 1210 3333; x_wconf 91' lang='lat' dir='ltr'><strong>est</strong></span> <span class='ocrx_word' id='word_1_503' title='bbox 1237 3276 1474 3332; x_wconf 89' lang='lat' dir='ltr'><strong>hominis</strong></span> <span class='ocrx_word' id='word_1_504' title='bbox 1491 3278 1521 3333; x_wconf 83' lang='lat'><strong>?</strong></span> <span class='ocrx_word' id='word_1_505' title='bbox 1549 3277 1737 3333; x_wconf 82' lang='lat' dir='ltr'><strong>Restat</strong></span> <span class='ocrx_word' id='word_1_506' title='bbox 1777 3293 1866 3331; x_wconf 87' lang='lat' dir='ltr'><strong>er-</strong></span> 
     </span>
    </p>
   </div>
   <div class='ocr_carea' id='block_1_66' title="bbox 280 3365 1872 3440">
    <p class='ocr_par' dir='ltr' id='par_1_66' title="bbox 280 3365 1872 3440">
     <span class='ocr_line' id='line_1_66' title="bbox 280 3365 1872 3440; baseline -0.001 -18"><span class='ocrx_word' id='word_1_507' title='bbox 280 3383 351 3439; x_wconf 90' lang='lat' dir='ltr'><strong>go</strong></span> <span class='ocrx_word' id='word_1_508' title='bbox 395 3374 453 3421; x_wconf 92' lang='lat' dir='ltr'><strong>ut</strong></span> <span class='ocrx_word' id='word_1_509' title='bbox 499 3374 650 3423; x_wconf 90' lang='lat' dir='ltr'><strong>recte</strong></span> <span class='ocrx_word' id='word_1_510' title='bbox 694 3366 896 3422; x_wconf 91' lang='lat' dir='ltr'><strong>dictum</strong></span> <span class='ocrx_word' id='word_1_511' title='bbox 945 3367 1051 3422; x_wconf 91' lang='lat' dir='ltr'><strong>hoc</strong></span> <span class='ocrx_word' id='word_1_512' title='bbox 1078 3365 1435 3440; x_wconf 75' lang='lat' dir='ltr'><strong>intelligatur,</strong></span> <span class='ocrx_word' id='word_1_513' title='bbox 1469 3372 1527 3421; x_wconf 89' lang='lat' dir='ltr'><strong>ut</strong></span> <span class='ocrx_word' id='word_1_514' title='bbox 1552 3372 1726 3422; x_wconf 90' lang='lat' dir='ltr'><strong>totum</strong></span> <span class='ocrx_word' id='word_1_515' title='bbox 1755 3366 1872 3422; x_wconf 92' lang='lat' dir='ltr'><strong>Deo</strong></span> 
     </span>
    </p>
   </div>
   <div class='ocr_carea' id='block_1_67' title="bbox 278 3454 1870 3527">
    <p class='ocr_par' dir='ltr' id='par_1_67' title="bbox 278 3454 1870 3527">
     <span class='ocr_line' id='line_1_67' title="bbox 278 3454 1870 3527; baseline -0.001 -16"><span class='ocrx_word' id='word_1_516' title='bbox 278 3456 436 3511; x_wconf 89' lang='lat' dir='ltr'><strong>detur</strong></span> <span class='ocrx_word' id='word_1_517' title='bbox 468 3473 482 3509; x_wconf 91' lang='lat'><strong>:</strong></span> <span class='ocrx_word' id='word_1_518' title='bbox 516 3455 608 3527; x_wconf 92' lang='lat' dir='ltr'><strong>qui</strong></span> <span class='ocrx_word' id='word_1_519' title='bbox 628 3454 864 3511; x_wconf 88' lang='lat' dir='ltr'><strong>hominis</strong></span> <span class='ocrx_word' id='word_1_520' title='bbox 894 3455 1221 3511; x_wconf 89' lang='lat' dir='ltr'><strong>voluntatem</strong></span> <span class='ocrx_word' id='word_1_521' title='bbox 1267 3455 1494 3521; x_wconf 90' lang='lat' dir='ltr'><strong>bonam,</strong></span> <span class='ocrx_word' id='word_1_522' title='bbox 1528 3462 1581 3510; x_wconf 91' lang='lat' dir='ltr'><strong>et</strong></span> <span class='ocrx_word' id='word_1_523' title='bbox 1598 3462 1870 3527; x_wconf 74' lang='lat' dir='ltr'><strong>praeparat</strong></span> 
     </span>
    </p>
   </div>
   <div class='ocr_carea' id='block_1_68' title="bbox 273 3543 1872 3616">
    <p class='ocr_par' dir='ltr' id='par_1_68' title="bbox 273 3543 1872 3616">
     <span class='ocr_line' id='line_1_68' title="bbox 273 3543 1872 3616; baseline -0.001 -17"><span class='ocrx_word' id='word_1_524' title='bbox 273 3543 655 3614; x_wconf 85' lang='lat' dir='ltr'><strong>adjuvandam,</strong></span> <span class='ocrx_word' id='word_1_525' title='bbox 706 3551 760 3599; x_wconf 92' lang='lat' dir='ltr'><strong>et</strong></span> <span class='ocrx_word' id='word_1_526' title='bbox 784 3544 1003 3613; x_wconf 89' lang='lat' dir='ltr'><strong>adjuvat</strong></span> <span class='ocrx_word' id='word_1_527' title='bbox 1030 3551 1387 3616; x_wconf 64' lang='lat' dir='ltr'><strong>praeparatam</strong></span> <span class='ocrx_word' id='word_1_528' title='bbox 1414 3562 1426 3597; x_wconf 88' lang='lat'>:</span> <span class='ocrx_word' id='word_1_529' title='bbox 1450 3543 1721 3599; x_wconf 90' lang='lat' dir='ltr'><strong>volentem</strong></span> <span class='ocrx_word' id='word_1_530' title='bbox 1741 3559 1872 3615; x_wconf 65' lang='lat' dir='ltr'><strong>prae-</strong></span> 
     </span>
    </p>
   </div>
   <div class='ocr_carea' id='block_1_69' title="bbox 279 3630 1864 3705">
    <p class='ocr_par' dir='ltr' id='par_1_69' title="bbox 279 3630 1864 3705">
     <span class='ocr_line' id='line_1_69' title="bbox 279 3630 1864 3705; baseline -0.001 -17"><span class='ocrx_word' id='word_1_531' title='bbox 279 3633 423 3689; x_wconf 92' lang='lat' dir='ltr'><strong>venit</strong></span> <span class='ocrx_word' id='word_1_532' title='bbox 477 3641 537 3687; x_wconf 93' lang='lat' dir='ltr'><strong>ut</strong></span> <span class='ocrx_word' id='word_1_533' title='bbox 588 3631 748 3699; x_wconf 89' lang='lat' dir='ltr'><strong>velit,</strong></span> <span class='ocrx_word' id='word_1_534' title='bbox 798 3632 1071 3689; x_wconf 90' lang='lat' dir='ltr'><strong>volentem</strong></span> <span class='ocrx_word' id='word_1_535' title='bbox 1131 3632 1482 3705; x_wconf 89' lang='lat' dir='ltr'><strong>subsequitur</strong></span> <span class='ocrx_word' id='word_1_536' title='bbox 1537 3647 1607 3687; x_wconf 90' lang='lat' dir='ltr'><strong>ne</strong></span> <span class='ocrx_word' id='word_1_537' title='bbox 1663 3630 1864 3689; x_wconf 79' lang='lat' dir='ltr'><strong>frustra</strong></span> 
     </span>
    </p>
   </div>
   <div class='ocr_carea' id='block_1_70' title="bbox 275 3721 1215 3778">
    <p class='ocr_par' dir='ltr' id='par_1_70' title="bbox 275 3721 1215 3778">
     <span class='ocr_line' id='line_1_70' title="bbox 275 3721 1215 3778; baseline -0.002 0"><span class='ocrx_word' id='word_1_538' title='bbox 275 3721 420 3778; x_wconf 87' lang='lat' dir='ltr'><strong>velit.</strong></span> <span class='ocrx_word' id='word_1_539' title='bbox 1209 3734 1215 3738; x_wconf 70' lang='lat'><strong><em>’</em></strong></span> 
     </span>
    </p>
   </div>
   <div class='ocr_carea' id='block_1_71' title="bbox 342 3824 1869 3900">
    <p class='ocr_par' dir='ltr' id='par_1_71' title="bbox 342 3824 1869 3900">
     <span class='ocr_line' id='line_1_71' title="bbox 342 3824 1869 3900; baseline 0 -16"><span class='ocrx_word' id='word_1_540' title='bbox 342 3827 537 3900; x_wconf 79' lang='lat' dir='ltr'><strong>(AUG.)</strong></span> <span class='ocrx_word' id='word_1_541' title='bbox 592 3824 727 3895; x_wconf 87' lang='lat' dir='ltr'><strong>Quis</strong></span> <span class='ocrx_word' id='word_1_542' title='bbox 781 3842 948 3898; x_wconf 90' lang='lat' dir='ltr'><strong>porro</strong></span> <span class='ocrx_word' id='word_1_543' title='bbox 1003 3834 1113 3881; x_wconf 91' lang='lat' dir='ltr'><strong>tam</strong></span> <span class='ocrx_word' id='word_1_544' title='bbox 1152 3826 1334 3899; x_wconf 89' lang='lat' dir='ltr'><strong>.impie</strong></span> <span class='ocrx_word' id='word_1_545' title='bbox 1363 3826 1593 3899; x_wconf 90' lang='lat' dir='ltr'><strong>desipit,</strong></span> <span class='ocrx_word' id='word_1_546' title='bbox 1639 3833 1695 3882; x_wconf 90' lang='lat' dir='ltr'><strong>ut</strong></span> <span class='ocrx_word' id='word_1_547' title='bbox 1723 3826 1869 3884; x_wconf 90' lang='lat' dir='ltr'><strong>dicat</strong></span> 
     </span>
    </p>
   </div>
   <div class='ocr_carea' id='block_1_72' title="bbox 276 3913 1868 3989">
    <p class='ocr_par' dir='ltr' id='par_1_72' title="bbox 276 3913 1868 3989">
     <span class='ocr_line' id='line_1_72' title="bbox 276 3913 1868 3989; baseline -0.001 -18"><span class='ocrx_word' id='word_1_548' title='bbox 276 3917 449 3972; x_wconf 91' lang='lat' dir='ltr'><strong>Deum</strong></span> <span class='ocrx_word' id='word_1_549' title='bbox 492 3913 662 3970; x_wconf 86' lang='lat' dir='ltr'><strong>malas</strong></span> <span class='ocrx_word' id='word_1_550' title='bbox 704 3915 983 3971; x_wconf 93' lang='lat' dir='ltr'><strong>hominum</strong></span> <span class='ocrx_word' id='word_1_551' title='bbox 1032 3915 1371 3983; x_wconf 86' lang='lat' dir='ltr'><strong>volontates,</strong></span> <span class='ocrx_word' id='word_1_552' title='bbox 1403 3923 1505 3971; x_wconf 91' lang='lat' dir='ltr'><strong>etc.</strong></span> <span class='ocrx_word' id='word_1_553' title='bbox 1531 3959 1544 3983; x_wconf 93' lang='lat'><strong>,</strong></span> <span class='ocrx_word' id='word_1_554' title='bbox 1594 3932 1766 3989; x_wconf 80' lang='lat' dir='ltr'><strong>usque</strong></span> <span class='ocrx_word' id='word_1_555' title='bbox 1797 3916 1868 3972; x_wconf 87' lang='lat' dir='ltr'><strong>ad</strong></span> 
     </span>
    </p>
   </div>
   <div class='ocr_carea' id='block_1_73' title="bbox 274 4003 1580 4077">
    <p class='ocr_par' dir='ltr' id='par_1_73' title="bbox 274 4003 1580 4077">
     <span class='ocr_line' id='line_1_73' title="bbox 274 4003 1580 4077; baseline 0.001 -18"><span class='ocrx_word' id='word_1_556' title='bbox 274 4006 409 4061; x_wconf 90' lang='lat' dir='ltr'><strong>sicut</strong></span> <span class='ocrx_word' id='word_1_557' title='bbox 439 4022 505 4060; x_wconf 85' lang='lat' dir='ltr'><strong>ex</strong></span> <span class='ocrx_word' id='word_1_558' title='bbox 535 4004 910 4060; x_wconf 88' lang='lat' dir='ltr'><strong>misericordia</strong></span> <span class='ocrx_word' id='word_1_559' title='bbox 940 4020 1038 4059; x_wconf 91' lang='lat' dir='ltr'><strong>sua</strong></span> <span class='ocrx_word' id='word_1_560' title='bbox 1067 4003 1297 4077; x_wconf 82' lang='lat' dir='ltr'><strong>gratiam</strong></span> <span class='ocrx_word' id='word_1_561' title='bbox 1341 4012 1580 4076; x_wconf 70' lang='lat' dir='ltr'><strong>praestat.</strong></span> 
     </span>
    </p>
   </div>
   <div class='ocr_carea' id='block_1_74' title="bbox 336 4104 1863 4189">
    <p class='ocr_par' dir='ltr' id='par_1_74' title="bbox 336 4104 1863 4189">
     <span class='ocr_line' id='line_1_74' title="bbox 336 4104 1863 4189; baseline 0.001 -14"><span class='ocrx_word' id='word_1_562' title='bbox 336 4104 512 4177; x_wconf 70' lang='lat' dir='ltr'><strong>Vens.</strong></span> <span class='ocrx_word' id='word_1_563' title='bbox 547 4121 632 4175; x_wconf 86' lang='lat'><strong>1&#39;7.</strong></span> <span class='ocrx_word' id='word_1_564' title='bbox 666 4149 734 4161; x_wconf 93' lang='lat'><strong><em>—</em></strong></span> <span class='ocrx_word' id='word_1_565' title='bbox 778 4120 1057 4176; x_wconf 74' lang='lat' dir='ltr'><strong>Excitavi.</strong></span> <span class='ocrx_word' id='word_1_566' title='bbox 1090 4119 1189 4175; x_wconf 90' lang='lat' dir='ltr'><strong>Vel</strong></span> <span class='ocrx_word' id='word_1_567' title='bbox 1220 4119 1494 4189; x_wconf 90' lang='lat' dir='ltr'><strong>suscitavi,</strong></span> <span class='ocrx_word' id='word_1_568' title='bbox 1518 4120 1603 4176; x_wconf 90' lang='lat' dir='ltr'><strong>vel</strong></span> <span class='ocrx_word' id='word_1_569' title='bbox 1636 4120 1863 4177; x_wconf 90' lang='lat' dir='ltr'><strong>servavi.</strong></span> 
     </span>
    </p>
   </div>
   <div class='ocr_carea' id='block_1_75' title="bbox 273 4208 1867 4282">
    <p class='ocr_par' dir='ltr' id='par_1_75' title="bbox 273 4208 1867 4282">
     <span class='ocr_line' id='line_1_75' title="bbox 273 4208 1867 4282; baseline 0 -19"><span class='ocrx_word' id='word_1_570' title='bbox 273 4209 516 4281; x_wconf 62' lang='lat' dir='ltr'><strong>(Anam)</strong></span> <span class='ocrx_word' id='word_1_571' title='bbox 564 4209 625 4263; x_wconf 90' lang='lat' dir='ltr'><strong>In</strong></span> <span class='ocrx_word' id='word_1_572' title='bbox 672 4208 778 4264; x_wconf 86' lang='lat' dir='ltr'><strong>hoc</strong></span> <span class='ocrx_word' id='word_1_573' title='bbox 817 4208 994 4279; x_wconf 91' lang='lat' dir='ltr'><strong>ipsum</strong></span> <span class='ocrx_word' id='word_1_574' title='bbox 1040 4216 1092 4263; x_wconf 91' lang='lat' dir='ltr'><strong>te</strong></span> <span class='ocrx_word' id='word_1_575' title='bbox 1120 4209 1365 4275; x_wconf 90' lang='lat' dir='ltr'><strong>servavi,</strong></span> <span class='ocrx_word' id='word_1_576' title='bbox 1408 4216 1513 4264; x_wconf 90' lang='lat' dir='ltr'><strong>etc.</strong></span> <span class='ocrx_word' id='word_1_577' title='bbox 1544 4251 1556 4275; x_wconf 93' lang='lat'><strong>,</strong></span> <span class='ocrx_word' id='word_1_578' title='bbox 1592 4225 1765 4282; x_wconf 84' lang='lat' dir='ltr'><strong>usque</strong></span> <span class='ocrx_word' id='word_1_579' title='bbox 1795 4209 1867 4264; x_wconf 90' lang='lat' dir='ltr'><strong>ad</strong></span> 
     </span>
    </p>
   </div>
   <div class='ocr_carea' id='block_1_76' title="bbox 274 4296 1865 4371">
    <p class='ocr_par' dir='ltr' id='par_1_76' title="bbox 274 4296 1865 4371">
     <span class='ocr_line' id='line_1_76' title="bbox 274 4296 1865 4371; baseline 0 -19"><span class='ocrx_word' id='word_1_580' title='bbox 274 4298 370 4353; x_wconf 90' lang='lat' dir='ltr'><strong>sed</strong></span> <span class='ocrx_word' id='word_1_581' title='bbox 398 4306 457 4353; x_wconf 91' lang='lat' dir='ltr'><strong>ut</strong></span> <span class='ocrx_word' id='word_1_582' title='bbox 485 4305 538 4352; x_wconf 89' lang='lat' dir='ltr'><strong>te</strong></span> <span class='ocrx_word' id='word_1_583' title='bbox 586 4296 835 4352; x_wconf 88' lang='lat' dir='ltr'><strong>indurato</strong></span> <span class='ocrx_word' id='word_1_584' title='bbox 879 4298 1159 4352; x_wconf 90' lang='lat' dir='ltr'><strong>ostendam</strong></span> <span class='ocrx_word' id='word_1_585' title='bbox 1189 4297 1444 4353; x_wconf 84' lang='lat' dir='ltr'><strong>virtutem</strong></span> <span class='ocrx_word' id='word_1_586' title='bbox 1485 4313 1663 4353; x_wconf 89' lang='lat' dir='ltr'><strong>meam</strong></span> <span class='ocrx_word' id='word_1_587' title='bbox 1693 4296 1865 4371; x_wconf 80' lang='lat' dir='ltr'><strong>signis</strong></span> 
     </span>
    </p>
   </div>
   <div class='ocr_carea' id='block_1_77' title="bbox 272 4386 506 4459">
    <p class='ocr_par' dir='ltr' id='par_1_77' title="bbox 272 4386 506 4459">
     <span class='ocr_line' id='line_1_77' title="bbox 272 4386 506 4459; baseline -0.009 -17"><span class='ocrx_word' id='word_1_588' title='bbox 272 4386 506 4459; x_wconf 65' lang='lat' dir='ltr'><strong>(Egypti.</strong></span> 
     </span>
    </p>
   </div>
   <div class='ocr_carea' id='block_1_78' title="bbox 340 4500 1866 4573">
    <p class='ocr_par' dir='ltr' id='par_1_78' title="bbox 340 4500 1866 4573">
     <span class='ocr_line' id='line_1_78' title="bbox 340 4500 1866 4573; baseline -0.001 -15"><span class='ocrx_word' id='word_1_589' title='bbox 340 4503 513 4558; x_wconf 71' lang='lat' dir='ltr'><strong>Vnus.</strong></span> <span class='ocrx_word' id='word_1_590' title='bbox 550 4504 635 4557; x_wconf 92' lang='lat'><strong>18.</strong></span> <span class='ocrx_word' id='word_1_591' title='bbox 658 4532 728 4541; x_wconf 98' lang='lat'><strong>—</strong></span> <span class='ocrx_word' id='word_1_592' title='bbox 756 4503 900 4573; x_wconf 29' lang='lat' dir='ltr'><strong>Ergo,</strong></span> <span class='ocrx_word' id='word_1_593' title='bbox 924 4504 1085 4573; x_wconf 87' lang='lat' dir='ltr'><strong>cujus</strong></span> <span class='ocrx_word' id='word_1_594' title='bbox 1114 4503 1255 4557; x_wconf 80' lang='lat' dir='ltr'><strong>vult.</strong></span> <span class='ocrx_word' id='word_1_595' title='bbox 1288 4500 1541 4556; x_wconf 86' lang='lat' dir='ltr'><strong>Meritum</strong></span> <span class='ocrx_word' id='word_1_596' title='bbox 1559 4501 1866 4558; x_wconf 89' lang='lat' dir='ltr'><strong>misericor-</strong></span> 
     </span>
    </p>
   </div>
   <div class='ocr_carea' id='block_1_79' title="bbox 268 4589 1866 4661">
    <p class='ocr_par' dir='ltr' id='par_1_79' title="bbox 268 4589 1866 4661">
     <span class='ocr_line' id='line_1_79' title="bbox 268 4589 1866 4661; baseline 0 -15"><span class='ocrx_word' id='word_1_597' title='bbox 268 4591 370 4646; x_wconf 64' lang='lat' dir='ltr'><strong>diae</strong></span> <span class='ocrx_word' id='word_1_598' title='bbox 426 4590 633 4645; x_wconf 90' lang='lat' dir='ltr'><strong>nullum</strong></span> <span class='ocrx_word' id='word_1_599' title='bbox 693 4598 776 4644; x_wconf 91' lang='lat' dir='ltr'><strong>est</strong></span> <span class='ocrx_word' id='word_1_600' title='bbox 834 4589 1087 4644; x_wconf 91' lang='lat' dir='ltr'><strong>meritum</strong></span> <span class='ocrx_word' id='word_1_601' title='bbox 1153 4590 1527 4646; x_wconf 89' lang='lat' dir='ltr'><strong>obdurationis</strong></span> <span class='ocrx_word' id='word_1_602' title='bbox 1581 4598 1866 4661; x_wconf 89' lang='lat' dir='ltr'><strong>peccatum</strong></span> 
     </span>
    </p>
   </div>
   <div class='ocr_carea' id='block_1_80' title="bbox 269 4678 1864 4750">
    <p class='ocr_par' dir='ltr' id='par_1_80' title="bbox 269 4678 1864 4750">
     <span class='ocr_line' id='line_1_80' title="bbox 269 4678 1864 4750; baseline 0 -15"><span class='ocrx_word' id='word_1_603' title='bbox 269 4695 469 4735; x_wconf 65' lang='lat' dir='ltr'><strong>massae</strong></span> <span class='ocrx_word' id='word_1_604' title='bbox 522 4679 684 4735; x_wconf 90' lang='lat' dir='ltr'><strong>totius</strong></span> <span class='ocrx_word' id='word_1_605' title='bbox 741 4679 1028 4734; x_wconf 73' lang='lat' dir='ltr'><strong>damnatae.</strong></span> <span class='ocrx_word' id='word_1_606' title='bbox 1084 4680 1201 4735; x_wconf 93' lang='lat' dir='ltr'><strong>Nec</strong></span> <span class='ocrx_word' id='word_1_607' title='bbox 1244 4678 1477 4735; x_wconf 89' lang='lat' dir='ltr'><strong>obdurat</strong></span> <span class='ocrx_word' id='word_1_608' title='bbox 1504 4678 1864 4750; x_wconf 89' lang='lat' dir='ltr'><strong>impartiendo</strong></span> 
     </span>
    </p>
   </div>
   <div class='ocr_carea' id='block_1_81' title="bbox 267 4767 1866 4840">
    <p class='ocr_par' dir='ltr' id='par_1_81' title="bbox 267 4767 1866 4840">
     <span class='ocr_line' id='line_1_81' title="bbox 267 4767 1866 4840; baseline -0.001 -17"><span class='ocrx_word' id='word_1_609' title='bbox 267 4767 544 4834; x_wconf 89' lang='lat' dir='ltr'><strong>malitiam,</strong></span> <span class='ocrx_word' id='word_1_610' title='bbox 580 4767 677 4823; x_wconf 91' lang='lat' dir='ltr'><strong>sed</strong></span> <span class='ocrx_word' id='word_1_611' title='bbox 705 4783 814 4822; x_wconf 93' lang='lat' dir='ltr'><strong>non</strong></span> <span class='ocrx_word' id='word_1_612' title='bbox 844 4767 1205 4840; x_wconf 88' lang='lat' dir='ltr'><strong>impartiendo</strong></span> <span class='ocrx_word' id='word_1_613' title='bbox 1232 4767 1691 4834; x_wconf 88' lang='lat' dir='ltr'><strong>misericordiam,</strong></span> <span class='ocrx_word' id='word_1_614' title='bbox 1725 4768 1866 4823; x_wconf 91' lang='lat' dir='ltr'><strong>sicut</strong></span> 
     </span>
    </p>
   </div>
   <div class='ocr_carea' id='block_1_82' title="bbox 267 4854 1863 4928">
    <p class='ocr_par' dir='ltr' id='par_1_82' title="bbox 267 4854 1863 4928">
     <span class='ocr_line' id='line_1_82' title="bbox 267 4854 1863 4928; baseline 0 -17"><span class='ocrx_word' id='word_1_615' title='bbox 267 4873 367 4913; x_wconf 93' lang='lat' dir='ltr'><strong>nec</strong></span> <span class='ocrx_word' id='word_1_616' title='bbox 396 4856 550 4928; x_wconf 88' lang='lat' dir='ltr'><strong>digni</strong></span> <span class='ocrx_word' id='word_1_617' title='bbox 600 4863 755 4923; x_wconf 91' lang='lat' dir='ltr'><strong>sunt,</strong></span> <span class='ocrx_word' id='word_1_618' title='bbox 809 4856 954 4927; x_wconf 91' lang='lat' dir='ltr'><strong>quod</strong></span> <span class='ocrx_word' id='word_1_619' title='bbox 984 4854 1110 4911; x_wconf 81' lang='lat' dir='ltr'><strong>facit</strong></span> <span class='ocrx_word' id='word_1_620' title='bbox 1136 4856 1389 4927; x_wconf 66' lang='lat' dir='ltr'><strong>aequitate</strong></span> <span class='ocrx_word' id='word_1_621' title='bbox 1418 4856 1666 4923; x_wconf 89' lang='lat' dir='ltr'><strong>occulta;</strong></span> <span class='ocrx_word' id='word_1_622' title='bbox 1712 4863 1766 4912; x_wconf 90' lang='lat' dir='ltr'><strong>et</strong></span> <span class='ocrx_word' id='word_1_623' title='bbox 1794 4856 1863 4911; x_wconf 90' lang='lat' dir='ltr'><strong>ab</strong></span> 
     </span>
    </p>
   </div>
   <div class='ocr_carea' id='block_1_83' title="bbox 265 4952 1861 5027">
    <p class='ocr_par' dir='ltr' id='par_1_83' title="bbox 265 4952 1861 5027">
     <span class='ocr_line' id='line_1_83' title="bbox 265 4952 1861 5027; baseline -0.001 -18"><span class='ocrx_word' id='word_1_624' title='bbox 265 4953 516 5010; x_wconf 87' lang='lat' dir='ltr'><strong>humanis</strong></span> <span class='ocrx_word' id='word_1_625' title='bbox 571 4952 821 5008; x_wconf 90' lang='lat' dir='ltr'><strong>sensibus</strong></span> <span class='ocrx_word' id='word_1_626' title='bbox 875 4961 1111 5023; x_wconf 90' lang='lat' dir='ltr'><strong>remota,</strong></span> <span class='ocrx_word' id='word_1_627' title='bbox 1173 4953 1295 5025; x_wconf 89' lang='lat' dir='ltr'><strong>quia</strong></span> <span class='ocrx_word' id='word_1_628' title='bbox 1342 4970 1452 5009; x_wconf 91' lang='lat' dir='ltr'><strong>non</strong></span> <span class='ocrx_word' id='word_1_629' title='bbox 1479 4953 1652 5027; x_wconf 90' lang='lat' dir='ltr'><strong>aperit</strong></span> <span class='ocrx_word' id='word_1_630' title='bbox 1680 4957 1861 5025; x_wconf 80' lang='lat' dir='ltr'><strong>Apos-</strong></span> 
     </span>
    </p>
   </div>
   <div class='ocr_carea' id='block_1_84' title="bbox 264 5042 1569 5110">
    <p class='ocr_par' dir='ltr' id='par_1_84' title="bbox 264 5042 1569 5110">
     <span class='ocr_line' id='line_1_84' title="bbox 264 5042 1569 5110; baseline 0 -13"><span class='ocrx_word' id='word_1_631' title='bbox 264 5042 424 5110; x_wconf 89' lang='lat' dir='ltr'><strong>tolus,</strong></span> <span class='ocrx_word' id='word_1_632' title='bbox 459 5042 558 5097; x_wconf 90' lang='lat' dir='ltr'><strong>sed</strong></span> <span class='ocrx_word' id='word_1_633' title='bbox 586 5042 812 5097; x_wconf 89' lang='lat' dir='ltr'><strong>miratur</strong></span> <span class='ocrx_word' id='word_1_634' title='bbox 844 5059 855 5096; x_wconf 90' lang='lat'>:</span> <span class='ocrx_word' id='word_1_635' title='bbox 892 5042 938 5097; x_wconf 93' lang='grc' dir='ltr'>Ο</span> <span class='ocrx_word' id='word_1_636' title='bbox 968 5042 1192 5098; x_wconf 85' lang='lat' dir='ltr'><strong>altitudo</strong></span> <span class='ocrx_word' id='word_1_637' title='bbox 1239 5042 1569 5098; x_wconf 89' lang='lat' dir='ltr'><strong>divitiarum.</strong></span> 
     </span>
    </p>
   </div>
   <div class='ocr_carea' id='block_1_85' title="bbox 331 5157 1860 5230">
    <p class='ocr_par' dir='ltr' id='par_1_85' title="bbox 331 5157 1860 5230">
     <span class='ocr_line' id='line_1_85' title="bbox 331 5157 1860 5230; baseline -0.003 -15"><span class='ocrx_word' id='word_1_638' title='bbox 331 5158 593 5215; x_wconf 82' lang='lat' dir='ltr'><strong>Indurat.</strong></span> <span class='ocrx_word' id='word_1_639' title='bbox 624 5158 811 5228; x_wconf 58' lang='lat' dir='ltr'><strong>(Ana,</strong></span> <span class='ocrx_word' id='word_1_640' title='bbox 844 5159 1007 5230; x_wconf 82' lang='lat' dir='ltr'><strong>epist.</strong></span> <span class='ocrx_word' id='word_1_641' title='bbox 1046 5157 1163 5229; x_wconf 89' lang='lat' dir='ltr'><strong>cv.)</strong></span> <span class='ocrx_word' id='word_1_642' title='bbox 1194 5158 1317 5212; x_wconf 88' lang='lat' dir='ltr'><strong>Non</strong></span> <span class='ocrx_word' id='word_1_643' title='bbox 1350 5158 1503 5230; x_wconf 90' lang='lat' dir='ltr'><strong>quasi</strong></span> <span class='ocrx_word' id='word_1_644' title='bbox 1532 5172 1860 5229; x_wconf 90' lang='lat' dir='ltr'><strong>quemquam</strong></span> 
     </span>
    </p>
   </div>
   <div class='ocr_carea' id='block_1_86' title="bbox 260 5246 1859 5320">
    <p class='ocr_par' dir='ltr' id='par_1_86' title="bbox 260 5246 1859 5320">
     <span class='ocr_line' id='line_1_86' title="bbox 260 5246 1859 5320; baseline -0.001 -16"><span class='ocrx_word' id='word_1_645' title='bbox 260 5262 492 5318; x_wconf 82' lang='lat' dir='ltr'><strong>peccare</strong></span> <span class='ocrx_word' id='word_1_646' title='bbox 517 5254 698 5320; x_wconf 84' lang='lat' dir='ltr'><strong>cogat,</strong></span> <span class='ocrx_word' id='word_1_647' title='bbox 729 5246 826 5301; x_wconf 90' lang='lat' dir='ltr'><strong>sed</strong></span> <span class='ocrx_word' id='word_1_648' title='bbox 857 5254 1061 5301; x_wconf 84' lang='lat' dir='ltr'><strong>tantum</strong></span> <span class='ocrx_word' id='word_1_649' title='bbox 1094 5246 1220 5318; x_wconf 89' lang='lat' dir='ltr'><strong>quia</strong></span> <span class='ocrx_word' id='word_1_650' title='bbox 1269 5246 1590 5318; x_wconf 90' lang='lat' dir='ltr'><strong>quibusdam</strong></span> <span class='ocrx_word' id='word_1_651' title='bbox 1620 5261 1859 5318; x_wconf 84' lang='lat' dir='ltr'><strong>peccan-</strong></span> 
     </span>
    </p>
   </div>
   <div class='ocr_carea' id='block_1_87' title="bbox 261 5333 1855 5408">
    <p class='ocr_par' dir='ltr' id='par_1_87' title="bbox 261 5333 1855 5408">
     <span class='ocr_line' id='line_1_87' title="bbox 261 5333 1855 5408; baseline -0.001 -17"><span class='ocrx_word' id='word_1_652' title='bbox 261 5336 399 5391; x_wconf 89' lang='lat' dir='ltr'><strong>tibus</strong></span> <span class='ocrx_word' id='word_1_653' title='bbox 427 5335 858 5391; x_wconf 89' lang='lat' dir='ltr'><strong>misericordiam</strong></span> <span class='ocrx_word' id='word_1_654' title='bbox 882 5333 1278 5405; x_wconf 86' lang='lat' dir='ltr'><strong>justificationis</strong></span> <span class='ocrx_word' id='word_1_655' title='bbox 1309 5351 1421 5391; x_wconf 68' lang='lat' dir='ltr'><strong>suae</strong></span> <span class='ocrx_word' id='word_1_656' title='bbox 1448 5351 1559 5391; x_wconf 90' lang='lat' dir='ltr'><strong>non</strong></span> <span class='ocrx_word' id='word_1_657' title='bbox 1605 5335 1855 5408; x_wconf 89' lang='lat' dir='ltr'><strong>largitur,</strong></span> 
     </span>
    </p>
   </div>
   <div class='ocr_carea' id='block_1_88' title="bbox 265 5423 1857 5497">
    <p class='ocr_par' dir='ltr' id='par_1_88' title="bbox 265 5423 1857 5497">
     <span class='ocr_line' id='line_1_88' title="bbox 265 5423 1857 5497; baseline 0.001 -17"><span class='ocrx_word' id='word_1_658' title='bbox 265 5426 332 5480; x_wconf 92' lang='lat' dir='ltr'><strong>ob</strong></span> <span class='ocrx_word' id='word_1_659' title='bbox 358 5427 466 5480; x_wconf 89' lang='lat' dir='ltr'><strong>hoc</strong></span> <span class='ocrx_word' id='word_1_660' title='bbox 495 5440 593 5480; x_wconf 90' lang='lat' dir='ltr'><strong>eos</strong></span> <span class='ocrx_word' id='word_1_661' title='bbox 623 5423 894 5479; x_wconf 89' lang='lat' dir='ltr'><strong>obdurare</strong></span> <span class='ocrx_word' id='word_1_662' title='bbox 923 5424 1139 5495; x_wconf 90' lang='lat' dir='ltr'><strong>dicitur,</strong></span> <span class='ocrx_word' id='word_1_663' title='bbox 1173 5425 1300 5497; x_wconf 91' lang='lat' dir='ltr'><strong>quia</strong></span> <span class='ocrx_word' id='word_1_664' title='bbox 1330 5441 1519 5479; x_wconf 90' lang='lat' dir='ltr'><strong>eorum</strong></span> <span class='ocrx_word' id='word_1_665' title='bbox 1550 5440 1658 5480; x_wconf 90' lang='lat' dir='ltr'><strong>non</strong></span> <span class='ocrx_word' id='word_1_666' title='bbox 1688 5424 1857 5481; x_wconf 88' lang='lat' dir='ltr'><strong>mise-</strong></span> 
     </span>
    </p>
   </div>
   <div class='ocr_carea' id='block_1_89' title="bbox 262 5512 1859 5585">
    <p class='ocr_par' dir='ltr' id='par_1_89' title="bbox 262 5512 1859 5585">
     <span class='ocr_line' id='line_1_89' title="bbox 262 5512 1859 5585; baseline 0.001 -18"><span class='ocrx_word' id='word_1_667' title='bbox 262 5521 435 5581; x_wconf 88' lang='lat' dir='ltr'><strong>retur,</strong></span> <span class='ocrx_word' id='word_1_668' title='bbox 490 5529 602 5568; x_wconf 90' lang='lat' dir='ltr'><strong>non</strong></span> <span class='ocrx_word' id='word_1_669' title='bbox 632 5512 757 5585; x_wconf 87' lang='lat' dir='ltr'><strong>quia</strong></span> <span class='ocrx_word' id='word_1_670' title='bbox 802 5512 1031 5584; x_wconf 90' lang='lat' dir='ltr'><strong>impellit</strong></span> <span class='ocrx_word' id='word_1_671' title='bbox 1068 5522 1126 5568; x_wconf 92' lang='lat' dir='ltr'><strong>ut</strong></span> <span class='ocrx_word' id='word_1_672' title='bbox 1155 5522 1403 5585; x_wconf 87' lang='lat' dir='ltr'><strong>peccent.</strong></span> <span class='ocrx_word' id='word_1_673' title='bbox 1438 5514 1645 5570; x_wconf 89' lang='lat' dir='ltr'><strong>Eorum</strong></span> <span class='ocrx_word' id='word_1_674' title='bbox 1674 5522 1859 5569; x_wconf 89' lang='lat' dir='ltr'><strong>autem</strong></span> 
     </span>
    </p>
   </div>
   <div class='ocr_carea' id='block_1_90' title="bbox 265 5602 1858 5675">
    <p class='ocr_par' dir='ltr' id='par_1_90' title="bbox 265 5602 1858 5675">
     <span class='ocr_line' id='line_1_90' title="bbox 265 5602 1858 5675; baseline 0.001 -19"><span class='ocrx_word' id='word_1_675' title='bbox 265 5619 371 5657; x_wconf 88' lang='lat' dir='ltr'><strong>non</strong></span> <span class='ocrx_word' id='word_1_676' title='bbox 398 5603 690 5661; x_wconf 84' lang='lat' dir='ltr'><strong>miseretur</strong></span> <span class='ocrx_word' id='word_1_677' title='bbox 720 5602 915 5673; x_wconf 84' lang='lat' dir='ltr'><strong>quibus</strong></span> <span class='ocrx_word' id='word_1_678' title='bbox 944 5602 1175 5674; x_wconf 88' lang='lat' dir='ltr'><strong>gratiam</strong></span> <span class='ocrx_word' id='word_1_679' title='bbox 1206 5620 1313 5659; x_wconf 91' lang='lat' dir='ltr'><strong>non</strong></span> <span class='ocrx_word' id='word_1_680' title='bbox 1358 5620 1480 5660; x_wconf 91' lang='lat' dir='ltr'><strong>esse</strong></span> <span class='ocrx_word' id='word_1_681' title='bbox 1508 5603 1858 5675; x_wconf 63' lang='lat' dir='ltr'><strong>praebendam</strong></span> 
     </span>
    </p>
   </div>
   <div class='ocr_carea' id='block_1_91' title="bbox 1893 4419 1946 4479">
    <p class='ocr_par' dir='ltr' id='par_1_91' title="bbox 1893 4419 1946 4479">
     <span class='ocr_line' id='line_1_91' title="bbox 1893 4419 1946 4479; baseline 0 0"><span class='ocrx_word' id='word_1_682' title='bbox 1893 4419 1946 4479; x_wconf 93' lang='lat' dir='ltr'><strong>D</strong></span> 
     </span>
    </p>
   </div>
   <div class='ocr_carea' id='block_1_92' title="bbox 1968 3217 3569 3293">
    <p class='ocr_par' dir='ltr' id='par_1_92' title="bbox 1968 3217 3569 3293">
     <span class='ocr_line' id='line_1_92' title="bbox 1968 3217 3569 3293; baseline 0.007 -20"><span class='ocrx_word' id='word_1_683' title='bbox 1968 3217 2171 3290; x_wconf 83' lang='lat' dir='ltr'><strong>patitur</strong></span> <span class='ocrx_word' id='word_1_684' title='bbox 2212 3218 2420 3286; x_wconf 90' lang='lat' dir='ltr'><strong>malos,</strong></span> <span class='ocrx_word' id='word_1_685' title='bbox 2474 3228 2525 3275; x_wconf 92' lang='lat' dir='ltr'><strong>et</strong></span> <span class='ocrx_word' id='word_1_686' title='bbox 2551 3221 2908 3292; x_wconf 78' lang='lat' dir='ltr'><strong>praeostendit</strong></span> <span class='ocrx_word' id='word_1_687' title='bbox 2945 3223 3079 3280; x_wconf 89' lang='lat' dir='ltr'><strong>iram</strong></span> <span class='ocrx_word' id='word_1_688' title='bbox 3128 3231 3185 3293; x_wconf 83' lang='lat' dir='ltr'><strong>et</strong></span> <span class='ocrx_word' id='word_1_689' title='bbox 3227 3225 3300 3282; x_wconf 87' lang='lat' dir='ltr'><strong>ad</strong></span> <span class='ocrx_word' id='word_1_690' title='bbox 3325 3227 3569 3284; x_wconf 89' lang='lat' dir='ltr'><strong>notitiam</strong></span> 
     </span>
    </p>
   </div>
   <div class='ocr_carea' id='block_1_93' title="bbox 1972 3306 3569 3382">
    <p class='ocr_par' dir='ltr' id='par_1_93' title="bbox 1972 3306 3569 3382">
     <span class='ocr_line' id='line_1_93' title="bbox 1972 3306 3569 3382; baseline 0.007 -21"><span class='ocrx_word' id='word_1_691' title='bbox 1972 3306 2055 3363; x_wconf 90' lang='lat' dir='ltr'><strong>sui</strong></span> <span class='ocrx_word' id='word_1_692' title='bbox 2085 3307 2260 3375; x_wconf 88' lang='lat' dir='ltr'><strong>trahit,</strong></span> <span class='ocrx_word' id='word_1_693' title='bbox 2292 3315 2352 3363; x_wconf 89' lang='lat' dir='ltr'><strong>ut</strong></span> <span class='ocrx_word' id='word_1_694' title='bbox 2378 3308 2690 3365; x_wconf 89' lang='lat' dir='ltr'><strong>ostenderet</strong></span> <span class='ocrx_word' id='word_1_695' title='bbox 2716 3310 2772 3365; x_wconf 90' lang='lat' dir='ltr'><strong>in</strong></span> <span class='ocrx_word' id='word_1_696' title='bbox 2794 3326 2927 3367; x_wconf 84' lang='lat' dir='ltr'><strong>vasa</strong></span> <span class='ocrx_word' id='word_1_697' title='bbox 2953 3311 3366 3382; x_wconf 68' lang='lat' dir='ltr'><strong>misericordiae,</strong></span> <span class='ocrx_word' id='word_1_698' title='bbox 3400 3315 3456 3371; x_wconf 91' lang='lat' dir='ltr'><strong>id</strong></span> <span class='ocrx_word' id='word_1_699' title='bbox 3486 3323 3569 3372; x_wconf 90' lang='lat' dir='ltr'><strong>est</strong></span> 
     </span>
    </p>
   </div>
   <div class='ocr_carea' id='block_1_94' title="bbox 1970 3394 3577 3477">
    <p class='ocr_par' dir='ltr' id='par_1_94' title="bbox 1970 3394 3577 3477">
     <span class='ocr_line' id='line_1_94' title="bbox 1970 3394 3577 3477; baseline 0.007 -27"><span class='ocrx_word' id='word_1_700' title='bbox 1970 3396 2028 3451; x_wconf 91' lang='lat' dir='ltr'><strong>in</strong></span> <span class='ocrx_word' id='word_1_701' title='bbox 2057 3394 2247 3453; x_wconf 89' lang='lat' dir='ltr'><strong>electis</strong></span> <span class='ocrx_word' id='word_1_702' title='bbox 2292 3412 2393 3470; x_wconf 89' lang='lat' dir='ltr'><strong>per</strong></span> <span class='ocrx_word' id='word_1_703' title='bbox 2420 3397 2873 3470; x_wconf 86' lang='lat' dir='ltr'><strong>misericordiam,</strong></span> <span class='ocrx_word' id='word_1_704' title='bbox 2904 3400 3119 3457; x_wconf 90' lang='lat' dir='ltr'><strong>divitias</strong></span> <span class='ocrx_word' id='word_1_705' title='bbox 3147 3402 3361 3477; x_wconf 67' lang='lat' dir='ltr'><strong>glorise,</strong></span> <span class='ocrx_word' id='word_1_706' title='bbox 3399 3403 3454 3460; x_wconf 90' lang='lat' dir='ltr'><strong>id</strong></span> <span class='ocrx_word' id='word_1_707' title='bbox 3491 3414 3577 3462; x_wconf 85' lang='lat' dir='ltr'><strong>est</strong></span> 
     </span>
    </p>
   </div>
   <div class='ocr_carea' id='block_1_95' title="bbox 1971 3483 3569 3563">
    <p class='ocr_par' dir='ltr' id='par_1_95' title="bbox 1971 3483 3569 3563">
     <span class='ocr_line' id='line_1_95' title="bbox 1971 3483 3569 3563; baseline 0.007 -24"><span class='ocrx_word' id='word_1_708' title='bbox 1971 3500 2133 3557; x_wconf 89' lang='lat' dir='ltr'><strong>quam</strong></span> <span class='ocrx_word' id='word_1_709' title='bbox 2162 3483 2315 3542; x_wconf 92' lang='lat' dir='ltr'><strong>dives</strong></span> <span class='ocrx_word' id='word_1_710' title='bbox 2334 3528 2349 3557; x_wconf 93' lang='lat'><strong>,</strong></span> <span class='ocrx_word' id='word_1_711' title='bbox 2397 3493 2450 3541; x_wconf 90' lang='lat' dir='ltr'><strong>et</strong></span> <span class='ocrx_word' id='word_1_712' title='bbox 2480 3502 2643 3560; x_wconf 90' lang='lat' dir='ltr'><strong>quam</strong></span> <span class='ocrx_word' id='word_1_713' title='bbox 2672 3502 2872 3561; x_wconf 90' lang='lat' dir='ltr'><strong>magna</strong></span> <span class='ocrx_word' id='word_1_714' title='bbox 2902 3489 2971 3544; x_wconf 89' lang='lat' dir='ltr'><strong>sit</strong></span> <span class='ocrx_word' id='word_1_715' title='bbox 2999 3498 3053 3545; x_wconf 91' lang='lat' dir='ltr'><strong>et</strong></span> <span class='ocrx_word' id='word_1_716' title='bbox 3080 3490 3325 3563; x_wconf 89' lang='lat' dir='ltr'><strong>gloriosa</strong></span> <span class='ocrx_word' id='word_1_717' title='bbox 3350 3493 3569 3550; x_wconf 89' lang='lat' dir='ltr'><strong>miseri-</strong></span> 
     </span>
    </p>
   </div>
   <div class='ocr_carea' id='block_1_96' title="bbox 1969 3573 3571 3649">
    <p class='ocr_par' dir='ltr' id='par_1_96' title="bbox 1969 3573 3571 3649">
     <span class='ocr_line' id='line_1_96' title="bbox 1969 3573 3571 3649; baseline 0.007 -20"><span class='ocrx_word' id='word_1_718' title='bbox 1969 3573 2191 3642; x_wconf 92' lang='lat' dir='ltr'><strong>cordia;</strong></span> <span class='ocrx_word' id='word_1_719' title='bbox 2222 3573 2296 3629; x_wconf 92' lang='lat' dir='ltr'><strong>ob</strong></span> <span class='ocrx_word' id='word_1_720' title='bbox 2323 3574 2426 3631; x_wconf 92' lang='lat' dir='ltr'><strong>hoc</strong></span> <span class='ocrx_word' id='word_1_721' title='bbox 2455 3581 2534 3631; x_wconf 92' lang='lat' dir='ltr'><strong>tot</strong></span> <span class='ocrx_word' id='word_1_722' title='bbox 2563 3575 2709 3632; x_wconf 92' lang='lat' dir='ltr'><strong>bona</strong></span> <span class='ocrx_word' id='word_1_723' title='bbox 2736 3576 2831 3633; x_wconf 92' lang='lat' dir='ltr'><strong>dat</strong></span> <span class='ocrx_word' id='word_1_724' title='bbox 2856 3577 3036 3649; x_wconf 90' lang='lat' dir='ltr'><strong>malis,</strong></span> <span class='ocrx_word' id='word_1_725' title='bbox 3068 3585 3126 3635; x_wconf 91' lang='lat' dir='ltr'><strong>ut</strong></span> <span class='ocrx_word' id='word_1_726' title='bbox 3155 3580 3446 3639; x_wconf 88' lang='lat' dir='ltr'><strong>convincat</strong></span> <span class='ocrx_word' id='word_1_727' title='bbox 3473 3598 3571 3640; x_wconf 85' lang='lat' dir='ltr'><strong>eos</strong></span> 
     </span>
    </p>
   </div>
   <div class='ocr_carea' id='block_1_97' title="bbox 1963 3657 3566 3743">
    <p class='ocr_par' dir='ltr' id='par_1_97' title="bbox 1963 3657 3566 3743">
     <span class='ocr_line' id='line_1_97' title="bbox 1963 3657 3566 3743; baseline 0.007 -26"><span class='ocrx_word' id='word_1_728' title='bbox 1963 3657 2109 3727; x_wconf 88' lang='lat' dir='ltr'><strong>juste</strong></span> <span class='ocrx_word' id='word_1_729' title='bbox 2136 3662 2405 3730; x_wconf 88' lang='lat' dir='ltr'><strong>damnari,</strong></span> <span class='ocrx_word' id='word_1_730' title='bbox 2437 3670 2496 3718; x_wconf 94' lang='lat' dir='ltr'><strong>ut</strong></span> <span class='ocrx_word' id='word_1_731' title='bbox 2514 3660 2704 3720; x_wconf 85' lang='lat' dir='ltr'><strong>ﬁdeles</strong></span> <span class='ocrx_word' id='word_1_732' title='bbox 2733 3680 2858 3721; x_wconf 91' lang='lat' dir='ltr'><strong>eum</strong></span> <span class='ocrx_word' id='word_1_733' title='bbox 2885 3667 3061 3741; x_wconf 89' lang='lat' dir='ltr'><strong>magis</strong></span> <span class='ocrx_word' id='word_1_734' title='bbox 3100 3666 3328 3742; x_wconf 88' lang='lat' dir='ltr'><strong>diligant</strong></span> <span class='ocrx_word' id='word_1_735' title='bbox 3368 3670 3566 3743; x_wconf 87' lang='lat' dir='ltr'><strong>quibus</strong></span> 
     </span>
    </p>
   </div>
   <div class='ocr_carea' id='block_1_98' title="bbox 1970 3750 2793 3823">
    <p class='ocr_par' dir='ltr' id='par_1_98' title="bbox 1970 3750 2793 3823">
     <span class='ocr_line' id='line_1_98' title="bbox 1970 3750 2793 3823; baseline 0.001 -16"><span class='ocrx_word' id='word_1_736' title='bbox 1970 3750 2203 3822; x_wconf 83' lang='lat' dir='ltr'><strong>gratiam</strong></span> <span class='ocrx_word' id='word_1_737' title='bbox 2231 3750 2408 3823; x_wconf 87' lang='lat' dir='ltr'><strong>ipsam</strong></span> <span class='ocrx_word' id='word_1_738' title='bbox 2437 3753 2793 3810; x_wconf 89' lang='lat' dir='ltr'><strong>conservavit.</strong></span> 
     </span>
    </p>
   </div>
   <div class='ocr_carea' id='block_1_99' title="bbox 2038 3864 3554 3944">
    <p class='ocr_par' dir='ltr' id='par_1_99' title="bbox 2038 3864 3554 3944">
     <span class='ocr_line' id='line_1_99' title="bbox 2038 3864 3554 3944; baseline 0.006 -23"><span class='ocrx_word' id='word_1_739' title='bbox 2038 3864 2210 3922; x_wconf 74' lang='lat' dir='ltr'><strong>VEBS.</strong></span> <span class='ocrx_word' id='word_1_740' title='bbox 2253 3869 2344 3925; x_wconf 76' lang='grc'><strong>25.</strong></span> <span class='ocrx_word' id='word_1_741' title='bbox 2377 3898 2446 3908; x_wconf 91' lang='grc'><strong>-</strong></span> <span class='ocrx_word' id='word_1_742' title='bbox 2474 3867 2634 3926; x_wconf 82' lang='lat' dir='ltr'><strong>Sicut</strong></span> <span class='ocrx_word' id='word_1_743' title='bbox 2678 3869 2742 3924; x_wconf 83' lang='lat' dir='ltr'><strong>in</strong></span> <span class='ocrx_word' id='word_1_744' title='bbox 2789 3869 2939 3926; x_wconf 80' lang='lat' dir='ltr'><strong>Osee.</strong></span> <span class='ocrx_word' id='word_1_745' title='bbox 2989 3869 3124 3926; x_wconf 88' lang='lat' dir='ltr'><strong>Cum</strong></span> <span class='ocrx_word' id='word_1_746' title='bbox 3154 3879 3437 3929; x_wconf 92' lang='lat' dir='ltr'><strong>ostensum</strong></span> <span class='ocrx_word' id='word_1_747' title='bbox 3463 3873 3554 3944; x_wconf 91' lang='lat' dir='ltr'><strong>sit,</strong></span> 
     </span>
    </p>
   </div>
   <div class='ocr_carea' id='block_1_100' title="bbox 1970 3954 3567 4033">
    <p class='ocr_par' dir='ltr' id='par_1_100' title="bbox 1970 3954 3567 4033">
     <span class='ocr_line' id='line_1_100' title="bbox 1970 3954 3567 4033; baseline 0.004 -23"><span class='ocrx_word' id='word_1_748' title='bbox 1970 3954 2117 4028; x_wconf 91' lang='lat' dir='ltr'><strong>quod</strong></span> <span class='ocrx_word' id='word_1_749' title='bbox 2158 3971 2225 4012; x_wconf 80' lang='lat' dir='ltr'><strong>ex</strong></span> <span class='ocrx_word' id='word_1_750' title='bbox 2267 3955 2385 4011; x_wconf 88' lang='lat' dir='ltr'><strong>sola</strong></span> <span class='ocrx_word' id='word_1_751' title='bbox 2432 3957 2604 4029; x_wconf 89' lang='lat' dir='ltr'><strong>gratia</strong></span> <span class='ocrx_word' id='word_1_752' title='bbox 2653 3957 2760 4013; x_wconf 88' lang='lat' dir='ltr'><strong>sint</strong></span> <span class='ocrx_word' id='word_1_753' title='bbox 2805 3956 2927 4027; x_wconf 81' lang='lat' dir='ltr'><strong>filii,</strong></span> <span class='ocrx_word' id='word_1_754' title='bbox 2982 3959 3170 4032; x_wconf 90' lang='lat' dir='ltr'><strong>incipit</strong></span> <span class='ocrx_word' id='word_1_755' title='bbox 3197 3960 3429 4032; x_wconf 89' lang='lat' dir='ltr'><strong>probare</strong></span> <span class='ocrx_word' id='word_1_756' title='bbox 3465 3977 3567 4033; x_wconf 91' lang='lat' dir='ltr'><strong>per</strong></span> 
     </span>
    </p>
   </div>
   <div class='ocr_carea' id='block_1_101' title="bbox 1965 4044 3277 4121">
    <p class='ocr_par' dir='ltr' id='par_1_101' title="bbox 1965 4044 3277 4121">
     <span class='ocr_line' id='line_1_101' title="bbox 1965 4044 3277 4121; baseline 0.005 -23"><span class='ocrx_word' id='word_1_757' title='bbox 1965 4045 2260 4117; x_wconf 88' lang='lat' dir='ltr'><strong>prophetas</strong></span> <span class='ocrx_word' id='word_1_758' title='bbox 2290 4045 2436 4117; x_wconf 91' lang='lat' dir='ltr'><strong>quod</strong></span> <span class='ocrx_word' id='word_1_759' title='bbox 2465 4044 2521 4102; x_wconf 91' lang='lat' dir='ltr'><strong>hi</strong></span> <span class='ocrx_word' id='word_1_760' title='bbox 2549 4052 2672 4102; x_wconf 92' lang='lat' dir='ltr'><strong>sunt</strong></span> <span class='ocrx_word' id='word_1_761' title='bbox 2700 4062 2766 4103; x_wconf 80' lang='lat' dir='ltr'><strong>ex</strong></span> <span class='ocrx_word' id='word_1_762' title='bbox 2792 4054 3026 4120; x_wconf 90' lang='lat' dir='ltr'><strong>utroque</strong></span> <span class='ocrx_word' id='word_1_763' title='bbox 3055 4049 3277 4121; x_wconf 92' lang='lat' dir='ltr'><strong>populo.</strong></span> 
     </span>
    </p>
   </div>
   <div class='ocr_carea' id='block_1_102' title="bbox 2037 4156 3547 4233">
    <p class='ocr_par' dir='ltr' id='par_1_102' title="bbox 2037 4156 3547 4233">
     <span class='ocr_line' id='line_1_102' title="bbox 2037 4156 3547 4233; baseline 0.005 -18"><span class='ocrx_word' id='word_1_764' title='bbox 2037 4156 2207 4216; x_wconf 75' lang='lat' dir='ltr'><strong>Vnus.</strong></span> <span class='ocrx_word' id='word_1_765' title='bbox 2240 4162 2329 4217; x_wconf 79' lang='grc'><strong>27.</strong></span> <span class='ocrx_word' id='word_1_766' title='bbox 2361 4191 2429 4200; x_wconf 93' lang='grc'><strong><em>-</em></strong></span> <span class='ocrx_word' id='word_1_767' title='bbox 2457 4160 2519 4219; x_wconf 87' lang='lat' dir='ltr'><strong>Si</strong></span> <span class='ocrx_word' id='word_1_768' title='bbox 2543 4163 2745 4233; x_wconf 78' lang='lat' dir='ltr'><strong>luerit.</strong></span> <span class='ocrx_word' id='word_1_769' title='bbox 2780 4163 2922 4220; x_wconf 88' lang='lat' dir='ltr'><strong>Ecce</strong></span> <span class='ocrx_word' id='word_1_770' title='bbox 2954 4164 3033 4221; x_wconf 91' lang='lat' dir='ltr'><strong>sic</strong></span> <span class='ocrx_word' id='word_1_771' title='bbox 3059 4164 3258 4221; x_wconf 89' lang='lat' dir='ltr'><strong>dicitur</strong></span> <span class='ocrx_word' id='word_1_772' title='bbox 3287 4164 3438 4222; x_wconf 90' lang='lat' dir='ltr'><strong>salus</strong></span> <span class='ocrx_word' id='word_1_773' title='bbox 3464 4165 3547 4222; x_wconf 38' lang='lat' dir='ltr'><strong>Ju.</strong></span> 
     </span>
    </p>
   </div>
   <div class='ocr_carea' id='block_1_103' title="bbox 1965 4248 3077 4324">
    <p class='ocr_par' dir='ltr' id='par_1_103' title="bbox 1965 4248 3077 4324">
     <span class='ocr_line' id='line_1_103' title="bbox 1965 4248 3077 4324; baseline 0.006 -21"><span class='ocrx_word' id='word_1_774' title='bbox 1965 4248 2211 4316; x_wconf 90' lang='lat' dir='ltr'><strong>deorum,</strong></span> <span class='ocrx_word' id='word_1_775' title='bbox 2245 4257 2301 4305; x_wconf 93' lang='lat' dir='ltr'><strong>ut</strong></span> <span class='ocrx_word' id='word_1_776' title='bbox 2329 4250 2501 4320; x_wconf 89' lang='lat' dir='ltr'><strong>major</strong></span> <span class='ocrx_word' id='word_1_777' title='bbox 2527 4266 2655 4324; x_wconf 90' lang='lat' dir='ltr'><strong>pars</strong></span> <span class='ocrx_word' id='word_1_778' title='bbox 2685 4251 2753 4307; x_wconf 89' lang='lat' dir='ltr'><strong>sit</strong></span> <span class='ocrx_word' id='word_1_779' title='bbox 2783 4262 3077 4310; x_wconf 61' lang='lat' dir='ltr'><strong>exsecuta.</strong></span> 
     </span>
    </p>
   </div>
   <div class='ocr_carea' id='block_1_104' title="bbox 2039 4363 3564 4443">
    <p class='ocr_par' dir='ltr' id='par_1_104' title="bbox 2039 4363 3564 4443">
     <span class='ocr_line' id='line_1_104' title="bbox 2039 4363 3564 4443; baseline 0.006 -24"><span class='ocrx_word' id='word_1_780' title='bbox 2039 4363 2215 4421; x_wconf 74' lang='lat' dir='ltr'><strong>Vens.</strong></span> <span class='ocrx_word' id='word_1_781' title='bbox 2245 4370 2335 4434; x_wconf 78' lang='lat'><strong>28,</strong></span> <span class='ocrx_word' id='word_1_782' title='bbox 2367 4370 2457 4424; x_wconf 75' lang='lat'><strong>29.</strong></span> <span class='ocrx_word' id='word_1_783' title='bbox 2476 4395 2545 4407; x_wconf 90' lang='lat'><strong>—-</strong></span> <span class='ocrx_word' id='word_1_784' title='bbox 2575 4366 2804 4425; x_wconf 84' lang='lat' dir='ltr'><strong>Verbum</strong></span> <span class='ocrx_word' id='word_1_785' title='bbox 2832 4371 3008 4425; x_wconf 81' lang='lat' dir='ltr'><strong>enim.</strong></span> <span class='ocrx_word' id='word_1_786' title='bbox 3059 4369 3255 4426; x_wconf 92' lang='lat' dir='ltr'><strong>Subdit</strong></span> <span class='ocrx_word' id='word_1_787' title='bbox 3297 4372 3564 4443; x_wconf 88' lang='lat' dir='ltr'><strong>propheta</strong></span> 
     </span>
    </p>
   </div>
   <div class='ocr_carea' id='block_1_105' title="bbox 1967 4453 3564 4536">
    <p class='ocr_par' dir='ltr' id='par_1_105' title="bbox 1967 4453 3564 4536">
     <span class='ocr_line' id='line_1_105' title="bbox 1967 4453 3564 4536; baseline 0.006 -29"><span class='ocrx_word' id='word_1_788' title='bbox 1967 4468 2070 4525; x_wconf 90' lang='lat' dir='ltr'><strong>per</strong></span> <span class='ocrx_word' id='word_1_789' title='bbox 2096 4453 2230 4525; x_wconf 88' lang='lat' dir='ltr'><strong>quid</strong></span> <span class='ocrx_word' id='word_1_790' title='bbox 2272 4453 2411 4509; x_wconf 90' lang='lat' dir='ltr'><strong>salvi</strong></span> <span class='ocrx_word' id='word_1_791' title='bbox 2438 4453 2596 4523; x_wconf 84' lang='lat' dir='ltr'><strong>ﬁant,</strong></span> <span class='ocrx_word' id='word_1_792' title='bbox 2628 4455 2835 4512; x_wconf 90' lang='lat' dir='ltr'><strong>scilicet</strong></span> <span class='ocrx_word' id='word_1_793' title='bbox 2870 4472 2973 4536; x_wconf 84' lang='lat' dir='ltr'><strong>per</strong></span> <span class='ocrx_word' id='word_1_794' title='bbox 3000 4458 3229 4513; x_wconf 90' lang='lat' dir='ltr'><strong>verbum</strong></span> <span class='ocrx_word' id='word_1_795' title='bbox 3257 4459 3564 4532; x_wconf 85' lang='lat' dir='ltr'><strong>Evangelii,</strong></span> 
     </span>
    </p>
   </div>
   <div class='ocr_carea' id='block_1_106' title="bbox 1966 4542 3566 4616">
    <p class='ocr_par' dir='ltr' id='par_1_106' title="bbox 1966 4542 3566 4616">
     <span class='ocr_line' id='line_1_106' title="bbox 1966 4542 3566 4616; baseline 0.005 -20"><span class='ocrx_word' id='word_1_796' title='bbox 1966 4550 2025 4596; x_wconf 90' lang='lat' dir='ltr'><strong>ut</strong></span> <span class='ocrx_word' id='word_1_797' title='bbox 2052 4542 2229 4612; x_wconf 88' lang='lat' dir='ltr'><strong>gloria</strong></span> <span class='ocrx_word' id='word_1_798' title='bbox 2258 4559 2488 4615; x_wconf 90' lang='lat' dir='ltr'><strong>operum</strong></span> <span class='ocrx_word' id='word_1_799' title='bbox 2508 4543 2767 4616; x_wconf 89' lang='lat' dir='ltr'><strong>legalium</strong></span> <span class='ocrx_word' id='word_1_800' title='bbox 2798 4544 3128 4601; x_wconf 87' lang='lat' dir='ltr'><strong>excludatur.</strong></span> <span class='ocrx_word' id='word_1_801' title='bbox 3152 4547 3391 4602; x_wconf 86' lang='lat' dir='ltr'><strong>Verbum</strong></span> <span class='ocrx_word' id='word_1_802' title='bbox 3421 4550 3566 4604; x_wconf 91' lang='lat' dir='ltr'><strong>enim</strong></span> 
     </span>
    </p>
   </div>
   <div class='ocr_carea' id='block_1_107' title="bbox 1964 4630 3563 4706">
    <p class='ocr_par' dir='ltr' id='par_1_107' title="bbox 1964 4630 3563 4706">
     <span class='ocr_line' id='line_1_107' title="bbox 1964 4630 3563 4706; baseline 0.003 -20"><span class='ocrx_word' id='word_1_803' title='bbox 1964 4630 2249 4703; x_wconf 84' lang='lat' dir='ltr'><strong>Evangelii</strong></span> <span class='ocrx_word' id='word_1_804' title='bbox 2277 4630 2421 4703; x_wconf 89' lang='lat' dir='ltr'><strong>quod</strong></span> <span class='ocrx_word' id='word_1_805' title='bbox 2442 4631 2641 4687; x_wconf 87' lang='lat' dir='ltr'><strong>dicitur</strong></span> <span class='ocrx_word' id='word_1_806' title='bbox 2661 4649 3065 4700; x_wconf 88' lang='lat' dir='ltr'><strong>consummans,</strong></span> <span class='ocrx_word' id='word_1_807' title='bbox 3087 4635 3155 4689; x_wconf 92' lang='lat' dir='ltr'><strong>ad</strong></span> <span class='ocrx_word' id='word_1_808' title='bbox 3171 4634 3563 4706; x_wconf 79' lang='lat' dir='ltr'><strong>perfectionem</strong></span> 
     </span>
    </p>
   </div>
   <div class='ocr_carea' id='block_1_108' title="bbox 1964 4719 3557 4793">
    <p class='ocr_par' dir='ltr' id='par_1_108' title="bbox 1964 4719 3557 4793">
     <span class='ocr_line' id='line_1_108' title="bbox 1964 4719 3557 4793; baseline 0.004 -20"><span class='ocrx_word' id='word_1_809' title='bbox 1964 4719 2130 4785; x_wconf 91' lang='lat' dir='ltr'><strong>ducit,</strong></span> <span class='ocrx_word' id='word_1_810' title='bbox 2182 4727 2235 4773; x_wconf 90' lang='lat' dir='ltr'><strong>et</strong></span> <span class='ocrx_word' id='word_1_811' title='bbox 2283 4719 2463 4775; x_wconf 91' lang='lat' dir='ltr'><strong>omnia</strong></span> <span class='ocrx_word' id='word_1_812' title='bbox 2508 4719 2707 4793; x_wconf 87' lang='lat' dir='ltr'><strong>legalia</strong></span> <span class='ocrx_word' id='word_1_813' title='bbox 2746 4720 2802 4775; x_wconf 92' lang='lat' dir='ltr'><strong>in</strong></span> <span class='ocrx_word' id='word_1_814' title='bbox 2847 4737 2955 4776; x_wconf 93' lang='lat' dir='ltr'><strong>uno</strong></span> <span class='ocrx_word' id='word_1_815' title='bbox 2992 4722 3207 4779; x_wconf 89' lang='lat' dir='ltr'><strong>Christo</strong></span> <span class='ocrx_word' id='word_1_816' title='bbox 3235 4724 3514 4781; x_wconf 89' lang='lat' dir='ltr'><strong>abbreviat</strong></span> <span class='ocrx_word' id='word_1_817' title='bbox 3544 4744 3557 4780; x_wconf 92' lang='lat'>:</span> 
     </span>
    </p>
   </div>
   <div class='ocr_carea' id='block_1_109' title="bbox 1964 4808 3558 4882">
    <p class='ocr_par' dir='ltr' id='par_1_109' title="bbox 1964 4808 3558 4882">
     <span class='ocr_line' id='line_1_109' title="bbox 1964 4808 3558 4882; baseline 0.004 -20"><span class='ocrx_word' id='word_1_818' title='bbox 1964 4815 2143 4863; x_wconf 88' lang='lat' dir='ltr'><strong>tamen</strong></span> <span class='ocrx_word' id='word_1_819' title='bbox 2170 4823 2384 4880; x_wconf 70' lang='lat' dir='ltr'><strong>aequum</strong></span> <span class='ocrx_word' id='word_1_820' title='bbox 2415 4816 2517 4875; x_wconf 88' lang='lat' dir='ltr'><strong>est,</strong></span> <span class='ocrx_word' id='word_1_821' title='bbox 2549 4808 2717 4880; x_wconf 87' lang='lat' dir='ltr'><strong>priori</strong></span> <span class='ocrx_word' id='word_1_822' title='bbox 2744 4810 2914 4866; x_wconf 86' lang='lat' dir='ltr'><strong>verbo</strong></span> <span class='ocrx_word' id='word_1_823' title='bbox 2940 4810 3116 4882; x_wconf 86' lang='lat' dir='ltr'><strong>legis;</strong></span> <span class='ocrx_word' id='word_1_824' title='bbox 3147 4812 3292 4868; x_wconf 91' lang='lat' dir='ltr'><strong>unde</strong></span> <span class='ocrx_word' id='word_1_825' title='bbox 3320 4812 3558 4880; x_wconf 85' lang='lat' dir='ltr'><strong>additur,</strong></span> 
     </span>
    </p>
   </div>
   <div class='ocr_carea' id='block_1_110' title="bbox 1963 4896 3561 4970">
    <p class='ocr_par' dir='ltr' id='par_1_110' title="bbox 1963 4896 3561 4970">
     <span class='ocr_line' id='line_1_110' title="bbox 1963 4896 3561 4970; baseline 0.004 -19"><span class='ocrx_word' id='word_1_826' title='bbox 1963 4898 2026 4951; x_wconf 83' lang='lat' dir='ltr'><strong>in</strong></span> <span class='ocrx_word' id='word_1_827' title='bbox 2055 4897 2340 4968; x_wconf 66' lang='lat' dir='ltr'><strong>(equitate,</strong></span> <span class='ocrx_word' id='word_1_828' title='bbox 2371 4896 2427 4951; x_wconf 92' lang='lat' dir='ltr'><strong>id</strong></span> <span class='ocrx_word' id='word_1_829' title='bbox 2457 4905 2540 4951; x_wconf 90' lang='lat' dir='ltr'><strong>est</strong></span> <span class='ocrx_word' id='word_1_830' title='bbox 2567 4904 2626 4951; x_wconf 89' lang='lat' dir='ltr'><strong>ut</strong></span> <span class='ocrx_word' id='word_1_831' title='bbox 2654 4896 2786 4952; x_wconf 90' lang='lat' dir='ltr'><strong>nihil</strong></span> <span class='ocrx_word' id='word_1_832' title='bbox 2805 4897 2947 4953; x_wconf 90' lang='lat' dir='ltr'><strong>desit</strong></span> <span class='ocrx_word' id='word_1_833' title='bbox 2973 4899 3039 4953; x_wconf 91' lang='lat' dir='ltr'><strong>ad</strong></span> <span class='ocrx_word' id='word_1_834' title='bbox 3061 4897 3326 4970; x_wconf 89' lang='lat' dir='ltr'><strong>justitiam</strong></span> <span class='ocrx_word' id='word_1_835' title='bbox 3353 4902 3424 4957; x_wconf 90' lang='lat' dir='ltr'><strong>de</strong></span> <span class='ocrx_word' id='word_1_836' title='bbox 3441 4917 3561 4958; x_wconf 88' lang='lat' dir='ltr'><strong>om-</strong></span> 
     </span>
    </p>
   </div>
   <div class='ocr_carea' id='block_1_111' title="bbox 1963 4983 3554 5061">
    <p class='ocr_par' dir='ltr' id='par_1_111' title="bbox 1963 4983 3554 5061">
     <span class='ocr_line' id='line_1_111' title="bbox 1963 4983 3554 5061; baseline 0.005 -23"><span class='ocrx_word' id='word_1_837' title='bbox 1963 4984 2123 5039; x_wconf 89' lang='lat' dir='ltr'><strong>nibus</strong></span> <span class='ocrx_word' id='word_1_838' title='bbox 2167 4983 2556 5057; x_wconf 81' lang='lat' dir='ltr'><strong>praefiguratis,</strong></span> <span class='ocrx_word' id='word_1_839' title='bbox 2601 4985 2689 5041; x_wconf 91' lang='lat' dir='ltr'><strong>vel</strong></span> <span class='ocrx_word' id='word_1_840' title='bbox 2717 4986 2841 5057; x_wconf 92' lang='lat' dir='ltr'><strong>quia</strong></span> <span class='ocrx_word' id='word_1_841' title='bbox 2868 5002 2991 5059; x_wconf 61' lang='lat' dir='ltr'><strong>quae</strong></span> <span class='ocrx_word' id='word_1_842' title='bbox 3007 5003 3167 5061; x_wconf 70' lang='lat' dir='ltr'><strong>aequa</strong></span> <span class='ocrx_word' id='word_1_843' title='bbox 3195 4997 3320 5043; x_wconf 91' lang='lat' dir='ltr'><strong>sunt</strong></span> <span class='ocrx_word' id='word_1_844' title='bbox 3337 4990 3554 5058; x_wconf 89' lang='lat' dir='ltr'><strong>retinet,</strong></span> 
     </span>
    </p>
   </div>
   <div class='ocr_carea' id='block_1_112' title="bbox 1962 5071 3557 5150">
    <p class='ocr_par' dir='ltr' id='par_1_112' title="bbox 1962 5071 3557 5150">
     <span class='ocr_line' id='line_1_112' title="bbox 1962 5071 3557 5150; baseline 0.006 -24"><span class='ocrx_word' id='word_1_845' title='bbox 1962 5080 2020 5127; x_wconf 91' lang='lat' dir='ltr'><strong>ut</strong></span> <span class='ocrx_word' id='word_1_846' title='bbox 2047 5071 2271 5127; x_wconf 89' lang='lat' dir='ltr'><strong>moralia</strong></span> <span class='ocrx_word' id='word_1_847' title='bbox 2296 5091 2310 5140; x_wconf 95' lang='lat'><strong>;</strong></span> <span class='ocrx_word' id='word_1_848' title='bbox 2342 5080 2395 5127; x_wconf 91' lang='lat' dir='ltr'><strong>et</strong></span> <span class='ocrx_word' id='word_1_849' title='bbox 2424 5090 2544 5145; x_wconf 65' lang='lat' dir='ltr'><strong>quae</strong></span> <span class='ocrx_word' id='word_1_850' title='bbox 2566 5074 2658 5142; x_wconf 91' lang='lat' dir='ltr'><strong>jus</strong></span> <span class='ocrx_word' id='word_1_851' title='bbox 2685 5082 2769 5129; x_wconf 92' lang='lat' dir='ltr'><strong>est</strong></span> <span class='ocrx_word' id='word_1_852' title='bbox 2797 5074 2933 5144; x_wconf 92' lang='lat' dir='ltr'><strong>tolli,</strong></span> <span class='ocrx_word' id='word_1_853' title='bbox 2968 5084 3024 5130; x_wconf 92' lang='lat' dir='ltr'><strong>ut</strong></span> <span class='ocrx_word' id='word_1_854' title='bbox 3052 5084 3178 5131; x_wconf 90' lang='lat' dir='ltr'><strong>sunt</strong></span> <span class='ocrx_word' id='word_1_855' title='bbox 3207 5075 3398 5150; x_wconf 68' lang='lat' dir='ltr'><strong>figura:</strong></span> <span class='ocrx_word' id='word_1_856' title='bbox 3417 5119 3431 5147; x_wconf 97' lang='lat'><strong>,</strong></span> <span class='ocrx_word' id='word_1_857' title='bbox 3465 5096 3557 5135; x_wconf 85' lang='lat' dir='ltr'><strong>re-</strong></span> 
     </span>
    </p>
   </div>
   <div class='ocr_carea' id='block_1_113' title="bbox 1962 5160 3558 5240">
    <p class='ocr_par' dir='ltr' id='par_1_113' title="bbox 1962 5160 3558 5240">
     <span class='ocr_line' id='line_1_113' title="bbox 1962 5160 3558 5240; baseline 0.007 -26"><span class='ocrx_word' id='word_1_858' title='bbox 1962 5160 2178 5216; x_wconf 89' lang='lat' dir='ltr'><strong>scindit.</strong></span> <span class='ocrx_word' id='word_1_859' title='bbox 2223 5163 2296 5216; x_wconf 89' lang='lat' dir='ltr'><strong>Et</strong></span> <span class='ocrx_word' id='word_1_860' title='bbox 2338 5161 2663 5218; x_wconf 79' lang='lat' dir='ltr'><strong>abbrevians</strong></span> <span class='ocrx_word' id='word_1_861' title='bbox 2709 5163 2772 5219; x_wconf 82' lang='lat' dir='ltr'><strong>in</strong></span> <span class='ocrx_word' id='word_1_862' title='bbox 2819 5165 3101 5236; x_wconf 75' lang='lat' dir='ltr'><strong>(equitate.</strong></span> <span class='ocrx_word' id='word_1_863' title='bbox 3130 5166 3198 5222; x_wconf 87' lang='lat' dir='ltr'><strong>Ut</strong></span> <span class='ocrx_word' id='word_1_864' title='bbox 3228 5168 3558 5240; x_wconf 89' lang='lat' dir='ltr'><strong>compendio</strong></span> 
     </span>
    </p>
   </div>
   <div class='ocr_carea' id='block_1_114' title="bbox 1960 5248 3559 5324">
    <p class='ocr_par' dir='ltr' id='par_1_114' title="bbox 1960 5248 3559 5324">
     <span class='ocr_line' id='line_1_114' title="bbox 1960 5248 3559 5324; baseline 0.006 -22"><span class='ocrx_word' id='word_1_865' title='bbox 1960 5248 2085 5303; x_wconf 91' lang='lat' dir='ltr'><strong>fidei</strong></span> <span class='ocrx_word' id='word_1_866' title='bbox 2114 5265 2215 5320; x_wconf 91' lang='lat' dir='ltr'><strong>per</strong></span> <span class='ocrx_word' id='word_1_867' title='bbox 2243 5250 2472 5323; x_wconf 88' lang='lat' dir='ltr'><strong>gratiam</strong></span> <span class='ocrx_word' id='word_1_868' title='bbox 2503 5251 2674 5307; x_wconf 89' lang='lat' dir='ltr'><strong>salvet</strong></span> <span class='ocrx_word' id='word_1_869' title='bbox 2693 5294 2711 5321; x_wconf 93' lang='lat'><strong>,</strong></span> <span class='ocrx_word' id='word_1_870' title='bbox 2758 5267 2868 5308; x_wconf 92' lang='lat' dir='ltr'><strong>non</strong></span> <span class='ocrx_word' id='word_1_871' title='bbox 2913 5269 3009 5324; x_wconf 93' lang='lat' dir='ltr'><strong>per</strong></span> <span class='ocrx_word' id='word_1_872' title='bbox 3036 5254 3347 5313; x_wconf 89' lang='lat' dir='ltr'><strong>innumeras</strong></span> <span class='ocrx_word' id='word_1_873' title='bbox 3373 5257 3559 5313; x_wconf 90' lang='lat' dir='ltr'><strong>obser-</strong></span> 
     </span>
    </p>
   </div>
   <div class='ocr_carea' id='block_1_115' title="bbox 1959 5337 3558 5417">
    <p class='ocr_par' dir='ltr' id='par_1_115' title="bbox 1959 5337 3558 5417">
     <span class='ocr_line' id='line_1_115' title="bbox 1959 5337 3558 5417; baseline 0.006 -24"><span class='ocrx_word' id='word_1_874' title='bbox 1959 5337 2222 5393; x_wconf 90' lang='lat' dir='ltr'><strong>vationes.</strong></span> <span class='ocrx_word' id='word_1_875' title='bbox 2279 5339 2362 5394; x_wconf 91' lang='lat' dir='ltr'><strong>Ne</strong></span> <span class='ocrx_word' id='word_1_876' title='bbox 2409 5340 2531 5410; x_wconf 91' lang='lat' dir='ltr'><strong>quis</strong></span> <span class='ocrx_word' id='word_1_877' title='bbox 2591 5348 2769 5396; x_wconf 89' lang='lat' dir='ltr'><strong>autem</strong></span> <span class='ocrx_word' id='word_1_878' title='bbox 2832 5342 3068 5413; x_wconf 89' lang='lat' dir='ltr'><strong>dubitet,</strong></span> <span class='ocrx_word' id='word_1_879' title='bbox 3129 5345 3404 5417; x_wconf 88' lang='lat' dir='ltr'><strong>Propheta</strong></span> <span class='ocrx_word' id='word_1_880' title='bbox 3458 5346 3558 5402; x_wconf 85' lang='lat' dir='ltr'><strong>ad-</strong></span> 
     </span>
    </p>
   </div>
   <div class='ocr_carea' id='block_1_116' title="bbox 1955 5426 2167 5499">
    <p class='ocr_par' dir='ltr' id='par_1_116' title="bbox 1955 5426 2167 5499">
     <span class='ocr_line' id='line_1_116' title="bbox 1955 5426 2167 5499; baseline -0.014 -17"><span class='ocrx_word' id='word_1_881' title='bbox 1955 5426 2135 5499; x_wconf 88' lang='lat' dir='ltr'><strong>jungit</strong></span> <span class='ocrx_word' id='word_1_882' title='bbox 2155 5444 2167 5479; x_wconf 90' lang='lat'>:</span> 
     </span>
    </p>
   </div>
   <div class='ocr_carea' id='block_1_117' title="bbox 2026 5510 3605 5590">
    <p class='ocr_par' dir='ltr' id='par_1_117' title="bbox 2026 5510 3605 5590">
     <span class='ocr_line' id='line_1_117' title="bbox 2026 5510 3605 5590; baseline 0.006 -21"><span class='ocrx_word' id='word_1_883' title='bbox 2026 5516 2146 5570; x_wconf 85' lang='lat' dir='ltr'><strong>Nisi</strong></span> <span class='ocrx_word' id='word_1_884' title='bbox 2188 5518 2459 5571; x_wconf 82' lang='lat' dir='ltr'><strong>Dominus</strong></span> <span class='ocrx_word' id='word_1_885' title='bbox 2507 5517 2758 5575; x_wconf 86' lang='lat' dir='ltr'><strong>sabaoth.</strong></span> <span class='ocrx_word' id='word_1_886' title='bbox 2805 5519 3070 5577; x_wconf 91' lang='lat' dir='ltr'><strong>Dominus</strong></span> <span class='ocrx_word' id='word_1_887' title='bbox 3119 5521 3245 5578; x_wconf 83' lang='lat' dir='ltr'><strong>fecit</strong></span> <span class='ocrx_word' id='word_1_888' title='bbox 3283 5522 3508 5578; x_wconf 90' lang='lat' dir='ltr'><strong>verbum</strong></span> <span class='ocrx_word' id='word_1_889' title='bbox 3532 5563 3546 5590; x_wconf 94' lang='lat'><strong>,</strong></span> <span class='ocrx_word' id='word_1_890' title='bbox 3596 5510 3605 5517; x_wconf 74' lang='grc'><em>’</em></span> 
     </span>
    </p>
   </div>
   <div class='ocr_carea' id='block_1_118' title="bbox 1961 5604 3549 5681">
    <p class='ocr_par' dir='ltr' id='par_1_118' title="bbox 1961 5604 3549 5681">
     <span class='ocr_line' id='line_1_118' title="bbox 1961 5604 3549 5681; baseline 0.003 -23"><span class='ocrx_word' id='word_1_891' title='bbox 1961 5604 2104 5674; x_wconf 87' lang='lat' dir='ltr'><strong>quod</strong></span> <span class='ocrx_word' id='word_1_892' title='bbox 2154 5612 2259 5658; x_wconf 87' lang='lat' dir='ltr'><strong>tam</strong></span> <span class='ocrx_word' id='word_1_893' title='bbox 2289 5605 2658 5661; x_wconf 89' lang='lat' dir='ltr'><strong>necessarium</strong></span> <span class='ocrx_word' id='word_1_894' title='bbox 2690 5617 2832 5675; x_wconf 91' lang='lat' dir='ltr'><strong>erat,</strong></span> <span class='ocrx_word' id='word_1_895' title='bbox 2868 5611 3012 5681; x_wconf 84' lang='lat' dir='ltr'><strong>quod</strong></span> <span class='ocrx_word' id='word_1_896' title='bbox 3035 5609 3136 5664; x_wconf 88' lang='lat' dir='ltr'><strong>nisi</strong></span> <span class='ocrx_word' id='word_1_897' title='bbox 3167 5619 3312 5665; x_wconf 88' lang='lat' dir='ltr'><strong>esset</strong></span> <span class='ocrx_word' id='word_1_898' title='bbox 3339 5625 3549 5679; x_wconf 89' lang='lat' dir='ltr'><strong>semen,</strong></span> 
     </span>
    </p>
   </div>
  </div>
