3948 6178
388 200 493 255 503
923 195 1329 254 WALAFRIDI
1365 193 1608 251 STRABI
1636 192 1845 250 FULD.
1890 189 2064 248 MON.
2095 187 2249 245 OPP.
2290 188 2467 247 PARS
2493 189 2536 245 Ι.
2575 219 2646 230 -
2670 186 3145 245 THEOLOGICA.
3576 195 3666 249 50L

392 324 448 380 id
477 331 559 380 est
588 321 837 389 verbum,
870 329 975 378 etc.
1006 321 1107 376 Vel
1136 338 1236 392 per
1266 336 1453 375 semen
1486 317 1861 390 intelliguntur
1890 332 1984 371 re-
2003 315 2061 377 A
2091 329 2199 386 qua
2227 315 2376 369 Deus
2400 314 2598 383 justus,
2630 313 2730 369 sed
2761 330 2883 385 qua:
2910 311 3121 369 homini
3146 312 3287 369 inest
3315 330 3384 369 ex
3409 313 3541 372 Deo.
3578 319 3668 373 lu-

396 412 581 484 liquiae
612 412 909 480 salvandae,
945 410 999 465 id
1028 418 1111 465 est
1139 409 1369 480 apostoli
1396 415 1451 464 et
1480 407 1569 461 alii
1599 406 1747 476 boni,
1797 413 1851 461 et
1895 405 2002 460 nisi
2099 404 2276 459 stitiw
2305 405 2406 459 Dei
2451 419 2568 459 non
2616 407 2754 458 sunt
2782 403 3038 474 subjecti.
3072 403 3314 457 Haecest
3337 402 3537 471 justitia
3563 405 3667 472 Dei,

399 517 499 573 per
518 500 642 556 illas
662 501 1016 572 praedicatum
1047 506 1190 553 esset
1211 497 1440 552 verbum
1458 496 1578 561 Dei,
1601 503 1793 568 gentes
1812 494 2000 566 periis-
2099 508 2220 562 quae
2250 507 2360 546 non
2388 491 2443 546 in
2471 499 2747 564 praecepto
2776 491 2916 563 legis
2945 506 3053 562 quo
3082 490 3243 546 timor
3288 490 3556 563 incutitur,
3584 496 3670 551 sed

400 596 541 645 sent.
573 590 642 644 Et
671 589 777 643 hoc
806 596 889 643 est
921 605 935 641 :
966 586 1084 642 Nisi
1111 585 1375 640 Dominus
1395 584 1751 652 exercituum,
1775 583 1995 655 quando

402 677 541 733 alios
587 676 879 733 excaacavit
901 716 914 743 ,
970 673 1281 745 reliquisset
1329 673 1490 728 nobis
1513 717 1527 739 ,
1574 672 1630 728 id
1660 681 1743 728 est
1771 672 1841 729 ad
1869 687 1997 727 nos-

402 772 543 822 tram
573 765 884 832 utilitatem,
918 778 1127 832 semen,
1177 761 1234 817 id
1263 770 1347 818 est
1372 760 1670 833 apostolos,
1700 761 1771 817 de
1800 760 1997 833 quibus

405 869 568 927 seges
598 852 799 907 Christi
828 850 1019 907 crevit.

475 944 546 997 Et
574 942 723 997 sicut
757 939 1062 998 Comorrha
1090 939 1326 994 similes.
1360 938 1664 1010 Utrumque
1694 937 1905 1008 posuit,
1938 945 1997 993 ut

400 1036 548 1085 notet
604 1028 1011 1084 similitudinem
1071 1027 1244 1098 culpae
1293 1035 1346 1082 et
1373 1042 1578 1098 poenae,
1613 1026 1770 1099 quasi
1798 1025 1994 1082 dicat:

390 1118 557 1173 Pares
604 1133 851 1173 essemus
898 1117 954 1172 in
999 1131 1187 1188 poena,
1238 1115 1362 1188 quia
1402 1115 1607 1170 similes
1639 1131 1890 1170 essemus
1923 1115 1979 1170 in

392 1216 572 1286 Culpa.
1134 1219 1138 1223 ⁴

456 1305 629 1359 Vaas.
660 1306 748 1359 31.
773 1334 843 1344 -
863 1304 1058 1360 Israel.
1083 1303 1248 1359 Israel
1277 1318 1410 1359 vero
1441 1310 1660 1359 secutus
1689 1309 1773 1357 est
1810 1300 1993 1372 legem

387 1391 546 1464 quasi
578 1400 749 1460 retro,
791 1392 920 1464 quia
950 1407 1231 1463 nunquam
1277 1391 1490 1465 attingit
1534 1389 1874 1464 spiritualem
1904 1388 1992 1442 in-

384 1480 762 1555 telligentiam.
798 1480 1071 1538 Sectando
1109 1482 1423 1553 justitiam.
1465 1480 1575 1535 Lex
1606 1478 1779 1551 Moysi
1808 1486 1891 1534 est
1905 1478 1993 1532 lex

382 1570 624 1640 justitim,
659 1570 705 1624 si
735 1570 875 1625 bene
906 1570 975 1625 sit
1005 1569 1299 1627 intellecta.
1324 1569 1425 1626 Vel
1445 1569 1707 1625 sectando
1730 1566 1991 1638 justitiam

384 1659 525 1731 legis
550 1704 562 1725 ,
614 1658 671 1715 id
714 1667 796 1715 est
844 1675 966 1731 quas
996 1668 1077 1714 est
1107 1676 1170 1714 ex
1203 1658 1396 1715 timore
1427 1674 1623 1730 poenae,
1656 1673 1766 1713 non
1795 1672 1984 1712 amore
2007 1676 2061 1736 Β

378 1747 619 1818 justitiaa,
652 1764 763 1803 non
794 1748 1060 1819 pervenit,
1096 1756 1202 1804 etc.

457 1845 630 1902 Vsus.
656 1849 743 1904 32.
767 1877 837 1887 —-
860 1845 1000 1914 Quia
1029 1863 1146 1905 non
1174 1863 1247 1902 ex
1276 1845 1403 1915 ﬁde.
1434 1845 1559 1900 Non
1589 1843 1735 1900 enim
1779 1860 1847 1899 ex
1877 1844 1983 1901 fide

389 1934 671 2007 quaerebat
712 1933 1018 2004 justificari,
1071 1943 1124 1990 et
1153 1934 1283 2008 quia
1305 1933 1566 2005 justitiam
1596 1949 1706 1989 non
1734 1933 1922 2004 petivit
1951 1950 1985 1989 a

389 2024 528 2091 Deo,
561 2039 671 2078 non
701 2024 876 2080 credit
918 2023 974 2076 in
1023 2040 1148 2078 eum
1193 2024 1286 2095 qui
1306 2020 1567 2093 justificat
1596 2021 1840 2094 impium,
1874 2038 1983 2078 non

383 2111 619 2169 credens
666 2110 843 2166 Deum
888 2110 1106 2183 operari
1149 2111 1206 2166 in
1252 2110 1472 2167 homine
1502 2126 1611 2183 quo
1632 2108 1979 2181 iustificetur.

382 2200 539 2257 Unde
587 2214 718 2256 vero
767 2199 1060 2272 contigerit
1106 2206 1165 2253 ut
1193 2215 1303 2254 non
1351 2198 1979 2270 crederent,’supponit.

385 2288 775 2361 Oﬂ'enderunt.
810 2288 894 2344 Ad
923 2286 1330 2342 similitudinem
1360 2288 1517 2358 parvi
1564 2286 1779 2358 lapidis,
1811 2303 1845 2342 a
1875 2303 1983 2359 quo

382 2394 495 2433 non
528 2386 777 2446 cavetur,
830 2375 1076 2432 Christus
1104 2376 1302 2432 habilis
1331 2376 1432 2431 fuit
1469 2374 1774 2445 offendere,
1807 2375 1983 2432 latens

377 2465 434 2521 in
464 2466 784 2522 humilitate.
820 2464 923 2521 Cui
945 2473 1225 2520 attestatur
1263 2464 1435 2520 Isaias
1465 2466 1615 2539 (cap.
1668 2465 1810 2536 vm).
1845 2467 1983 2522 Ecce

383 2554 441 2610 in
471 2553 708 2610 evidenti
733 2570 907 2627 pono,
956 2554 1011 2609 id
1057 2561 1139 2609 est
1168 2553 1321 2610 nasci
1348 2553 1507 2621 facio,
1540 2555 1604 2610 in
1632 2554 1783 2620 Sion,
1817 2553 1873 2608 id
1902 2561 1985 2609 est

381 2642 439 2698 in
457 2643 677 2711 Iudaeis,
702 2642 978 2698 Christum
1001 2642 1243 2715 lapidem
1263 2642 1608 2713 o/fensionis,
1631 2657 1665 2696 a
1685 2657 1793 2713 quo
1812 2657 1983 2712 parvo

384 2747 496 2788 non
518 2740 798 2799 caveatur,
830 2739 882 2787 et
902 2736 1123 2804 petram
1143 2731 1420 2796 scandali,
1445 2731 1501 2785 id
1520 2738 1602 2785 est
1631 2747 1697 2785 ex
1717 2738 1830 2785 toto
1862 2745 1986 2787 con-

386 2829 653 2878 terentem
699 2820 875 2876 malos
923 2820 979 2874 in
1024 2819 1236 2888 futuro,
1280 2826 1335 2875 et
1364 2818 1796 2875 contristantem.
1825 2818 1984 2891 Lapis

388 2916 575 2966 autem
603 2907 922 2965 offensionis
950 2908 1147 2964 dicitur
1176 2907 1423 2963 Christus
1456 2908 1757 2963 secundum
1786 2915 1986 2963 statum

2095 578 2152 634 in
2182 580 2453 650 adjutorio
2481 580 2675 653 gratiae
2702 580 2903 637 Christi
2933 579 3225 635 constituta
3269 587 3375 636 est.

2176 695 2348 750 Vsus.
2374 697 2425 750 4.
2445 725 2514 736 -
2532 697 2711 751 Finis.
2734 694 2859 751 Non
2878 709 3228 762 consumens,
3251 692 3353 750 sed
3372 693 3666 766 perficiens:

2094 780 2310 854 perﬁcit
2338 799 2473 857 ergo
2496 783 2762 853 justitiam
2780 799 2881 854 per
2908 782 3074 838 ﬁdem
3095 783 3212 838 sine
3242 773 3502 856 operibus
3521 784 3665 859 legis.

2097 880 2384 940 Christus.
2411 882 2493 936 Ex
2523 880 2741 937 Christo
2770 888 2853 936 est
2877 879 3125 950 iustitia;
3158 880 3286 953 quia
3316 881 3361 935 si
3388 896 3486 952 per
3507 881 3668 956 legem

2094 968 2357 1040 scriptam
2404 968 2492 1024 vel
2538 969 2848 1025 naturalem
2894 976 3061 1040 esset,
3111 976 3166 1025 et
3192 983 3305 1025 non
3332 966 3440 1025 ﬁde
3467 969 3665 1041 Christi,

2094 1072 2231 1130 ergo
2260 1056 2507 1112 Christus
2535 1058 2706 1131 gratis
2745 1064 3078 1113 moreretur.

2165 1146 2247 1201 Ad
2264 1147 2579 1217 justitiam.
2611 1147 2735 1202 Non
2781 1147 3108 1212 humanam,
3141 1144 3240 1201 sed
3292 1144 3545 1203 divinam.
3580 1147 3668 1203 Est

2093 1232 2241 1288 enim
2270 1234 2507 1289 humana
2536 1242 2591 1290 et
2619 1233 2804 1291 divina
2836 1251 2850 1290 :
2884 1233 2955 1290 de
3000 1236 3241 1290 humana
3285 1233 3398 1302 ibi,
3445 1236 3665 1308 Moyses:

2091 1320 2161 1377 de
2192 1321 2377 1378 divina
2405 1322 2481 1378 ibi
2513 1341 2527 1377 :
2567 1324 2696 1392 Quae
2722 1328 2917 1379 autem
2947 1339 3050 1389 ex,
3083 1329 3189 1379 etc.

2162 1429 2480 1502 Scriptura.
2511 1430 2573 1484 In
2619 1429 2877 1485 Numeris
2926 1437 2980 1485 et
3022 1428 3265 1486 Levitico
3296 1428 3373 1484 ita
3399 1428 3613 1487 habetur
3643 1451 3655 1487 ι

2098 1518 2201 1587 Qui
2228 1519 2432 1589 fecerit
2460 1534 2545 1589 ea,
2578 1520 2725 1574 vivet
2744 1520 2807 1576 in
2835 1519 2975 1575 illis.

2160 1632 2331 1688 Vnus.
2364 1635 2416 1688 5.
2448 1663 2518 1673 —
2554 1635 2704 1690 Vivet
2750 1635 2815 1689 in
2844 1650 2929 1689 ea.
2980 1633 3159 1689 Habet
3205 1631 3353 1689 istud
3380 1633 3658 1704 praemium,

2091 1719 2301 1776 scilicet
2359 1737 2429 1776 ne
2485 1721 2586 1775 ista
2640 1729 2817 1777 morte
2868 1720 3145 1792 puniatur.
3204 1721 3331 1777 Non
3388 1729 3469 1777 est
3502 1731 3661 1778 autem

2089 1823 2294 1882 magna
2342 1808 2571 1879 justitia,
2631 1810 2857 1879 timere,
2917 1825 3020 1867 nec
3067 1809 3229 1866 habet
3257 1809 3509 1865 meritum
3534 1811 3659 1883 apud

2090 1898 2287 1953 Deum.

2160 2012 2334 2069 Vans.
2366 2016 2419 2069 6.
2450 2042 2522 2055 —
2550 2012 2610 2068 Id
2639 2018 2725 2070 est
2756 2013 3044 2071 Christum
3063 2013 3357 2073 deducere.
3389 2014 3449 2071 Id
3475 2024 3553 2072 est
3577 2032 3660 2074 ne-

2088 2117 2223 2175 gare
2251 2101 2529 2157 Christum
2558 2100 2891 2158 ascendisse.

2159 2217 2331 2273 Vans.
2366 2222 2417 2273 8.
2441 2247 2509 2257 —
2532 2220 2707 2291 Prope
2736 2222 2823 2274 est
2837 2217 3081 2274 verbum.
3105 2216 3167 2273 Id
3196 2225 3283 2273 est
3312 2217 3440 2275 utile
3468 2227 3563 2286 est,
3576 2220 3651 2274 vel

2088 2321 2197 2360 non
2227 2313 2311 2361 est
2339 2304 2544 2379 aliquid
2572 2305 2962 2362 inconveniens
2982 2306 3069 2361 vel
3099 2306 3288 2363 dicere
3318 2308 3404 2364 vel
3431 2308 3655 2364 credere.

2087 2394 2186 2449 Vel
2212 2411 2404 2467 prope,
2440 2394 2565 2467 quia
2592 2410 2702 2450 non
2731 2403 2814 2450 est
2839 2394 3003 2467 longe
3033 2411 3066 2451 a
3093 2404 3291 2453 natura
3337 2396 3655 2452 animorum:

2087 2490 2142 2537 et
2191 2481 2451 2556 loquendi
2506 2482 2737 2551 ratione,
2796 2483 2942 2556 quod
2999 2484 3157 2539 nobis
3211 2483 3414 2542 dicitur
3463 2493 3516 2541 ut
3542 2502 3655 2543 cre-

2086 2570 2301 2627 damus.

2155 2661 2265 2717 Hoc
2312 2664 2399 2716 est
2428 2660 2672 2717 verbum.
2705 2660 2890 2732 (AUG.,
2934 2663 3115 2718 Tract.
3148 2665 3234 2728 80,
3269 2665 3336 2719 in
3354 2664 3651 2733 Joannem.)

2085 2749 2165 2803 De
2186 2763 2294 2821 quo
2331 2748 2594 2805 Dominus
2629 2749 2704 2804 ait
2735 2768 2753 2804 :
2786 2751 2929 2805 Nam
2958 2766 3050 2807 vos
3071 2750 3276 2807 mundi
3296 2754 3430 2808 estis
3447 2756 3654 2826 propter

2083 2837 2312 2893 verbum
2340 2836 2482 2911 quod
2515 2839 2733 2896 locutus
2753 2855 2881 2894 sum
2899 2839 3067 2906 vobis,
3092 2847 3229 2907 etc.,
3258 2854 3431 2914 usque
3460 2841 3526 2896 ad
3542 2856 3653 2895 nam

2084 2933 2137 2980 et
2166 2924 2221 2981 in
2252 2924 2374 2997 ipso
2402 2926 2571 2982 verbo
2600 2926 2749 2981 aliud
2777 2934 3059 2983 estsonus
3088 2927 3384 2996 transiens,
3415 2926 3553 2984 aliud
3580 2935 3651 2985 est

385 3014 491 3072 quo
520 2997 771 3071 apparuit
797 2997 885 3053 hic
912 2996 1087 3052 malis.
1140 2996 1301 3051 Petra
1327 3010 1461 3054 vero
1491 2996 1755 3065 scandali,
1790 3012 1984 3053 secun-
2006 3032 2055 3095 Ο
2084 3014 2256 3078 virtus
2286 3030 2596 3070 remanens.

382 3087 514 3144 dum
545 3088 691 3160 quod
723 3086 781 3141 in
809 3085 993 3142 futuro
1024 3085 1187 3141 faciet
1211 3084 1392 3141 malis.

453 3175 625 3231 Vsus.
661 3178 749 3233 32.
782 3204 852 3214 —
881 3176 952 3230 Et
998 3178 1223 3247 petram
1267 3174 1543 3230 scandali.
1583 3173 1746 3229 Petra
1783 3171 1983 3231 dicitur

385 3272 511 3321 ante
529 3262 847 3335 politionem
868 3271 923 3319 et
940 3262 1079 3335 lapis
1093 3270 1217 3333 post
1236 3262 1571 3334 politionem.
1592 3263 1782 3319 Politio
1801 3271 1983 3319 autem

384 3352 604 3423 Christi,
635 3351 821 3423 passio
866 3351 1002 3419 fuit,
1054 3351 1179 3423 quia
1214 3349 1543 3406 inﬁrmitatis
1572 3351 1850 3407 miseriam
1878 3353 1980 3408 de-

380 3441 583 3513 posuit.
644 3440 891 3496 Christus
946 3456 1082 3513 ergo
1139 3448 1263 3497 ante
1318 3440 1633 3511 passionem
1688 3440 1788 3495 fuit
1827 3449 1981 3512 petra

383 3529 627 3586 scandali
649 3570 663 3597 ,
716 3545 826 3601 quo
856 3537 1103 3600 tempore
1133 3529 1484 3585 scandalizati
1514 3537 1640 3584 sunt
1667 3529 1841 3585 Judaei
1868 3530 1980 3584 ira-

385 3607 603 3674 scentes
634 3626 688 3673 et
734 3617 1101 3691 indignantes,
1152 3617 1280 3690 quia
1309 3634 1369 3674 se
1396 3617 1592 3673 Filium
1620 3617 1722 3674 Dei
1754 3617 1975 3675 faceret.

382 3706 542 3776 Lapis
569 3723 668 3777 per
694 3707 1036 3779 politionem,
1085 3707 1328 3763 Christus
1356 3708 1413 3763 in
1446 3707 1724 3780 passione,
1759 3709 1979 3780 quando

378 3793 547 3851 iidem
572 3794 744 3852 Judaei
774 3795 1004 3851 maxime
1034 3794 1406 3869 oﬂ‘enderunt,
1442 3804 1494 3851 et
1524 3796 1779 3852 excaecati
1812 3805 1937 3851 sunt
1959 3815 1984 3864 ς,

380 3884 556 3940 Deum
603 3898 714 3940 non
762 3900 884 3941 esse
932 3885 1220 3942 credentes
1272 3901 1436 3957 quem
1497 3893 1774 3941 mortuum
1820 3885 1977 3940 vide-

383 3972 532 4029 bant.

448 4072 569 4127 Non
597 4070 999 4141 con/undetur.
1051 4069 1241 4140 (Αιισι.)
1291 4067 1397 4138 Qui
1425 4070 1571 4125 enim
1600 4069 1893 4125 crediderit
1922 4069 1977 4124 in

375 4174 520 4225 eum,
555 4174 666 4213 non
693 4158 913 4212 habebit
942 4173 1094 4212 suam
1117 4157 1384 4227 justitiam
1440 4173 1563 4229 qua:
1619 4174 1686 4213 ex
1716 4157 1840 4232 lege
1869 4165 1971 4227 est,

375 4246 624 4320 quamvis
672 4247 740 4303 sit
798 4247 942 4303 bona
998 4246 1120 4313 lex,
1167 4246 1264 4301 sed
1294 4245 1540 4319 implebit
1567 4245 1742 4318 ipsam
1768 4246 1970 4321 legem,

373 4361 485 4401 non
514 4361 614 4401 sua
636 4345 867 4416 justitia,
901 4344 999 4401 sed
1029 4344 1151 4399 data
1181 4360 1216 4401 a
1244 4345 1379 4401 Deo.
1414 4346 1496 4401 Ita
1523 4344 1666 4402 enim
1694 4360 1805 4402 non
1830 4360 1967 4402 con-

371 4433 645 4491 fundatur.

977 4548 1205 4605 CAPUT
1241 4548 1314 4604 X.

445 4689 615 4744 Vsus.
651 4693 701 4741 1.
734 4718 804 4729 -
831 4691 903 4745 Et
949 4691 1273 4748 obsecratio.
1309 4690 1574 4746 Voluntas
1602 4690 1776 4760 enim,
1810 4699 1870 4746 ut
1898 4692 1968 4746 ad

372 4792 505 4833 vera
533 4775 808 4831 credenda
836 4787 1118 4833 moveatur
1164 4794 1275 4834 non
1323 4779 1426 4833 sibi
1454 4777 1680 4849 sufﬁcit,
1713 4779 1841 4834 nisit
1868 4796 1969 4850 per

369 4863 603 4937 gratiam
633 4865 779 4919 Deus
812 4864 916 4919 sibi
949 4865 1258 4936 opituletur,
1292 4867 1437 4922 unde
1469 4883 1482 4922 :
1516 4869 1684 4925 Nemo
1712 4869 1869 4924 venit
1895 4869 1968 4923 ad

377 4968 490 5021 me,
523 4953 638 5009 nisi
668 4954 764 5010 cui
802 4952 1001 5009 datum
1029 4956 1208 5025 fuerit
1238 4972 1273 5010 a
1300 4958 1471 5012 Patre
1498 4973 1619 5013 meo
1651 4957 1833 5028 (Joan.
1868 4957 1969 5027 ιν).

441 5040 611 5095 Vsus.
633 5046 687 5099 2.
702 5070 772 5081 —
790 5042 1192 5098 Testimonium
1211 5045 1366 5099 enim
1382 5045 1642 5116 perhibeo
1658 5046 1779 5101 illis
1799 5046 1962 5117 quod.

367 5130 597 5201 (Αιιιιιι.)
628 5129 708 5184 De
754 5129 838 5184 his
884 5129 1032 5198 dicit,
1087 5131 1181 5202 qui
1209 5146 1320 5187 non
1366 5148 1432 5186 ex
1474 5132 1708 5200 invidia,
1760 5133 1857 5188 sed
1900 5150 1966 5189 ex

369 5232 556 5275 errore
604 5216 878 5273 Christum
924 5233 1033 5273 non
1080 5227 1439 5291 receperunt,
1475 5221 1671 5293 quibus
1710 5222 1903 5278 Petrus
1947 5240 1962 5276 :

368 5306 491 5366 Scio
522 5306 661 5379 quod
684 5322 789 5378 per
829 5308 1215 5379 ignorantiam
1259 5310 1359 5365 hoc
1408 5311 1600 5381 egistis
1657 5309 1803 5381 (Act.
1856 5311 1960 5383 ιιι).

365 5398 486 5454 Νοη
514 5394 823 5452 secundum
854 5396 1175 5451 scientiam.
1211 5396 1441 5453 Stultum
1471 5398 1617 5453 enim
1653 5408 1736 5455 est
1783 5400 1963 5472 legem

366 5484 636 5555 venerari,
668 5491 721 5540 et
751 5483 925 5539 Deum
954 5484 1093 5557 legis
1122 5486 1401 5558 persequi.

512 5575 678 5631 Vens.
701 5577 750 5630 3.
776 5604 844 5614 —
869 5574 1194 5645 Ignorantes
1214 5576 1370 5632 enim
1389 5577 1489 5632 Dei
1507 5577 1813 5646 iustitiam.
1840 5578 1963 5634 Non

2152 3129 2324 3185 Vsus.
2358 3133 2411 3185 9.
2439 3159 2508 3170 —
2540 3130 2681 3200 Quia
2710 3132 2761 3187 si
2787 3130 3129 3200 conﬁtearis.
3162 3130 3358 3205 (AUG.)
3385 3132 3522 3189 Ecce
3547 3132 3651 3187 laus

2081 3214 2209 3273 ﬁdei
2252 3225 2307 3273 et
2351 3234 2581 3274 merces.
2634 3219 2773 3274 Laus
2803 3217 2931 3275 ﬁdei
2958 3227 3061 3288 est,
3093 3219 3139 3274 si
3170 3220 3498 3288 credideris,
3543 3220 3650 3294 quia

2081 3306 2345 3361 Dominus
2375 3315 2459 3362 est
2485 3307 2663 3374 Iesus,
2698 3315 2829 3375 etc.,
2864 3324 3036 3383 usque
3064 3308 3137 3365 ad
3156 3308 3247 3382 qui
3276 3325 3400 3365 eam
3428 3310 3651 3366 inresur-

2079 3395 2321 3452 rectione
2351 3393 2457 3450 sibi
2484 3411 2754 3469 congrua,
2783 3398 2887 3453 hoc
2919 3404 3003 3453 est
3029 3395 3084 3452 in
3108 3396 3493 3467 justificatione
3519 3414 3648 3470 pre-

2082 3483 2248 3540 cedit.

2151 3572 2321 3629 Vans.
2344 3575 2428 3629 10.
2453 3601 2522 3615 -
2544 3573 2715 3630 Corde
2735 3574 3006 3631 creditur.
3029 3574 3233 3631 Caetera
3261 3583 3441 3648 potest
3458 3575 3645 3641 nolens,
3749 3565 3756 3572 ’

2079 3660 2176 3717 sed
2206 3661 2433 3717 credere
2462 3676 2572 3719 non
2601 3670 2782 3734 potest
2810 3661 2916 3718 nisi
2946 3662 3156 3719 volens.

2152 3762 2455 3835 Confessio.
2480 3763 2666 3835 (Auc.,
2688 3765 2752 3819 in
2772 3765 2925 3829 Psal,
2954 3777 3099 3832 xxx,
3124 3766 3391 3822 concione
3411 3765 3513 3836 ιιι.)
3532 3764 3650 3821 Con-

2078 3848 2218 3906 ﬁteri
2247 3858 2330 3906 est
2359 3851 2545 3907 dicere
2566 3893 2580 3920 ,
2633 3851 2763 3924 quid
2793 3850 2862 3907 sit
2889 3851 2945 3907 in
2971 3853 3134 3909 corde
3156 3896 3169 3920 ,
3202 3860 3308 3911 etc.
3326 3896 3340 3923 ,
3383 3870 3545 3928 usque
3585 3853 3648 3909 ad

2077 3937 2202 4011 quia
2230 3939 2308 3995 ita
2334 3940 2527 4010 credit,
2559 3940 2631 3995 ita
2659 3948 2713 3996 et
2757 3940 2813 3995 in
2860 3957 2953 3997 ore
2980 3942 3175 4012 debet,
3207 3949 3265 3997 ut
3287 3943 3360 3998 ita
3386 3941 3645 4015 praedicet.

2147 4056 2317 4111 Vnus.
2352 4060 2438 4114 t2.
2468 4088 2538 4099 —
2573 4059 2676 4127 Qui
2706 4058 2991 4115 invocant.
3044 4058 3222 4115 Orans
3271 4060 3517 4129 invocat;
3561 4058 3646 4114 sed

2074 4145 2180 4201 hoc
2207 4153 2355 4201 certe
2401 4162 2513 4202 non
2556 4154 2756 4218 potest,
2790 4146 2895 4202 nisi
2941 4146 3094 4218 prius
3141 4148 3345 4205 credat.
3402 4148 3500 4217 Qui
3526 4162 3644 4220 ergo

2073 4232 2330 4290 invocant
2354 4277 2367 4305 ,
2417 4250 2528 4291 non
2574 4235 2739 4291 modo
2768 4236 3038 4307 credunt,
3089 4237 3190 4294 sed
3217 4237 3383 4294 etiam
3410 4243 3570 4303 orant,
3597 4242 3646 4289 ut

2073 4329 2362 4395 postquam
2392 4323 2682 4380 crediderit
2710 4323 2937 4393 alicujus
2968 4325 3200 4393 animus,
3224 4342 3335 4381 non
3380 4326 3579 4382 desinat
3597 4322 3643 4377 id

1995 4394 2049 4455 D
2071 4411 2379 4481 postulare,
2430 4412 2575 4484 quod
2605 4411 2855 4483 promisit
2885 4414 3034 4469 Deus
3062 4420 3172 4470 toto
3201 4414 3365 4471 corde
3393 4411 3643 4486 vigilanti-

2067 4498 2189 4569 bus,
2220 4499 2344 4572 quia
2373 4500 2600 4556 credere
2627 4500 2719 4556 dat
2748 4501 3127 4558 remissionem
3154 4511 3515 4575 peccatorum.
3563 4500 3643 4557 In-
3710 4502 3715 4505 “

2067 4603 2266 4644 vocare
2292 4597 2472 4645 autem
2501 4589 2751 4660 impetrat
2777 4590 3050 4661 promissa
3086 4591 3206 4647 Dei.

2139 4697 2311 4754 Vsus.
2346 4699 2431 4754 14.
2456 4730 2526 4739 -
2554 4699 2826 4768 Quomodo
2852 4717 2981 4772 ergo
3011 4701 3373 4769 invocabant,
3393 4708 3494 4756 etc.
3523 4698 3639 4753 Pro-

2067 4785 2231 4852 bato,
2280 4787 2427 4858 quod
2474 4788 2544 4844 de
2567 4794 2800 4859 utroque
2843 4789 3141 4843 assumitur
3168 4789 3389 4860 populo,
3423 4785 3638 4844 ostendit

2065 4890 2167 4946 per
2195 4875 2356 4946 quid,
2406 4875 2613 4931 scilicet
2660 4892 2759 4947 per
2803 4876 3129 4933 missionem
3158 4877 3400 4950 utrisque
3440 4875 3635 4940 factam,

2067 4978 2227 5035 quam
2258 4962 2349 5036 qui
2375 4980 2482 5019 non
2513 4965 2801 5036 receperit,
2833 4964 3219 5023 inexcusabilis
3241 4975 3342 5023 est.
3384 4962 3636 5023 Invocatio

2067 5051 2255 5121 salvat,
2304 5068 2435 5124 ergo
2477 5061 2686 5123 Oportet
2736 5053 2964 5111 credere
2998 5072 3012 5109 :
3048 5055 3195 5126 quia,
3231 5054 3507 5129 quomodo,
3539 5060 3631 5107 etc.

2065 5141 2179 5196 Aut
2197 5142 2461 5214 quomodo
2478 5142 2726 5212 credent,
2751 5150 2857 5199 etc.
2876 5141 3046 5213 Quasi
3066 5143 3206 5200 dicat
3231 5161 3245 5198 :
3268 5145 3387 5199 Non
3408 5142 3631 5203 credent,

2062 5228 2168 5284 nisi
2197 5229 2431 5284 audiant.
2462 5231 2578 5286 Nec
2606 5231 2753 5288 enim
2780 5231 2912 5295 olim
2941 5232 3139 5305 aliquis
3169 5232 3396 5289 credidit
3425 5231 3510 5304 qui
3539 5242 3635 5284 non

2065 5316 2247 5391 aliquo
2274 5319 2439 5374 modo
2467 5318 2669 5375 audivit
2699 5320 2786 5376 vel
2813 5320 3048 5376 interius
3077 5322 3165 5377 vel
3211 5320 3466 5377 exterius.
3507 5316 3635 5374 Dicit

2065 5414 2245 5462 autem
2274 5407 2421 5479 quod
2450 5408 2675 5464 credere
2706 5424 2773 5463 ex
2797 5410 2980 5464 auditu
3018 5410 3106 5477 sit,
3142 5410 3331 5466 audire
3357 5425 3420 5465 ex
3451 5404 3632 5480 praedi-

2064 5495 2294 5562 catione,
2341 5495 2641 5568 praedicare
2690 5513 2756 5552 ex
2811 5498 3070 5553 missione
3101 5499 3240 5567 Dei;
3273 5498 3343 5553 ita
3394 5505 3452 5551 ut
3478 5503 3630 5550 totum

2064 5584 2361 5642 descendat
2416 5602 2480 5642 ex
2510 5584 2655 5643 fonte
2683 5587 2888 5657 gratiae.
2921 5586 3235 5645 Praedicatio
3296 5594 3470 5644 autem
3510 5595 3629 5639 vere
