3948 6178
206 299 320 352 505

1036 293 1308 351 GLOSSA
1351 293 1759 350 ORDINARIA.
1799 323 1869 335 —
1906 293 2122 350 EPIST.
2165 295 2259 350 AD
2287 293 2457 350 ROM.

3421 303 3530 355 506

211 429 303 477 est
333 437 403 477 ex
433 420 696 477 missione
719 461 734 490 ,
769 419 897 492 quia
944 427 998 474 et
1044 420 1253 491 psendo
1303 420 1441 475 bene
1491 419 1819 488 nuntiantes,
1845 421 1901 482 A
1931 417 2099 487 Quam
2120 419 2282 475 dicat:
2307 419 2584 490 Ampliora
2605 420 2819 476 ostendi
2839 421 3061 477 Iudaeis.
3084 421 3298 477 Etenim
3319 423 3524 479 nullum

209 510 368 565 misit
397 511 548 565 Deus
577 509 671 581 qui
701 509 756 564 in
787 509 988 564 bonum
1019 509 1163 566 malo
1194 508 1343 564 novit
1373 508 1468 564 uti.
1521 507 1830 579 Aliquando

210 597 386 654 etiam
417 599 593 654 malos
623 597 784 652 malis
815 597 974 652 mittit
1004 598 1058 652 in
1105 597 1245 652 iram
1267 638 1281 666 ,
1317 597 1368 652 id
1417 605 1498 652 est
1527 597 1829 668 praedicare

219 687 497 759 permittit
525 687 700 742 malos
730 685 884 741 malis
916 687 985 740 ad
1015 685 1330 741 eorumdem
1368 701 1587 757 poenam
1611 730 1623 752 ,
1657 694 1715 740 ut
1742 686 1828 742 vi-

213 776 412 832 cissim
443 792 546 847 per
574 792 654 845 se,
689 774 830 831 sicut
854 776 1062 845 justum
1086 783 1187 841 est,
1222 783 1470 846 pereant.

291 864 492 937 (Auo.)
519 863 816 936 Apostolus
847 862 990 935 quod
1021 863 1096 918 ait
1129 881 1143 918 :
1179 863 1455 931 Quomodo
1501 862 1734 920 credent
1778 863 1834 919 ei

215 970 390 1025 quem
423 970 543 1011 non
571 953 921 1010 audierunt?
940 953 1021 1008 Ι)ε
1051 951 1306 1025 gentibus
1326 952 1478 1022 dixit,
1504 960 1632 1021 etc.,
1658 967 1832 1024 usque

212 1042 290 1097 ad
317 1041 720 1114 praedicatores
751 1040 952 1098 Christi
980 1056 1103 1097 esse
1135 1040 1445 1096 mittendos.

290 1157 475 1213 Vens.
511 1161 596 1213 15.
621 1187 689 1198 —
720 1157 995 1224 Quomodo
1016 1173 1145 1213 vero
1165 1155 1561 1230 praedicabunt
1581 1156 1698 1211 nisi
1717 1155 1830 1210 mit
1861 1122 1866 1126 '

220 1250 476 1302 tantur?
511 1247 655 1302 Ecce
683 1255 908 1317 apparet
939 1246 1084 1318 quod
1115 1254 1168 1301 et
1199 1246 1268 1300 ad
1299 1255 1492 1318 gentes
1524 1244 1675 1299 missi
1705 1250 1831 1300 sunt

213 1333 638 1406 praedicatores.
671 1335 849 1401 Quam
880 1334 1132 1407 speciosi.
1169 1332 1310 1402 Quia
1336 1333 1596 1389 mundum
1625 1333 1796 1388 illumi
1819 1363 1831 1372 -

214 1431 385 1489 nant,
421 1422 478 1477 in
507 1438 616 1495 quo
645 1431 871 1494 apparet
916 1439 950 1477 a
997 1423 1112 1478 Deo
1157 1423 1387 1490 missos,
1440 1422 1681 1494 alioquin
1727 1423 1831 1478 hoc

213 1527 332 1566 non
364 1518 641 1582 poterant.
675 1514 900 1567 Pacem.
934 1511 1448 1568 Reconciliationem
1480 1511 1622 1566 inter
1649 1526 1829 1582 popu-

212 1598 335 1654 lum
369 1607 424 1654 et
452 1600 712 1671 populum
741 1599 922 1655 diruta
950 1600 1184 1655 maceria
1213 1599 1408 1673 legalis
1436 1599 1572 1654 ritus
1619 1600 1674 1654 in
1719 1600 1816 1654 Ju-

215 1687 384 1756 daeis,
408 1696 464 1743 et
484 1687 805 1744 idololatrize
827 1687 882 1742 in
902 1689 1174 1761 gentibus.
1197 1690 1267 1743 Et
1288 1689 1613 1744 interDeum
1634 1687 1831 1759 impios

1933 508 2012 562 eis
2042 507 2362 564 beneficium
2395 510 2650 579 negavit;
2685 527 2807 563 nam
2839 519 3077 566 mortuos
3106 511 3318 566 illorum
3348 513 3526 570 susci-

1934 596 2080 665 tavit,
2110 596 2355 652 diversas
2388 613 2574 652 eorum
2607 598 2945 654 infirmitates
2965 601 3187 655 curavit.
3224 601 3319 656 Ille
3347 610 3525 657 autem

1933 685 2126 740 dicitur
2151 701 2344 740 manus
2375 687 2681 758 expendere
2706 731 2718 753 ,
2753 687 2842 759 qui
2872 689 3222 759 poscentibus
3265 688 3532 746 beneﬁcia

1932 773 2151 846 largiter
2179 773 2382 829 tribuit.

2581 917 2810 976 CAPUT
2845 919 2942 976 XI.

2004 1059 2174 1114 Vens.
2204 1064 2253 1114 1.
2278 1089 2346 1101 -—-
2375 1062 2506 1117 Dico
2537 1077 2681 1133 ergo.
2709 1060 2848 1131 Quia
2877 1069 2950 1116 tot
2977 1062 3380 1118 auctoritatibus
3405 1079 3529 1120 con-

1932 1146 2123 1204 futavit
2149 1149 2365 1205 Iudaeos
2383 1193 2395 1215 ,
2429 1149 2686 1205 insultare
2716 1157 2941 1222 possent
2967 1150 3200 1224 gentiles
3225 1199 3236 1217 ,
3284 1151 3529 1208 dicentes

1933 1253 2030 1294 eos
2061 1254 2126 1292 ex
2158 1245 2267 1292 toto
2297 1237 2543 1309 repulsos
2575 1256 2716 1296 esse.

1989 1326 2160 1381 Vens.
2180 1330 2618 1384 2.-—Praescivit.
2637 1331 2735 1384 Pro
2751 1328 3178 1400 praedestinavit,
3198 1331 3522 1403 posuitpras-

1931 1415 2105 1472 scivit.
2142 1416 2230 1473 Sic
2260 1417 2404 1472 enim
2426 1418 2586 1473 debet
2609 1418 2802 1489 accipi,
2825 1427 2879 1473 ut
2900 1436 2964 1474 ex
2987 1420 3341 1491 sequentibus
3353 1429 3530 1492 patet;

1930 1504 2053 1559 ideo
2083 1513 2260 1561 autem
2295 1505 2444 1572 dixit,
2481 1506 2752 1577 praescivit
2772 1551 2784 1575 ,
2818 1524 2886 1562 ne
2917 1508 3106 1562 iterum
3135 1509 3305 1564 Judwi
3332 1526 3530 1580 super-

1931 1593 2157 1665 biantzex
2175 1611 2240 1650 eo
2256 1596 2402 1668 quod
2424 1596 2554 1650 dixit
2575 1613 2670 1652 eos
2687 1613 2793 1653 non
2817 1597 3081 1669 repulsos,
3107 1606 3159 1653 et
3173 1599 3387 1669 plebem
3409 1600 3527 1656 Dei.

2003 1684 2194 1755 (Αυο.)
2239 1687 2319 1739 An
2371 1685 2652 1758 quisquam
2703 1687 2884 1742 dicere
2929 1687 3146 1742 audebit
3198 1689 3369 1743 Deum
3422 1705 3530 1745 non

224 1791 334 1847 per
365 1775 530 1832 fidem
573 1773 995 1846 justiﬁcantem,
1047 1786 1099 1832 et
1145 1777 1392 1833 homines
1441 1777 1495 1831 in
1540 1792 1663 1833 eum
1713 1781 1906 1842 cre-B
1935 1772 2241 1843 przesciisse
2272 1774 2466 1844 quibus
2497 1784 2644 1830 esset
2690 1776 2910 1829 daturus
2960 1785 3016 1830 ut
3070 1776 3389 1846 crederent,
3441 1786 3531 1833 aut

219 1863 446 1922 dentes.
472 1867 998 1937 Evangelizantium
1018 1867 1178 1922 bona.
1203 1867 1402 1923 Pacem
1421 1877 1588 1936 Super
1608 1880 1821 1937 pacem,

216 1953 359 2026 quia
390 1961 445 2010 et
479 1969 714 2028 regnum
743 1953 843 2009 Dei
873 1969 976 2025 pax
1009 1965 1110 2009 est.

291 2059 473 2116 Vens.
511 2062 597 2117 16.
619 2090 688 2101 —
704 2061 879 2117 Isaias
901 2063 1055 2116 enim
1075 2061 1235 2129 dicit,
1262 2068 1367 2117 etc.
1394 2060 1660 2116 Prascius
1683 2061 1830 2116 Deus

214 2148 482 2220 praedixit
527 2148 902 2206 infidelitatem
948 2149 1259 2206 Judzeorum
1285 2193 1298 2216 ,
1353 2149 1452 2204 sed
1497 2164 1606 2204 non
1667 2148 1827 2215 fecit;

215 2254 407 2310 neque
437 2239 750 2310 praescisset
777 2239 919 2294 mala
948 2254 1157 2308 eorum,
1189 2239 1295 2294 nisi
1325 2254 1388 2294 ea
1418 2238 1704 2293 haberent.
1739 2237 1830 2294 Sic

218 2327 393 2383 etiam
425 2337 664 2384 exczecat
693 2329 837 2399 quod
868 2335 952 2384 est
979 2328 1286 2384 deserendo
1309 2368 1323 2397 ,
1375 2343 1486 2383 non
1529 2336 1712 2383 autem
1743 2326 1828 2382 fa-

221 2416 428 2472 ciendo
461 2423 513 2471 et
542 2417 645 2473 hoc
673 2416 868 2472 meruit
889 2415 1158 2472 voluntas.
1184 2417 1241 2472 Si
1261 2416 1457 2472 dicitur
1472 2432 1579 2471 non
1601 2423 1830 2487 possunt

217 2503 402 2560 Judaei
433 2504 662 2561 credere
684 2505 808 2577 quia
827 2505 993 2561 Isaias
1011 2505 1280 2576 praedixit,
1305 2505 1428 2561 dico
1447 2521 1558 2560 non
1579 2512 1824 2575 possunt,

221 2593 356 2665 quia
385 2591 598 2649 nolunt.
622 2592 780 2661 Quod
807 2595 956 2650 Deus
981 2593 1270 2665 praescivit,
1295 2593 1578 2665 praedixit;
1603 2592 1699 2648 sed
1720 2609 1828 2648 non

218 2680 375 2738 fecit.
421 2682 546 2736 Non
574 2691 836 2753 possunt,
887 2683 1017 2737 dum
1065 2683 1320 2754 superbi,
1367 2683 1497 2737 dum
1544 2681 1720 2747 tales,
1772 2690 1830 2736 ut

217 2769 438 2826 scilicet
468 2771 651 2826 omnia
679 2770 794 2826 suis
824 2771 1032 2826 viribus
1061 2771 1437 2837 attribuerent,
1471 2779 1524 2827 et
1563 2779 1830 2842 negarent

219 2859 331 2914 sibi
392 2859 763 2914 necessarium
818 2875 942 2916 esse
1001 2859 1244 2916 divinum
1301 2859 1559 2915 auxilium
1591 2858 1657 2913 ad
1690 2858 1828 2914 bene

217 2947 589 3018 operandum.

289 3061 469 3117 Vens.
508 3063 595 3118 17.
624 3093 692 3103 —
715 3062 876 3120 Fides
895 3079 988 3128 ex,
1014 3071 1117 3119 etc.
1141 3063 1257 3119 Etsi
1277 3063 1424 3118 Deus
1441 3062 1586 3117 intus
1605 3062 1819 3131 doceat,

221 3160 407 3206 tamen
427 3166 610 3222 praeco
640 3151 878 3208 exterius
904 3152 1204 3208 annuntiat.
1237 3155 1346 3208 Per
1368 3151 1615 3207 verbum.
1649 3151 1708 3205 Id
1739 3159 1824 3206 est
1855 3149 1904 3212 Ο

219 3255 323 3310 ρει·
355 3239 589 3312 gratiam
622 3239 820 3296 Christi
848 3241 1104 3297 doctores
1135 3240 1288 3296 verbi
1325 3239 1626 3313 evangelici
1666 3239 1824 3294 nobis

221 3327 508 3382 mittentis.
551 3327 668 3384 Nisi
699 3329 843 3384 enim
874 3329 1084 3386 dicatur
1115 3328 1320 3401 aliquid
1346 3371 1360 3395 ,
1392 3343 1495 3385 nec
1523 3327 1700 3384 audiri
1728 3343 1826 3399 po-

222 3423 332 3471 test
361 3431 467 3472 nec
487 3415 660 3472 credi.

296 3530 469 3586 Vens.
490 3533 578 3584 18.
601 3561 670 3573 --
691 3532 762 3586 Et
782 3533 1026 3604 quidem.
1052 3533 1150 3588 Vel
1172 3531 1442 3604 equidem,
1475 3529 1526 3585 id
1552 3539 1633 3586 est
1654 3535 1821 3592 certe,

219 3625 274 3675 et
294 3619 369 3674 ita
390 3619 813 3686 inexcusabiles,
838 3620 977 3676 sicut
1014 3621 1069 3676 in
1117 3621 1344 3676 Psalmis
1379 3619 1614 3676 ostendit
1653 3617 1827 3674 David

223 3707 446 3763 dicens:
463 3709 528 3764 In
545 3724 768 3765 omnem
787 3713 1003 3765 terram
1023 3710 1204 3765 exi-vit
1224 3727 1394 3766 sonus
1407 3725 1620 3765 eorum.
1637 3707 1801 3778 (Ana.
1814 3751 1828 3774 ,

227 3797 396 3868 epist.
428 3799 515 3861 80,
540 3814 661 3870 qua:
681 3801 766 3854 est
786 3797 858 3852 ad
873 3798 1126 3870 Hesych).
1151 3800 1271 3853 Non
1293 3799 1396 3853 hoc
1419 3806 1662 3868 tempore
1677 3797 1827 3860 Apo-

227 3885 351 3940 stoli
379 3884 661 3957 impletum
693 3893 793 3951 est,
821 3893 947 3952 etc.,
971 3903 1145 3959 usque
1167 3888 1238 3942 ad
1261 3887 1338 3941 sic
1368 3895 1421 3941 et
1450 3885 1582 3940 illud
1606 3902 1618 3937 :
1648 3886 1829 3939 Testes

225 3975 369 4029 mihi
400 3977 563 4030 eritis
593 3991 767 4048 usque
799 3977 870 4032 ad
902 3977 1175 4032 ultimum
1208 3981 1375 4032 terrre
1406 3977 1553 4046 (Act.
1586 3974 1648 4044 ι).

297 4087 467 4143 Vens.
503 4092 590 4145 19.
618 4090 808 4147 —Sed
838 4091 958 4146 dico
999 4110 1017 4145 :
1058 4092 1323 4163 Nunquid
1358 4090 1552 4145 Israel.
1577 4085 1832 4142 Probavit

229 4189 417 4231 omnes
446 4177 704 4247 audiisse,
739 4186 791 4233 et
810 4178 884 4233 ita
903 4179 1122 4234 Iudaeos
1144 4180 1405 4233 audiisse.
1433 4178 1540 4234 Sed
1563 4177 1685 4248 quia
1706 4190 1832 4246 pos-

233 4272 349 4320 sent
371 4273 423 4320 et
443 4266 660 4321 audisse
682 4274 734 4321 et
753 4283 860 4322 non
883 4267 1233 4340 cognovisse,
1261 4266 1496 4321 afﬁrmat
1537 4282 1631 4321 eos
1673 4263 1834 4318 etiam

233 4354 578 4425 cognovisse.
616 4356 896 4426 Cognovit.
936 4355 1104 4410 Israel
1141 4356 1338 4411 dicitur
1373 4354 1699 4428 cognovisse
1729 4352 1833 4406 do-

229 4441 455 4496 ctrinam
483 4443 768 4516 Evangelii
791 4451 843 4500 et
874 4445 1162 4500 adventum
1196 4444 1414 4509 Christi,
1449 4444 1576 4514 quia
1604 4447 1815 4498 contra-

1933 1877 2068 1932 quos
2099 1862 2315 1916 daturus
2347 1872 2491 1918 esset
2525 1864 2656 1918 Filio
2686 1880 2784 1918 suo
2811 1908 2822 1929 ,
2855 1872 2911 1918 ut
2942 1882 3008 1919 ex
3054 1865 3132 1919 eis
3181 1881 3288 1920 non
3326 1867 3530 1936 perde-

1932 1957 2011 2003 ret
2061 1951 2431 2022 quemquam?
2480 1951 2613 2019 Quae
2655 1952 2838 2024 utique
2867 1953 2912 2006 si
2942 1953 3207 2023 praescivit
3233 1995 3246 2021 ,
3293 1954 3532 2024 profecto

1934 2037 2193 2094 beneﬁcia
2226 2056 2338 2106 sua,
2371 2040 2565 2112 quibus
2599 2057 2698 2096 nos
2723 2040 2975 2112 dignatur
3002 2042 3264 2108 liberare,
3315 2045 3533 2113 praesci-

1930 2126 2024 2182 vit.
2076 2129 2203 2182 Haec
2233 2129 2636 2199 prmdestinatio
2692 2138 2995 2185 sanctorum
3052 2131 3185 2187 nihil
3240 2133 3384 2187 aliud
3446 2141 3533 2188 est

1931 2231 2088 2287 quam
2120 2217 2491 2286 prmscientia,
2540 2218 2743 2274 scilicet
2793 2227 2842 2273 et
2889 2221 3194 2289 preparatio
3241 2220 3534 2277 beneﬁcio-

1931 2320 2048 2357 rum
2079 2304 2216 2371 Dei,
2264 2306 2460 2377 quibus
2513 2306 2820 2362 certissime
2877 2307 3168 2364 liberantur
3223 2310 3530 2383 quicunque

1931 2391 2242 2448 liberantur.

2001 2483 2087 2536 An
2119 2483 2373 2538 nescitis.
2399 2482 2565 2552 Quasi
2595 2483 2733 2538 dicat
2758 2501 2770 2537 :
2795 2484 2868 2538 ita
2896 2483 3154 2556 reliquias
3184 2486 3237 2540 in
3271 2488 3373 2542 hoc
3395 2496 3531 2542 tem-

1929 2586 2060 2641 pore
2087 2586 2192 2625 non
2225 2571 2420 2642 repulit
2449 2571 2745 2635 Dominus,
2782 2573 2879 2627 sed
2913 2574 3175 2641 salvavit;
3208 2575 3346 2629 sicut
3394 2585 3528 2630 tem-

1928 2674 2062 2728 pore
2092 2659 2224 2714 Elian
2254 2660 2449 2715 multos
2477 2660 2578 2714 sibi
2629 2660 2923 2716 reservavit
2955 2705 2967 2727 ,
3018 2678 3140 2717 cum
3190 2663 3334 2718 Elias
3385 2664 3532 2718 solus

1929 2745 2034 2800 sibi
2079 2747 2370 2813 videretur,
2421 2749 2512 2820 qui
2561 2749 2606 2802 si
2650 2749 2917 2821 ignoravit
2962 2759 3014 2805 et
3061 2752 3196 2806 alios
3238 2761 3436 2824 praeter
3466 2769 3527 2809 se

1928 2844 2262 2902 reservatos,
2295 2853 2402 2891 non
2430 2837 2626 2891 mirum
2661 2839 2706 2892 si
2741 2837 2826 2892 isti
2863 2838 3129 2909 ignorent.

1999 2924 2168 2979 Vens.
2201 2926 2253 2981 4.
2285 2956 2354 2966 -
2391 2927 2612 2998 Septem
2642 2928 2850 2982 millia.
2882 2928 2983 2983 Per
3014 2929 3378 2999 septenarium
3399 2930 3516 2985 uni-

1927 3012 2178 3080 versitas,
2212 3030 2311 3086 per
2337 3015 2694 3070 millenarium
2722 3015 2980 3086 perfectio
3016 3017 3350 3091 designatur.

1998 3101 2169 3158 Vens.
2203 3105 2254 3157 5.
2289 3134 2358 3144 —
2384 3104 2474 3160 Sic
2514 3122 2656 3176 ergo.
2710 3104 2877 3173 Quasi
2926 3105 3068 3160 dicat
3114 3124 3127 3159 :
3178 3107 3328 3163 Tunc
3371 3117 3529 3162 erant

1927 3191 2077 3245 multi
2105 3192 2204 3246 etsi
2233 3193 2465 3247 nesciret
2495 3193 2663 3248 Elias.
2694 3195 2840 3266 Ergo
2862 3195 2960 3260 sic,
2987 3194 3041 3249 id
3063 3203 3144 3250 est
3175 3195 3242 3250 ita
3263 3196 3522 3264 latenter;

1921 3279 2007 3335 vel
2039 3279 2136 3346 sic,
2169 3280 2224 3335 id
2255 3289 2339 3336 est
2370 3297 2468 3352 per
2497 3282 2742 3337 eamdem
2774 3283 3021 3354 gratiam.

1995 3369 2166 3423 Vens.
2200 3371 2252 3422 6.
2285 3400 2353 3409 —
2383 3370 2645 3442 Alioquin
2676 3372 2866 3442 gratia
2878 3374 3004 3444 jam
3045 3389 3159 3429 non
3200 3378 3287 3430 est
3316 3374 3525 3446 gratia.

1926 3455 2039 3511 Hoc
2068 3465 2185 3525 est,
2220 3457 2266 3511 si
2295 3457 2448 3512 aliter
2471 3457 2602 3513 salvi
2635 3457 2758 3513 facti
2804 3467 2927 3513 sunt
2975 3461 3143 3531 (quod
3191 3478 3300 3517 non
3349 3470 3528 3532 potest

1925 3543 2040 3599 fieri
2071 3544 2174 3611 nisi
2206 3545 2377 3618 gratia
2408 3547 2547 3616 Dei),
2580 3563 2714 3620 ergo
2758 3547 2874 3618 ipsa
2906 3548 3078 3618 gratia
3102 3550 3215 3618 jam
3268 3567 3377 3606 non
3431 3550 3531 3606 erit

1927 3633 2117 3704 gratia,
2149 3634 2246 3689 sed
2275 3634 2534 3689 debitum.

2004 3748 2167 3802 Vens.
2204 3750 2255 3802 7.
2276 3777 2344 3788 —-
2367 3747 2507 3816 Quid
2536 3753 2700 3819 ergo?
2720 3750 2914 3804 Audito
2931 3751 3074 3821 quod
3096 3750 3339 3822 reliquiae
3358 3753 3526 3809 salvae

1928 3835 2082 3892 factas
2115 3844 2236 3890 sunt
2266 3836 2472 3907 gratia,
2509 3845 2561 3891 et
2607 3853 2714 3892 non
2764 3855 2830 3892 ex
2875 3838 3166 3908 operibus,
3216 3841 3344 3911 quid
3391 3857 3525 3914 ergo

1930 3923 2221 3979 dicendum
2253 3926 2374 3980 est?
2400 3927 2610 3981 Electio
2642 3931 2835 3982 autem
2868 3932 3170 3984 consecuta
3191 3934 3295 3984 est.
3318 3930 3526 3986 Electio

1931 4013 2118 4084 gratiae
2148 4023 2247 4079 est,
2281 4029 2388 4070 non
2416 4014 2752 4069 meritorum.
2805 4017 3108 4072 Excaecatio
3137 4033 3268 4073 vero
3298 4019 3527 4075 merito—

1932 4117 2049 4155 rum
2081 4110 2182 4157 est.
2217 4103 2483 4157 Excaeeati
2512 4103 2656 4158 enim
2686 4114 2846 4173 sunt,
2892 4104 3015 4176 quia
3065 4107 3293 4162 credere
3342 4108 3528 4164 nolue-

1934 4199 2084 4254 runt,
2118 4190 2250 4246 sicut
2282 4191 2355 4244 illi
2386 4191 2510 4263 quia
2540 4192 2862 4257 voluerunt,
2897 4194 3259 4250 crediderunt.
3310 4197 3528 4252 Miseri-

1935 4279 2116 4334 cordia
2147 4279 2311 4349 igitur
2340 4287 2391 4334 et
2413 4280 2673 4348 judicium
2721 4281 2774 4334 in
2819 4282 2952 4352 ipsis
2995 4283 3356 4340 voluntatibus
3387 4285 3531 4342 facta

1936 4375 2060 4422 sunt
2108 4384 2138 4421 a
2186 4369 2338 4432 Deo,
2388 4369 2493 4422 illis
2542 4370 2628 4424 vel
2675 4387 2772 4440 per
2817 4371 3247 4426 misericordiam
3302 4374 3530 4445 gratiam

1937 4465 2242 4526 apponente
2266 4501 2278 4522 ,
2314 4457 2462 4527 ipsos
2491 4474 2621 4513 vero
2653 4475 2752 4529 per
2778 4459 3044 4528 judicium
3094 4462 3350 4517 excaacari
3400 4479 3529 4534 per-

641 4509 670 4516 -
1467 4509 1482 4514 -
2133 4509 2140 4510 κ
2335 4509 2458 4527 την
2653 4509 2741 4529 ιη-
2778 4509 3044 4528 σ-μ-ν---ν-
3099 4509 3350 4517 ---~—~—--
3441 4509 3486 4519 ν-

227 4528 408 4585 dicel‘e
437 4547 547 4586 non
577 4532 751 4602 POtuit
794 4533 1001 4588 ratione
1032 4533 1120 4588 V81
1152 4533 1509 4597 auctoritate;
1569 4532 1666 4586 Sed
1719 4509 1902 4585 “03D
1939 4545 2199 4599 mittente.
2241 4544 2558 4618 Quicunque
2596 4547 2741 4601 enim
2779 4563 2901 4603 cum
2930 4548 3279 4604 intellexisset
3305 4509 3530 4608 credere

226 4633 350 4674 vere
378 4621 671 4691 cognovit,
724 4629 780 4675 ut
826 4623 992 4677 menti
1040 4638 1229 4678 eorum
1279 4622 1420 4677 bene
1468 4621 1705 4675 sederet.
1743 4619 1824 4673 Ad

226 4701 668 4764 mulationem.
691 4709 899 4766 Invidia
917 4711 1118 4766 Iudaeis
1140 4718 1241 4776 est,
1267 4711 1392 4765 dum
1416 4717 1609 4783 gentes
1631 4724 1820 4763 eorum

225 4793 395 4850 Deum
426 4813 586 4852 suum
616 4798 820 4864 dicunt,
856 4806 910 4854 et
939 4799 1329 4870 promissiones
1350 4808 1402 4854 et
1433 4800 1614 4872 legem
1634 4813 1820 4853 eorum

226 4891 275 4937 et
285 4885 581 4956 prophetas
597 4887 666 4941 ad
689 4903 748 4941 se
759 4888 1052 4958 pertinere.
1086 4890 1151 4944 In
1172 4905 1286 4945 non
1306 4893 1550 4960 gentem.
1577 4887 1822 4942 Gentiles

225 4986 329 5026 non
360 4973 515 5044 prius
545 4975 868 5031 dicebantur
899 4993 1037 5047 gens
1087 4985 1272 5032 sancta
1296 5019 1309 5046 ,
1358 4977 1486 5048 quia
1533 4977 1649 5031 sine
1697 4976 1821 5050 lege

226 5069 371 5116 erant
392 5081 407 5128 ;
431 5062 519 5118 vel
540 5064 705 5119 modo
726 5081 834 5120 non
855 5082 1012 5137 gens,
1039 5066 1166 5136 quia
1183 5082 1291 5122 non
1310 5066 1584 5139 gentiliter
1614 5065 1816 5121 vivunt.

225 5147 520 5220 Ingentem
539 5153 928 5225 insipientem.
954 5155 1014 5208 In
1041 5153 1096 5208 id
1119 5161 1219 5219 est,
1246 5162 1431 5211 contra
1458 5162 1676 5226 gentem
1698 5153 1822 5209 insi-

225 5235 475 5306 pientem,
501 5240 554 5295 id
578 5248 662 5296 est
683 5250 872 5297 contra
903 5243 1136 5315 gentiles
1167 5244 1257 5314 qui
1288 5245 1460 5298 Deum
1492 5259 1682 5299 verum
1714 5259 1822 5299 non

227 5337 503 5383 noverant.

301 5423 466 5481 Vens.
497 5429 588 5482 21.
615 5457 685 5466 —
707 5429 838 5483 Tota
874 5429 983 5484 die.
1016 5429 1151 5484 Toto
1181 5437 1422 5500 tempore
1455 5446 1562 5500 quo
1593 5446 1714 5485 cum
1745 5430 1824 5484 eis

229 5524 589 5571 commoratus
637 5532 756 5571 sum
781 5557 794 5584 ,
832 5525 884 5571 et
914 5517 1174 5572 mundum
1213 5519 1543 5584 illuminari,
1578 5534 1743 5589 Opera
1773 5527 1825 5573 et

231 5604 447 5661 allectus
469 5604 652 5675 ample
679 5605 892 5660 ostendi
911 5606 1116 5660 Iudaeis
1133 5625 1146 5674 ;
1162 5607 1247 5663 vel
1262 5607 1314 5661 in
1331 5617 1487 5678 parte
1509 5607 1616 5662 diei
1639 5607 1822 5677 totius,

233 5693 283 5746 in
309 5709 473 5749 cruce
510 5694 745 5766 expandi
780 5710 972 5750 manus
991 5711 1158 5764 meas,
1183 5704 1287 5753 etc.
1313 5699 1576 5770 Expandi
1597 5715 1824 5765 manus,

1924 4633 2125 4699 noluit,
2162 4634 2214 4687 id
2244 4635 2406 4689 debet
2438 4635 2699 4707 consequi
2727 4637 2870 4707 quod
2906 4636 3054 4703 vult,
3097 4637 3306 4694 scilicet
3351 4657 3420 4696 ne
3467 4641 3534 4697 de

1922 4727 2119 4773 caetero
2150 4717 2321 4788 possit
2352 4720 2597 4773 credere.
2650 4721 2706 4772 In
2755 4720 3026 4775 voluntate
3075 4737 3206 4793 ergo
3238 4739 3336 4778 sua
3365 4725 3531 4794 adjuti

1923 4815 2067 4864 sunt.
2099 4822 2210 4862 non
2245 4807 2489 4861 immissa
2519 4807 2718 4861 malitia
2746 4851 2758 4869 ,
2796 4809 2892 4863 sed
2925 4809 3201 4866 deferente
3229 4813 3402 4883 gratia
3429 4833 3443 4880 ;
3475 4822 3531 4870 ut

1922 4895 2055 4966 quia
2087 4896 2320 4951 scientes
2355 4913 2540 4950 verum
2566 4940 2577 4961 ,
2615 4897 2869 4952 dicebant
2901 4915 3024 4952 esse
3056 4897 3247 4954 falsum
3274 4943 3287 4965 ,
3325 4902 3393 4956 de
3423 4919 3533 4958 ca:-

1920 4977 2040 5039 tero
2071 5001 2178 5038 non
2213 4983 2582 5055 intelligerent
2618 4986 2761 5057 quod
2794 5003 2983 5041 verum
3017 4996 3116 5043 est.
3155 4990 3267 5044 Hoc
3297 5000 3536 5048 meretur

1922 5073 2126 5129 invidia
2157 5073 2315 5128 mala:
2344 5073 2654 5141 voluntatis,
2677 5092 2785 5129 non
2817 5074 2885 5128 ita
2917 5084 2997 5131 est
3030 5076 3098 5131 de
3130 5077 3214 5131 his
3237 5079 3327 5150 qui
3351 5096 3533 5138 errore

1923 5162 2027 5218 hoc
2056 5170 2240 5234 agunt.

1997 5251 2166 5305 Vens.
2202 5255 2252 5304 8.
2287 5281 2353 5290 —
2401 5253 2560 5307 Dedit
2599 5253 2717 5308 illis
2757 5255 3023 5326 spiritum
3057 5258 3526 5329 compunctionis.

1926 5339 2118 5394 Malam
2151 5340 2621 5410 compunctionem
2655 5342 2758 5397 hoc
2792 5342 3007 5413 signat,
3044 5343 3168 5415 quia
3197 5362 3344 5416 saepe
3374 5347 3430 5401 tit
3477 5356 3535 5403 ut

1927 5428 2091 5483 etiam
2142 5429 2340 5482 bonum
2387 5429 2453 5483 sit
2497 5430 2701 5484 homini
2757 5432 3079 5498 molestum,
3133 5443 3187 5488 ut
3243 5436 3530 5492 Pharisaeis

1929 5517 2175 5573 doctrina
2205 5517 2402 5571 Christi
2428 5538 2441 5585 ;
2467 5528 2517 5573 et
2548 5519 2626 5574 sic
2659 5520 2902 5589 spiritum
2950 5523 3383 5593 compunctionis
3431 5540 3526 5595 ap-

1929 5606 2098 5676 pellat
2127 5615 2363 5661 mentem
2396 5607 2760 5674 invidentem,
2797 5627 2897 5681 qua
2931 5610 3232 5665 inviderunt
3271 5611 3527 5667 doctrinae

1932 5695 2150 5750 Christi.
