3948 6178
384 276 490 329 507

880 272 1287 329 WALAF'RIDI
1326 271 1569 328 STRABI
1607 270 1806 326 FULD.
1847 267 2021 325 MON.
2062 266 2217 324 OPP.
2256 266 2435 323 PARS
2474 268 2516 321 Ι.
2557 296 2625 308 —-
2664 264 3138 323 THEOLOGICA.

3574 268 3680 321 508

473 401 646 473 Usque
672 400 737 455 in
766 399 1101 456 hodiernum
1130 397 1297 453 diem.
1321 396 1380 450 Id
1401 403 1503 462 est,
1528 395 1767 467 quandiu
1788 394 1989 467 poterit
2008 392 2065 454 A
2091 391 2205 463 ptio
2234 408 2425 448 eorum
2455 392 2558 447 erit
2590 391 2820 447 multum
2851 391 3032 458 utilis;
3057 405 3219 462 quam
3249 406 3320 447 ne
3338 389 3537 447 dicatis
3554 406 3696 464 gen-

396 487 506 544 dici
532 488 831 543 hodiernus
860 487 999 555 dies,
1022 486 1078 541 id
1100 495 1181 541 est
1200 501 1375 557 usque
1395 484 1451 538 in
1468 493 1798 555 praesentem
1821 485 1986 558 diem,

399 576 642 632 omnium
670 578 741 631 ad
770 591 908 647 quos
937 576 1042 630 hoc
1070 574 1333 644 scripturn
1363 572 1665 644 perveniet.

472 697 642 751 Vens.
675 699 727 751 9.
761 726 830 737 —
857 696 1063 751 Mensa.
1092 694 1152 748 Id
1184 700 1267 748 est
1296 692 1575 764 Scriptura
1625 709 1639 749 :

401 791 483 841 est
513 800 633 856 quae
662 783 795 855 ipsis
823 782 1001 853 primo
1021 782 1197 837 oblata
1218 788 1319 847 est,
1344 789 1396 837 et
1424 798 1613 839 coram
1634 783 1770 855 ipsis
1790 783 1986 856 posita,

399 872 523 945 quia
552 873 608 927 in
638 872 753 941 ejus
784 871 1091 927 carnalibus
1122 870 1597 927 observationibus
1618 871 1986 943 delectantur;

396 961 514 1028 vel,
548 977 737 1017 coram
766 961 881 1029 eis,
917 960 1039 1032 quia
1072 960 1117 1014 si
1148 959 1413 1015 rationem
1443 960 1646 1015 vellent
1675 961 1979 1028 attendere,

396 1058 621 1121 possent
648 1049 977 1123 intelligere.
1010 1051 1076 1103 In
1109 1050 1371 1122 laqueum
1395 1091 1408 1117 ,
1442 1057 1547 1104 etc.
1597 1049 1747 1105 Sicut
1778 1050 1989 1120 seipsos

395 1147 608 1194 acetum
634 1139 767 1192 mihi
796 1139 1145 1206 obtulerunt,
1181 1138 1261 1193 sic
1288 1136 1378 1192 ﬁat
1424 1137 1557 1208 ipsis
1604 1137 1859 1208 iniquitas
1905 1139 1989 1192 la-

395 1243 587 1299 queus,
622 1227 746 1299 quia
775 1227 1107 1299 iniquitatem
1139 1235 1443 1292 noverunt,
1478 1235 1529 1281 et
1560 1226 1614 1280 in
1644 1243 1706 1279 ea
1736 1227 1990 1297 perstite-

396 1325 542 1370 runt.
575 1317 641 1371 In
671 1318 953 1389 laqueum,
987 1323 1090 1371 etc.
1118 1315 1396 1386 Scriptura
1418 1331 1541 1386 quae
1560 1315 1989 1388 intelligentibus

1689 711 1903 774 eorum,
1935 696 1990 751 id

396 1412 479 1460 est
507 1404 690 1475 panis,
725 1404 979 1475 illaqueat
1007 1405 1135 1458 dum
1180 1404 1324 1458 male
1365 1402 1683 1476 intelligitur
1711 1411 1761 1458 et
1790 1420 1892 1475 pro
1922 1420 1989 1459 ea

392 1493 707 1564 praedicatio
756 1492 955 1547 Christi
1002 1492 1295 1563 respuitur.
1354 1492 1486 1546 Item
1534 1491 1809 1562 Scriptura
1848 1493 1989 1565 legis

394 1581 492 1637 fuit
521 1596 687 1638 causa
704 1581 1047 1652 captivitatis,
1083 1582 1215 1636 dum
1242 1580 1359 1636 zelo
1387 1581 1507 1650 ejus
1537 1581 1812 1635 Christum
1843 1582 1989 1637 occi-

393 1670 609 1741 derunt,
643 1679 696 1726 et
725 1671 779 1725 in
809 1670 900 1725 illa
930 1670 1246 1741 captivitate
1280 1668 1378 1724 fuit
1407 1685 1571 1725 causa
1619 1669 1699 1724 eis
1747 1671 1987 1725 scandali

2090 482 2214 536 tiles
2243 498 2354 538 non
2382 498 2546 553 posse
2577 480 2715 549 ﬁeri,
2751 480 2908 551 quasi
2932 488 3104 535 totum
3134 496 3312 552 genus
3345 479 3414 534 sit
3443 480 3699 551 repudia-

2090 579 2203 625 tum
2227 612 2243 639 ,
2276 570 2400 626 dico
2431 570 2577 641 quod
2607 571 2652 624 si
2684 569 2941 625 delibatio
2966 611 2979 636 ,
3030 569 3087 624 id
3131 576 3217 624 est
3260 569 3422 640 pauci
3468 569 3539 624 de
3583 568 3697 624 illis

2090 659 2375 729 assumpti,
2410 666 2467 714 ut
2497 658 2728 729 apostoli
2757 666 2809 713 et
2839 657 2929 712 alii
2957 656 3213 727 discipuli
3242 664 3369 711 sunt
3398 657 3593 713 sancti.
3623 659 3700 713 Et

2089 764 2297 803 massa.
2333 748 2391 801 Id
2423 754 2525 815 est,
2558 763 2734 820 genus
2762 754 2942 817 potest
2964 743 3313 802 sanctiﬁcari.
3336 748 3407 801 Et
3425 745 3694 801 siradix.

2087 834 2146 888 Id
2178 843 2261 889 est
2284 835 2633 905 patriarchae,
2660 850 2693 890 a
2723 835 2920 906 quibus
2949 834 3279 891 contrahunt
3308 833 3485 890 sancti
3499 836 3698 889 humo.

2090 940 2209 977 rem
2230 922 2378 978 ﬁdei.
2404 927 2472 979 Et
2494 922 2785 991 rami,Qui
2803 924 2873 979 de
2889 940 3080 979 eorum
3099 939 3306 995 genere
3327 930 3700 978 excreverth

2089 1012 2143 1065 in
2174 1028 2361 1066 eorum
2401 1012 2507 1068 ﬁde
2538 1012 2768 1068 fundati.

2161 1119 2328 1173 Vens.
2359 1122 2443 1175 17.
2468 1150 2538 1159 —
2560 1120 2699 1175 Cum
2744 1120 2986 1176 oleaster
3033 1136 3217 1189 esses,
3271 1121 3548 1185 insertus,
3580 1125 3693 1173 etc.

2090 1208 2390 1277 (ANsnLnJ
2417 1208 2708 1263 Videamus
2729 1208 3191 1279 quemadmodum
3211 1216 3265 1263 et
3283 1207 3401 1278 ipse
3424 1208 3699 1262 Dominus

2089 1297 2415 1367 praenuntiet
2443 1297 2801 1352 insertionem
2828 1297 3051 1352 oleastri
3080 1306 3133 1353 et
3161 1296 3488 1353 fractionem
3517 1311 3703 1351 ramo-

2089 1401 2230 1451 rum,
2248 1393 2353 1440 etc.
2364 1428 2377 1451 ,
2393 1402 2565 1458 usque
2578 1387 2648 1441 ad
2662 1387 2805 1457 quod
2819 1385 3083 1441 Dominus
3092 1385 3345 1456 praedixit
3356 1383 3696 1440 faciendum.

2160 1475 2369 1530 Sec-ius.
2404 1475 2461 1527 In
2493 1490 2590 1545 spe
2620 1474 3002 1545 promissionis
3034 1492 3047 1529 :
3079 1475 3186 1531 hoc
3214 1481 3403 1530 contra
3451 1489 3694 1529 morem.

2089 1562 2234 1617 Bona
2265 1562 2411 1617 enim
2438 1564 2602 1619 arbor
2630 1564 2686 1617 in
2712 1580 2823 1619 non
2853 1564 3054 1619 bonam
3082 1562 3251 1618 inseri
3280 1562 3440 1633 solet,
3463 1562 3556 1619 hic
3581 1578 3700 1618 non

2090 1651 2231 1706 bona
2258 1652 2314 1706 in
2344 1651 2565 1707 bonam.

394 1768 448 1814 et
477 1760 777 1830 opprobrii,
810 1767 862 1814 et
890 1768 1014 1830 post
1043 1759 1145 1813 erit
1173 1774 1335 1814 causa
1363 1767 1583 1814 aeternae
1602 1759 1980 1829 damnationis,
2012 1753 2066 1814 Β
2161 1757 2331 1811 Vens.
2349 1759 2901 1830 l8.-—Noligloriari,
2918 1758 3337 1829 etc.(AnsnLn.)
3354 1757 3564 1813 Gentes
3572 1760 3699 1828 jam

395 1865 518 1922 quae
546 1848 853 1919 specialiter
880 1848 1162 1903 retributio
1192 1848 1289 1902 Dei
1319 1847 1536 1903 dicitur.

464 1958 634 2013 Vens.
672 1962 757 2012 10.
789 1990 858 1999 -
891 1959 1271 2015 Obscurentur
1302 1960 1469 2015 oculi.
1503 1957 1640 2027 Quia
1672 1958 1789 2013 sine
1819 1973 1989 2014 causa

392 2062 503 2101 non
530 2046 802 2115 viderunt,
827 2045 917 2101 ﬁat
946 2048 1024 2101 eis
1046 2063 1153 2101 non
1177 2048 1383 2103 videre.
1413 2048 1795 2104 Obscurentur
1811 2048 1981 2103 oculi.

393 2135 521 2190 Hac
550 2136 716 2191 verba
747 2152 855 2192 non
885 2137 1116 2208 optantis
1146 2144 1292 2204 voto,
1318 2138 1415 2192 sed
1435 2136 1783 2207 przedicentis
1804 2135 1986 2191 ofﬁcio

394 2224 673 2281 dicuntur.

466 2326 636 2383 Vens.
655 2330 739 2382 11.
772 2358 841 2368 —-
872 2328 1001 2383 Dico
1032 2344 1175 2400 ergo,
1201 2328 1481 2401 Nunquid.
1516 2325 1653 2396 Quia
1673 2327 1797 2383 dico
1818 2342 1985 2383 excae-

390 2424 542 2471 catos
570 2417 891 2472 auctoritate
921 2417 1335 2487 prOphetarum,
1368 2417 1566 2487 putatis
1596 2417 1741 2487 quod
1772 2415 1985 2472 irrecu-

387 2504 702 2575 perabiliter
740 2513 792 2559 et
822 2505 939 2560 sine
972 2505 1195 2560 utilitate
1225 2505 1587 2561 ceciderunt?
1616 2504 1770 2576 quasi
1816 2504 1981 2575 dicat,

387 2609 517 2648 non.
551 2593 659 2648 Sed
687 2611 845 2649 casus
876 2611 1064 2650 eorum
1094 2595 1359 2665 prodest,
1393 2603 1444 2649 et
1475 2601 1705 2665 possunt
1751 2593 1979 2661 restitui,

390 2697 459 2736 ne
488 2682 611 2755 quis
642 2698 739 2737 eos
770 2683 1054 2754 despiciat.

460 2770 723 2844 Nunquid
742 2773 821 2828 sic
837 2772 1214 2843 offenderunt,
1239 2775 1303 2826 ut
1322 2772 1590 2826 caderent
1612 2775 1634 2826 :7
1653 2771 1844 2841 (Auc.)
1866 2771 1983 2827 Hoc

386 2874 497 2915 non
526 2859 650 2915 ideo
678 2860 809 2916 dicit
838 2861 965 2933 quia
995 2876 1105 2915 non
1133 2859 1481 2927 ceciderunt,
1518 2867 1643 2929 etc.,
1691 2876 1863 2932 usque
1911 2860 1982 2916 ad

386 2948 486 3003 sed
516 2948 695 3022 magis
723 2958 954 3005 caveant
985 2965 1053 3003 ne
1083 2948 1215 3003 dum
1243 2948 1582 3018 superbiant,
1618 2948 1834 3003 cadant.

458 3038 643 3094 Salus.
679 3038 820 3093 Dum
852 3037 1010 3093 divisi
1057 3054 1158 3108 per
1205 3037 1466 3091 mundum
1510 3036 1565 3090 in
1611 3036 1980 3092 testimonium

2088 1846 2144 1900 in
2173 1846 2448 1901 Christum
2478 1847 2768 1902 credentes
2799 1847 3084 1919 erigebant
3113 1863 3174 1900 se
3203 1855 3397 1902 contra
3442 1846 3694 1918 Judzeos,

2089 1934 2215 2006 quia
2246 1933 2624 1990 cruciﬁxerant
2654 1936 2949 2001 Christum,
2982 1951 3107 1991 cum
3138 1942 3192 1989 et
3222 1936 3290 1990 de
3320 1935 3456 2006 ipsis
3476 1936 3698 1991 veniret

2088 2022 2226 2077 alius
2254 2023 2435 2093 paries
2463 2024 2535 2079 ad
2562 2024 2882 2096 angularem
2909 2023 3167 2095 lapidem,
3201 2032 3255 2079 et
3284 2024 3410 2080 ideo
3440 2024 3698 2095 reprimit

2088 2110 2210 2166 illas
2239 2113 2553 2183 Apostolus.
2587 2115 2730 2182 Noli,
2756 2112 3028 2184 inquiens,
3051 2113 3304 2185 gloriari,
3329 2120 3461 2181 etc.,
3495 2113 3551 2167 id
3579 2122 3691 2182 est,

2088 2216 2196 2255 non
2224 2218 2285 2257 es
2314 2201 2522 2257 stabilis
2550 2202 2596 2256 si
2626 2202 2749 2257 illos
2777 2218 2878 2274 per
2899 2218 3038 2274 quos
3068 2209 3179 2255 stas
3207 2201 3468 2256 destruis.

2158 2314 2326 2369 Vens.
2364 2319 2448 2369 19.
2472 2346 2543 2356 -
2560 2316 2710 2371 Dicis
2730 2332 2855 2388 ergo
2876 2317 3069 2388 fracti.
3098 2314 3267 2383 Quasi
3286 2316 3431 2371 dicat
3457 2332 3471 2369 :
3498 2316 3545 2370 si
3574 2332 3695 2371 non

2087 2410 2271 2458 contra
2302 2411 2506 2458 stantes
2530 2445 2546 2473 ,
2579 2412 2757 2459 tamen
2795 2413 2985 2460 contra
3014 2420 3110 2459 eos
3138 2404 3263 2459 licet
3293 2404 3522 2477 gloriari
3545 2448 3559 2471 ,
3591 2406 3697 2476 qui

2086 2507 2252 2547 causa
2282 2493 2592 2547 insertionis
2620 2509 2757 2548 mea:
2787 2493 2992 2563 repulsi
3031 2500 3193 2559 sunt;
3244 2492 3389 2565 quod
3437 2502 3698 2549 removet

2085 2581 2411 2651 Apostolus,
2446 2582 2515 2635 ita
2550 2599 2562 2635 :
2595 2582 2739 2636 Bene
2770 2581 2945 2649 dicis,
2998 2581 3124 2652 quia
3160 2597 3353 2637 verum
3400 2590 3487 2635 est
3533 2583 3695 2654 quod

2084 2668 2243 2725 fracti
2275 2678 2399 2725 sunt
2428 2678 2654 2741 propter
2680 2669 3111 2726 incredulitatem
3137 2689 3151 2737 ;
3181 2679 3238 2724 tu
3267 2678 3382 2725 stas
3430 2668 3539 2725 ﬁde
3564 2713 3577 2737 ,
3626 2671 3695 2727 id

2084 2767 2167 2813 est
2193 2775 2303 2814 non
2332 2759 2525 2815 merito
2552 2767 2678 2825 tuo,
2713 2760 2812 2814 sed
2840 2759 3014 2832 gratia
3044 2759 3140 2815 Dei
3166 2777 3181 2827 ;
3215 2766 3268 2813 et
3296 2758 3422 2813 ideo
3450 2758 3563 2814 noli
3593 2775 3699 2813 su-

2082 2847 2320 2918 perbire,
2355 2865 2422 2902 ne
2453 2856 2507 2903 et
2537 2855 2594 2903 tu
2624 2847 2898 2922 frangaris
2926 2864 3026 2918 per
3044 2847 3380 2919 superbiam,
3403 2856 3462 2902 ut
3482 2848 3561 2902 illi
3581 2864 3696 2919 per

2080 2935 2536 2991 incredulitatem.
2568 2938 2691 2992 Non
2721 2953 2781 2991 es
2811 2936 3039 3003 stabilis,
3074 2937 3121 2991 si
3148 2952 3250 3007 per
3277 2951 3417 3008 quos
3448 2944 3562 2991 stas
3582 2937 3691 2992 de-

2082 3024 2263 3079 struis.
2299 3024 2481 3080 Facile
2507 3024 2795 3096 decipitur,
2829 3025 2921 3097 qui
2951 3024 3144 3080 alienis
3172 3023 3330 3079 malis
3359 3025 3587 3097 gaudet.

387 3134 511 3179 sunt
541 3142 652 3179 non
681 3123 836 3181 ﬁctas
865 3126 933 3180 de
963 3125 1178 3181 Christo
1199 3142 1320 3180 esse
1350 3125 1681 3197 prophetias.
1748 3127 1811 3183 Ut
1852 3126 1981 3182 illos
2004 3116 2052 3180 C
2152 3139 2321 3193 νειιε,
2354 3142 2444 3195 20,
2470 3169 2538 3179 _
2560 3139 2693 3194 Fide
2713 3143 2852 3196 διαε,
2877 3139 2977 3195 Dei
2998 3146 3082 3194 εει
3103 3137 3430 3196 beneﬁcium
3452 3140 3607 3211 quod
3628 3148 3688 3195 ια

385 3214 751 3269 aemulentur.
784 3214 968 3269 Potest
998 3214 1076 3269 sic
1106 3213 1277 3285 accipi
1328 3232 1340 3268 :
1393 3221 1450 3267 ut
1492 3213 1664 3268 Judazi
1701 3213 1980 3270 imitentur

385 3301 619 3373 gentiles
648 3302 704 3355 in
731 3301 895 3356 bono.
929 3302 1045 3357 Hoc
1075 3318 1219 3373 sazpe
1253 3301 1456 3357 factum
1496 3310 1615 3371 est,
1666 3309 1719 3355 et
1764 3302 1979 3372 plenius

385 3387 475 3444 ﬁet
507 3389 560 3444 in
588 3386 695 3444 ﬁne
725 3390 929 3460 saeculi,
951 3390 1165 3462 quando
1183 3390 1355 3445 Judaii
1376 3390 1713 3445 Christianos
1744 3407 1978 3462 sequen-

382 3486 472 3532 tur
503 3478 555 3531 in
588 3477 694 3533 ﬁde
725 3478 943 3533 Christi.
975 3480 1124 3534 Tunc
1152 3479 1297 3533 enim
1326 3495 1522 3533 manus
1551 3479 1722 3550 Moysi
1754 3495 1979 3535 revoca-

382 3566 525 3621 bitur
552 3566 607 3620 in
637 3567 852 3633 sinum,
900 3576 1027 3623 tunc
1074 3568 1290 3639 Moyses
1341 3575 1529 3623 noster
1579 3575 1884 3623 revertetur
1909 3568 1978 3622 ad

382 3664 613 3711 matrem
640 3663 693 3710 et
719 3657 786 3711 ad
817 3655 1029 3711 fratres.
1060 3657 1243 3712 Potest
1274 3656 1438 3712 etiam
1466 3656 1713 3727 intelligi,
1747 3665 1803 3711 ut
1833 3674 1976 3729 gen-

378 3752 462 3799 tes
491 3744 711 3800 .Iudzeos
737 3745 1080 3813 aemulentur,
1115 3745 1170 3799 id
1201 3753 1283 3799 est
1314 3745 1577 3812 credant,
1610 3744 1748 3799 sicut
1778 3752 1830 3800 et
1872 3745 1978 3816 ipsi

379 3833 693 3889 credebant.
728 3833 887 3889 Velut
917 3841 1110 3906 gentes
1127 3833 1226 3888 Dei
1256 3834 1604 3889 mmulatione
1633 3834 1778 3888 circa
1806 3849 1977 3905 opera

376 3921 691 3977 Iudaeorum
718 3922 867 3976 mala
894 3930 1234 3977 moveantur.

450 4026 621 4081 Vens.
657 4031 741 4083 12.
775 4058 843 4067 ——
876 4027 1026 4094 Quod
1054 4029 1123 4095 si,
1166 4035 1268 4082 etc.
1302 4025 1469 4094 Quasi
1498 4025 1641 4082 dicat
1675 4043 1687 4080 :
1723 4026 1845 4081 Dixi
1873 4027 1974 4082 de-

375 4113 564 4171 lictum
591 4115 905 4169 Judznorum
932 4115 1220 4185 prodesse;
1256 4115 1403 4187 quod
1433 4114 1478 4168 si
1508 4122 1609 4184 est,
1643 4124 1768 4171 tunc
1796 4117 1976 4189 magis

375 4203 663 4258 conversio
692 4219 882 4257 eorum
913 4203 1175 4274 proderit.
1214 4204 1432 4271 Quanto
1465 4204 1664 4275 magis.
1699 4204 1761 4259 Id
1792 4213 1894 4270 est,
1929 4205 1974 4259 si

375 4291 578 4346 malum
600 4307 787 4347 eorum
809 4293 969 4346 vertit
990 4292 1137 4347 Deus
1167 4291 1221 4345 in
1250 4292 1471 4359 bonum,
1497 4293 1551 4348 id
1574 4301 1656 4347 est
1686 4291 1741 4347 in
1760 4293 1973 4348 divitias

373 4381 581 4447 mundi,
606 4381 776 4436 multo
809 4382 986 4454 magis
1014 4381 1217 4436 bonum
1248 4397 1457 4452 eorum,
1491 4397 1616 4438 cum
1646 4382 1702 4437 in
1731 4381 1836 4437 ﬁne
1856 4382 1973 4453 ple-

2082 3235 2214 3293 stas,
2249 3244 2359 3283 non
2389 3236 2538 3282 tuum
2568 3228 2840 3283 meritum.
2866 3228 2971 3284 Sed
3001 3231 3157 3284 time.
3181 3228 3264 3283 Ne
3294 3235 3458 3284 tanta:
3486 3229 3688 3301 gratiae

2082 3314 2407 3371 beneﬁcium
2435 3316 2667 3381 amittas,
2703 3324 2756 3372 et
2785 3317 2841 3373 in
2871 3316 3197 3388 supplicium
3216 3316 3448 3372 incidas.
3484 3316 3688 3371 Castus

2080 3404 2226 3463 enim
2255 3405 2416 3459 timor
2446 3412 2527 3459 est
2556 3404 2679 3461 cum
2708 3412 2861 3461 cavet
2889 3405 3071 3461 anima
3099 3422 3167 3460 ne
3200 3406 3346 3460 Deus
3376 3404 3529 3459 illam
3578 3406 3687 3460 de-

2080 3501 2260 3547 sertus
2292 3494 2527 3548 deserat.

2152 3582 2320 3637 Vaas.
2344 3585 2432 3639 22.
2457 3613 2526 3623 —
2543 3582 2603 3638 Si
2629 3583 3013 3654 permanseris
3034 3583 3096 3638 in
3127 3582 3398 3638 bonitate.
3429 3581 3492 3637 Si
3510 3581 3686 3655 digna

2079 3668 2180 3724 Dei
2206 3670 2544 3742 benignitate
2565 3678 2821 3741 operatus
2851 3669 3039 3741 fueris,
3059 3686 3237 3742 neque
3266 3670 3411 3726 enim
3441 3669 3545 3724 tibi
3566 3670 3688 3727 sola

2079 3755 2187 3813 ﬁde
2216 3774 2355 3829 opus
2385 3767 2486 3815 est.
2510 3760 2877 3815 Severitatem
2906 3763 3102 3815 autem
3120 3761 3237 3816 Dei.
3266 3759 3424 3829 Quod
3455 3759 3540 3814 eis
3569 3774 3685 3814 non

2076 3846 2420 3917 pepercerit,
2454 3862 2519 3903 eo
2550 3848 2695 3918 quod
2723 3855 2940 3919 patrum
2978 3848 3174 3903 virtute
3221 3848 3480 3921 indignos
3526 3846 3688 3919 ipsos

2077 3934 2360 3991 invenerit.

2147 4024 2318 4078 Vens.
2349 4024 2513 4081 24.-
2528 4025 2735 4080 Contra
2754 4029 3045 4081 naturam.
3070 4025 3276 4082 Dicitur
3292 4026 3347 4081 id
3371 4038 3572 4086 contra
3591 4048 3683 4086 na-

2075 4120 2247 4167 turam
2278 4112 2423 4184 quod
2454 4120 2535 4167 est
2565 4121 2748 4168 contra
2784 4115 3233 4169 consuetudinem
3265 4124 3473 4175 naturae
3493 4162 3506 4187 ,
3543 4129 3603 4175 ut
3636 4121 3683 4176 si

2077 4199 2325 4256 surculus
2354 4200 2591 4257 fructum
2619 4202 2815 4257 radicis
2847 4201 3002 4257 ferat.
3023 4204 3168 4257 Deus
3189 4211 3370 4260 tamen
3390 4206 3527 4262 nihil
3551 4224 3681 4264 con-

2074 4296 2155 4343 tra
2186 4297 2437 4344 naturam
2467 4288 2613 4359 facit,
2648 4290 2772 4362 quia
2802 4290 2853 4345 id
2885 4298 2968 4345 est
2998 4300 3190 4357 natura
3221 4295 3366 4365 quod
3390 4294 3538 4351 facit.
3569 4294 3678 4353 01i-

2078 4395 2223 4433 vam.
2259 4378 2363 4432 Per
2390 4377 2591 4433 olivam
2618 4378 2934 4453 intelligitur
2955 4381 3043 4437 hic
3073 4380 3209 4436 ﬁdes
3228 4383 3469 4439 Patrum.

375 4470 582 4563 nitudo-
613 4487 803 4563 eorum
851 4486 1119 4563 conversa
1166 4469 1355 4563 ditabit
1402 4479 1596 4563 gentes
1644 4471 1889 4563 doctrina
1920 4478 1971 4525 et
2001 4475 2054 4536 D
2147 4483 2317 4541 Vnus,
2349 4488 2438 4541 25,
2472 4516 2541 4525 _
2569 4486 2702 4543 Νοιο
2723 4489 2873 4542 enim
2898 4504 2988 4543 υοε
3018 4490 3298 4560 ignorare,
3330 4497 3436 4545 etc.
3472 4491 3672 4563 (Amm

373 4559 641 4631 exemplo.
676 4561 735 4614 In
769 4576 875 4632 quo
908 4559 1143 4615 ostendit
1173 4576 1276 4615 nec
1306 4559 1551 4615 inutilem
1578 4604 1590 4626 ,
1625 4576 1727 4616 nec
1757 4560 1968 4615 irrecu-

372 4649 675 4720 perabilem
705 4665 890 4703 casum
922 4665 1131 4703 eorum.

444 4738 615 4792 Vens.
653 4739 738 4790 13.
771 4767 840 4776 -
874 4737 1154 4804 Quandiu.
1199 4737 1498 4808 (ΑΝεΕιΜ.)
1545 4736 1662 4791 Etsi
1691 4735 1969 4808 apostolus

371 4826 475 4881 sim
504 4824 768 4897 gentium,
792 4833 974 4879 tamen
1004 4823 1377 4880 honoriﬁcabo
1397 4825 1755 4879 ministerium
1778 4842 1969 4896 super—

370 4912 622 4969 addendo
668 4912 805 4967 ultra
834 4912 937 4968 hoc
966 4913 1112 4984 quod
1142 4914 1319 4969 debeo
1345 4958 1357 4981 ,
1395 4922 1452 4968 ut
1483 4914 1640 4969 etiam
1673 4913 1741 4969 de
1768 4914 1969 4969 Judaeis

372 5002 616 5058 laborem
646 5009 893 5068 tentans;
927 5001 973 5055 si
1000 5002 1100 5057 hac
1122 5018 1231 5057 non
1261 5003 1506 5058 succedit
1535 5003 1639 5073 via,
1674 5003 1970 5077 aggrediar

372 5089 474 5144 alia
499 5133 511 5154 ,
546 5089 690 5161 quod
720 5106 829 5147 non
860 5088 1099 5145 facerem
1118 5132 1131 5156 ,
1164 5089 1209 5143 si
1237 5091 1306 5146 de
1338 5092 1511 5147 salute
1543 5108 1733 5147 eorum
1765 5092 1967 5165 despe-

378 5194 558 5233 rarem
567 5217 579 5229 .

446 5266 700 5337 (Cnnvs,)
729 5267 937 5323 Rursus
966 5266 1104 5320 mala
1136 5266 1441 5338 suspicione
1473 5268 1711 5341 seipsum
1733 5269 1968 5325 liberare

372 5356 583 5429 satagit.
636 5355 863 5410 Videtur
911 5363 1091 5409 autem
1123 5372 1217 5411 eos
1248 5357 1464 5428 quidem
1496 5359 1588 5429 qui
1619 5376 1684 5412 ex
1715 5359 1968 5432 gentibus

370 5454 559 5513 erant,
606 5444 936 5517 objurgare,
990 5454 1310 5517 mentesque
1368 5446 1582 5502 illorum
1640 5447 1966 5514 humiliare;

373 5552 577 5609 sensim
609 5560 785 5606 tamen
815 5551 1063 5606 Judaeum
1094 5552 1329 5609 vellicat.

450 5661 614 5713 VERS.
656 5662 735 5713 16.
762 5690 828 5698 -
850 5660 999 5727 Quod
1032 5661 1081 5713 si
1110 5660 1392 5716 delibatio.
1428 5660 1549 5715 Dixi
1581 5662 1723 5732 quod
1753 5677 1966 5717 assum-

2069 4571 2231 4645 Legis
2260 4572 2614 4643 defensores,
2648 4573 2787 4647 legis
2818 4583 3141 4632 tractatores
3162 4618 3175 4644 ,
3212 4577 3353 4648 legis
3382 4578 3664 4649 doctores,

2069 4659 2209 4733 legis
2239 4660 2608 4717 intellectores
2632 4704 2646 4732 ,
2679 4671 2958 4719 auctorem
2988 4665 3127 4737 legis
3157 4665 3571 4723 cruciﬁxerunt.
3626 4667 3674 4724 Ο

2070 4749 2287 4805 caecitas
2313 4750 2324 4805 l
2357 4751 2484 4821 Ipsa
2510 4759 2592 4804 est
2625 4767 2747 4822 quae
2776 4767 2843 4807 ex
2871 4761 3021 4823 parte
3049 4753 3247 4810 cecidit
3275 4754 3332 4809 in
3361 4755 3532 4811 Israel
3558 4800 3572 4823 ,
3618 4764 3679 4811 ut

2071 4836 2479 4912 cruciﬁgeretur
2498 4838 2766 4908 Christus,
2782 4849 2835 4896 et
2855 4841 3134 4911 plenitudo
3153 4842 3399 4913 gentium
3416 4843 3671 4900 intraret.

2142 4928 2312 4983 Vens.
2332 4931 2420 4985 26.
2441 4958 2509 4968 ——
2529 4929 2900 5000 Impietatem.
2942 4931 3002 4984 Id
3031 4938 3115 4985 est
3144 4929 3518 4987 inﬁdelitatem
3538 4978 3554 4997 ,
3589 4933 3680 4989 vel

2070 5013 2266 5088 legalis
2295 5015 2656 5072 observantia:
2687 5018 2910 5082 cultum.
2946 5017 3136 5074 Cultus
3180 5019 3325 5074 enim
3352 5020 3673 5077 Iudaeorum

2069 5104 2138 5158 ab
2168 5104 2405 5159 adventu
2442 5105 2640 5159 Christi
2671 5106 2893 5178 cognito
2924 5115 3006 5163 est
3038 5108 3310 5179 impietas.

2144 5220 2312 5274 Vaas.
2361 5222 2453 5276 27.
2484 5251 2553 5261 —
2600 5221 2910 5279 Abstulero.
2944 5223 3059 5279 Hoc
3090 5222 3194 5278 erit
3220 5223 3277 5278 in
3309 5222 3416 5278 ﬁne
3443 5226 3671 5296 quando

2067 5308 2451 5381 praedicatione
2496 5308 2629 5364 Elite
2672 5318 2723 5365 et
2768 5311 2961 5366 Enoch
3025 5320 3406 5368 convertentur
3466 5313 3667 5377 Judaei,

2068 5397 2214 5452 unde
2243 5414 2344 5468 per
2366 5397 2717 5453 Malaehiam:
2737 5399 2956 5456 Mittam
2972 5402 3122 5456 'vobis
3140 5402 3323 5457 Eliam
3352 5401 3668 5457 Thesbitem

2067 5489 2163 5560 qui
2195 5490 2479 5543 convertet
2501 5489 2665 5544 corda
2691 5493 2927 5561 patrum
2952 5489 3023 5545 ad
3042 5490 3210 5557 ﬁlios,
3234 5493 3291 5546 et
3314 5490 3482 5546 corda
3508 5490 3669 5558 ﬁlio-

2068 5593 2199 5632 rum
2226 5576 2299 5630 ad
2333 5580 2555 5647 patrem
2586 5577 2738 5648 (Mal.
2772 5577 2851 5648 iv)
2876 5595 2891 5641 ;
2925 5585 2982 5631 ut
3009 5575 3313 5651 intelligant
3342 5576 3437 5632 ﬁlii
3469 5586 3527 5632 ut
3556 5594 3667 5648 pa-

2068 5672 2204 5729 tres,
2239 5665 2291 5719 id
2324 5673 2406 5719 est
2438 5672 2492 5719 ut
2522 5666 2801 5738 prOphetze
2830 5665 3227 5723 intellexerunt.
