3948 6178
266 322 371 378 509

1188 317 1459 376 GLOSSA
1496 318 1907 376 ORDINARIA.
1945 346 2016 364 -ι
2051 318 2271 377 EPIST.
2310 320 2405 375 AD
2433 319 2606 378 ROM.

3469 326 3572 379 MO

345 448 523 505 Vitas.
554 448 647 504 28.
678 472 749 487 —-
777 446 969 517 (Αυα.)
998 445 1325 503 Secundum
1358 430 1740 516 Evangelium,
1764 452 1870 501 etc.
1901 445 1956 507 A
1983 445 2149 501 Filius
2168 445 2409 518 ejus,qui
2437 452 2492 502 et
2518 445 2761 519 Angelus
2789 446 2976 517 magni
3003 445 3219 503 consilii
3236 446 3564 518 appellatur.

275 537 378 594 Vel
409 538 520 593 ita:
553 543 683 592 tunc
701 541 1182 602 converterentur;
1215 533 1312 590 sed
1342 533 1506 589 modo
1533 533 1739 589 inimici
1758 534 1878 605 qui-

271 627 402 683 dem
430 633 560 681 sunt
589 624 807 691 Christi,
840 630 896 679 et
911 623 1134 695 quidem
1163 623 1355 678 nostri.
1381 623 1583 678 Iterum
1612 638 1676 677 ex
1707 637 1786 690 se,
1809 638 1876 678 ex

272 731 377 773 suo
397 714 611 772 scilicet
627 713 779 771 vitio.
816 711 927 769 Sed
955 713 1061 769 hoc
1089 721 1177 768 est
1190 711 1488 769 secundum
1508 711 1874 785 Evangelium

272 813 329 864 et
355 812 583 877 prOpter
611 818 730 872 vos,
762 802 818 858 id
844 810 928 858 est
955 802 1025 857 ad
1052 800 1360 874 profectum
1388 800 1674 874 Evangelii
1703 810 1759 857 et
1782 816 1876 857 ve-

275 902 473 951 atrum.

347 1002 580 1059 Inimici
602 1002 852 1076 propter.
877 996 1130 1055 Ostendit
1159 997 1265 1053 hoc
1296 1014 1363 1053 ex
1391 997 1493 1052 Dei
1521 996 1877 1069 dispositione

272 1091 593 1164 provenire.
624 1091 707 1145 Ex
738 1104 796 1145 se
825 1087 971 1145 enim
1000 1094 1230 1159 possunt
1258 1086 1541 1155 inimicari,
1578 1086 1723 1158 quod
1754 1101 1879 1158 pro-

271 1179 388 1237 ﬁcit
416 1179 739 1251 Evangelio,
773 1178 891 1233 Deo
911 1185 1095 1234 utente
1122 1175 1281 1232 malis
1314 1174 1383 1231 ad
1413 1175 1635 1242 bonum,
1667 1183 1726 1230 ut
1756 1190 1873 1231 cum

270 1269 481 1326 faciant
509 1276 695 1325 contra
724 1266 1055 1323 voluntatem
1086 1266 1186 1321 Dei
1199 1266 1491 1337 impleatur
1505 1265 1762 1320 voluntas
1778 1263 1880 1321 Dei

273 1358 555 1430 sapienter
584 1356 769 1412 omnia
797 1355 1115 1427 disponens.
1150 1358 1387 1427 Propter
1426 1359 1640 1428 patres.
1705 1353 1880 1409 Elecli

276 1455 406 1503 sunt
451 1446 639 1503 dilecti
678 1452 901 1518 propter
957 1452 1161 1516 patres,
1224 1443 1419 1516 quibus
1450 1443 1568 1499 haec
1611 1444 1883 1515 promissa

278 1546 406 1592 sunt
438 1578 452 1606 ,
486 1536 614 1608 quia
642 1550 752 1590 non
784 1542 909 1589 sunt
939 1533 1119 1589 vocati
1154 1547 1219 1589 ea
1248 1533 1533 1589 vocatione
1593 1549 1697 1604 qua
1727 1532 1882 1587 multi

278 1642 390 1682 non
420 1624 679 1698 praesciti,
703 1623 795 1695 qui
825 1631 1009 1678 tamen
1027 1629 1277 1694 pereunt,
1297 1622 1366 1677 de
1388 1638 1496 1694 qua
1520 1622 1725 1677 dictum
1747 1629 1829 1676 est
1865 1639 1878 1676 :

282 1716 449 1772 Multi
475 1717 614 1771 sunt
639 1714 839 1778 vocati,
855 1714 1029 1785 pauci
1057 1727 1184 1769 vero
1217 1711 1384 1767 electi
1407 1711 1597 1781 (Marc.
1632 1709 1759 1783 xx);
1786 1710 1884 1767 sed

1975 534 2084 590 Sed
2114 551 2179 590 ex
2212 534 2525 591 hominibus
2551 542 2606 590 et
2636 535 2850 606 angelis
2876 535 3058 591 nullus
3100 534 3200 590 fuit
3227 536 3278 591 ei
3316 534 3571 591 consilia-

1975 639 2111 678 nus.

2046 712 2218 768 Vnus.
2251 715 2339 769 35.
2359 741 2431 755 —
2459 712 2572 769 Aut
2608 713 2731 786 quis
2747 714 2926 786 prior.
2972 712 3087 769 Etsi
3110 712 3312 782 judicia
3342 711 3442 769 Dei
3460 727 3572 769 non

1973 816 2266 873 possumus
2297 801 2460 867 scire,
2493 801 2687 857 saltem
2736 802 2842 858 hoc
2884 810 3097 858 constat
3140 802 3286 874 quod
3342 817 3409 857 ex
3455 801 3574 857 sola

1976 890 2155 965 gratia
2182 890 2277 946 dat
2305 890 2465 957 bona,
2497 898 2551 945 et
2577 906 2688 946 non
2717 906 2783 947 ex
2814 891 3143 963 prateedenti
3172 890 3389 946 merito.

2047 979 2237 1052 (AUG.)
2268 980 2414 1035 Deus
2442 979 2659 1035 debitor
2687 978 2859 1035 factus
2887 989 2991 1047 est,
3024 994 3135 1035 non
3162 978 3368 1051 aliquid
3404 996 3435 1034 a
3465 994 3571 1034 no-

1975 1068 2060 1124 bis
2087 1068 2423 1140 accipiendo,
2457 1077 2586 1135 etc.,
2619 1085 2793 1142 usque
2822 1069 2895 1126 ad
2936 1078 2990 1124 et
3037 1070 3142 1125 hoc
3186 1076 3242 1123 tu
3273 1067 3449 1125 fecisti
3480 1067 3572 1141 qui

1976 1157 2295 1215 laborantes
2318 1157 2529 1225 juvisti,
2563 1166 2670 1214 etc.

2049 1266 2221 1321 Vsus.
2245 1268 2417 1320 36.—
2439 1266 2716 1334 Quoniam
2728 1282 2803 1322 ea:
2822 1268 2961 1339 ipso,
2989 1272 3094 1322 etc.
3110 1268 3216 1332 Ex,
3235 1281 3356 1339 per,
3379 1265 3464 1332 in,
3483 1264 3573 1319 di-

1979 1355 2327 1411 stinctionem
2356 1369 2720 1439 personarum
2766 1354 3010 1411 indicant
3042 1371 3057 1422 ;
3089 1354 3207 1427 ipse
3254 1370 3388 1410 vero
3426 1353 3573 1410 idem

1979 1460 2288 1516 pronomen
2335 1444 2645 1515 repetitum,
2703 1445 3044 1501 identitatem
3090 1444 3446 1511 substantiae;
3523 1450 3576 1498 et

1981 1533 2109 1606 quia
2136 1533 2261 1589 talis
2288 1534 2394 1605 ipsi
2421 1532 2619 1606 gloria,
2653 1550 2763 1590 non
2772 1535 2935 1604 justis
2955 1533 3108 1607 ipsis.

2051 1649 2239 1722 (Ασσυ,
2264 1649 2359 1705 lib.
2394 1650 2463 1706 de
2493 1652 2710 1707 Natura
2727 1651 2880 1721 boni,
2897 1665 3021 1722 cap.
3046 1653 3136 1717 27,
3162 1650 3426 1723 Eat-ipso.)
3446 1649 3572 1704 Non

1980 1739 2049 1795 de
2079 1738 2199 1810 ipso
2230 1746 2353 1793 sunt
2382 1740 2587 1805 omnia,
2629 1749 2757 1807 etc.,
2809 1756 2983 1813 usque
3018 1740 3090 1796 ad
3130 1739 3347 1813 singula
3378 1739 3574 1795 horum

278 1820 343 1859 ea
401 1819 506 1876 qua
564 1809 824 1857 vocantur
872 1799 1051 1865 electi,
1089 1816 1211 1898 qua:
1257 1799 1483 1902 estsine
1529 1799 1827 1900 mutatione
1865 1817 1879 1853 :
1912 1799 2151 1882 Βηίυῶ
2182 1827 2376 1884 referri
2406 1829 2476 1883 ad
2507 1799 2756 1902 Siﬁgulos'
2783 1799 2971 1884 vomit.

279 1892 406 1965 quia
435 1890 529 1964 qui
557 1891 707 1946 audit
738 1905 769 1944 a
798 1891 953 1944 Patre
984 1888 1129 1944 venit
1159 1889 1230 1944 ad
1247 1888 1461 1954 Filium,
1488 1888 1578 1961 qui
1609 1904 1720 1944 non
1747 1903 1876 1961 per-

281 1982 359 2038 dit
418 1980 719 2053 quidquam
762 1978 832 2035 de
880 1978 1027 2033 omni
1077 1977 1237 2043 dato;
1282 1977 1528 2049 quisquis
1559 1972 1688 2033 vero
1714 1977 1876 2049 perit,

282 2085 394 2126 non
422 2070 550 2125 inde
581 2068 714 2135 fuit;
745 2058 926 2123 unde:
950 2067 990 2122 Α
1016 2066 1173 2124 nobis
1195 2068 1485 2134 exierunt,
1513 2066 1610 2122 sed
1628 2083 1702 2123 ea:
1724 2068 1879 2125 nobis

280 2175 400 2217 non
436 2161 680 2230 fuerunt
698 2157 922 2228 (IJoan.
946 2155 1034 2227 ιι.)

353 2228 679 2324 Secundum
708 2263 1039 2320 electionem
1072 2266 1130 2319 et
1166 2266 1393 2336 propter
1417 2230 1634 2335 patres.
1658 2228 1875 2335 .(Aug.,

278 2355 375 2411 lib.
410 2354 479 2411 de
520 2353 789 2411 Praedcst.
813 2368 995 2417 sanc.,
1031 2366 1080 2407 c.
1118 2351 1229 2422 16.)
1259 2350 1396 2407 Sunt
1425 2350 1673 2407 salvandi
1707 2368 1721 2405 :
1755 2351 1882 2423 quia
1920 2364 1927 2371 '

293 2445 460 2513 dona,
494 2442 552 2498 id
596 2450 679 2498 est
718 2439 1134 2513 promissiones,
1169 2448 1297 2510 etc.,
1340 2456 1514 2514 usque
1537 2440 1611 2496 ad
1642 2440 1769 2512 quia
1793 2456 1888 2495 eos

289 2533 478 2591 dolore
510 2547 621 2588 non
648 2530 853 2587 vident.

353 2651 529 2707 Vnus.
565 2653 652 2705 30.
681 2677 753 2692 —-
780 2648 942 2705 Sicut
976 2648 1149 2704 enim.
1182 2647 1244 2702 Id
1283 2654 1365 2702 est
1395 2662 1501 2719 qua
1541 2646 1755 2703 ratione
1782 2660 1883 2703 vos

279 2741 408 2798 olim
437 2739 689 2812 permisit
719 2739 868 2794 Deus
887 2753 994 2793 non
1026 2736 1276 2806 credere,
1312 2736 1520 2792 scilicet
1560 2753 1631 2792 ne
1657 2752 1880 2793 causam

283 2828 634 2902 superbiendi
665 2826 935 2883 haberetis
962 2834 1153 2898 postea
1182 2825 1455 2881 conversi.

353 2945 529 2999 Vsus.
562 2946 623 2997 31
659 2970 728 2982 —-
786 2942 855 2998 Ut
894 2944 953 2996 et
992 2941 1122 3010 ipsi.
1167 2937 1387 3011 Experti
1416 2955 1527 2994 non
1553 2955 1655 3010 per
1701 2939 1883 3012 legem

283 3049 410 3091 esse
439 3032 690 3098 salutem,
724 3030 821 3086 sed
849 3045 952 3101 per
971 3028 1206 3103 gratiam
1229 3046 1243 3084 :
1263 3037 1321 3084 ut
1349 3037 1403 3085 et
1430 3028 1512 3085 sic
1539 3044 1640 3101 per
1668 3030 1882 3085 humili-

283 3132 454 3180 tatem
480 3126 879 3192 consequentur
906 3116 1360 3175 misericordiam.

354 3232 528 3286 Vens.
563 3231 651 3284 32.
683 3255 753 3266 —
784 3226 1091 3283 Conclusit.
1126 3224 1187 3280 Id
1217 3233 1299 3281 est
1326 3224 1572 3296 permisit
1601 3224 1874 3281 concludi.

282 3320 385 3377 Hic
411 3317 625 3375 videtur
650 3313 832 3387 aliquo
863 3315 1028 3369 modo
1058 3313 1378 3386 mysterium
1407 3329 1698 3385 exponere.
1735 3315 1879 3371 Con-

284 3427 315 3467 c
326 3409 467 3465 lusit
487 3408 642 3463 enim
660 3406 806 3461 Deus
818 3403 1084 3460 omniain
1104 3403 1344 3473 inﬁdeli,
1365 3410 1421 3457 ut
1441 3403 1509 3458 de
1522 3403 1880 3460 amaritudine

281 3495 619 3553 inﬁdelitatis
667 3510 780 3550 sua:
808 3492 1122 3565 pmnitendo
1156 3490 1387 3561 confusi,
1437 3491 1506 3547 ad
1536 3492 1881 3548 dulcedinem

285 3582 678 3642 misericordia:
696 3581 798 3637 Dei
832 3581 1109 3637 credendo
1130 3581 1401 3650 conversi,
1428 3582 1745 3637 humiliores
1761 3598 1883 3654 per-

284 3682 588 3741 manerent,
618 3680 677 3727 ut
706 3678 759 3728 et
775 3670 955 3744 gratia
979 3669 1222 3725 muneris
1269 3678 1416 3726 esset
1447 3671 1779 3744 gratissima,
1829 3679 1882 3727 et
1966 3722 1980 3735 ,

287 3765 589 3822 clamarent
640 3777 653 3814 :
710 3761 901 3829 Quam
949 3775 1159 3831 magna
1213 3760 1524 3815 multitudo
1572 3760 1888 3817 dulcedinis

286 3859 416 3923 tute,
438 3852 673 3909 Domine
689 3848 865 3917 (Psal.
883 3847 1054 3918 xxx.)
1079 3848 1362 3904 Omnium.
1384 3847 1443 3902 Id
1460 3856 1543 3903 est
1560 3849 1880 3904 Iudaeorum

284 3950 338 3999 et
366 3940 629 4015 gentium,
663 3954 771 3993 non
803 3937 949 4010 quod
977 3936 1185 3993 nullum
1227 3936 1580 3992 damnaturus
1612 3938 1699 4008 sit,
1735 3938 1880 4011 quod

287 4032 507 4105 quidam
536 4028 675 4085 falso
705 4026 910 4099 opinati
943 4034 1087 4081 sunt.

355 4156 525 4211 Vnus.
571 4157 658 4209 33.
693 4180 763 4193 -
803 4151 842 4208 0
875 4151 1141 4217 altitudo,
1176 4160 1279 4207 etc.
1306 4150 1883 4208 Prmmiseratsenten-

288 4246 416 4300 tiam
460 4242 612 4299 mirae
656 4239 1061 4313 profunditatis,
1109 4239 1261 4308 cujus
1299 4239 1684 4310 profunditatis
1712 4240 1879 4296 veluti

289 4334 519 4389 horrore
548 4329 855 4403 perculsus,
888 4328 1156 4384 exclamat
1184 4344 1213 4384 ο
1242 4328 1508 4394 altitudo,
1541 4335 1646 4384 etc.
1706 4328 1879 4385 Valde

287 4422 431 4479 enim
460 4434 686 4492 parvum
716 4433 938 4473 sensum
968 4418 1234 4473 habemus
1275 4417 1345 4471 ad
1376 4416 1777 4472 discutiendam
1792 4418 1878 4487 ju-

286 4511 484 4566 stitiam
507 4508 836 4578 judiciorum
884 4506 1004 4575 Dei,
1065 4506 1136 4561 ad
1192 4505 1586 4561 discutiendam
1644 4506 1877 4579 gratiam

286 4598 577 4672 gratuitam
623 4596 788 4652 nullis
831 4594 1044 4651 meritis
1080 4594 1515 4666 praecedentibus
1586 4594 1877 4651 redditam.

286 4688 400 4744 Nec
428 4694 541 4741 tam
568 4694 749 4742 movet
775 4700 896 4755 nos,
930 4684 1076 4756 quod
1105 4684 1281 4756 gratia
1300 4691 1588 4755 praestatur
1616 4683 1875 4758 indignis,

289 4798 452 4857 quam
482 4783 628 4855 quod
655 4799 810 4855 aeque
840 4781 1079 4854 indignis
1108 4781 1225 4838 aliis
1254 4782 1571 4855 denegatur.

354 4890 545 4962 (Aue.,
578 4888 676 4946 lib.
706 4890 774 4945 de
809 4889 1005 4961 Spirit.
1029 4893 1085 4945 et
1118 4891 1229 4958 lit.,
1277 4904 1329 4945 c.
1362 4892 1430 4944 36
1455 4889 1513 4943 in
1555 4887 1708 4959 ﬁne.)
1755 4888 1880 4946 Scio

283 4979 429 5051 quod
470 4978 609 5034 sicut
652 4977 1082 5049 impossibilitas,
1130 4986 1184 5032 et
1230 4977 1301 5032 ita
1330 4977 1583 5049 iniquitas
1640 4992 1751 5033 non
1796 4986 1880 5034 est

286 5068 429 5139 apud
460 5067 653 5133 Deum,
678 5074 808 5134 etc.,
834 5082 1006 5139 usque
1036 5066 1108 5121 ad
1136 5074 1194 5121 ut
1219 5066 1373 5138 prius
1415 5066 1753 5138 permitteret
1782 5082 1878 5124 eos

284 5155 536 5214 concludi
565 5155 622 5211 in
641 5153 974 5211 inﬁdelitate.

352 5263 487 5334 (In.)
542 5262 850 5335 Aliquando
906 5261 1031 5317 ﬁliis
1086 5261 1380 5317 inﬁdelium
1435 5269 1723 5332 praestatur
1778 5263 1878 5319 Dei

284 5352 482 5426 gratia,
502 5359 630 5421 etc.,
662 5368 836 5425 usque
866 5353 938 5408 ad
965 5358 1018 5406 et
1049 5351 1095 5406 si
1124 5366 1233 5406 non
1264 5351 1320 5405 in
1351 5352 1451 5407 hac
1486 5351 1616 5417 vita,
1641 5359 1790 5407 certe
1821 5352 1876 5407 in

286 5441 471 5507 altera,
509 5448 612 5497 etc.

361 5550 469 5604 Via:
524 5551 665 5620 ejus.
709 5547 769 5603 ld
812 5554 895 5602 est
942 5546 1285 5617 impletiones
1324 5545 1717 5617 dispositionis,
1752 5546 1875 5617 quia

289 5651 391 5693 nec
440 5636 497 5690 in
561 5636 891 5691 exhibitione
919 5643 1098 5707 potest
1126 5635 1388 5706 cognosci
1420 5636 1564 5708 quod
1594 5635 1880 5707 disposuit.

358 5726 748 5782 Consiliarius.
805 5724 980 5781 Patris
1035 5724 1380 5783 conciliarius
1438 5733 1521 5782 est
1563 5724 1873 5798 unigenitus

2054 1917 2276 1972 Omnia.
2302 1917 2435 1972 Cum
2458 1918 2764 1973 audivimus
2786 1920 2979 1975 omnia
2999 1934 3119 1974 esse
3138 1934 3213 1973 ea:
3232 1920 3360 1984 Deo,
3384 1931 3575 1972 omnes

1981 2006 2169 2078 utique
2197 2013 2422 2060 naturas
2465 2006 2777 2080 intelligere
2821 2008 3108 2073 debemus,
3149 2015 3201 2061 et
3249 2006 3433 2061 omnia
3455 2020 3575 2077 quae

1980 2094 2303 2150 naturaliter
2332 2104 2490 2162 sunt;
2536 2112 2713 2169 neque
2756 2097 2901 2152 enim
2950 2113 3017 2151 ex
3046 2096 3167 2167 ipso
3197 2103 3323 2151 sunt
3349 2103 3577 2167 peccata

1981 2200 2104 2255 quae
2124 2191 2377 2239 naturam
2398 2185 2608 2251 vitiant,
2644 2202 2765 2257 quae
2806 2202 2873 2240 ex
2922 2186 3200 2242 voluntate
3230 2184 3576 2257 peccantium

1980 2280 2299 2329 nascuntur.

2585 2415 2808 2472 CAPUT
2847 2416 2969 2471 XII.

2052 2558 2224 2613 Vens.
2262 2562 2309 2613 l.
2345 2589 2414 2599 —
2447 2559 2675 2617 Obsecro
2715 2575 2826 2615 vos.
2870 2560 3164 2631 Hucusque
3197 2557 3329 2612 satis
3378 2564 3578 2612 utram-

1983 2664 2089 2719 que
2117 2655 2331 2719 partem
2359 2647 2681 2715 humiliavit,
2702 2655 2755 2703 et
2775 2648 3009 2722 gloriam
3037 2648 3105 2703 de
3126 2646 3296 2719 priori
3318 2654 3461 2701 statu
3481 2661 3579 2701 an-

1981 2737 2208 2803 nulavit,
2258 2737 2423 2792 modo
2454 2737 2609 2809 quasi
2640 2737 2790 2793 ﬁnito
2811 2737 3032 2809 negotio
3062 2737 3322 2808 deinceps
3352 2735 3420 2791 ad
3448 2749 3573 2791 mo-

1982 2826 2256 2881 ralitatem
2285 2826 2475 2881 tendit.
2511 2827 2738 2883 Obsecro
2759 2843 2868 2884 vos.
2904 2829 3197 2898 Hucusque
3218 2842 3287 2881 ne
3318 2825 3457 2881 alter
3477 2824 3575 2880 ad-

1982 2931 2177 2971 versus
2206 2914 2440 2970 alterum
2470 2916 2805 2986 superbit-et;
2837 2915 2963 2972 hinc
2991 2923 3050 2970 ut
3080 2915 3221 2971 alter
3248 2915 3318 2970 de
3348 2913 3574 2970 alterius

1983 3004 2213 3060 utilitate
2243 3005 2477 3060 laboret.
2501 2998 2728 3062 Obsecro
2746 3022 2865 3078 per,
2891 3012 2995 3061 etc.
3029 3005 3090 3061 Id
3119 3013 3200 3061 est
3216 3020 3318 3076 per
3346 3009 3573 3075 aposto-

1981 3094 2154 3149 latum
2197 3094 2626 3150 misericorditer
2663 3111 2696 3149 a
2742 3095 2859 3150 Deo
2895 3095 3028 3149 mihi
3065 3094 3439 3160 commissum,
3489 3092 3575 3148 vel

1903 3170 1953 3235 C
1982 3183 2418 3240 misericordiam
2448 3199 2480 3238 a
2508 3184 2624 3239 Deo
2652 3184 2809 3239 vobis
2825 3183 3028 3240 factam
3059 3191 3111 3239 et
3142 3183 3461 3240 exhibitam.

2050 3274 2323 3340 Hostiam,
2348 3280 2453 3329 etc.
2473 3274 2771 3345 (Aua.,lib.
2808 3289 2867 3340 x,
2900 3274 2967 3330 de
2991 3274 3177 3341 Civit.,
3211 3288 3335 3345 cap.
3360 3272 3439 3343 6.)
3462 3272 3572 3327 Ve-

1982 3378 2105 3417 rum
2138 3360 2467 3419 sacriﬁcium
2513 3370 2594 3417 est
2643 3380 2803 3419 omne
2833 3379 2971 3435 opus
3003 3363 3149 3435 quod
3178 3362 3378 3435 agitur,
3440 3368 3568 3432 etc.,

1980 3467 2153 3524 usque
2173 3452 2245 3508 ad
2266 3452 2512 3523 adjungit
2540 3451 2729 3508 dicens
2749 3469 2761 3505 :
2786 3452 2889 3508 Sed
2908 3452 3308 3524 reformamini
3326 3453 3389 3507 in
3409 3453 3572 3508 novi-

1983 3544 2100 3597 tate
2140 3542 2350 3597 mentis
2384 3545 2600 3607 vestrae,
2626 3550 2731 3597 etc.

2051 3647 2221 3703 Vens.
2246 3652 2299 3705 2.
2316 3678 2384 3688 —
2413 3648 2595 3705 Nolite
2615 3649 2979 3720 conformari.
3005 3647 3293 3703 Generalis
3323 3646 3572 3720 prohibi-

1980 3737 2075 3792 tio.
2109 3737 2214 3794 Sed
2234 3739 2651 3809 reformamini.
2677 3736 3270 3808 Regularisjussio.1bi
3292 3736 3575 3793 continen-

1981 3826 2075 3893 tia,
2109 3826 2197 3882 hic
2212 3826 2435 3895 justitia.
2471 3826 2607 3880 Illud
2638 3826 2871 3897 pertinet
2901 3826 2971 3881 ad
3000 3842 3111 3881 non
3160 3825 3569 3896 concupiscere,

1980 3916 2086 3971 hoc
2110 3915 2180 3971 ad
2209 3915 2440 3987 diligere
2464 3934 2478 3981 ;
2519 3914 2654 3970 illud
2688 3915 2759 3971 ad
2788 3916 3172 3972 declinandum
3212 3931 3245 3970 a
3272 3914 3436 3985 malo,
3468 3915 3575 3971 hoc

1981 4005 2051 4059 ad
2080 4003 2389 4061 faciendum
2419 4004 2642 4060 bonum.
2674 4004 2798 4060 Non
2831 4005 3271 4076 concupiscendo
3301 4003 3447 4059 enim
3476 4019 3571 4059 ve-

1980 4100 2178 4148 tustate
2209 4093 2597 4164 exspoliamur,
2632 4101 2685 4148 et
2713 4093 2990 4165 diligendo
3007 4094 3245 4150 novitate
3273 4092 3568 4148 induimur.

1980 4183 2408 4254 llo/armamini.
2433 4181 2572 4251 Quia
2584 4182 2639 4236 in
2658 4183 2835 4238 Adam
2853 4182 3050 4254 partim
3072 4183 3275 4239 amissa
3287 4190 3370 4240 est
3385 4182 3571 4255 imago

1982 4271 2101 4337 Dei,
2134 4278 2192 4325 ut
2219 4271 2441 4343 incipiat
2469 4271 2648 4327 abillo
2679 4271 2969 4327 reformari
2998 4288 3031 4327 a
3071 4289 3180 4344 quo
3211 4271 3445 4327 formata
3466 4278 3565 4326 est.

1980 4361 2101 4415 Non
2132 4360 2275 4415 enim
2296 4360 2602 4417 reformare
2631 4362 2869 4433 seipsam
2897 4368 3076 4433 potest
3098 4362 3236 4418 sicut
3265 4360 3439 4432 potuit
3468 4359 3571 4416 de-

1982 4449 2240 4505 formare.

1897 4533 1952 4594 D
2056 4566 2226 4620 Vens.
2261 4569 2311 4619 3.
2346 4596 2415 4605 —
2447 4568 2574 4623 Dico
2600 4568 2773 4622 enim.
2799 4566 2915 4622 Hoc
2936 4572 3019 4621 est
3048 4562 3377 4621 sacriﬁcium
3406 4562 3569 4618 Chri-

1983 4653 2304 4721 stianorum,
2344 4662 2401 4708 ut
2449 4654 2603 4709 multi
2641 4672 2807 4709 unum
2851 4669 3051 4726 corpus
3082 4653 3187 4708 sint
3233 4653 3288 4707 in
3333 4652 3566 4708 Christo.

1982 4744 2097 4799 Hoc
2126 4744 2270 4799 enim
2308 4744 2364 4799 in
2410 4744 2765 4800 Sacramento
2812 4743 3000 4799 altaris
3046 4742 3298 4799 ﬁdelibus
3328 4750 3454 4798 voto
3483 4741 3574 4798 de-

1979 4840 2318 4888 monstratur
2354 4833 2634 4901 Ecclesiae,
2694 4850 2815 4905 quae
2844 4833 2899 4887 in
2944 4849 3007 4888 ea
3055 4848 3115 4887 re
3164 4847 3331 4905 quam
3386 4829 3566 4898 oﬁ'ert,

1980 4920 2337 4993 signiﬁcatur.
2373 4921 2520 4978 Sicut
2551 4921 2693 4977 enim
2725 4922 2879 4993 panis
2908 4938 2974 4977 ex
3003 4920 3187 4977 multis
3206 4920 3396 4996 granis
3430 4935 3567 4977 con-

1978 5009 2178 5077 ﬁcitur,
2228 5010 2304 5065 ita
2335 5028 2399 5065 ex
2428 5010 2612 5065 multis
2640 5010 2881 5066 ﬁdelium
2914 5010 3173 5067 membris
3212 5018 3401 5066 sancta
3430 5025 3567 5066 con-

1979 5107 2084 5154 stat
2115 5100 2382 5166 Ecclesia,
2425 5100 2517 5173 qui
2564 5099 2836 5155 Creatoris
2866 5100 2949 5157 sui
2987 5100 3400 5173 participatione
3430 5115 3568 5156 con-

1978 5188 2219 5262 gaudent
2254 5208 2269 5254 ;
2311 5191 2464 5259 cujus
2497 5206 2722 5245 munere
2754 5189 2927 5247 sancti
2969 5198 3092 5245 sunt
3123 5199 3176 5246 et
3204 5206 3392 5257 unum,
3425 5188 3572 5262 quod

1977 5285 2031 5332 et
2060 5276 2116 5331 in
2145 5279 2389 5349 sequenti
2411 5279 2733 5346 ostenditur,
2768 5279 2861 5334 ubi
2887 5278 2960 5334 ait
2994 5297 3007 5334 :
3044 5280 3205 5336 Multi
3237 5297 3421 5338 unum
3442 5296 3568 5336 cor-

1975 5384 2080 5438 pus
2114 5383 2311 5424 sumus
2331 5369 2395 5423 in
2431 5370 2649 5426 Christo
2684 5369 2734 5439 (I
2755 5370 2875 5426 Cor.
2914 5373 3001 5440 Χ.)
3040 5368 3200 5440 Quod
3238 5386 3350 5425 non
3386 5376 3566 5441 potest

1978 5453 2114 5520 ﬁeri,
2148 5455 2251 5509 nisi
2283 5456 2495 5527 sapiant
2516 5458 2586 5512 ad
2616 5458 2983 5525 sobrietatem,
3017 5458 3163 5532 quod
3193 5459 3281 5516 hic
3310 5458 3564 5530 praecipi-

1974 5552 2075 5599 tur.
2108 5546 2312 5618 Sapere
2345 5545 2418 5601 ad
2464 5547 2841 5604 sobrietatem.
2894 5548 2954 5603 ld
2993 5557 3096 5621 est,
3141 5549 3307 5621 quod,
3343 5546 3567 5615 justitiaa

1976 5642 2238 5699 terminos
2272 5660 2380 5699 non
2409 5645 2726 5715 egrediatur
2760 5645 2902 5718 quod
2924 5646 3080 5701 nobis
3107 5646 3283 5700 solum
3313 5642 3441 5697 utile
3473 5643 3559 5706 sit,

1976 5738 2027 5785 et
2057 5732 2186 5788 nulli
2217 5734 2375 5788 obsit.
