3964 6180
376 304 474 358 511

837 298 1243 357 WALAFRIDI
1280 286 1524 355 suam
1561 296 1762 354 FULD.
1804 294 1978 352 non.
2019 271 2173 350 ore.
2214 291 2393 349 rans
2430 292 2472 347 1.
2513 320 2583 333 —
2618 288 3094 347 THEOLOGICA.

3575 292 3677 347 512

451 425 771 483 Mensarum
815 424 966 494 ﬁdei.
1001 423 1311 481 Secundum
1338 421 1502 478 ﬁdem
1549 437 1712 493 quam
1758 436 1972 476 mensu-
1999 416 2281 489 Alingua,
2313 432 2382 472 ne
2412 423 2805 488 praesumentes
2832 415 2901 470 de
2932 430 2991 471 se
3030 429 3142 470 non
3169 412 3499 471 condoleant
3528 413 3669 481 aliis,

363 500 497 570 'rate
525 514 753 586 partitur
779 515 945 581 Deus,
970 515 1085 568 haec
1114 521 1196 567 est
1212 511 1345 567 fides
1376 527 1473 582 per
1500 511 1824 566 charitatem
1841 526 1974 581 ope-

381 618 512 659 rans
554 604 671 659 sine
728 620 833 675 qua
870 602 1016 658 nulla
1056 602 1375 673 cujusquam
1434 600 1794 656 existimanda
1850 606 1975 654 sunt

378 706 569 764 Opera.
602 692 819 747 Christo
843 707 952 747 non
983 690 1050 745 ad
1077 704 1391 746 mensuram
1434 689 1593 744 datus
1623 696 1706 744 est
1728 687 1970 759 spiritus,

378 782 481 840 sed
509 782 720 838 caeteris
747 780 1002 836 omnibus
1049 779 1205 834 datur
1252 786 1305 833 et
1333 778 1491 833 datus
1521 777 1733 832 additur
1764 796 1779 844 ;
1827 777 1974 831 unde

377 869 616 926 Joannes
645 869 714 925 de
744 868 960 925 Christo
980 867 1054 922 ait
1075 884 1089 922 :
1113 868 1233 924 Non
1260 867 1418 923 enim
1437 866 1510 922 ad
1524 882 1858 922 mensuram
1877 865 1975 921 dat

378 958 525 1015 Deus
542 959 838 1031 Spiritum,
860 956 1074 1013 caeteris
1103 953 1387 1023 dividitur,
1420 970 1529 1011 non
1549 954 1769 1027 quidem
1796 953 1974 1026 Spiri-

380 1054 485 1113 tus,
520 1046 617 1101 sed
653 1047 794 1102 dona
832 1045 967 1115 ejus.

448 1153 619 1209 Vens.
656 1155 709 1208 4.
742 1184 812 1194 -
842 1152 1002 1209 Sicut
1025 1153 1181 1208 enim
1202 1152 1266 1207 in
1287 1167 1421 1207 uno.
1455 1150 1647 1222 (Λυα.)
1676 1150 1851 1205 Nemo
1875 1163 1976 1221 po-

376 1240 502 1298 terit
530 1258 654 1297 esse
705 1242 904 1310 justus,
954 1240 1195 1313 quandiu
1242 1239 1404 1295 fuerit
1430 1240 1500 1293 ab
1558 1238 1762 1294 unitate
1819 1239 1976 1307 hujus

378 1330 624 1402 corporis
651 1338 957 1401 separatus,
991 1337 1121 1396 etc.,
1154 1346 1327 1402 usque
1357 1330 1429 1385 ad
1453 1328 1550 1384 sed
1595 1329 1733 1384 bene
1790 1327 1975 1382 utendi

377 1419 579 1491 pietate
594 1419 932 1489 possideant.

451 1535 622 1589 Vens.
649 1538 699 1602 5,
734 1537 792 1589 6.
824 1564 893 1575 --
913 1533 1134 1605 Singuli
1154 1537 1346 1589 autem
1374 1533 1523 1588 alter
1542 1531 1977 1587 alteriusme-m-

376 1623 495 1689 bra,
522 1623 806 1692 habentes,
840 1630 945 1678 etc.
977 1622 1060 1677 Ad
1084 1623 1186 1677 hoc
1199 1622 1463 1676 habentes
1476 1620 1620 1676 bona
1649 1618 1973 1675 differentia.

380 1712 480 1767 Vel
508 1711 710 1783 singuli
757 1728 946 1767 sumus
975 1711 1244 1777 membra,
1294 1710 1459 1783 igitur
1514 1710 1569 1764 in
1600 1708 1977 1765 diﬂ'erentibus

376 1799 537 1856 donis
552 1801 657 1857 hoc
682 1808 913 1874 agatur;
950 1816 1070 1871 quae
1100 1807 1278 1855 autem
1324 1806 1444 1853 sunt
1489 1798 1596 1854 illae
1651 1798 1843 1870 gratiae
1900 1811 1973 1852 ex
2002 1789 2055 1848 Β

382 1904 615 1960 quarum
644 1890 962 1945 diversitate
1010 1888 1243 1943 dicimur
1276 1887 1545 1951 membra,
1576 1895 1628 1942 et
1675 1886 1905 1957 qualiter
1937 1885 1994 1939 in

377 1976 509 2044 illis,
544 1977 703 2033 nobis
732 1977 965 2032 invicem
990 1976 1300 2032 subservire
1320 1975 1635 2044 debeamus,
1687 1974 1860 2045 aperit
1910 1973 1994 2027 di-

383 2081 547 2121 cens:
568 2066 693 2122 Sive
706 2066 1073 2139 prophetiam
1090 2066 1399 2121 secundum
1412 2065 1693 2120 rationem
1710 2063 1862 2133 fidei,
1876 2064 1991 2117 sive

382 2155 791 2220 ministerium,
818 2163 921 2210 etc.
947 2155 1245 2219 Habentes,
1283 2152 1454 2208 simus
1474 2152 1720 2207 membra
1738 2152 1987 2214 aliorum,

382 2250 441 2298 ut
467 2242 575 2297 illis
603 2244 1015 2315 prophetemus.
1065 2242 1340 2298 Habentes
1388 2242 1510 2297 dico
1557 2241 1868 2297 secundum
1896 2257 1989 2295 ra-

388 2333 596 2388 tionem
616 2332 768 2401 ﬁdei,
806 2331 929 2403 quia
959 2339 1127 2402 prout
1157 2330 1327 2403 exigit
1358 2329 1497 2385 fides
1519 2346 1727 2394 eorum,
1770 2329 1856 2383 vel
1886 2345 1989 2382 au—

382 2420 620 2476 ditorum
666 2419 955 2492 prophetia
1012 2420 1189 2474 datur.
1236 2420 1377 2474 Nota
1425 2419 1570 2490 quod
1599 2418 1655 2472 in
1699 2433 1987 2472 enumera-

380 2509 526 2565 tione
555 2509 861 2580 gratiarum
906 2524 939 2563 a
960 2508 1252 2580 prophetia
1282 2508 1489 2578 incipit,
1512 2507 1634 2579 quia
1656 2507 1834 2578 prima
1855 2521 1986 2577 pro-

382 2597 530 2653 batio
560 2598 706 2670 quod
737 2596 874 2653 fides
904 2606 1095 2653 nostra
1117 2597 1185 2652 sit
1201 2596 1557 2665 rationabilis,
1578 2604 1661 2651 est
1692 2594 1838 2669 quod
1859 2610 1985 2652 cre-

380 2685 573 2743 dentes
619 2694 842 2759 accepto
875 2686 1081 2758 Spiritu
1113 2686 1529 2757 prophetabant.

455 2793 625 2849 Vaas.
677 2798 729 2848 8.
763 2822 833 2833 —
867 2793 972 2862 Qui
1017 2793 1343 2848 miseretur.
1402 2792 1531 2847 Haec
1590 2788 1864 2846 miseratio
1905 2796 1986 2843 est

382 2880 696 2954 quotidiana
717 2880 988 2936 medicina
1012 2880 1341 2953 quotidianis
1361 2878 1680 2935 vulneribus
1692 2878 1794 2933 etsi
1816 2877 1985 2934 levio-

382 2971 536 3026 ribus
560 2987 573 3024 :
608 2977 790 3027 tamen
809 2970 1101 3043 judicium
1119 2970 1248 3026 sine
1269 2968 1666 3025 misericordia
1696 2968 1795 3037 ﬁet
1817 2968 1870 3023 ei
1890 2969 1985 3040 qui

382 3076 499 3117 non
517 3061 664 3132 facit
684 3059 1136 3116 misericordiam
1164 3058 1304 3129 (Jac.
1336 3060 1422 3129 ιι),
1455 3065 1508 3112 et
1539 3058 1643 3112 hoc
1678 3056 1863 3129 utique
1888 3057 1981 3125 ju-

383 3157 526 3204 stum
556 3156 640 3204 est
693 3157 752 3204 ut
800 3147 1100 3203 dimittatur
1157 3145 1446 3202 dimittenti
1501 3153 1554 3200 et
1610 3146 1765 3200 detur
1812 3142 2053 3206 danti.C

387 3236 645 3309 Quisquis
665 3253 797 3292 vero
828 3236 987 3309 quasi
1016 3235 1178 3290 nimis
1184 3237 1362 3305 justus
1393 3243 1446 3290 et
1476 3249 1704 3290 securus
1717 3233 1982 3303 judicium

385 3333 661 3398 exspectat
709 3325 826 3382 sine
883 3324 1282 3391 misericordia,
1330 3323 1433 3378 sibi
1496 3322 1635 3378 iram
1699 3330 1977 3393 provocat.

382 3414 758 3471 Misericordia
815 3415 933 3469 haec
990 3414 1273 3484 multiplex
1328 3420 1430 3479 est,
1484 3412 1693 3469 scilicet
1732 3411 1983 3483 peccanti

384 3504 695 3577 ignoscere,
726 3518 993 3574 oppresso
1025 3502 1335 3568 subvenire,
1360 3511 1465 3558 etc.
1493 3519 1507 3568 ;
1540 3508 1593 3556 et
1639 3500 1762 3556 ideo
1803 3500 1984 3555 subdit

387 3592 455 3647 de
484 3590 855 3647 misericordia
869 3591 1123 3663 ponendo
1156 3606 1323 3644 unum
1354 3589 1470 3659 ejus
1508 3590 1819 3644 membrum
1860 3603 1984 3644 cum

384 3680 729 3755 praemissum
761 3679 829 3734 sit
858 3679 1003 3734 aliud
1029 3680 1362 3749 membrum,
1417 3678 1509 3733 ubi
1541 3687 1721 3733 autem
1754 3679 1851 3750 qui
1873 3679 1984 3732 tri-

386 3771 526 3836 buit,
546 3771 608 3825 in
643 3769 1035 3842 simplicitate.
1074 3767 1400 3840 Simplicitas
1436 3767 1674 3823 excludit
1731 3766 1984 3839 hypocri-

385 3858 510 3925 sim,
542 3858 783 3914 hilaritas
815 3857 1075 3929 gaudium
1105 3856 1359 3928 ostendit,
1395 3863 1449 3911 et
1498 3854 1693 3911 fretum
1751 3870 1848 3926 spe
1894 3853 1983 3909 fu-

386 3948 512 4005 turi.

458 4064 629 4118 Vnus.
670 4064 759 4117 11.
798 4061 1004 4116 -Νοη
1030 4061 1202 4132 pigri.
1252 4058 1571 4116 Maledictus
1624 4067 1707 4115 est
1737 4056 1828 4130 qui
1857 4054 1987 4113 facit

385 4167 525 4223 opus
553 4150 653 4206 Dei
681 4149 1053 4223 negligenter,
1075 4149 1233 4220 piger
1264 4149 1379 4204 sine
1410 4165 1506 4220 Spe
1549 4156 1631 4204 est
1662 4148 1718 4203 in
1758 4162 1986 4203 conver-

386 4239 592 4296 satione
621 4238 824 4294 divina.
860 4239 926 4293 Et
955 4236 1079 4294 ideo
1126 4245 1185 4291 ut
1214 4236 1387 4310 frigus
1436 4237 1671 4310 pigritiae
1730 4236 1983 4307 pellatur.

384 4329 524 4386 Sitis
542 4331 848 4401 ferventes,
876 4334 983 4383 etc.

455 4419 673 4492 Spiritu
700 4419 1003 4489 ferventes.
1031 4415 1299 4486 (Tnson.)
1323 4413 1603 4485 Spiritum,
1635 4412 1868 4485 gratiam
1897 4428 1987 4484 ap-

2074 506 2171 561 sed
2190 506 2535 577 exprobrent.

2144 596 2312 649 Vens.
2341 597 2427 650 19.
2460 624 2529 634 -
2558 596 2696 650 Date
2734 594 2937 650 locum.
2973 591 3101 647 Non
3128 591 3379 663 praecipit
3407 600 3467 647 ut
3493 590 3672 648 vindi-

2074 683 2189 738 cari
2217 683 2388 738 nolint
2411 684 2585 738 sancti
2615 698 2648 737 a
2669 684 2804 751 Deo,
2838 681 2984 753 quod
3013 681 3069 735 in
3099 680 3677 752 Apocalypsiclamant

2075 771 2267 839 sancti,
2313 788 2423 827 non
2469 770 2693 844 quidem
2739 777 2963 842 prOpter
3011 769 3433 824 exsaturandum
3468 768 3669 837 odium,

2076 861 2174 916 sed
2219 860 2344 933 quia
2394 860 2655 932 scriptum
2721 867 2802 915 est
2863 875 2876 912 :
2918 859 3229 915 Laetabitur
3279 861 3497 930 justus,
3550 874 3677 914 cum

2074 949 2280 1005 viderit
2296 947 2892 1019 vindictam.Praecipit
2911 954 3110 1014 autem,
3134 954 3193 1001 ut
3221 947 3326 1018 ipsi
3342 963 3402 1002 se
3423 961 3534 1002 non
3560 946 3674 1003 vin-

2074 1036 2316 1093 dicantes
2345 1038 2474 1093 dent
2500 1037 2679 1094 locum
2716 1036 2810 1093 irae
2848 1036 2949 1091 Dei
2980 1036 3073 1109 qui
3103 1035 3233 1091 dicit
3269 1053 3283 1089 :
3315 1035 3449 1092 Mihi
3482 1035 3670 1091 vindi-

2075 1130 2248 1191 ctam,
2274 1130 2331 1182 et
2351 1142 2445 1198 ego
2468 1126 2798 1183 retribuam.
2823 1125 2880 1180 Si
2902 1140 3034 1196 ergo
3064 1123 3179 1180 vult
3210 1123 3407 1190 bonus,
3441 1131 3499 1178 ut
3527 1124 3675 1179 Deus

2075 1213 2354 1270 inimicum
2384 1215 2592 1285 puniat,
2653 1229 2762 1269 non
2792 1222 2876 1269 est
2923 1215 3029 1270 hoc
3068 1213 3299 1268 reddere
3345 1211 3548 1266 malum
3578 1227 3678 1282 pro

2076 1303 2238 1358 malo.
2271 1303 2404 1358 Cum
2436 1320 2572 1376 ergo
2603 1304 2766 1358 homo
2791 1304 2972 1373 justus
3003 1310 3057 1357 et
3084 1303 3247 1357 homo
3268 1301 3440 1355 malus
3469 1301 3539 1356 de
3571 1299 3676 1354 ini-

2075 1391 2232 1446 micis
2279 1392 2392 1446 suis
2419 1408 2449 1445 a
2479 1394 2595 1447 Deo
2624 1391 2754 1447 velit
2782 1390 3068 1457 vindicari,
3118 1390 3174 1443 in
3209 1405 3316 1462 quo
3346 1389 3674 1444 discernun-

2077 1487 2165 1533 tur
2183 1480 2211 1534 ‘2
2240 1481 2421 1534 Bonus
2451 1480 2630 1552 magis
2681 1479 2826 1550 cupit
2857 1479 3063 1550 corrigi
3093 1478 3371 1534 inimicum
3402 1493 3566 1549 quam
3587 1493 3682 1548 pu-

2078 1567 2203 1634 niri,
2236 1576 2289 1623 et
2319 1569 2617 1633 cumﬁeus
2644 1568 2799 1639 punit
2827 1583 2935 1623 non
2966 1567 3266 1623 delectatur
3296 1566 3363 1621 de
3383 1581 3544 1637 poma
3574 1565 3680 1619 ini-

2078 1656 2224 1723 mici,
2260 1657 2354 1713 sed
2387 1658 2493 1712 hoc
2528 1656 2576 1711 ei
2607 1657 2781 1727 placet
2815 1656 2959 1728 quod
3006 1664 3059 1711 et
3102 1654 3355 1721 Domino,
3405 1654 3530 1726 quia
3556 1670 3679 1709 eum

2079 1745 2277 1818 diligit,
2313 1754 2365 1800 et
2383 1746 2529 1799 Deus
2559 1753 2643 1801 est
2671 1760 2831 1817 quem
2861 1744 3104 1815 sequitur
3131 1743 3187 1798 in
3216 1745 3323 1799 hoc
3356 1760 3370 1797 :
3404 1744 3511 1812 Qui
3528 1744 3677 1814 pluit

2094 1836 2450 1907 superjustos
2469 1838 2522 1889 et
2543 1835 2786 1906 injustas
2808 1834 2989 1905 (Prov.
3021 1832 3165 1903 xxv)
3190 1851 3204 1899 ;
3237 1839 3289 1888 et
3306 1840 3488 1887 tamen
3518 1831 3680 1885 etiam

2091 1921 2148 1976 in
2177 1923 2281 1977 hoc
2312 1922 2512 1978 saeculo
2550 1922 2799 1993 asperius
2826 1921 3135 1993 pertinaces
3157 1919 3380 1990 corripit
3410 1929 3459 1974 et
3486 1919 3545 1972 in
3574 1917 3682 1973 fine

2092 2010 2386 2081 damnabit,
2420 2010 2505 2066 cui
2535 2010 2764 2081 proinde
2785 2009 3114 2065 reservanda
3142 2017 3225 2064 est
3278 2007 3536 2064 vindicta.
3589 2006 3683 2063 Ille

2091 2099 2185 2153 dat
2241 2099 2419 2154 locum
2463 2098 2556 2153 ira:
2601 2099 2922 2164 adversarii,
2967 2097 3058 2171 qui
3118 2096 3381 2169 permittit
3430 2096 3683 2152 adversa-

2090 2187 2227 2241 rium
2260 2186 2438 2243 facere
2451 2188 2596 2258 quod
2627 2187 2758 2242 vult.

2161 2276 2332 2331 Vens.
2363 2280 2453 2333 20.
2485 2306 2554 2315 —
2583 2276 2687 2331 Sed
2731 2276 2781 2331 si
2811 2275 3096 2331 esurierit.
3128 2275 3272 2329 Nota
3312 2272 3677 2339 insolentiam,

2088 2364 2205 2431 sed,
2240 2364 2653 2434 conjunctionis.
2678 2365 2753 2419 Ita
2775 2364 2916 2419 enim
2938 2362 3382 2434 prosequendum
3403 2371 3506 2429 est,
3529 2362 3683 2434 quasi

2086 2469 2196 2507 non
2226 2453 2538 2524 interposita
2569 2460 2803 2524 utraque
2834 2452 2902 2507 sit
2930 2452 3259 2521 conjunctio.
3294 2451 3393 2513 Vel
3418 2451 3579 2505 etiam
3609 2450 3683 2504 ita

2085 2550 2265 2612 potest
2292 2542 2422 2613 legi,
2464 2549 2522 2595 ut
2577 2549 2773 2596 neutra
2819 2540 3117 2611 superﬂuat
3163 2539 3492 2608 conjunctio,
3527 2538 3680 2610 quasi

2089 2629 2251 2700 dicat,
2282 2645 2393 2685 non
2422 2630 2596 2686 solum
2626 2646 2737 2686 non
2754 2628 3059 2685 defendatis
3087 2644 3207 2695 vos,
3238 2628 3336 2683 sed
3366 2628 3434 2694 si,
3468 2636 3573 2683 etc.

2680 2771 2909 2828 CAPUT
2935 2770 3085 2826 XIII.

2155 2913 2328 2969 Vens.
2365 2916 2416 2968 1.
2449 2943 2518 2953 -
2553 2913 2743 2970 Omnis
2772 2915 2988 2970 anima.
3021 2914 3186 2985 (Ana.
3206 2912 3498 2985 Expositio
3522 2926 3679 2982 prop.

2082 3004 2186 3059 720
2215 3018 2288 3058 ea:
2328 3004 2489 3075 epist.
2515 3003 2587 3058 ad
2618 3002 2796 3069 Rom.)
2830 3001 2991 3071 Quod
3035 3001 3108 3056 ait
3136 3000 3438 3071 Apostolus
3465 2999 3559 3055 hic
3589 3015 3678 3054 re—

2083 3089 2323 3145 ctissime
2355 3090 2628 3157 admonet,
2663 3098 2790 3156 etc.,
2824 3106 2999 3162 usque
3017 3090 3091 3147 ad
3119 3097 3301 3146 tamen
3323 3088 3501 3145 omnis
3521 3088 3685 3144 homo

2087 3179 2336 3234 subditus
2368 3178 2436 3233 sit
2465 3180 2733 3251 superiori
2762 3195 2840 3234 se.

2156 3269 2277 3324 Non
2300 3272 2385 3323 est
2416 3268 2570 3323 enim
2619 3272 2889 3341 potestas.
2923 3268 3170 3323 Potestas
3199 3273 3283 3323 est
3311 3281 3345 3321 a
3398 3266 3553 3332 Deo;
3589 3265 3683 3322 sed

2083 3372 2201 3428 quae
2230 3372 2261 3411 a
2285 3358 2402 3411 Deo
2431 3363 2576 3426 sunt,
2659 3356 2915 3411 ordinata
2972 3363 3134 3423 sunt;
3169 3371 3305 3428 ergo
3333 3362 3581 3426 potestas
3609 3363 3689 3410 est

2082 3444 2352 3500 ordinata.
2386 3446 2572 3517 Itaque
2621 3444 2716 3517 qui
2763 3444 2965 3500 resistit
3008 3443 3279 3515 potestati,
3320 3443 3422 3499 Dei
3459 3443 3685 3498 ordina-

2081 3532 2214 3588 tioni
2237 3532 2459 3601 resistit,
2493 3534 2562 3589 de
2593 3533 2739 3589 bona
2758 3540 3026 3604 potestate
3045 3541 3213 3604 patet,
3245 3532 3394 3603 quod
3422 3547 3544 3587 eam
3562 3546 3685 3603 per-

2082 3621 2210 3678 fecit
2238 3623 2405 3677 Deus.
2440 3621 2851 3678 Rationabiliter
2879 3622 2947 3676 de
2967 3621 3115 3677 mala
3140 3620 3317 3676 videri
3331 3628 3531 3691 potest,
3555 3620 3681 3675 dum

2082 3719 2137 3765 et
2166 3710 2293 3766 boni
2322 3726 2422 3781 per
2453 3725 2575 3765 eam
2604 3718 2926 3783 purgantur,
2959 3718 3011 3764 et
3042 3709 3171 3764 mali
3217 3709 3572 3774 damnantur,
3629 3717 3683 3763 et

2084 3798 2205 3869 ipsa
2232 3798 2287 3853 in
2334 3798 2576 3854 deterius
2623 3798 3007 3869 praecipitatur.
3057 3798 3127 3852 Et
3186 3797 3347 3866 scias,
3402 3796 3551 3867 quod
3582 3811 3686 3851 no-

2084 3887 2232 3942 mine
2278 3887 2559 3958 potestatis
2598 3887 2871 3942 interdum
2928 3886 3191 3957 accipitur
3245 3892 3488 3956 potestas
3545 3884 3686 3956 ipsa,

2085 3992 2205 4048 quae
2235 3976 2397 4031 datur
2426 3975 2588 4032 alicui
2617 3992 2646 4029 a
2664 3977 2800 4043 Deo,
2823 3976 3116 4047 aliquando
3145 3975 3263 4046 ipse
3292 3974 3455 4030 homo
3476 3972 3689 4029 habens

2084 4072 2409 4135 potestatem
2434 4083 2448 4131 ;
2472 4064 2615 4136 quod
2645 4064 2879 4137 diligens
2908 4064 3080 4120 lector
3110 4062 3426 4136 distinguat.

2163 4154 2293 4221 Qua:
2309 4157 2501 4208 autem
2526 4158 2687 4220 sunt,
2716 4171 2750 4209 a
2772 4155 2879 4209 Deo
2892 4153 3157 4209 ordinata
3181 4155 3336 4207 sunt.
3362 4150 3423 4204 Id
3451 4157 3555 4215 est,
3589 4165 3686 4204 ra-

2088 4240 2417 4296 tionabiliter
2459 4257 2489 4295 a
2558 4241 2674 4296 Deo
2717 4241 2997 4312 disposita,
3038 4241 3210 4295 unde:
3246 4242 3389 4295 Deus
3428 4243 3690 4312 potentes

2086 4346 2201 4386 non
2219 4330 2433 4401 abjicit,
2469 4346 2599 4385 cum
2638 4333 2697 4385 et
2715 4331 2832 4402 ipse
2853 4334 3054 4402 potens
3070 4331 3148 4384 sit
3172 4329 3308 4399 (Job.
3346 4329 3580 4397 xxxvr.)

2165 4418 2397 4489 (Gneo)
2430 4418 2603 4473 Deum
2632 4406 2831 4489 quippe
2861 4418 3061 4472 imitari
3089 4416 3379 4481 desiderat,
3416 4416 3510 4488 qui
3528 4414 3689 4470 fasti-

383 4507 623 4580 pellavit,
658 4514 787 4573 etc.,
820 4520 994 4579 usque
1014 4505 1086 4561 ad
1107 4504 1211 4560 hoc
1244 4503 1394 4558 enim
1429 4502 1581 4558 dixit.
1622 4503 1878 4560 Orationi
1897 4503 1987 4556 in-
2017 4502 2070 4563 D
2098 4506 2247 4580 gium
2274 4506 2549 4579 potentiae,
2585 4515 2711 4573 etc.,
2745 4523 2919 4579 usque
2936 4507 3007 4561 ad
3018 4505 3144 4578 quia
3165 4520 3513 4577 nequaquam
3539 4505 3690 4574 justa

383 4600 623 4652 stantes.
667 4595 727 4650 Id
755 4603 855 4665 est,
891 4593 1109 4649 assidue
1139 4595 1243 4649 hoc
1277 4591 1560 4649 facientes.

456 4686 692 4740 Domino
728 4684 1059 4749 servientes,
1116 4690 1220 4738 etc.
1271 4681 1441 4752 Quasi
1477 4680 1669 4737 dicat:
1723 4678 1986 4749 Quamvis

385 4772 618 4828 dixerim
638 4779 692 4825 ut
723 4771 916 4843 spiritu
947 4771 1219 4827 ferventes
1251 4771 1400 4838 sitis;
1434 4786 1545 4825 non
1571 4778 1748 4824 tamen
1780 4767 1988 4840 passim

384 4869 439 4917 et
468 4862 773 4932 importune
795 4860 965 4915 verba
995 4860 1095 4915 Dei
1123 4860 1406 4933 ingeratis,
1444 4860 1543 4915 sed
1574 4856 1837 4930 temporis
1884 4872 1987 4928 op-

383 4948 709 5022 portunitate
740 4948 857 5002 sitis
887 4947 1181 5015 ferventes,
1214 4956 1272 5003 ut
1315 4948 1457 5019 aptis
1503 4947 1660 5014 locis,
1711 4944 1984 5018 personis,

384 5046 439 5094 et
457 5046 706 5109 tempore
736 5037 908 5093 verba
938 5036 1066 5091 ﬁdei
1097 5036 1415 5109 loquamini.
1454 5039 1770 5093 Ferventes.
1811 5034 1989 5106 Spiri-

386 5134 470 5182 tus
500 5125 642 5198 ignis
685 5133 768 5179 est
816 5141 922 5197 quo
971 5124 1144 5180 fervet
1197 5125 1453 5193 Charitas,
1523 5124 1666 5179 unde
1725 5123 1990 5180 Dominus

386 5214 495 5270 ait:
529 5215 722 5286 Ignem
739 5215 869 5270 veni
888 5214 1118 5270 mittere
1140 5215 1201 5268 in
1221 5217 1451 5281 terram,
1479 5217 1535 5269 et
1554 5214 1687 5287 quid
1711 5215 1847 5279 volo,
1876 5212 1991 5268 nisi

390 5303 589 5359 ardeat
609 5306 630 5358 ?
650 5300 807 5373 (Luc.
832 5302 963 5372 xu.)

460 5419 632 5474 Vsus.
669 5421 734 5474 12
763 5447 833 5459 --
868 5418 971 5489 Spe
998 5418 1327 5489 gaudentes.
1361 5416 1506 5473 Certi
1536 5416 1606 5472 de
1640 5393 1837 5472 futui-is
1854 5432 1992 5487 gau-

392 5508 545 5573 dent,
576 5515 629 5563 et
659 5506 782 5562 ideo
816 5506 1084 5577 patientes
1112 5505 1165 5559 in
1197 5505 1562 5561 tribulatione.

464 5596 635 5653 Vens.
664 5598 749 5651 16.
782 5625 852 5635 -
875 5595 1318 5651 Consenticntes.
1354 5593 1513 5663 Quod
1535 5609 1646 5650 non
1660 5592 1717 5648 fit
1748 5609 1845 5649 ore
1877 5600 1999 5648 tan-

391 5693 523 5750 tum,
558 5685 681 5756 quia
712 5693 839 5741 tunc
856 5692 937 5741 est
969 5699 1101 5739 vera
1133 5683 1427 5751 humilitas,
1461 5683 1506 5738 si
1537 5699 1646 5737 non
1677 5691 1759 5737 est
1794 5683 1848 5737 in
1882 5681 1994 5737 sola

2083 4596 2346 4667 potentia,
2383 4595 2481 4651 sed
2505 4594 2645 4651 actio
2675 4611 2851 4666 prava
2880 4595 3187 4649 damnatur.

2155 4704 2327 4758 Vens.
2359 4706 2488 4760 2.-
2523 4704 2626 4771 Qui
2646 4706 2841 4757 autem
2879 4702 3115 4757 resistit.
3149 4699 3341 4771 (Αυρ.)
3363 4698 3506 4767 Quid
3540 4698 3689 4767 siju-

2085 4791 2209 4847 beat
2226 4790 2369 4863 quod
2399 4806 2506 4846 non
2536 4789 2706 4846 licet?
2724 4789 2813 4845 hic
2842 4805 2974 4844 sane
3003 4797 3311 4845 contemnet
3343 4794 3689 4859 potestatem,

2086 4879 2330 4935 timendo
2357 4886 2681 4950 potestatem
2712 4878 2973 4948 majorem
2998 4897 3011 4943 ;
3044 4893 3179 4950 ergo
3202 4877 3246 4931 si
3276 4875 3421 4930 aliud
3450 4876 3695 4945 impera-

2088 4976 2195 5035 tor,
2228 4976 2280 5023 et
2298 4967 2444 5023 aliud
2462 4968 2609 5023 Deus
2624 4967 2833 5037 jubeat,
2853 4974 3165 5037 contempto
3184 4965 3282 5021 illo
3303 4965 3691 5035 obtemperan-

2094 5058 2224 5112 dum
2256 5063 2339 5110 est
2369 5058 2502 5111 Deo.

2165 5155 2333 5209 Vens.
2366 5158 2418 5209 3.
2452 5184 2521 5194 --
2551 5155 2861 5226 Principes.
2895 5152 3037 5208 Dicit
3081 5151 3204 5206 illos
3248 5166 3372 5206 esse
3409 5149 3691 5221 principes

2092 5241 2406 5314 Apostolus,
2441 5242 2533 5314 qui
2561 5249 2781 5313 prepter
2809 5241 3197 5314 corrigendum
3225 5239 3392 5294 vitam
3422 5246 3476 5293 et
3502 5238 3695 5309 prohi-

2093 5331 2275 5387 benda
2303 5330 2537 5387 adversa
2557 5338 2831 5400 creantur,
2864 5329 2965 5384 Dei
2994 5329 3255 5384 habentes
3284 5327 3604 5397 imaginem,
3638 5335 3698 5382 ut

2094 5420 2195 5474 sub
2226 5436 2334 5475 uno
2363 5419 2545 5476 caeteri
2576 5419 2700 5474 sint.
2733 5420 2853 5475 Non
2901 5421 3039 5474 sunt
3074 5418 3273 5473 timore
3296 5417 3441 5481 boni,
3494 5422 3603 5470 etc.
3638 5414 3696 5469 Si

2093 5508 2272 5563 bonus
2302 5517 2386 5565 est
2401 5508 2677 5580 princeps,
2713 5508 2852 5563 bene
2882 5514 3199 5578 Operantem
3227 5520 3338 5559 non
3385 5502 3561 5575 punit,
3594 5502 3696 5557 sed

2092 5597 2288 5668 diligit.
2323 5597 2415 5652 Sin
2445 5597 2642 5664 malus,
2675 5612 2785 5653 non
2815 5603 2973 5652 nocet
2991 5596 3157 5660 bono,
3197 5593 3293 5649 sed
3321 5599 3516 5664 purgat
3545 5608 3695 5648 eum.

2094 5686 2265 5742 Malus
2283 5703 2420 5758 ergo
2456 5686 2699 5742 subditus
2737 5685 2898 5744 debet
2928 5684 3138 5753 timere,
3170 5682 3298 5755 quia
3327 5680 3552 5737 instituti
3572 5689 3700 5735 sunt
