3964 6180
271 292 379 345 513

1257 299 1527 358 GLOSSA
1566 301 1980 361 ORDINARIA.
2015 336 2084 347 —
2125 308 2338 366 EPIST.
2374 313 2466 368 AD
2500 313 2668 371 ROM.

3481 336 3584 390 5H

269 413 560 485 principes
591 423 648 470 ut
677 415 816 472 mala
845 418 1088 488 puniant.
1138 423 1366 480 Habebis
1399 426 1622 482 laudem
1654 444 1727 483 ex
1756 430 1880 484 illa.
1905 429 1961 490 A
1993 430 2312 489 debeamus.
2363 438 2596 509 Propter
2640 446 2744 496 est.
2795 443 2940 499 Bene
2980 461 3215 516 operans
3253 451 3463 509 vicinus
3506 464 3589 512 est

269 500 329 555 Si
355 502 510 570 justa
538 513 640 571 est,
676 505 790 576 ipsa
821 507 1104 577 laudante;
1171 511 1216 565 si
1245 511 1450 584 iniqua,
1485 514 1602 586 ipsa
1632 516 1728 570 tibi
1761 516 1883 571 lau-

266 587 356 643 dis
389 592 741 650 occasionem
768 595 1068 665 praebente.

343 697 526 752 VEns.
569 701 622 754 4.
657 731 725 740 -
755 703 855 759 Dei
885 705 1039 759 enim
1061 706 1345 763 minister.
1375 709 1502 764 Ideo
1524 710 1633 766 dati
1653 720 1778 766 sunt
1802 729 1882 767 re-

262 792 473 853 ctores,
509 804 575 842 ne
606 789 748 844 mala
777 789 923 846 fiant.
966 793 1178 850 Vindex
1209 796 1270 850 in
1304 799 1469 852 iram.
1520 800 1580 853 Id
1613 810 1714 866 est,
1748 817 1879 871 pro-

259 882 392 943 pter
420 875 562 930 iram
594 878 692 933 Dei
720 878 1121 949 vindicandam,
1179 884 1268 940 vel
1301 885 1497 941 vindex
1526 887 1582 940 in
1613 889 1744 942 iram
1778 890 1880 945 Dei

259 964 671 1020 ostendendam
699 985 713 1034 ;
757 969 884 1040 quia
911 970 1028 1026 haec
1057 972 1265 1042 punitio
1295 973 1496 1031 indicat
1524 977 1878 1048 persistentes

254 1049 314 1104 in
344 1051 501 1108 malo
533 1054 754 1125 gravius
782 1057 1111 1128 puniendos.

331 1166 516 1223 Vens.
542 1173 593 1224 6.
620 1201 689 1212 —
720 1171 842 1229 Ideo
873 1181 1048 1230 enim.
1083 1176 1296 1232 Subditi
1326 1194 1449 1234 esse
1481 1180 1710 1250 debetis,
1747 1183 1876 1255 quia

253 1253 431 1310 etiam
454 1256 600 1323 ideo,
628 1259 684 1313 id
705 1269 786 1314 est
803 1271 1031 1332 propter
1047 1266 1439 1321 ostendendam
1462 1253 1868 1338 subjectionem,

251 1346 542 1412 praestatis
573 1346 786 1415 tributa,
817 1351 965 1420 quod
995 1360 1077 1406 est
1106 1353 1324 1424 signum
1354 1357 1724 1426 snbjectionis.
1748 1360 1872 1416 Non

248 1431 344 1499 ait,
395 1433 628 1502 solvitis,
683 1437 782 1491 sed
832 1440 1119 1508 praistatis,
1165 1444 1322 1512 quasi
1367 1446 1662 1501 reddituris
1695 1467 1708 1514 ;
1744 1450 1870 1519 quia

248 1521 499 1576 reddunt
530 1523 660 1578 dum
688 1535 927 1597 pugnant
959 1545 1055 1598 pro
1086 1531 1283 1600 patria,
1338 1541 1390 1586 et
1420 1535 1549 1588 dum
1582 1545 1750 1606 agunt
1775 1539 1867 1606 ju-

245 1607 420 1675 dicia,
473 1626 572 1666 vos
603 1614 869 1682 praestatis
916 1617 1213 1673 servientes
1246 1621 1381 1675 Deo.
1433 1623 1535 1677 Per
1563 1625 1666 1679 hoc
1699 1627 1862 1694 enim,

247 1697 410 1768 quod
441 1699 522 1752 illi
552 1700 749 1756 tributa
800 1704 959 1770 datis,
1012 1707 1127 1761 Deo
1175 1709 1410 1775 servitis,
1465 1713 1587 1782 quia
1633 1714 1866 1769 ministri

1980 527 2200 576 aeternae
2243 523 2384 579 vitae.
2430 526 2736 596 Baptismus
2785 531 2930 586 enim
2979 538 3162 591 estad
3192 541 3424 610 veniam,
3474 545 3586 600 vita

1982 607 2125 663 bona
2170 611 2238 664 ad
2288 628 2570 670 coronam.
2623 618 2721 673 Vel
2761 623 3005 694 prapior,
3073 626 3201 697 quia
3248 629 3371 700 plus
3413 607 3584 688 morti

1980 698 2214 766 proximi
2246 717 2452 757 sumus.

2055 787 2224 842 Vsus.
2261 792 2346 846 12.
2380 821 2451 832 -—
2483 794 2604 850 Nox
2633 801 2942 867 praecessit.
2982 803 3117 857 Item
3148 820 3318 876 quare
3351 824 3583 882 surgere

1978 873 2179 929 debent
2207 879 2513 935 ostenditur
2543 901 2558 937 :
2595 885 2722 954 quia
2744 904 2861 943 nox
2880 873 3217 947 infidelitatis
3247 904 3299 950 et
3328 873 3584 969 ignoran-

1977 960 2065 1016 tize
2086 967 2398 1035 praecessit,
2433 969 2488 1024 id
2520 980 2602 1025 est
2631 971 2768 1042 fuit;
2817 978 2914 1031 sed
2943 981 3110 1036 modo
3150 997 3260 1038 non
3303 960 3386 1040 est
3424 988 3580 1056 cujus

1975 1052 2242 1108 memoria
2289 1065 2492 1127 monet,
2545 1067 2604 1114 ut
2651 1065 2912 1120 caveatis.
2964 1069 3096 1126 Dies
3147 1077 3358 1140 autem,
3411 1074 3466 1130 id
3495 1085 3581 1134 est

1973 1145 2181 1196 aeterna
2210 1142 2510 1217 beatitudo,
2545 1153 3036 1227 appropinquavit,
3071 1158 3202 1214 dum
3231 1171 3460 1232 peccata
3486 1183 3580 1222 re-

1972 1226 2161 1299 missa,
2196 1231 2326 1285 dum
2357 1234 2488 1289 estis
2501 1236 2634 1304 justi
2665 1256 2766 1309 per
2785 1242 3040 1314 gratiam.
3068 1247 3192 1303 No.2:
3212 1226 3368 1306 vetus
3387 1253 3572 1326 homo,

1973 1315 2065 1385 qui
2093 1316 2147 1370 in
2178 1319 2453 1390 baptismo
2502 1328 2802 1396 praeteriit;
2854 1334 3005 1400 Dies,
3053 1336 3136 1390 sol
3159 1338 3383 1405 justitiae
3411 1315 3574 1398 Chri;

1971 1411 2104 1472 stus,
2138 1407 2293 1475 cujus
2324 1409 2445 1467 luce
2477 1414 2763 1495 veritatem
2792 1419 3120 1492 didicerunt,
3161 1434 3217 1480 ut
3239 1428 3412 1485 sciant
3441 1432 3573 1503 quid

1969 1495 2248 1564 agendum
2279 1499 2367 1553 sit.
2405 1501 2580 1573 Opera
2615 1490 2996 1565 tenebrarum.
3032 1490 3216 1584 Opera
3247 1518 3410 1587 mala,
3447 1490 3569 1592 qum

1968 1595 2034 1634 ex
2056 1585 2296 1639 tenebris
2315 1587 2640 1659 ignorantim
2661 1606 2944 1667 venerunt,
2972 1601 3058 1656 vel
3081 1605 3337 1661 tenebras
3357 1619 3565 1682 amant,

1967 1675 2020 1723 et
2051 1672 2122 1726 ad
2155 1675 2413 1731 tenebras
2444 1679 2670 1736 ducunt.

246 1787 351 1841 Dei
397 1796 544 1842 sunt.
589 1789 686 1845 Vel
730 1793 996 1861 praestatis
1029 1795 1249 1862 tributa,
1304 1798 1432 1868 quia
1469 1801 1700 1856 ministri
1762 1805 1840 1859 De

2038 1785 2208 1842 Vens.
2245 1793 2330 1844 13.
2354 1794 2560 1850 -Νοη
2590 1798 2654 1851 in
2684 1805 3199 1864 comessationibus.
3234 1810 3377 1866 Nota
3405 1812 3461 1868 in
3479 1814 3564 1871 his

241 1883 399 1941 sunt,
433 1884 492 1930 ut
524 1875 652 1932 boni
680 1879 990 1947 laudentur,
1023 1884 1152 1938 mali
1182 1885 1496 1956 puniantur.

314 1981 499 2036 Vens.
537 1983 589 2037 '7.
613 2014 682 2023 —
713 1987 1024 2044 Tributum.
1059 1989 1159 2044 Vel
1183 1991 1440 2046 tributum
1463 1995 1608 2065 quod
1628 1996 1862 2054 dominis

239 2067 506 2125 solvitur.
545 2072 788 2146 Vectigal
819 2076 963 2146 quod
995 2077 1064 2132 ad
1092 2079 1309 2134 domum
1340 2081 1543 2136 domini
1570 2085 1803 2142 vehitur.

310 2183 496 2238 Vnus.
535 2189 586 2240 8.
620 2217 688 2226 —
720 2188 945 2245 Nemini
974 2192 1296 2265 quidquam.
1323 2196 1430 2251 Pax
1457 2198 1526 2253 ad
1547 2215 1758 2268 omnes,
1783 2201 1860 2258 di-

237 2271 411 2326 lectio
461 2272 599 2328 inter
645 2275 861 2332 fratres.
905 2279 1077 2336 Aliter
1125 2283 1271 2337 enim
1319 2302 1449 2341 vere
1506 2286 1699 2344 fratres
1747 2306 1858 2346 non

236 2369 390 2414 sunt.
427 2363 715 2434 Diligatis.
747 2366 944 2422 Mentio
970 2367 1028 2422 fit
1060 2369 1147 2426 hic
1181 2371 1248 2426 de
1281 2373 1561 2446 charitate,
1603 2377 1727 2448 quia
1756 2396 1855 2434 va-

231 2447 306 2503 let
354 2449 434 2504 ad
483 2451 623 2506 hanc
671 2454 1042 2513 humilitatem.
1105 2459 1230 2514 Sola
1274 2463 1417 2516 enim
1469 2447 1700 2521 charitas
1749 2477 1850 2536 est,

231 2554 357 2608 quae
393 2539 563 2593 etiam
594 2542 804 2598 reddita
837 2561 1053 2617 semper
1094 2549 1289 2604 retinet
1321 2551 1646 2610 debitorem.
1701 2558 1850 2612 Red-

232 2625 382 2680 ditur
415 2628 561 2682 enim
595 2647 712 2685 cum
741 2632 1090 2706 impenditur,
1146 2636 1375 2694 debetur
1403 2650 1583 2697 autem
1613 2644 1774 2700 etiam
1805 2647 1851 2701 si

230 2715 458 2771 reddita
507 2715 686 2785 fuerit,
718 2721 848 2792 quia
886 2723 1091 2778 nullum
1137 2735 1219 2781 est
1255 2735 1468 2800 tempus
1515 2749 1620 2802 quo
1648 2733 1852 2805 impen-

230 2803 424 2859 denda
453 2822 565 2860 non
595 2807 680 2862 sit.
713 2810 828 2866 Nec
856 2827 978 2867 cum
1011 2813 1278 2883 redditur,
1305 2819 1586 2890 amiltitur,
1623 2803 1850 2894 sed‘po-

229 2893 338 2947 tius
372 2895 661 2952 reddendo
693 2899 1112 2970 multiplicatur;
1146 2904 1398 2961 habendo
1420 2908 1564 2963 enim
1586 2893 1841 2980 redditur,

234 2997 345 3036 non
379 2985 640 3052 carendo,
675 2995 731 3040 ut
760 2991 995 3058 pecunia
1030 3009 1151 3063 quae
1183 2994 1338 3049 reddi
1369 3013 1478 3052 non
1507 3007 1704 3070 potest,
1739 3002 1845 3056 nisi

234 3070 547 3137 habeatur;
581 3089 681 3130 nec
711 3075 914 3142 haberi,
966 3079 1070 3134 nisi
1101 3083 1382 3154 reddatur,
1430 3086 1537 3142 imo
1569 3105 1690 3143 cum
1721 3092 1844 3146 red-

1963 1872 2242 1931 Romanos
2273 1880 2424 1952 tangi
2450 1901 2462 1948 ;
2498 1891 2551 1936 et
2580 1883 2706 1941 ideo
2735 1904 2845 1943 non
2876 1899 2958 1945 est
2988 1893 3066 1948 eis
3090 1895 3182 1963 jus
3211 1898 3507 1969 gloriandi.

2033 1961 2225 2036 (Λυα.)
2256 1967 2464 2023 Horum
2494 1979 2676 2028 autem
2707 1978 3028 2035 morborum
3050 1961 3309 2054 superbia
3341 1997 3423 2044 est
3452 2006 3564 2047 ma-

1957 2332 2079 2372 mor
2108 2327 2160 2372 et
2190 2321 2448 2381 charitas.

2554 2496 2779 2556 CAPUT
2816 2503 2960 2560 XIV.

2023 2627 2194 2685 Vens.
2236 2633 2285 2687 1.
2321 2663 2390 2674 --
2420 2637 2720 2706 Inﬁrmum
2764 2649 2976 2702 autem.
2999 2649 3262 2708 Perfecta:
3299 2653 3426 2712 fidei
3469 2665 3553 2714 est

1948 2714 2159 2771 nullum
2207 2719 2392 2776 cibum
2442 2725 2777 2800 discernere,
2831 2734 2916 2789 vel
2946 2735 3285 2797 immundum
3333 2752 3548 2816 putare,

1949 2803 2077 2873 quia
2099 2811 2291 2864 omnia
2312 2815 2528 2870 munda
2548 2820 2796 2876 mundis.
2822 2822 2929 2878 Sed
2949 2827 3172 2897 quidam
3192 2830 3394 2888 infirmi
3420 2851 3549 2892 cen-

1948 2893 2141 2948 sebant
2161 2911 2193 2951 a
2213 2898 2541 2968 quibusdam
2563 2893 2982 2982 abstinendum,
3000 2923 3054 2970 et
3073 2917 3148 2972 ita
3177 2918 3318 2976 inter
3348 2923 3547 2981 Roma-

1944 2993 2045 3034 nos
2077 2987 2390 3057 contentio;
2444 2993 2588 3048 unde
2636 2998 2883 3070 pI‘EBCipil'.
2915 3003 3052 3059 tales
3082 3021 3384 3081 assumere,
3435 3029 3547 3070 non

1945 3069 2204 3144 abjiccre,
2248 3078 2343 3131 sed
2385 3081 2642 3150 patiendo
2684 3090 2934 3160 exemplo
2966 3100 3020 3147 et
3048 3096 3218 3152 verbo
3263 3100 3335 3155 ad
3371 3069 3543 3157 fidem

233 3159 386 3214 ditur
420 3161 494 3214 ab
526 3161 761 3228 homine,
811 3167 1008 3223 crescit
1032 3168 1087 3222 in
1117 3171 1335 3227 homine
1369 3192 1381 3240 ;
1417 3183 1468 3229 et
1499 3184 1642 3232 tanto
1671 3180 1841 3248 major

1952 3159 2182 3232 erigere.
2233 3165 2302 3218 Et
2334 3149 2749 3244 siincognitum
2794 3186 2876 3232 est
2922 3197 3030 3251 quo
3072 3185 3193 3255 quis
3232 3188 3414 3245 animo
3454 3191 3543 3247 fa-

231 3248 556 3319 acquiritur,
607 3261 808 3323 quanto
838 3255 1087 3324 pluribus
1121 3260 1382 3317 redditur.
1416 3265 1620 3337 Diligit
1645 3271 1841 3339 proxi-

225 3354 411 3393 mum.
449 3339 585 3392 Cum
627 3341 734 3396 duo
773 3354 1039 3416 przecepta
1072 3347 1178 3402 sint
1206 3351 1502 3418 charitatis,
1544 3371 1642 3425 pro
1686 3365 1838 3413 utro-

226 3441 331 3496 que
355 3443 532 3480 unum
555 3445 699 3499 saepe
718 3431 952 3502 ponitur,
979 3435 1107 3506 quia
1136 3453 1235 3492 nec
1259 3439 1406 3494 Deus
1433 3443 1548 3498 sine
1569 3446 1834 3517 proximo,

221 3529 323 3568 nec
356 3515 482 3569 sine
504 3517 621 3571 Deo
643 3519 921 3589 proximus
953 3523 1200 3596 diligitur
1222 3527 1307 3582 vel
1334 3538 1512 3599 potest
1534 3533 1709 3603 diligi.
1737 3515 1837 3589 Di;

221 3602 386 3658 lectio
435 3605 664 3673 proximi
730 3608 785 3662 in
830 3610 982 3666 factis
1026 3625 1270 3684 apparet,
1323 3618 1538 3674 dilectio
1580 3602 1680 3677 Dei
1723 3640 1837 3678 am-

219 3691 364 3761 plius
427 3693 578 3760 latet,
627 3705 678 3750 et
721 3696 844 3753 ideo
895 3700 1035 3757 hanc
1080 3705 1369 3773 specialius
1396 3709 1576 3777 ponit,
1631 3713 1698 3767 de
1729 3730 1837 3784 qua

227 3781 500 3836 Dominus
541 3783 613 3837 ait
647 3803 660 3838 :
692 3787 1020 3845 Mandatum
1040 3809 1245 3848 novum
1263 3795 1330 3852 do
1351 3798 1518 3864 vobis,
1543 3804 1611 3855 ut
1628 3781 1833 3872 diliga-

223 3870 295 3923 tis
329 3871 597 3940 invicem,
651 3874 744 3928 ubi
785 3876 914 3932 illud
955 3880 1268 3936 mandatum
1312 3887 1489 3954 majus
1529 3888 1833 3946 dilectionis

224 3957 321 4011 Dei
352 3959 574 4014 videtur
606 3977 729 4017 esse
759 3969 1207 4034 prmtermissum.
1245 3973 1352 4027 Sed
1373 3975 1513 4031 bene
1533 3977 1833 4051 intelligen-

221 4046 364 4100 tibus
399 4057 688 4120 utrumque
721 4052 994 4110 invenitur
1027 4057 1082 4111 in
1111 4059 1378 4130 singulis;
1429 4065 1553 4135 quia
1587 4067 1680 4137 qui
1710 4068 1830 4123 dili-

221 4134 299 4204 git
332 4137 530 4206 Deum,
586 4155 687 4194 nec
726 4150 907 4211 potest
947 4161 1068 4200 eum
1111 4134 1460 4206 contemnere
1490 4171 1650 4224 quem
1682 4157 1829 4212 Deus

217 4224 467 4294 praecipit
497 4225 673 4296 diligi,
727 4238 779 4282 et
811 4232 902 4302 qui
941 4243 1125 4291 sancte
1157 4253 1221 4293 ac
1263 4239 1610 4309 spiritualiter
1652 4245 1828 4318 diligit

218 4311 546 4382 proximum,
591 4316 721 4386 quid
761 4317 817 4371 in
855 4320 947 4375 illo
987 4323 1166 4397 diligit
1205 4327 1310 4381 nisi
1350 4329 1574 4386 Deum?
1616 4311 1826 4391 Proni-

220 4415 396 4463 mum,
455 4402 637 4473 legem
683 4407 958 4478 implevit.
1011 4411 1242 4469 Omnem
1295 4417 1569 4474 hominem
1596 4422 1825 4496 intelligi

218 4496 434 4556 oportet
464 4507 564 4559 per
593 4495 920 4567 proximum,
971 4500 1093 4570 quia
1123 4519 1283 4558 nemo
1314 4515 1414 4572 est,
1469 4525 1590 4563 cum

217 4580 554 4645 operandum
575 4583 800 4638 malum.
830 4584 933 4653 Qui
953 4604 1087 4660 ergo
1110 4601 1255 4646 amat
1277 4595 1544 4666 homines,
1571 4608 1662 4653 aut
1695 4602 1818 4672 quia

210 4662 336 4730 justi
363 4675 510 4734 sunt,
564 4678 654 4724 aut
683 4679 741 4725 ut
765 4672 896 4741 justi
937 4676 1043 4731 sint
1081 4695 1270 4737 amare
1310 4683 1490 4739 debet.
1532 4662 1644 4743 'Sic
1673 4662 1817 4744 enim

216 4759 267 4804 et
295 4754 538 4825 seipsum
569 4773 752 4816 amare
783 4763 966 4831 debet,
1003 4767 1230 4838 scilicet,
1255 4771 1342 4826 vel
1369 4773 1498 4843 quia
1512 4775 1687 4844 justus
1711 4787 1811 4848 est,

218 4840 301 4894 vel
327 4852 383 4898 ut
407 4844 592 4912 justus
625 4849 713 4904 sit.
748 4849 852 4919 Qui
882 4853 1026 4909 enim
1072 4857 1227 4913 aliter
1274 4876 1333 4915 se
1372 4840 1569 4936 diligit,
1615 4840 1813 4935 injuste

215 4943 272 4983 se
300 4930 496 5005 diligit,
540 4935 664 5007 quia
695 4939 764 4992 ad
804 4941 906 4998 hoc
936 4959 996 4998 se
1023 4945 1197 5018 diligit
1245 4956 1300 5003 ut
1341 4950 1408 5005 sit
1445 4930 1697 5024 inju'stus',
1743 4958 1812 5013 ad

215 5015 315 5074 hoc
343 5037 476 5094 ergo
506 5032 566 5078 ut
594 5025 664 5080 sit
692 5027 866 5084 malus
899 5049 913 5085 :
946 5048 1083 5106 ergo
1111 5015 1222 5104 j‘am
1253 5054 1312 5093 se
1340 5055 1449 5095 non
1477 5015 1654 5115 diligit
1677 5015 1695 5114 ;'
1719 5046 1811 5118 qui

214 5108 350 5162 enim
380 5111 559 5185 diligit
591 5114 958 5187 iniquitatem;
981 5122 1095 5178 odit
1123 5125 1358 5183 animam
1389 5146 1562 5187 suam.

284 5214 448 5273 Vens.
485 5221 573 5274 11.
609 5250 680 5262 -
726 5225 797 5279 Et
828 5227 925 5282 hoc
957 5231 1215 5287 scientes.
1272 5234 1489 5292 Scilicet
1520 5238 1649 5309 quia
1677 5242 1807 5298 hora

213 5309 309 5370 est,
341 5306 424 5360 vel
455 5307 596 5363 sicut
624 5309 844 5381 quidam
872 5315 996 5370 libri
1027 5318 1226 5375 habent
1261 5340 1274 5376 :
1309 5323 1410 5380 hoc
1441 5306 1673 5399 tempus,
1708 5332 1807 5387 sci-

211 5387 332 5444 licet
359 5396 564 5467 gratiae,
600 5400 855 5458 scientes.
886 5404 1004 5460 Jam
1035 5423 1099 5462 ex
1118 5426 1225 5480 quo
1247 5387 1598 5471 dilectionem
1621 5387 1803 5475 habui-

213 5493 363 5548 mus;
423 5493 504 5540 est
556 5487 711 5559 hora,
761 5491 818 5546 id
875 5501 957 5548 est
1012 5501 1409 5573 Opportunitas,
1472 5507 1568 5561 sed
1601 5508 1797 5566 brevis.

213 5565 404 5626 Somno
444 5591 693 5648 surgere.
718 5578 950 5638 Somnus
980 5565 1064 5639 est
1083 5589 1416 5663 negligentia
1441 5595 1526 5650 vel
1548 5597 1804 5669 ignoran-

211 5653 294 5710 tia.
330 5659 482 5718 Nunc
514 5667 690 5722 enim.
738 5668 928 5729 Causae
968 5653 1323 5749 interposita,
1377 5700 1544 5755 quare

1945 3247 2070 3319 ciat,
2103 3267 2211 3306 non
2242 3253 2369 3310 inde
2399 3257 2730 3330 disceptare.
2767 3267 2886 3322 Non
3011 3272 3534 3346 disceptationibus.

1940 3336 2064 3391 Non
2095 3349 2177 3394 est
2208 3343 2551 3402 damnandus
2600 3353 2754 3421 cujus
2785 3357 3044 3429 cogitatio
3074 3336 3184 3418 non
3213 3374 3294 3420 est
3325 3378 3537 3443 aperta,

1941 3426 2026 3479 vel
2057 3427 2125 3482 de
2158 3447 2265 3500 quo
2296 3436 2573 3492 nescimus
2605 3441 2780 3510 qualis
2811 3426 2934 3514 post
2965 3448 3033 3502 sit
3061 3449 3293 3509 futurus.

2012 3515 2181 3572 VERS.
2215 3524 2268 3577 2.
2302 3551 2372 3562 -—
2400 3525 2686 3594 Inﬁrmus.
2742 3531 2838 3587 Ille
2871 3543 2954 3589 est
2982 3536 3231 3596 infirmus
3262 3544 3355 3615 qui
3385 3545 3538 3604 cibos

1937 3601 2218 3674 discernit,
2252 3618 2450 3679 putans
2478 3615 2613 3670 alios
2643 3621 2897 3692 mundos,
2932 3625 3070 3680 alios
3100 3619 3432 3704 immundos,
3468 3652 3533 3692 eo

1937 3695 2083 3764 quod
2112 3696 2285 3751 Judaei
2330 3702 2590 3770 prohibiti
2637 3717 2762 3762 sunt
2793 3711 2977 3784 edere,
3023 3715 3171 3773 hunc
3219 3695 3532 3780 autem’suo

1929 3779 2136 3847 judicio
2166 3786 2584 3859 relinquendum
2616 3795 2766 3866 dicit,
2812 3815 2880 3854 ne
2920 3779 3045 3857 cum
3085 3809 3344 3878 scrupulo
3386 3813 3531 3869 edat.

1937 3869 2053 3936 Vel,
2104 3872 2232 3929 licet
2262 3877 2330 3930 sit
2358 3880 2603 3948 perfecta
2632 3883 2787 3952 fides,
2840 3906 2962 3960 quae
2991 3894 3177 3950 omnia
3205 3869 3373 3955 licere
3403 3917 3532 3958 cre-

1933 3956 2031 4026 dit,
2065 3967 2247 4016 tamen
2276 3965 2524 4024 infirmus
2555 3981 2606 4026 et
2637 3956 2871 4044 pronus‘
2893 3981 2961 4033 ad
2994 3997 3202 4055 casum,
3247 3988 3338 4059 qui
3370 3989 3528 4048 facile

1931 4043 2136 4117 impetu
2183 4051 2422 4110 libidinis
2466 4043 2744 4132 sternitur,
2794 4067 2920 4121 edat
2950 4069 3089 4142 olus,
3139 4043 3308 4131 idest
3338 4085 3528 4137 tenues

1932 4141 1985 4188 et
2013 4137 2198 4195 aridos
2229 4141 2399 4210 cibos,
2427 4148 2518 4217 qui
2549 4166 2658 4205 non
2688 4163 2812 4209 sunt
2841 4155 3142 4216 fomentum
3176 4165 3448 4238 vitiorum,
3476 4178 3528 4226 et

1929 4224 2201 4283 abstineat
2229 4231 2434 4288 abillis
2465 4237 2662 4307 quibus
2691 4241 2860 4300 libido
2891 4249 3177 4307 excitatur.
3203 4224 3524 4314 Crassitudo

1930 4313 2074 4368 enim
2124 4320 2373 4377 carnium
2403 4333 2455 4379 et
2482 4326 2758 4388 deliciosae
2788 4335 2963 4405 epulae
2991 4351 3298 4408 provocant
3325 4360 3524 4418 corpus

1927 4400 1996 4455 ad
2027 4401 2328 4466 libidinem.

1621 4527 1726 4582 quo
1758 4513 1824 4568 sit
1853 4506 1906 4567 D
1937 4597 1971 4610 ν
2004 4510 2174 4567 VEns.
2208 4517 2261 4570 3.
2284 4519 2420 4575 —-Is
2451 4525 2546 4593 qui
2565 4527 2893 4584 manducat.
2918 4531 3097 4603 Supra
3117 4539 3378 4610 praecepit
3409 4557 3518 4598 non

1919 4597 2227 4671 disceptare
2273 4605 2342 4661 de
2385 4611 2806 4681 cogitationibus
2838 4597 3092 4690 aliorum,
3117 4597 3227 4681 -hic
3269 4597 3519 4703 praecipit

1918 4703 2030 4743 non
2060 4707 2341 4761 spernere.

1986 4779 2108 4834 Non
2116 4783 2360 4884 juodicct.
2386 4786 2573 4856 (AUG.,
2605 4790 2699 4847 lib.
2725 4809 2764 4847 ιι
2782 4795 2848 4852 de
2871 4799 2988 4855 Ser.
3008 4803 3168 4859 Dom.
3192 4807 3253 4861 in
3274 4813 3514 4884 monte.)

1915 4865 1994 4920 De
2024 4865 2325 4927 manifestis
2352 4875 2728 4952 judicandum,
2747 4887 2943 4943 nonde
2983 4893 3228 4965 occultis,
3263 4905 3392 4968 etc.,
3426 4865 3515 4958 us:

1913 4971 2016 5027 que
2045 4958 2117 5012 ad
2147 4961 2458 5036 quicunque
2486 4967 2709 5025 humani
2738 4972 2847 5028 cibi
2876 4975 3252 5039 indifferenter
3282 4988 3443 5044 sumi.

1983 5070 2153 5128 Vens.
2189 5076 2238 5132 4.
2270 5107 2339 5118 -
2370 5082 2604 5140 Domino
2633 5103 2732 5143 suo
2760 5095 2894 5147 stat.
2921 5093 3000 5150 De
3030 5095 3310 5173 incognito
3340 5105 3508 5164 corde

1909 5157 2073 5214 alieni
2104 5165 2248 5219 servi
2279 5174 2333 5222 tu
2364 5186 2473 5226 non
2502 5173 2672 5230 habes
2696 5177 2966 5250 judicare,
3029 5187 3127 5241 sed
3157 5157 3289 5246 suus
3317 5193 3506 5251 Domi-

1906 5263 2009 5302 nus
2057 5250 2126 5306 ad
2170 5254 2324 5323 cujus
2370 5258 2633 5318 honorem
2679 5274 2804 5336 stat,
2858 5270 2949 5342 qui
2998 5281 3141 5343 stat;
3214 5279 3283 5335 ad
3341 5299 3505 5354 quem

1905 5337 2140 5407 pertinet
2171 5351 2220 5397 et
2252 5360 2413 5401 casus
2445 5351 2709 5424 cadentis,
2743 5356 2833 5428 qui
2861 5337 3041 5430 potest
3070 5337 3282 5440 erigere
3313 5337 3400 5427 vel
3422 5373 3503 5441 ju-

1905 5425 2111 5485 dicare.
2143 5432 2288 5500 Stat,
2323 5440 2425 5491 aut
2454 5441 2624 5510 cadit,
2657 5425 2782 5501 ideo
2812 5425 2944 5504 dicit
2976 5467 2988 5506 :
3023 5425 3499 5531 quiavambigudm

1903 5522 2006 5585 est,
2040 5517 2225 5575 forsan
2256 5531 2379 5590 stat,
2417 5527 2507 5598 qui
2536 5539 2758 5601 putatur
2789 5538 3009 5595 cadere.
3037 5517 3162 5616 Stat
3190 5551 3292 5601 aut
3321 5517 3492 5604 evadit.

1901 5603 2006 5663 Per
2035 5607 2141 5664 hoc
2171 5614 2409 5670 ostendit
2453 5634 2513 5672 sc
2560 5623 2776 5679 nescire
2807 5643 2914 5697 quo
2945 5611 3129 5686 animo
3156 5632 3248 5687 ille
3278 5650 3337 5688 se
3367 5643 3496 5708 agat

1575 5703 1800 5761 surgere
1897 5691 1956 5750 in
1984 5695 2183 5755 dubiis.
2231 5701 2413 5761 Stabit
2441 5711 2654 5768 autem.
2689 5712 2788 5770 Hic
2816 5691 3008 5787 innuit,
3061 5720 3206 5791 quod
3235 5691 3496 5798 ambiguua
