3948 6178
388 289 491 342 515

910 283 1311 340 WALAFRIDI
1349 284 1591 340 STRABI
1631 283 1828 339 FULD.
1870 281 2042 338 MON.
2085 282 2239 339 OPP.
2280 284 2455 340 PARS
2493 285 2534 338 Ι.
2577 314 2645 325 -
2682 283 3154 341 THEOLOGICA.

3582 286 3684 338 516

368 411 658 466 ‘debemus
688 410 742 463 in
772 409 1062 465 meliorem
1094 417 1307 480 partem
1338 416 1572 473 vertere,
1607 416 1660 462 et
1690 407 1812 477 plus
1843 407 1995 461 salu-
2024 406 2078 466 A
2100 407 2544 478 blasphemabilis
2591 416 2671 463 est
2719 408 2849 462 dum
2875 407 2996 462 aliis
3025 415 3185 464 nocet
3216 425 3230 462 :
3261 415 3315 462 et
3345 407 3476 478 quia
3507 416 3685 474 nocet,

397 507 507 554 tem
535 515 699 571 quam
729 507 959 554 mortem
989 514 1206 552 reorum
1238 505 1446 568 Optare,
1475 505 1525 552 et
1555 496 1608 549 in
1637 495 1816 550 futuro
1846 512 1999 566 spem

399 589 529 644 boni
556 589 780 653 habere,
809 587 910 642 etsi
933 587 1088 641 aliter
1108 587 1176 640 sit
1198 586 1250 640 in
1273 585 1551 656 praesenti.
1582 587 1764 642 Stabit
1782 588 1996 640 autem.

397 676 536 747 Quia
568 695 744 748 neque
775 677 821 731 si
850 677 978 745 edit,
1008 692 1134 730 reus
1166 682 1249 730 est
1283 694 1296 741 ;
1348 691 1525 746 neque
1554 674 1599 728 si
1631 690 1740 729 non
1770 673 1900 740 edit,
1953 672 2000 728 si

399 773 581 822 tamen
613 766 900 822 devotione
944 765 1049 819 hoc
1079 764 1212 836 agit.

470 882 638 937 VERS.
664 883 716 935 5.
742 910 810 920 —
833 881 974 935 Nam
1003 880 1174 934 alius.
1210 878 1385 949 Supra
1406 877 1558 946 dixit,
1583 877 1730 949 quod
1760 876 1851 932 alii
1882 891 1998 931 om-

398 970 490 1024 nia
516 970 866 1034 manducant,
903 967 995 1022 alii
1024 983 1134 1022 non
1163 967 1349 1022 omnia
1373 986 1386 1033 ;
1418 968 1486 1021 de
1515 966 1811 1039 generibus
1839 966 1998 1022 cibo-

398 1075 515 1114 rum
546 1074 719 1130 agens
765 1058 871 1112 hoc
914 1056 1064 1126 dicit,
1114 1056 1260 1128 quod
1291 1056 1384 1111 alii
1415 1056 1563 1111 omni
1595 1063 1857 1126 tempore,
1907 1054 2000 1110 alii

398 1146 576 1219 aliquo
619 1154 772 1202 certo
817 1155 1064 1216 tempore
1094 1145 1387 1214 abstinent,
1431 1153 1485 1199 et
1531 1152 1820 1215 utrumque
1849 1151 1998 1199 recte

399 1234 512 1290 ﬁeri
543 1251 706 1306 posse
737 1234 887 1291 dicit.
912 1237 977 1290 In
1006 1251 1106 1290 suo
1136 1251 1326 1290 sensu.
1355 1233 1414 1287 Id
1445 1241 1527 1288 est
1558 1233 1613 1288 in
1641 1249 1740 1288 suo
1769 1231 1998 1288 consilio

398 1324 698 1379 dimittatur
749 1340 818 1378 ne
865 1323 1183 1379 scandalum
1228 1339 1422 1392 passus
1465 1338 1499 1376 a
1545 1321 1823 1387 charitate,
1877 1337 1999 1392 quae

396 1421 478 1469 est
505 1422 678 1468 mater
707 1412 950 1468 omnium
979 1411 1258 1478 virtutum,
1302 1411 1540 1466 recedat.

469 1520 637 1574 Vatis.
653 1522 742 1574 6.-
764 1520 867 1587 Qui
881 1521 1052 1590 sapit.
1072 1519 1130 1572 In
1146 1534 1245 1572 suo
1260 1534 1424 1572 sensu
1442 1517 1586 1583 dico,
1607 1525 1663 1570 ut
1681 1515 1995 1570 abundans:

396 1609 521 1681 quia
535 1609 625 1680 qui
639 1609 777 1678 sapit
797 1608 962 1673 diem,
978 1607 1064 1662 vel
1085 1622 1325 1673 omnem,
1342 1607 1427 1662 vel
1439 1606 1584 1660 diem
1597 1604 1993 1676 interpositum,

397 1697 632 1753 Domino
663 1697 822 1768 sapit.
851 1700 918 1752 Et
937 1699 1032 1770 qui
1051 1697 1380 1761 manducat,
1408 1697 1641 1751 Domino
1662 1694 1992 1749 manducat.

397 1787 457 1842 Id
487 1795 570 1842 est
599 1787 666 1841 ad
696 1787 957 1841 honorem
993 1784 1228 1850 Domini,
1261 1784 1417 1854 cujus
1445 1783 1630 1839 omnia
1661 1791 1844 1840 creata
1877 1798 1999 1838 cre-

399 1875 477 1930 dit
504 1875 727 1942 munda,
762 1882 815 1929 et
845 1874 967 1946 quia
997 1873 1046 1928 ei
1068 1874 1368 1929 serviturus
1389 1872 1496 1927 illis
1527 1879 1883 1927 sustentatur.

471 1964 640 2019 Vens.
674 1965 726 2018 7.
765 1993 834 2003 —-
872 1965 1040 2018 Nemo
1073 1964 1228 2018 enim
1257 1966 1518 2017 nostrum
1550 1963 1657 2016 sibi
1687 1961 1844 2016 vivit.
1893 1958 1998 2028 Qui

400 2051 547 2108 enim
591 2051 714 2123 lege
761 2051 1022 2121 frenatur,
1054 2067 1164 2107 non
1195 2051 1329 2117 sibi,
1379 2051 1475 2105 sed
1507 2052 1642 2116 Deo,
1685 2049 1788 2120 .qui
1817 2049 1999 2121 legem

402 2141 568 2207 dedit,
621 2141 770 2196 vivit.
825 2141 883 2196 Si
911 2141 999 2196 lex
1029 2157 1135 2196 non
1166 2148 1332 2206 esset,
1379 2139 1482 2193 sibi
1513 2138 1742 2210 quisque
1770 2137 1994 2194 viveret.

401 2230 534 2286 Sibi.
579 2228 688 2284 Sed
724 2229 985 2300 Domino,
1019 2245 1128 2300 quo
1164 2228 1347 2297 judice
1395 2228 1686 2282 damnatur
1717 2227 1801 2282 vel
1833 2242 1998 2282 coro-

399 2325 598 2384 natur;
644 2318 749 2384 vel,
784 2319 909 2384 sibi,
953 2317 1006 2371 id
1048 2325 1130 2372 est
1173 2318 1241 2371 ad
1273 2317 1485 2371 laudem
1528 2332 1699 2382 suam,
1739 2316 1837 2370 sed
1877 2315 1996 2370 Dei.

401 2407 553 2462 Sicut
599 2405 744 2461 enim
784 2406 1176 2478 magnitudinis
1205 2407 1321 2474 ejus
1352 2421 1458 2461 non
1491 2413 1571 2460 est
1599 2404 1740 2472 finis,
1783 2405 1862 2460 sic
1902 2420 2000 2459 no-

402 2503 533 2550 stra:
563 2495 738 2550 laudis
768 2511 878 2549 non
898 2495 997 2550 erit
1029 2494 1170 2549 linis.
1204 2495 1327 2550 Non
1348 2495 1492 2550 enim
1513 2511 1635 2548 cum
1657 2493 1856 2548 mortui
1885 2492 2002 2548 fue-

400 2584 573 2638 rimus
609 2583 664 2638 in
706 2585 806 2639 hac
847 2599 1032 2651 carne,
1075 2583 1388 2638 desinemus
1435 2583 1656 2638 laudare
1695 2584 1888 2636 Deum.
1930 2582 2002 2635 Et

402 2672 706 2729 secundum
736 2673 840 2728 hoc
868 2672 936 2727 de
965 2671 1218 2727 ﬁdelibus
1249 2679 1458 2726 tantum
1486 2671 1617 2743 agit.
1659 2672 1746 2726 Vel
1775 2671 1899 2739 sibi,
1946 2670 2001 2724 id

400 2770 482 2818 est
531 2777 565 2816 a
608 2778 667 2816 se
711 2761 1060 2830 judicandus,
1108 2761 1205 2815 sed
1241 2777 1272 2814 a
1311 2760 1541 2815 Domino
1572 2759 1870 2814 secundum
1897 2759 2001 2814 hoc

399 2851 469 2906 de
499 2851 658 2906 bonis
687 2857 740 2906 et
768 2849 924 2904 malis
956 2848 1238 2920 accipitur.

471 2957 639 3013 Vens.
676 2959 762 3012 10.
787 2987 856 2998 -—
877 2957 1023 3012 Ante
1055 2956 1328 3011 tribunal.
1366 2956 1482 3011 Hoc
1511 2969 1544 3009 a
1575 2953 1738 3009 simili
1766 2952 1998 3010 dicitur:

405 3046 641 3101 tribunal
671 3045 814 3100 enim
843 3046 1002 3100 sedes
1035 3043 1235 3113 judicis
1279 3051 1381 3110 est,
1433 3061 1554 3114 qua:
1581 3043 1637 3098 in
1667 3043 1884 3099 excelso
1913 3043 2002 3098 lo-

2099 497 2331 562 abstine,
2366 497 2492 568 quia
2524 513 2631 551 non
2665 504 2746 551 est
2775 512 2938 552 causa
2965 497 3122 568 regni
3161 497 3261 551 Dei
3290 511 3438 552 esca.

2171 586 2338 640 Vens.
2359 589 2444 640 17.
2461 616 2528 625 -
2543 587 2661 640 Non
2692 590 2777 640 est
2800 587 2955 641 enim
2984 603 3223 658 regnum
3241 587 3344 641 Dei
3373 602 3499 641 esca
3521 590 3578 640 et
3597 601 3691 656 po-

2100 675 2340 731 tus.Non
2356 691 2488 728 usus
2503 675 2769 742 ciborum,
2795 674 2890 728 sed
2904 675 3345 745 concupiscentia
3361 673 3694 729 refrenanda

2098 771 2198 818 est.
2262 764 2381 818 Non
2439 764 2661 818 interest
2699 763 2826 834 quid
2873 763 3251 818 alimentorum
3295 763 3381 818 vel
3433 769 3693 834 quantum

2096 867 2198 922 pro
2235 851 2596 923 congruentia
2632 852 2911 906 hominum
2957 860 3010 907 et
3053 868 3303 922 persona:
3348 868 3463 906 suae
3505 859 3559 906 et
3596 866 3694 921 pro

2097 939 2423 995 valetudinis
2474 957 2586 994 sua:
2625 940 2949 996 necessitate
2990 941 3109 1012 quis
3149 941 3351 1012 capiat,
3394 939 3494 994 sed
3532 955 3696 1011 quam

2096 1029 2256 1085 facile
2286 1037 2337 1085 et
2369 1029 2491 1084 laeto
2522 1027 2704 1082 animo
2732 1037 2918 1084 careat
2949 1029 3054 1101 his,
3093 1045 3218 1085 cum
3247 1029 3331 1084 his
3361 1027 3450 1085 vel
3477 1034 3696 1100 oportet

2096 1117 2184 1173 vel
2213 1133 2440 1173 necesse
2470 1125 2552 1172 est
2582 1132 2790 1172 carere.

2173 1207 2453 1263 Gaudium
2486 1209 2548 1262 in
2576 1207 2797 1278 Spiritu
2822 1211 3038 1263 sancto.
3082 1207 3189 1274 Qui
3217 1207 3391 1275 enim,
3424 1214 3534 1262 etc.
3569 1206 3696 1261 Non

2096 1295 2280 1367 utique
2331 1296 2384 1349 in
2443 1295 2636 1366 epulis,
2689 1303 2749 1350 ut
2793 1295 2946 1349 multi
2995 1295 3188 1365 solent,
3237 1296 3334 1350 sed
3382 1296 3439 1350 in
3488 1295 3696 1366 Spiritu
3791 1329 3798 1334 -

2097 1393 2286 1439 sancto
2329 1386 2434 1439 hoc
2477 1384 2734 1456 gaudium
2762 1385 2934 1440 oritur
2961 1385 3030 1439 de
3059 1384 3301 1439 fraterna
3329 1400 3465 1454 pace
3489 1403 3504 1449 ;
3555 1383 3696 1438 sicut

2095 1473 2151 1526 in
2186 1474 2576 1543 disceptatione
2613 1474 2707 1542 ira,
2760 1473 2851 1527 ubi
2899 1488 3004 1528 non
3053 1483 3137 1528 est
3182 1473 3422 1544 spiritus,
3479 1473 3612 1544 quia
3640 1473 3697 1526 in

2096 1561 2228 1616 solis
2256 1561 2502 1632 paciﬁcis
2533 1570 2615 1616 est
2640 1581 2653 1628 ;
2716 1562 2870 1630 cujus
2900 1563 3060 1616 etiam
3088 1562 3265 1635 gratia
3294 1562 3412 1618 haec
3437 1561 3543 1616 tria
3572 1569 3699 1615 sunt

2095 1649 2150 1703 in
2178 1651 2362 1721 aliquo
2396 1668 2408 1704 :
2439 1650 2664 1720 justitia,
2685 1666 2792 1721 pax
2813 1658 2865 1705 et
2885 1651 3167 1724 gaudium,
3200 1667 3321 1722 quae
3350 1651 3407 1705 in
3435 1650 3556 1706 istis
3586 1651 3697 1706 Ro-

2025 1766 2079 1826 B
2098 1739 2277 1793 manis
2306 1755 2413 1792 non
2444 1747 2615 1794 erant.

2172 1829 2342 1882 Vens.
2360 1831 2445 1882 18.
2460 1830 2726 1884 —Placet
2746 1831 2872 1898 Deo,
2897 1833 2951 1884 et
2961 1829 3228 1901 probatus
3244 1832 3329 1884 est
3345 1828 3692 1884 hominibus.

2101 1916 2411 1972 Secundum
2434 1917 2577 1987 quod
2598 1917 2860 1990 gaudium
2889 1925 2971 1972 est
3000 1917 3056 1972 in
3085 1917 3286 1988 Spiritu
3315 1925 3529 1972 sancto.
3563 1917 3701 1972 Pro—

2099 2005 2256 2060 batus
2286 2014 2467 2061 autem
2500 2007 2729 2061 habetur
2751 2007 3062 2062 hominibus
3081 2007 3380 2062 secundum
3403 2006 3696 2075 justitiam,

2100 2102 2152 2149 et
2180 2110 2374 2165 pacem
2400 2095 2579 2164 etiam,
2628 2096 2756 2167 quia
2791 2095 3114 2167 disceptatio
3152 2095 3484 2151 discordiam
3527 2095 3697 2166 parit,

2099 2183 2223 2238 ideo
2251 2184 2490 2239 dimissis
2521 2185 2828 2239 temerariis
2853 2184 3093 2254 judiciis,
3131 2191 3404 2240 sectemur
3434 2201 3560 2255 qua:
3589 2198 3699 2254 pa-

2100 2271 2179 2328 cis
2209 2289 2318 2327 non
2347 2273 2655 2342 discordiae,
2701 2281 2753 2327 et
2793 2291 2915 2345 quae
2960 2271 3352 2340 aediﬁcationis,
3403 2281 3461 2327 ut
3509 2271 3699 2328 caeteri

2100 2360 2454 2431 aediﬁcentur,
2507 2362 2592 2417 vel
2613 2363 2728 2432 jam
2757 2361 3007 2418 mdiﬁcati
3034 2370 3428 2418 conserventur
3456 2361 3702 2417 invicem

2098 2450 2319 2505 Judazus
2351 2451 2420 2505 ad
2447 2451 2728 2524 gentilem,
2762 2459 2815 2507 et
2843 2451 3063 2524 gentilis
3091 2451 3161 2506 ad
3186 2449 3453 2506 Judaeum.

2171 2539 2342 2594 Vens.
2365 2542 2427 2596 2t
2441 2582 2453 2592 .
2479 2570 2548 2579 —
2563 2541 2902 2610 Oﬂenditur.
2923 2539 3276 2594 Perturbatus
3292 2539 3545 2596 nesciens
3560 2539 3698 2612 quid

2101 2635 2301 2683 teneat.
2335 2627 2656 2699 Olfenditur,
2687 2631 2778 2701 qui
2806 2645 2839 2684 a
2868 2628 2974 2683 ﬁde
3006 2637 3149 2685 recta
3178 2629 3427 2684 discedit.

2171 2717 2342 2772 Vens.
2383 2721 2472 2774 22.
2513 2749 2582 2758 —-
2623 2720 2848 2774 Beatus.
2892 2719 3116 2782 Beatum
3144 2718 3273 2774 dicit
3303 2718 3394 2790 qui
3423 2733 3532 2772 non
3558 2717 3700 2774 facit

2101 2806 2248 2862 aliud
2277 2822 2440 2878 quam
2471 2808 2616 2878 quod
2649 2806 2778 2862 utile
2807 2808 3025 2878 probat,
3055 2807 3153 2862 sed
3183 2805 3337 2862 illum
3364 2807 3588 2879 proprio
3613 2807 3701 2875 ju-

2101 2895 2243 2952 dicio
2266 2905 2452 2951 censet
2483 2896 2873 2967 damnandum,
2917 2897 3027 2970 qui,
3061 2896 3208 2969 quod
3235 2895 3365 2952 dicit
3395 2913 3454 2952 se
3483 2896 3697 2953 debere

2101 2984 2303 3054 facere,
2334 3001 2445 3040 non
2473 2984 2620 3042 facit.

2173 3073 2342 3128 Vens.
2361 3077 2449 3130 23.
2474 3105 2542 3114 —
2567 3075 2740 3132 Omne
2761 3078 2974 3131 autem.
3007 3075 3130 3134 Non
3151 3083 3333 3130 tamen
3359 3089 3522 3130 omne
3540 3075 3696 3147 quod

397 3143 575 3202 catur,
604 3142 666 3236 ιιι
688 3134 857 3204 judex
887 3134 957 3188 ab
987 3133 1595 3236 omnibusvideatur'et
1625 3133 1843 3236 ipsenex
1873 3132 2000 3187 emi-
2029 3125 2080 3188 C
2098 3159 2155 3215 ﬁt
2330 3125 2448 3218 illa;
2477 3125 2680 3219 boni,va
2690 3125 2974 3236 £51,115;
2997 3125 3696 3236 ί-έὲξτξῶξηξίδζὲδῖὲξ

397 3232 560 3280 nente
604 3222 727 3279 loco
776 3239 966 3277 omnes
1015 3222 1196 3277 valeat
1242 3221 1460 3277 intueri.
1509 3223 1590 3276 Ita
1641 3229 1695 3276 et
1751 3221 1995 3276 Christus

397 3311 554 3384 quasi
603 3311 657 3366 in
696 3310 956 3366 tribunali
993 3310 1226 3381 sedebit,
1265 3310 1388 3382 quia
1429 3311 1497 3365 ab
1537 3310 1790 3365 omnibus
1838 3310 1997 3365 vide-

399 3400 564 3466 bitur,
615 3407 668 3455 et
714 3400 832 3471 ipse
861 3399 1100 3456 omnium
1131 3399 1495 3456 conscientias
1526 3399 1748 3466 videbit,
1783 3407 1837 3454 et
1865 3394 1996 3454 caul-

399 3505 490 3545 sas
521 3489 858 3558 dijudicabit.

473 3579 643 3634 VERS.
680 3581 766 3634 13.
796 3609 866 3618 -
908 3579 1027 3634 Non
1057 3595 1181 3651 ergo
1212 3579 1480 3650 amplius.
1514 3578 1636 3632 Non
1667 3593 1996 3648 usurpemus

399 3667 558 3724 nobis
600 3667 744 3740 quod
775 3667 846 3723 ad
875 3683 974 3722 nos
1013 3684 1122 3722 non
1167 3667 1421 3739 pertinet.
1459 3667 1582 3721 Non
1619 3666 1996 3738 reprehenda-

398 3773 520 3812 mus
568 3773 634 3812 ea
672 3774 794 3829 quae
833 3755 1108 3813 nescimus
1139 3772 1247 3829 quo
1277 3756 1457 3812 animo
1489 3755 1655 3822 ﬁant;
1699 3755 1785 3811 vel
1830 3755 1997 3810 etiam

400 3846 446 3900 si
475 3855 686 3917 aperta,
733 3863 845 3902 non
893 3846 967 3900 ita
1014 3845 1497 3917 reprehendamus,
1547 3854 1606 3900 ut
1648 3845 1716 3899 de
1763 3844 1997 3900 sanitate

399 3934 776 4007 desperemus.
812 3937 872 3989 In
900 3935 983 3988 his
1014 3934 1156 3989 enim
1177 3934 1392 3988 duobus
1425 3933 1774 3989 temerarium
1803 3941 1886 3988 est
1909 3933 1998 4002 ju-

398 4023 618 4091 dicium,
653 4031 706 4078 et
736 4022 822 4079 vel
845 4023 1118 4093 superbia,
1145 4023 1230 4077 vel
1251 4023 1568 4088 invidentia,
1594 4022 1739 4077 unde
1759 4021 1992 4078 dicitur:

399 4113 582 4169 Nolite
600 4112 864 4184 judicare
892 4115 946 4168 et
981 4129 1096 4169 non
1121 4111 1529 4182 judicabimini
1559 4112 1716 4181 (Luc.
1750 4111 1850 4181 γι).

472 4227 644 4282 VERS.
681 4227 766 4280 14.
810 4255 878 4266 ο-
928 4227 1049 4282 Scio
1097 4230 1152 4281 et
1186 4227 1420 4294 conﬁdo.
1453 4224 1620 4294 Quasi
1649 4225 1795 4280 dicat
1823 4224 1946 4280 dico
1979 4241 1995 4280 :

367 4312 375 4315 ’
399 4317 482 4374 Ne
510 4315 727 4387 ponatis
773 4313 1156 4369 oﬂ'endiculum
1186 4314 1462 4368 fratribus.
1514 4316 1637 4370 Non
1662 4322 1845 4369 autem
1872 4313 1998 4369 dico

400 4404 783 4462 oﬂ'endiculum
812 4403 898 4460 vel
929 4403 1266 4469 scandalum,
1308 4418 1373 4458 eo
1405 4403 1548 4474 quod
1591 4403 1747 4459 cibus
1783 4403 1850 4457 sit
1887 4401 1996 4456 im-

2097 3250 2276 3321 culpa,
2329 3259 2506 3306 nocet.
2552 3251 2743 3307 Omnis
2778 3252 2888 3307 vita
2925 3250 3223 3307 inﬁdelium
3269 3259 3552 3324 peccatum
3581 3259 3693 3319 est,

2099 3339 2226 3410 quia
2256 3339 2433 3395 omnis
2460 3339 2752 3396 inﬁdeliter
2783 3340 2972 3397 vivens
3002 3341 3086 3397 vel
3112 3358 3303 3415 agens,
3337 3342 3697 3396 vehementer

2096 3437 2309 3499 peccat,
2344 3437 2398 3484 et
2427 3429 2560 3484 nihil
2589 3430 2792 3485 bonum
2821 3430 2939 3486 sine
2972 3447 3186 3486 summo
3215 3430 3379 3500 bono,
3412 3429 3505 3484 ubi
3531 3429 3696 3485 deest

2097 3517 2302 3592 agnitio
2340 3518 2584 3574 veritatis
2622 3527 2859 3575 aeternas.
2911 3519 3072 3575 Falsa
3107 3520 3278 3575 virtus
3317 3527 3398 3575 est
3441 3518 3600 3574 etiam
3636 3519 3694 3573 in

2097 3607 2314 3680 Optimis
2362 3609 2630 3664 moribus.
2677 3608 2862 3680 Opera
2902 3625 3022 3680 qua:
3064 3610 3318 3665 videntur
3358 3607 3692 3680 probabilia,

2096 3705 2295 3769 printer
2323 3696 2488 3754 ﬁdem
2517 3697 2596 3754 sic
2627 3706 2770 3768 sunt,
2789 3706 2847 3752 ut
2875 3714 3090 3771 magnae
3123 3697 3264 3755 vires
3293 3706 3346 3752 et
3375 3713 3568 3752 cursus
3599 3712 3695 3752 ce-

2095 3784 2344 3843 lerrimus
2375 3795 2530 3842 extra
2560 3786 2725 3842 viam.
2760 3788 2879 3843 Non
2910 3791 2994 3844 est
3025 3803 3099 3844 ex
3127 3788 3256 3856 ﬁde.
3305 3785 3465 3841 Fides
3493 3797 3692 3841 nostra

2092 3876 2206 3930 vult
2251 3885 2310 3931 ut
2347 3878 2510 3932 homo
2558 3884 2688 3949 agat
2734 3876 2838 3932 hoc
2885 3876 3030 3948 quod
3077 3877 3218 3932 bene
3264 3875 3519 3948 intelligit
3565 3892 3696 3937 esse

2096 3965 2394 4038 agendum,
2427 3973 2480 4022 et
2508 3973 2793 4038 peccatum
2823 3973 2907 4023 cst
2926 3965 3073 4038 quod
3092 3965 3253 4023 aliter
3271 3963 3348 4034 ﬁt,
3372 3980 3535 4036 quam
3563 3982 3694 4037 pro-

2097 4053 2283 4110 batum
2311 4063 2414 4110 est.

2701 4197 2926 4254 CAPUT
2963 4197 3082 4253 XV.

2170 4340 2337 4394 Vens.
2386 4343 2438 4394 5.
2483 4369 2551 4379 —
2596 4340 2844 4412 Idipsum
2875 4355 3088 4412 sapere.
3135 4337 3306 4408 Quasi
3349 4338 3494 4395 dicat
3527 4354 3540 4393 :

2097 4427 2245 4483 idem
2274 4427 2514 4499 sapiatis,
2543 4429 2720 4484 Deum
2746 4430 3010 4484 honorare
3039 4444 3147 4484 non
3177 4427 3447 4499 poteritis.

400 4495 637 4550 mundus
662 4513 675 4562 ;
705 4493 833 4566 quia
853 4492 967 4549 scio
987 4508 1086 4563 per
1105 4493 1228 4558 hoc,
1255 4491 1400 4564 quod
1418 4490 1616 4548 ﬁducia
1646 4498 1730 4546 est
1759 4491 1814 4548 in
1843 4492 1992 4558 Jesu,
2026 4486 2079 4546 D
2167 4486 2350 4572 vus:
2371 4521 2424 4572 8.
2457 4486 2526 4557 ,ζ
2560 4518 3039 4574 σίνοητησίείοηίε.
3086 4518 3146 4572 Id
3164 4486 3257 4572 ἑει
3284 4517 3594 4572 Iudaeorum
3620 4515 3693 4571 ad

400 4584 493 4656 qui
535 4591 826 4655 postquam
858 4581 1023 4649 venit,
1073 4580 1306 4637 absolvit
1335 4598 1365 4634 a
1395 4580 1535 4652 lege.
1570 4581 1869 4635 Commune
1897 4595 1996 4651 po-

399 4671 480 4726 nit
509 4687 611 4741 pro
641 4671 940 4737 immundo,
976 4679 1032 4724 ut
1063 4679 1297 4725 tractum
1329 4685 1361 4724 a
1391 4668 1538 4724 vasis
1567 4686 1686 4741 qua:
1715 4677 1840 4724 ante
1869 4685 1995 4723 om-

401 4759 566 4815 nibus
594 4759 782 4815 usibus
814 4767 968 4814 erant
997 4758 1322 4825 communia,
1347 4774 1579 4830 quorum
1599 4758 1850 4830 quaedam
1869 4773 1998 4829 pos-

400 4855 492 4904 tea
522 4845 804 4905 sacriﬁciis
847 4847 1092 4904 dedicata
1122 4863 1230 4903 non
1258 4847 1489 4918 amplius
1518 4847 1844 4916 communia,
1898 4846 1996 4902 sed

403 4945 588 4993 sancta
627 4936 980 5002 dicebantur;
1026 4937 1110 4992 vel
1149 4945 1384 4992 tractum
1423 4945 1504 4992 est
1553 4951 1586 4991 a
1631 4936 1835 4992 Iudaeis
1866 4936 1997 5007 quia

400 5024 504 5096 ipsi
533 5025 706 5081 Judaei
723 5025 1046 5080 dicebantur
1065 5025 1320 5096 proprius
1340 5024 1573 5096 p0pulus
1601 5024 1722 5092 Dei,
1745 5024 1836 5079 alii
1862 5039 1995 5080 vero

400 5128 592 5169 omnes
623 5129 939 5169 communes
969 5122 1021 5169 et
1051 5114 1333 5168 immundi.

469 5228 640 5284 Vens.
677 5231 762 5283 16.
787 5259 857 5269 -
873 5230 994 5285 Νοη
1015 5246 1142 5300 ergo
1172 5229 1588 5301 blasphemetur
1607 5229 1831 5287 bonum.
1855 5227 1996 5298 Quia

398 5317 491 5391 qui
519 5317 686 5372 habet
715 5332 885 5388 opera
911 5318 1099 5387 bona,,
1147 5317 1194 5372 si
1234 5318 1662 5388 reprehendatur
1699 5319 1755 5373 in
1794 5335 1856 5375 re
1893 5319 1995 5373 mi-

397 5406 562 5474 nima,
612 5406 816 5462 bonum
875 5423 1032 5462 suum
1077 5406 1408 5475 obfuscatur,
1463 5415 1515 5462 et
1561 5407 1748 5480 incipit
1790 5407 1994 5464 bonum

397 5497 514 5566 ejus
545 5495 913 5567 blasphemari
946 5513 1046 5568 per
1074 5497 1294 5551 malum.
1343 5497 1497 5552 Unde
1528 5497 1780 5554 Ezechiel
1813 5514 1828 5552 :
1859 5499 1993 5553 Jus—

399 5587 532 5642 titia
533 5588 684 5659 justi
695 5603 808 5642 non
820 5586 1075 5660 proﬁciet
1087 5587 1159 5654 ei,
1175 5587 1225 5641 si
1237 5587 1512 5642 erraverit
1524 5587 1742 5657 (Ezech.
1759 5587 1990 5658 χχχιιι).

400 5675 521 5733 Νοη
545 5681 678 5749 ergo
708 5675 1126 5751 blasphemetur
1153 5675 1378 5732 bonum.
1409 5675 1555 5732 Bona
1575 5675 1632 5732 in
1652 5692 1711 5732 se
1731 5675 1994 5734 comestio

2095 4622 2235 4678 quos
2257 4606 2614 4676 corporaliter
2634 4606 2780 4661 venit
2802 4624 2818 4673 ;
2851 4606 2997 4662 unde
3021 4623 3037 4662 :
3061 4607 3181 4662 Non
3200 4623 3327 4662 sum
3347 4607 3555 4661 missus
3573 4605 3693 4659 nisi

2094 4696 2165 4751 ad
2207 4711 2333 4752 oves
2371 4712 2493 4768 qua:
2528 4697 2826 4767 perierunt
2870 4695 3066 4752 domus
3095 4697 3268 4752 Israel
3309 4694 3530 4764 (Matth.
3563 4694 3688 4763 xv).

2095 4785 2332 4856 Propter
2360 4786 2682 4840 veritatem.
2703 4785 2828 4840 Non
2855 4785 3053 4856 repulit
3081 4785 3318 4851 Iudaeos,
3339 4783 3537 4855 quibus
3565 4797 3693 4853 pro-

2094 4872 2214 4944 prie
2261 4872 2484 4940 veritas,
2530 4873 2788 4946 gentibus
2831 4872 3222 4941 misericordia,
3284 4873 3484 4944 quibus
3541 4870 3693 4926 nulla

2091 4961 2382 5033 promissio
2413 4961 2555 5018 facta
2583 4971 2719 5018 erat.
2743 4964 3166 5019 Promissiones.
3189 4961 3516 5017 Promiserat
3544 4960 3691 5015 enim

2095 5050 2331 5106 Abrahae
2367 5069 2380 5106 :
2413 5053 2478 5107 In
2507 5053 2724 5107 semine
2747 5056 2842 5108 tuo
2863 5053 3264 5108 benedicentur
3283 5067 3477 5107 omnes
3495 5054 3692 5122 gentes

2094 5138 2257 5210 (Gen.
2292 5139 2458 5212 χχιι).
2482 5140 2552 5196 Ει
2573 5140 2749 5196 David
2782 5159 2796 5195 :
2828 5143 2906 5196 De
2924 5141 3353 5213 [ructwventris
3376 5141 3464 5195 tui
3480 5155 3689 5210 ponam

2093 5244 2262 5300 super
2301 5229 2488 5285 sedem
2519 5233 2678 5286 tuam
2727 5230 2962 5301 (Psalm.
2992 5229 3216 5302 οχχχι).
3261 5228 3332 5285 Et
3358 5228 3489 5284 item
3515 5226 3687 5283 Jacob

2094 5315 2228 5372 dixit
2261 5335 2274 5372 :
2313 5319 2541 5374 Urietur
2567 5319 2738 5376 stella
2765 5336 2840 5376 ea:
2868 5321 3032 5376 Jacob
3059 5318 3250 5391 (Num.
3284 5317 3470 5388 χχιν).

2165 5406 2336 5462 Vens.
2369 5409 2421 5462 9.
2444 5439 2513 5448 -—
2538 5409 2862 5478 Conﬁtebor.
2897 5408 3179 5465 Confessio
3209 5415 3392 5465 autem
3420 5421 3531 5462 non
3562 5413 3688 5461 tan-

2095 5503 2208 5551 tum
2237 5504 2591 5567 peccatorum
2613 5505 2714 5563 est,
2750 5497 2846 5552 sed
2878 5504 2930 5552 et
2959 5497 3152 5553 laudis.

2169 5585 2338 5640 Vens.
2376 5590 2460 5642 t2.
2492 5616 2563 5629 —
2592 5588 2718 5641 Erit
2751 5587 2920 5641 radix
2949 5588 3119 5642 Jesse.
3176 5585 3248 5641 Et
3277 5602 3340 5641 ex
3371 5586 3476 5642 hac
3504 5584 3690 5640 radice

2095 5674 2202 5732 erit
2229 5673 2322 5731 ille
2353 5674 2447 5747 qui
2474 5682 2752 5747 exsurget,
2785 5683 2890 5732 etc.
2921 5676 3097 5747 Jesse,
3129 5675 3286 5734 radix
3316 5691 3332 5732 :
3366 5673 3565 5744 David,
3596 5687 3690 5729 ar-
