3964 6180
250 313 350 368 51⁸7

1219 308 1491 366 GLOSSA
1529 308 1940 366 ORDINARIA.
1980 338 2049 351 —
2085 309 2300 366 EPIST.
2330 310 2424 365 AD
2451 309 2620 366 ROM.

3463 309 3567 364 518

255 436 376 500 bor,
411 450 535 506 qua:
564 449 664 506 per
692 450 924 504 ramum,
958 433 1013 489 id
1043 442 1126 489 est
1154 434 1403 501 Mariam,
1446 432 1574 505 fecit
1598 432 1852 500 fructum,
1888 433 2216 502 ARomani,
2253 435 2408 506 quasi
2439 434 2582 489 dicat
2625 452 2637 488 :
2672 435 2752 489 Ita
2782 433 2943 489 facite
2974 441 3033 488 ut
3060 432 3191 503 dixi,
3235 433 3336 487 hos
3374 440 3555 488 autem

187 588 203 598 .
260 523 318 579 id
351 532 434 579 est
467 523 761 579 Christum.

330 613 506 668 Vsus.
541 616 629 667 13.
663 642 733 653 -
763 613 833 667 Et
862 627 1021 685 pace.
1063 611 1132 667 Ut
1176 611 1399 683 possitis
1448 611 1725 684 gaudere,
1778 611 1870 667 det

254 717 456 773 pacem
488 708 542 756 et
567 700 920 757 concordiam
947 700 1015 755 ad
1046 700 1318 764 invicem;
1353 708 1405 755 et
1434 701 1538 755 hoc
1568 700 1689 769 erit,
1726 700 1771 754 si
1802 700 1869 753 sit

253 805 392 846 sana
421 789 579 845 ﬁdes.
617 792 686 846 Ut
716 790 1031 846 abundetis.
1083 789 1144 843 Id
1173 797 1275 855 est,
1328 797 1386 843 ut
1414 805 1511 859 per
1541 789 1647 843 ista
1690 788 1870 842 habita

254 878 525 935 certiores
556 878 675 933 sitis
707 878 775 933 de
804 885 1010 934 eterna
1038 877 1375 933 beatitudine
1404 886 1458 932 et
1494 877 1784 932 abundetis
1814 877 1871 932 in

255 966 462 1023 virtute
492 965 703 1039 Spiritu
733 966 927 1033 sancti,
960 966 1016 1021 id
1044 973 1147 1033 est,
1188 965 1504 1021 fortitudine
1551 966 1711 1021 bona;
1736 981 1870 1038 ope-

258 1055 514 1123 rationis,
550 1071 675 1127 quae
703 1056 862 1111 datur
890 1071 993 1127 per
1024 1054 1286 1126 Spiritum
1314 1062 1582 1111 sanctum.

332 1145 509 1201 Vnus.
546 1146 633 1200 14.
657 1174 728 1186 -
758 1146 955 1201 Certus
975 1160 1124 1201 sum.
1148 1144 1232 1199 Ne
1260 1144 1539 1200 videretur
1568 1143 1869 1215 Apostolus

260 1249 456 1290 omnes
487 1233 793 1307 intelligere
824 1233 1109 1289 discordes
1138 1240 1193 1289 et
1222 1232 1292 1288 ad
1324 1231 1706 1304 corrigendum
1737 1232 1870 1287 insi-

261 1323 499 1395 pientes,
545 1330 791 1378 removet
839 1323 985 1393 quod
1031 1322 1155 1379 ideo
1204 1322 1429 1393 incipit,
1475 1329 1533 1376 ut
1580 1321 1868 1376 admoneat

266 1411 633 1483 perfectiores
648 1412 719 1466 de
745 1412 1088 1468 correctione
1108 1410 1407 1477 minorum;
1433 1419 1486 1466 et
1506 1410 1632 1465 inde
1652 1425 1867 1481 praepo-

259 1501 339 1557 nit
372 1518 433 1559 se
459 1500 769 1572 exemplum
790 1501 881 1573 qui
901 1500 1112 1557 laborat
1130 1501 1201 1556 de
1216 1500 1356 1565 aliis,
1374 1508 1428 1556 et
1444 1515 1582 1570 opus
1604 1507 1687 1554 est
1706 1508 1761 1554 ut
1782 1499 1870 1554 isti

263 1591 371 1646 hoc
391 1589 604 1659 faciant,
619 1606 745 1645 cum
765 1589 882 1660 ipse
902 1589 1023 1644 aliis
1039 1588 1332 1661 impeditus
1347 1589 1417 1644 ad
1436 1604 1531 1644 eos
1550 1588 1738 1644 venire
1759 1604 1870 1644 non

263 1678 461 1751 possit.
487 1679 705 1751 Repleti
724 1680 881 1735 omni
899 1678 1204 1751 sapientia.
1220 1679 1325 1733 Per
1344 1678 1487 1733 hanc
1508 1676 1728 1732 laudem
1748 1692 1870 1748 pro-

267 1774 430 1823 vocat
446 1765 517 1822 ad
528 1766 780 1834 meliora,
793 1783 949 1822 more
965 1765 1324 1821 exhortantis.
1339 1765 1494 1822 Unde
1516 1782 1618 1821 nec
1639 1766 1768 1821 dicit
1780 1765 1871 1821 do-
1890 1795 1944 1856 B

266 1872 417 1921 cere,
435 1856 532 1911 sed
554 1871 779 1911 monere
796 1874 810 1923 ;
830 1855 988 1927 quasi
998 1854 1145 1911 dicat
1157 1855 1302 1929 quod
1315 1855 1538 1922 sciatur,
1554 1854 1652 1910 sed
1665 1854 1873 1909 subter-

269 1943 410 2017 fugit
420 1944 622 1999 animo.
641 1945 759 2000 Hoc
772 1944 917 1999 enim
939 1943 1078 1999 solet
1096 1943 1328 2009 moneri,
1346 1942 1491 2015 quod
1503 1959 1627 1999 cum
1644 1942 1868 2010 sciatur,

264 2032 565 2105 aliquando
588 2032 917 2105 subterfugit
927 2031 1127 2101 animo,
1144 2040 1237 2087 aut
1256 2031 1602 2105 negligenter
1616 2032 1867 2086 habetur.

331 2122 507 2178 Vnus.
532 2125 622 2178 15.
639 2152 709 2162 -
730 2124 967 2194 Propter
984 2123 1249 2194 gratiam.
1272 2121 1398 2176 Non
1419 2129 1625 2176 temere
1647 2120 1868 2189 scribit;

261 2210 362 2266 sed
394 2211 694 2283 Apostolus
721 2211 969 2283 gentium
998 2210 1163 2265 audet
1191 2210 1437 2267 scribere
1459 2210 1715 2266 omnibus
1736 2226 1871 2283 gen-

258 2300 411 2354 tibus
443 2300 768 2356 auetoritate
802 2299 907 2353 sibi
936 2299 1133 2354 tradita
1162 2315 1262 2370 per
1289 2298 1547 2372 gratiam.

332 2389 505 2444 Vsus.
523 2391 608 2443 17.
634 2419 704 2429 -
722 2390 901 2445 Habeo
924 2390 1121 2461 igitur.
1148 2388 1239 2445 Sic
1259 2397 1312 2443 et
1332 2404 1431 2444 vos
1454 2388 1500 2443 si
1519 2389 1590 2443 de
1610 2386 1872 2442 fratribus

259 2476 555 2533 laboratis.
606 2478 721 2534 Hoc
769 2478 895 2533 ideo
942 2476 1074 2533 dicit
1119 2485 1177 2532 ut
1219 2476 1353 2532 nihil
1400 2476 1579 2532 minus
1620 2493 1678 2531 se
1708 2493 1872 2548 posse

259 2566 461 2638 probet
492 2581 659 2638 quam
688 2566 969 2637 apostolos
995 2566 1091 2638 qui
1119 2581 1247 2622 cum
1276 2565 1496 2621 Christo
1524 2565 1760 2621 fuerant.

328 2655 503 2710 Vnus.
520 2658 610 2711 20.
628 2684 699 2696 —
718 2656 838 2711 Non
866 2655 963 2711 ubi
990 2656 1343 2721 nominatus,
1375 2662 1479 2711 etc.
1505 2654 1646 2722 Quia
1664 2653 1873 2709 sciebat

254 2744 753 2816 pseudoapostolos
799 2751 853 2799 et
880 2743 1018 2799 alios
1068 2745 1168 2798 sub
1227 2743 1449 2799 nomine
1491 2742 1693 2798 Christi
1737 2742 1873 2799 falsa

253 2832 482 2899 docere,
516 2832 663 2903 quod
691 2840 880 2903 postea
907 2832 1198 2903 corrigere
1230 2830 1453 2887 maximi
1484 2840 1602 2887 erat
1631 2831 1869 2898 laboris;

256 2920 383 2977 ideo
415 2920 686 2977 sollicitus
715 2929 834 2976 erat
862 2922 1191 2992 praevenire,
1242 2929 1297 2977 et
1334 2921 1621 2977 veritatem
1660 2920 1872 2993 integre

257 3010 503 3077 tradere,
535 3010 630 3065 ubi
657 3010 900 3066 nondum
929 3018 1049 3065 erat
1076 3009 1356 3066 nuntiatus
1396 3009 1645 3065 Christus
1671 3028 1685 3076 ;
1728 3008 1874 3082 quod

259 3099 581 3155 testimonio
600 3100 886 3171 pr0phetae
915 3099 1135 3169 probat.

326 3189 504 3244 Vsus.
526 3192 701 3245 21.-
729 3189 801 3244 Et
827 3190 923 3261 qui
951 3205 1067 3244 non
1096 3188 1431 3256 audierunt,
1465 3195 1569 3242 etc.
1605 3188 1673 3243 Ut
1708 3203 1871 3242 verus

260 3284 412 3333 esset
445 3285 500 3332 et
529 3275 861 3333 inviolabilis
889 3277 959 3333 de
988 3277 1160 3332 verbo
1208 3276 1309 3332 Dei
1337 3275 1665 3343 intellectus,
1712 3275 1870 3331 festi-

255 3365 412 3421 navit
443 3374 641 3438 gentes
665 3366 898 3423 veritate
928 3365 1194 3422 imbuere.

328 3454 504 3510 Vnus.
535 3458 627 3511 26.
671 3483 742 3496 —
774 3456 1157 3511 Probaverunt
1206 3455 1380 3510 enim.
1432 3454 1517 3508 Ad
1562 3452 1873 3523 hujusmodi

253 3558 432 3614 opera
462 3544 741 3599 Romanos
771 3543 980 3611 invitat,
1020 3543 1151 3615 quia
1181 3542 1275 3614 qui
1305 3558 1406 3613 per
1436 3542 1873 3599 misericordiam

252 3631 354 3687 Dei
382 3631 540 3700 vivit,
569 3632 697 3703 pius
717 3631 881 3687 debet
910 3648 1033 3687 esse
1063 3630 1344 3688 confratri.
1383 3633 1446 3686 In
1471 3648 1772 3705 pauperes.
1805 3631 1873 3686 Hi

251 3727 400 3776 totos
445 3737 506 3776 se
556 3720 827 3776 dederunt
866 3720 1065 3778 divinis
1118 3720 1418 3793 obsequiis,
1471 3719 1605 3774 nihil
1633 3720 1872 3776 munda-

256 3825 391 3864 num
427 3817 710 3877 curantes,
746 3809 1059 3882 exemplum
1089 3809 1248 3866 bona;
1290 3809 1723 3867 conversationis
1767 3809 1871 3865 da-

258 3897 389 3953 bant
425 3897 699 3953 ﬁdelibus.

324 4013 504 4070 Vitas.
539 4017 627 4069 30.
651 4042 720 4054 —
745 4016 811 4071 Ut
840 4015 1139 4086 adjuvetis.
1167 4014 1317 4069 Multi
1340 4013 1549 4070 minimi
1580 4014 1710 4069 dum
1740 4029 1871 4071 con-

256 4110 563 4176 gregantur
592 4102 895 4171 unanimes,
940 4102 1073 4159 fiunt
1102 4104 1306 4181 magni,
1343 4112 1397 4160 et
1424 4105 1718 4159 multorum
1746 4120 1873 4176 pre-

258 4206 352 4247 ces
385 4191 728 4264 impossibile
760 4200 844 4247 est
873 4199 931 4246 ut
960 4208 1071 4247 non
1101 4193 1414 4265 impetrent.
1467 4193 1523 4248 Si
1570 4209 1705 4266 ergo
1747 4209 1872 4248 eum

256 4279 447 4336 videre
524 4281 766 4352 cupiunt,
816 4289 973 4337 orent
1019 4288 1078 4336 ut
1113 4281 1402 4338 liberatum
1443 4298 1568 4339 eum
1613 4282 1873 4354 recipiant

257 4384 381 4425 cum
416 4370 618 4441 gaudio
647 4370 928 4426 charitatis
967 4389 983 4439 ;
1028 4370 1174 4426 unde
1206 4371 1453 4443 sequitur
1482 4374 1548 4427 ut
1583 4372 1802 4429 liberer.

328 4477 709 4541 V3as.3l.—_—
734 4477 996 4550 Accepta.
1049 4478 1115 4534 Ut
1158 4477 1236 4532 illi
1280 4477 1558 4534 intellecta
1607 4477 1867 4534 charitate

258 4564 405 4621 illius
436 4581 574 4637 erga
603 4582 681 4635 se,
716 4582 840 4622 cum
870 4566 964 4622 illo
993 4565 1281 4622 unanimes
1302 4568 1418 4622 Deo
1448 4565 1656 4639 gratias
1678 4575 1864 4640 agant.

259 4653 498 4728 Magnus
529 4655 674 4710 enim
704 4655 980 4727 profectus
1002 4662 1085 4712 est
1115 4655 1185 4725 ei,
1208 4656 1364 4726 cujus
1393 4655 1696 4713 ministerio
1712 4655 1869 4712 multi

261 4742 391 4800 facti
424 4743 538 4800 laeti
566 4744 741 4800 Deum
771 4744 1014 4800 laudant.

327 4851 504 4907 Vnus.
528 4854 616 4907 33.
640 4881 710 4894 ——
728 4853 876 4909 Deus
905 4855 1100 4909 autem
1128 4852 1305 4924 pacis.
1331 4851 1597 4920 Christus,
1629 4852 1722 4924 qui
1752 4852 1866 4910 ait:

262 4942 465 4997 Pacem
484 4957 673 4996 meam
702 4942 768 4998 do
790 4942 956 5007 vobis,
978 4944 1037 4996 et
1063 4957 1266 5013 pacem
1292 4958 1480 4997 meam
1508 4943 1765 5014 relinquo
1785 4958 1869 4999 υοο

264 5029 339 5084 bis
372 5028 562 5100 (Joan.
586 5029 732 5101 xxv);
764 5030 855 5101 qui
885 5044 1011 5086 cum
1042 5028 1155 5084 suis
1186 5037 1271 5086 est
1299 5046 1472 5102 usque
1502 5030 1573 5086 ad
1603 5046 1864 5087 consum-

265 5117 561 5173 mationem
590 5117 796 5185 saeculi,
829 5118 904 5173 ita
934 5125 987 5173 et
1018 5117 1086 5172 sit
1114 5117 1399 5174 vobiscum
1423 5136 1436 5185 ;
1470 5118 1588 5190 ipse
1618 5118 1762 5174 enim
1783 5128 1867 5176 est

268 5206 357 5277 qui
400 5207 479 5263 ait
513 5223 527 5261 :
568 5208 851 5264 Vobiscum
884 5224 1013 5264 sum
1051 5208 1312 5264 omnibus
1350 5208 1542 5265 diebus
1580 5225 1754 5282 usque
1792 5208 1866 5265 ad

267 5298 757 5355 consumatin
771 5297 968 5354 seculi
994 5295 1216 5367 (Matth.
1251 5296 1478 5369 xxviii).

867 5473 1093 5530 CAPUT
1124 5473 1273 5531 XVI.

339 5610 508 5669 Vm.
525 5614 551 5667 1
564 5641 664 5667 .-—-
686 5612 1018 5674 Commendo
1038 5619 1231 5673 autem
1250 5615 1416 5673 vobis.
1433 5616 1645 5672 Amodo
1665 5615 1865 5673 multos

264 5700 432 5768 iustos
459 5701 758 5774 Apostolus
787 5703 1061 5777 proponit,
1112 5704 1310 5776 quibus
1352 5704 1583 5764 credere
1630 5705 1866 5763 debeant

1967 523 2272 578 imitamini.
2307 524 2563 579 Phoeben.
2592 521 2810 579 Scilicet
2832 522 3036 577 Phtebe
3060 521 3328 577 ditissima
3352 530 3404 576 et
3424 521 3575 575 nobi-

1970 610 2177 667 lissima
2207 612 2406 667 mulier
2434 611 2552 677 fuit,
2580 629 2702 684 quae
2719 610 3027 667 Ecclesiam
3047 610 3103 665 in
3122 610 3245 667 loco
3266 610 3357 682 qui
3377 609 3575 665 dicitur

1972 701 2257 769 Cenchris,
2290 717 2386 756 sua
2416 701 2726 755 substantia
2757 700 3114 755 sustentabat.
3163 699 3246 753 Ea
3274 714 3405 753 vero
3445 705 3576 754 tunc

1971 790 2235 861 temporis
2263 806 2364 861 pro
2397 790 2581 861 aliquo
2630 791 2851 861 negotio
2894 790 3123 845 Romam
3171 788 3414 859 profecta
3466 794 3567 854 est,

1969 886 2071 949 per
2099 893 2267 951 quam
2297 877 2482 934 forsan
2512 879 2654 934 hanc
2670 877 2830 933 misit
2856 877 3178 949 Epistolam.

2040 984 2212 1040 Vsus.
2231 989 2286 1042 2.
2310 1016 2377 1026 —
2406 985 2741 1057 Suscipiatis
2772 985 2956 1057 digne.
2992 984 3111 1052 Vel,
3142 990 3202 1038 ut
3232 982 3325 1039 alii
3353 982 3571 1040 codices

1970 1073 2192 1141 habent,
2227 1073 2387 1129 valde
2416 1074 2643 1129 honeste
2672 1082 2726 1130 et
2752 1072 3070 1130 honoriﬁce.

2039 1186 2213 1242 Vens.
2246 1190 2301 1242 3.
2342 1218 2411 1227 —
2453 1188 2707 1245 Priscam
2747 1193 2805 1244 et
2837 1188 3120 1261 Aquilam.
3152 1186 3351 1261 Aquila
3381 1194 3465 1243 est
3492 1186 3574 1243 vir

1971 1275 2235 1332 Priscilla:
2269 1295 2281 1331 :
2316 1276 2372 1331 hi
2401 1277 2750 1346 coadjutores
2789 1276 2943 1332 Pauli
2972 1278 3199 1333 Romam
3249 1276 3318 1332 ad
3364 1274 3570 1332 contir-

1972 1365 2269 1421 mationem
2302 1366 2671 1421 Romanorum
2700 1373 2982 1421 venerant.
3036 1365 3126 1421 Sic
3173 1374 3227 1421 et
3256 1382 3447 1422 omnes
3477 1365 3569 1421 alii

1972 1471 2111 1526 quos
2143 1454 2361 1521 salutat,
2395 1457 2581 1511 Roma:
2611 1455 2780 1510 fuisse
2809 1454 3204 1528 intelliguntur.

2041 1552 2213 1608 Vens.
2237 1555 2288 1607 4.
2315 1584 2384 1593 -
2404 1554 2667 1609 Ecclesiae
2685 1556 2960 1625 gentium.
2982 1552 3119 1621 Quia
3148 1553 3204 1608 hi
3222 1552 3477 1608 laborant
3500 1550 3572 1609 ad

1969 1640 2277 1712 profectum
2305 1642 2550 1714 gentium
2597 1643 2947 1697 exhortantes
2996 1641 3161 1697 ﬁdem
3210 1641 3429 1710 Christi,
3478 1640 3571 1714 qui

1970 1730 2134 1785 etiam
2165 1729 2407 1801 pericula
2435 1747 2536 1801 pro
2565 1731 2826 1801 Apostolo
2878 1730 2990 1802 pati
3008 1748 3118 1787 non
3139 1739 3568 1797 recusaverunt;

1974 1814 2119 1873 unde
2149 1827 2202 1873 et
2230 1818 2458 1875 Romani
2487 1819 2567 1874 eis
2595 1818 2821 1875 obedire
2852 1820 3073 1875 debent.

2041 1908 2212 1964 Vsus.
2255 1912 2339 1962 10.
2375 1938 2444 1948 --
2474 1910 2763 1981 Appellen.
2804 1909 2907 1963 Per
2954 1908 3281 1964 tentationes
3310 1909 3566 1964 inventus

1971 2004 2057 2052 est
2088 1995 2265 2051 fidelis
2297 1997 2351 2051 in
2382 1996 2636 2053 Christo:
2663 1997 2768 2054 etsi
2795 2014 2907 2053 non
2936 2014 3067 2053 suus
3097 1997 3328 2069 amicus,
3353 1997 3441 2054 vel
3468 2014 3571 2070 par

1971 2086 2144 2157 ticeps
2174 2084 2374 2157 operis.

2042 2202 2216 2258 Vsus.
2251 2205 2337 2257 11.
2361 2232 2431 2242 -
2459 2203 2779 2260 Aristoboli.
2831 2202 3054 2259 Solebat
3084 2203 3186 2259 iste
3224 2203 3569 2259 Aristobolus

1972 2304 2314 2363 congregare
2346 2290 2545 2346 fratres
2576 2292 2633 2345 in
2660 2291 2899 2359 Christo,
2934 2308 3071 2363 quos
3101 2292 3394 2363 Apostolus
3422 2293 3570 2349 salu-

1971 2386 2043 2434 tat
2075 2379 2215 2435 adeo
2245 2379 2487 2451 probans
2518 2380 2721 2436 factum
2751 2380 2916 2436 illius.
2940 2383 3027 2436 Ea:
3055 2382 3326 2437 Narcissi.
3353 2382 3570 2439 Narcis-

1972 2485 2066 2523 sus
2095 2468 2293 2523 dicitur
2322 2467 2489 2523 fuisse
2519 2469 2828 2540 presbyter,
2862 2470 3001 2525 sicut
3027 2469 3231 2542 legitur
3249 2469 3306 2525 in
3324 2470 3446 2525 aliis
3474 2486 3568 2526 co-

1970 2557 2204 2626 dicibus,
2240 2557 2333 2629 qui
2361 2557 2764 2630 peregrinando
2793 2556 3151 2614 confirmabat
3181 2567 3400 2615 sanctos
3447 2558 3565 2614 fra-

1971 2654 2103 2715 tres,
2136 2646 2229 2718 qui
2258 2645 2386 2717 quia
2416 2662 2659 2717 praesens
2689 2655 2817 2703 tunc
2845 2663 2957 2703 non
2985 2648 3196 2715 aderat,
3238 2663 3369 2703 suos
3407 2646 3562 2703 salu-

1971 2742 2050 2789 tat
2073 2754 2087 2801 ;
2121 2743 2174 2790 et
2204 2735 2332 2807 quia
2352 2751 2460 2790 non
2481 2735 2722 2790 omnium
2740 2735 2959 2791 illorum
2977 2736 3172 2793 merita
3191 2744 3439 2807 noverat,
3462 2736 3571 2793 dis-

1972 2824 2166 2889 cernit,
2202 2824 2487 2879 subdens:
2520 2826 2617 2898 qui
2646 2829 2785 2881 sunt
2828 2827 2892 2881 in
2934 2828 3188 2892 Domino,
3238 2826 3295 2881 id
3341 2834 3424 2882 est
3470 2842 3566 2883 eos

1975 2930 2115 2984 quos
2144 2913 2343 2985 dignos
2373 2912 2655 2970 noveritis.

2044 3011 2216 3066 Vens.
2238 3014 2326 3069 12.
2349 3042 2419 3051 -
2437 3011 2751 3068 Laboravit.
2776 3011 2952 3068 Labor
2968 3011 3077 3078 hic,
3100 3011 3169 3068 de
3191 3027 3298 3085 quo
3319 3013 3567 3071 crebrius

1975 3100 2291 3171 Apostolus,
2325 3107 2408 3155 est
2437 3099 2493 3154 in
2523 3099 2898 3156 exhortatione
2928 3108 2981 3155 et
3013 3100 3070 3154 in
3097 3100 3402 3157 ministerio
3432 3119 3566 3158 san-

1975 3196 2207 3255 ctorum,
2242 3196 2295 3244 et
2322 3188 2376 3243 in
2407 3204 2668 3259 pressura
2688 3196 2741 3245 et
2771 3189 2824 3243 in
2854 3197 3098 3263 egestate
3128 3197 3354 3261 propter
3368 3192 3562 3248 Deum.

2043 3291 2213 3346 Vsus.
2249 3293 2333 3345 13.
2369 3321 2437 3330 -
2468 3292 2538 3346 Et
2568 3306 2773 3346 meam.
2809 3290 2915 3345 Pro
2944 3289 3232 3347 sanctitate
3263 3291 3379 3361 ejus
3407 3300 3569 3350 vocat

1973 3394 2126 3433 suam
2157 3386 2410 3448 matrem,
2443 3379 2598 3449 cujus
2628 3378 2798 3434 filium
2828 3379 3125 3452 praeposuit
3146 3396 3247 3452 pro
3277 3380 3567 3439 ecclesias-

1971 3468 2079 3524 tico
2108 3467 2305 3524 ofﬁcio.

2043 3585 2213 3640 Vsus.
2250 3588 2336 3640 15.
2369 3615 2439 3626 -
2468 3586 2538 3641 Et
2558 3601 2769 3642 omnes.
2804 3584 3029 3654 Omnes,
3063 3585 3263 3657 quibus
3294 3585 3484 3644 scribit
3511 3594 3566 3643 et

1972 3689 2110 3745 quos
2140 3673 2402 3739 nominat,
2431 3673 2585 3742 jubet
2617 3690 2677 3728 se
2706 3673 2945 3728 salutare
2992 3672 3225 3730 invicem
3271 3674 3328 3729 in
3375 3676 3566 3733 osculo

1972 3768 2182 3828 sancto,
2215 3761 2270 3815 id
2299 3768 2382 3816 est
2410 3761 2464 3815 in
2492 3776 2628 3832 pace
2660 3761 2880 3829 Christi,
2921 3768 2979 3816 ut
3008 3759 3271 3835 religiosa
3313 3762 3420 3818 sint
3468 3779 3563 3818 os-

1972 3850 2112 3921 cula,
2144 3865 2256 3906 non
2285 3849 2548 3906 carnalia.

2042 3940 2213 3994 Vsus.
2248 3942 2335 3994 16.
2358 3969 2427 3979 -
2459 3939 2686 3995 Christi.
2718 3938 2779 3994 Id
2808 3946 2891 3994 est
2920 3955 3043 4011 quae
3069 3938 3128 3994 in
3156 3938 3371 3996 Christo
3401 3940 3567 3998 conti-

1971 4028 2124 4096 dunt,
2158 4044 2268 4083 non
2297 4026 2353 4081 in
2382 4027 2493 4083 alia
2520 4043 2601 4084 re.

2042 4118 2212 4173 Vens.
2239 4120 2324 4172 17.
2341 4147 2410 4157 -
2430 4118 2498 4174 Ut
2514 4117 2830 4174 observetis.
2856 4117 3353 4191 Pseudoapostolos
3372 4120 3564 4194 tangit,

1972 4223 2110 4280 quos
2140 4206 2197 4263 in
2224 4214 2339 4262 tota
2365 4205 2613 4277 Epistola
2641 4206 2917 4264 cavendos
2947 4224 3071 4264 esse
3099 4218 3304 4266 monet.

2043 4323 2212 4378 Vsus.
2241 4325 2325 4377 19.
2350 4352 2420 4363 -
2455 4324 2644 4379 Vestra
2665 4323 2837 4379 enim.
2872 4323 3002 4379 Ideo
3030 4340 3228 4382 moneo
3258 4340 3357 4381 vos
3385 4325 3562 4384 vitare

1969 4409 2114 4478 illos,
2137 4410 2265 4483 quia
2297 4419 2482 4467 vestra
2501 4409 2638 4466 ﬁdes
2658 4420 2711 4466 et
2730 4411 3022 4467 obedentia
3040 4412 3243 4484 ubique
3265 4413 3520 4470 laudatur
3542 4433 3556 4471 :

1883 4520 1935 4581 D
1972 4500 2098 4572 quia
2127 4500 2258 4556 estis
2285 4501 2343 4555 in
2370 4500 2549 4571 capite
2586 4500 2793 4567 mundi,
2844 4508 2899 4556 et
2946 4500 3027 4556 sic
3073 4501 3325 4573 exemplo
3370 4511 3559 4561 vestro

1960 4589 2072 4658 jam
2102 4598 2327 4661 possent
2355 4590 2448 4645 alii
2476 4589 2773 4660 corrumpi.
2799 4588 2916 4656 Vel,
2942 4604 3080 4662 rogo
3100 4605 3199 4646 vos
3220 4590 3393 4648 vitare
3413 4592 3557 4661 illos,

1966 4678 2093 4750 quia
2120 4678 2315 4734 leviter
2342 4677 2625 4744 obedistis,
2660 4678 2805 4750 quod
2834 4678 3037 4733 bonum
3067 4686 3170 4747 est,
3195 4688 3249 4735 et
3263 4679 3391 4737 inde
3420 4697 3561 4755 gau-

1964 4767 2069 4823 deo
2092 4785 2107 4833 ;
2141 4767 2239 4823 sed
2260 4768 2383 4823 volo
2410 4775 2469 4822 ut
2497 4767 2613 4822 sitis
2634 4765 2909 4838 sapientes
2929 4767 2984 4823 in
3003 4768 3149 4826 bono
3168 4769 3558 4842 discernenda,

1965 4864 2019 4912 et
2046 4855 2165 4912 sine
2193 4856 2377 4929 aliqua
2403 4864 2559 4928 parte
2588 4855 2739 4911 mali.

2034 4970 2206 5027 Vsus.
2220 4975 2309 5029 20.
2324 4973 2551 5028 —Deus
2572 4975 2786 5028 autem.
2804 4971 2914 5028 Vos
2936 4971 3053 5028 sitis
3075 4973 3349 5046 sapientes
3373 4991 3386 5033 :
3410 4977 3560 5035 Deus

1964 5067 2147 5115 autem
2163 5064 2421 5118 conterat
2441 5062 2734 5132 Satanam,
2758 5060 2815 5117 id
2846 5067 2928 5117 est
2958 5061 3127 5118 falsos
3148 5064 3559 5136 praedicatores,

1964 5149 2051 5205 vel
2082 5149 2380 5223 quemlibet
2408 5149 2566 5207 vobis
2596 5151 2983 5208 adversantem
3012 5152 3308 5226 hominem,
3333 5155 3420 5212 vel
3448 5156 3561 5213 dia-

1964 5238 2170 5294 bolum.
2202 5238 2311 5295 Sub
2338 5239 2591 5311 pedibus.
2626 5240 2695 5296 Ut
2723 5248 2906 5312 caput,
2940 5240 2997 5296 id
3027 5249 3111 5297 est
3139 5240 3349 5314 primos
3378 5253 3561 5302 motus

1964 5327 2382 5401 suggestionum
2409 5330 2791 5397 contemnatis,
2815 5338 2870 5386 et
2898 5330 2944 5385 si
2972 5330 3227 5387 diabolus
3247 5331 3349 5401 est,
3374 5342 3561 5391 conte-

1965 5417 2098 5471 ratis
2129 5416 2245 5486 ejus
2273 5424 2438 5488 caput
2466 5417 2606 5473 sicut
2632 5418 2765 5476 Evaa
2812 5418 2869 5473 in
2907 5417 3088 5493 ﬁgura
3135 5420 3421 5492 Ecclesiae,
3471 5420 3559 5479 vel

1965 5505 2333 5561 sensualitatis
2361 5504 2567 5563 dictum
2596 5514 2696 5563 est.
2735 5508 2948 5565 Gratia.
2973 5508 3221 5566 Gratiam
3248 5524 3412 5582 quam
3432 5524 3561 5581 pro-

1964 5594 2112 5650 misit
2138 5594 2194 5650 in
2222 5595 2460 5653 adventu
2488 5612 2610 5665 suo,
2636 5597 2752 5667 jam
2781 5605 2933 5671 optat
2961 5598 3060 5654 eis.

2036 5711 2208 5769 Vsus.
2231 5716 2320 5771 21.
2344 5742 2414 5755 -
2441 5714 2670 5773 Salutat
2689 5730 2801 5772 vos.
2832 5712 3003 5783 Quasi
3030 5711 3213 5770 dicat:
3238 5712 3338 5771 Tot
3353 5720 3405 5770 et
3425 5714 3562 5771 tanti
