3948 6178
384 287 487 340 519

941 281 1346 340 WALAFRIDI
1387 282 1629 338 STRABI
1669 281 1867 338 FULD.
1909 280 2082 337 MON.
2125 279 2277 336 OPP.
2320 282 2494 337 PARS
2533 283 2575 336 Ι.
2609 312 2678 323 -
2707 283 3176 342 THEOLOGICA.

3585 292 3690 346 520

378 408 728 482 congaudent
757 415 941 464 vestro
970 417 1170 480 coepto,
1223 416 1279 463 et
1323 408 1449 462 ideo
1479 423 1840 478 perseverare
1871 423 1969 463 vos
1981 422 2038 482 Α
2067 406 2223 474 scita,
2258 423 2546 480 quousque
2593 425 2694 464 suo
2743 416 2990 482 tempore
3035 427 3138 482 per
3185 411 3368 483 ipsum
3409 412 3688 468 Christum

383 498 562 554 decet.

456 607 628 661 Vnus.
652 609 740 662 23.
765 636 834 646 -
863 607 933 660 Et
965 607 1249 660 universa.
1305 604 1484 674 Supra
1529 605 1742 660 dixerat
1784 620 1976 660 omnes

385 695 702 762 Ecclesias;
737 695 834 750 sed
865 694 952 748 hic
981 693 1109 749 dicit
1139 693 1447 750 Ecclesiam
1477 693 1703 750 alterius
1747 695 1976 766 provin-

385 784 503 850 cia,
538 784 681 838 unde
712 783 874 854 Caius
906 791 1042 837 erat.

456 883 624 936 Vens.
651 883 737 938 25.
762 911 832 921 -
849 883 916 936 Ei
944 885 1156 937 autem.
1183 882 1273 938 Sic
1303 899 1409 956 ego
1439 899 1536 938 vos
1566 899 1780 940 meneo.
1801 883 1866 938 Ei
1888 899 1979 938 au-

382 978 492 1025 tem
523 970 614 1041 qui
644 977 819 1040 potest
848 985 945 1024 vos
975 971 1322 1038 confirmare,
1347 972 1416 1025 sit
1447 971 1646 1045 gloria,
1671 988 1703 1027 a
1721 988 1828 1045 quo
1860 972 1978 1028 solo

383 1059 526 1114 bono
555 1066 679 1112 sunt
698 1059 841 1114 bona
861 1059 1044 1114 omnia
1070 1078 1083 1123 ;
1115 1059 1170 1114 in
1189 1076 1298 1132 quo
1318 1061 1563 1132 epistola
1584 1069 1804 1117 notatur
1829 1078 1978 1117 sum-

381 1163 489 1214 ma,
524 1146 652 1219 quia
679 1147 767 1203 hic
814 1147 1188 1219 principaliter
1230 1149 1456 1204 intendit
1505 1150 1800 1222 Apostolus
1847 1151 1976 1206 illos

381 1252 607 1292 monere
636 1244 694 1292 ut
722 1238 903 1292 omnia
933 1237 1228 1293 attribuant
1257 1239 1448 1312 gratia
1477 1240 1596 1295 Dei.

450 1334 769 1390 Secundum
802 1335 1221 1391 reuelationem.
1246 1335 1558 1406 Mysterium
1580 1335 1710 1393 dicit
1733 1336 1980 1394 incarna-

379 1421 582 1478 tionem
613 1423 832 1489 Christi,
864 1431 993 1490 etc.,
1028 1441 1150 1496 qua
1179 1425 1399 1480 aternis
1442 1426 1780 1497 temporibus
1824 1435 1980 1482 erant

381 1512 703 1567 abscondita
737 1531 750 1566 :
784 1513 911 1584 quia
940 1512 1066 1569 licet
1097 1530 1161 1568 ex
1192 1514 1373 1585 aliqua
1403 1524 1560 1585 parte
1589 1515 1824 1587 antiquis
1875 1532 1978 1587 pa-

383 1601 556 1656 tribus
585 1600 814 1657 fuissent
843 1601 1082 1674 cognita,
1115 1603 1274 1674 plene
1306 1610 1488 1659 tamen
1518 1620 1551 1660 a
1579 1605 1729 1661 nullo
1760 1604 1980 1660 fuerunt

2079 504 2206 550 sunt
2236 495 2496 552 revelata.

2150 613 2321 669 Vnus.
2353 618 2441 670 26.
2475 644 2544 654 -
2565 616 2672 670 Per
2701 615 3025 687 Scripturas
3052 618 3482 690 prophetarum.
3509 618 3592 674 Ab
3621 634 3688 674 eo

2079 711 2389 772 reseratas,
2442 703 2812 758 testimonium
2861 704 3054 760 dantes
3113 706 3240 762 huic
3285 707 3685 776 pradicationi.

2077 793 2436 862 Patefactum
2468 791 2524 845 in
2554 793 2763 847 cunctis
2793 793 3049 865 gentibus
3082 794 3154 849 ad
3191 795 3584 861 obediendum,
3635 796 3692 851 id

2078 887 2162 935 est
2191 887 2247 933 ut
2278 880 2534 935 obediant
2565 879 2691 936 fidei
2720 881 2860 936 bene
2889 883 3192 952 operando.
3223 887 3401 941 Taciti
3417 885 3564 950 aliis,
3591 885 3692 940 sed

2078 968 2284 1040 cogniti
2314 969 2416 1024 soli
2446 970 2562 1024 Deo
2589 987 2601 1023 :
2629 969 2757 1040 quia
2778 971 2880 1024 etsi
2911 971 2978 1025 sit
2999 973 3164 1027 modo
3184 973 3499 1028 hominibus
3528 989 3692 1029 reve-

2077 1055 2266 1127 latum,
2301 1065 2483 1112 tamen
2514 1057 2617 1114 soli
2644 1059 2760 1114 Deo
2791 1059 3072 1131 cognitum
3101 1069 3204 1134 est,
3240 1062 3371 1134 quia
3401 1061 3558 1118 solus
3592 1077 3694 1118 no-

2079 1145 2154 1202 vit
2185 1161 2284 1201 cur
2313 1145 2389 1200 ita
2417 1145 2619 1202 factum
2651 1155 2752 1202 est.
2807 1148 2868 1202 In
2903 1164 3010 1220 quo
3041 1131 3288 1221 reprimit
3333 1150 3694 1224 inquisitores

2079 1233 2171 1306 qui
2204 1243 2454 1305 quarunt
2485 1251 2585 1291 cur
2615 1244 2825 1290 tantum
2844 1235 3053 1292 distth
3082 1239 3230 1294 Deus
3249 1239 3279 1294 ?
3307 1255 3407 1296 cur
3435 1247 3516 1296 tot
3543 1256 3695 1314 gen-

2077 1329 2158 1378 tes
2188 1323 2372 1394 perire
2404 1324 2674 1395 permisit.

2153 1430 2322 1485 Vnus.
2346 1433 2434 1488 27.
2459 1462 2528 1470 -
2549 1433 2650 1488 Cui
2681 1432 2874 1489 honor.
2895 1433 3087 1505 (AUG.)
3111 1433 3271 1502 Quod
3303 1435 3525 1490 additur
3551 1453 3565 1489 :
3594 1435 3698 1491 Cui

2078 1517 2273 1590 gloria,
2306 1527 2434 1588 etc.,
2467 1537 2641 1592 usque
2662 1521 2734 1576 ad
2752 1522 2879 1593 quia
2907 1539 3008 1592 per
3038 1539 3164 1577 eum
3193 1523 3423 1580 innotuit
3441 1524 3697 1580 homini-

2080 1607 2181 1661 bus
2211 1609 2358 1662 Deus
2388 1609 2643 1676 Trinitas,
2677 1611 2825 1682 quod
2852 1620 2935 1666 est
2964 1612 3307 1683 mysterium.

395 1783 3690 1810 Μ

1405 1865 1851 1938 EPISTOLA
1909 1869 1936 1938 Ι
2003 1867 2135 1940 ΑΒ
2197 1867 2788 1945 CORINTHIOS.

923 2117 1364 2174 ARGUMENTU
1375 2118 1446 2173 Μ.

458 2213 725 2272 Corinthii
753 2222 877 2270 sunt
905 2216 1148 2284 Achaici,
1181 2226 1233 2273 et
1262 2217 1318 2272 hi
1349 2217 1597 2274 similiter
1616 2218 1686 2274 ab
1719 2219 1984 2290 Apostolo

382 2303 671 2360 audierunt
699 2305 928 2360 verbum
957 2305 1221 2372 veritatis,
1257 2314 1311 2361 et
1341 2306 1594 2362 subversi
1641 2315 1765 2362 sunt
1794 2308 1984 2362 multi-

383 2393 520 2448 farie
551 2408 584 2448 a
611 2392 764 2448 falsis
795 2393 1078 2464 apostolis.
1115 2394 1351 2463 Quidam
1381 2411 1414 2450 a
1445 2396 1804 2468 philosophia:
1853 2414 1983 2451 ver-

383 2482 521 2537 bosa
563 2482 905 2554 eloquentia,
952 2482 1044 2536 alii
1092 2492 1242 2539 secta
1299 2483 1440 2556 legis
1488 2484 1731 2541 Iudaica
1780 2485 1986 2540 inducti

382 2577 526 2626 sunt.
551 2572 664 2625 Hos
695 2578 914 2627 revocat
933 2572 1228 2642 Apostolus
1249 2573 1319 2627 ad
1345 2589 1530 2629 veram
1552 2572 1717 2628 fidem
1739 2581 1793 2628 et
1814 2575 1988 2629 Evan-

380 2659 616 2732 gelicam
646 2659 990 2730 sapientiam,
1027 2661 1274 2716 scribens
1306 2661 1386 2716 eis
1418 2662 1488 2716 ab
1518 2662 1758 2733 Epheso,
1779 2679 1879 2733 per
1901 2661 1985 2716 Ti-

383 2749 666 2805 motheum
696 2749 1025 2820 discipulum
1057 2767 1236 2805 suum.

915 2875 1138 2929 CAPUT
1175 2874 1464 2930 PRIMUM.

456 2989 625 3045 Vnus.
649 2993 699 3044 1.
723 3019 792 3030 --
815 2989 1029 3045 Paulus
1051 2993 1298 3045 vocatus.
1326 2989 1385 3043 Id
1409 2996 1492 3043 est
1509 2988 1580 3043 ab
1609 2988 1864 3044 omnibus
1884 2988 1987 3060 pri-

385 3077 588 3150 vilegio
620 3077 854 3132 nominis
886 3077 1064 3132 dictus
1105 3079 1399 3150 Apostolus
1433 3079 1567 3134 Jesu
1599 3079 1830 3134 Christi.
1887 3077 1987 3134 Hic

383 3183 494 3222 non
528 3182 747 3221 servum
778 3183 836 3221 se
867 3165 1111 3220 nominat
1136 3185 1148 3220 :
1173 3167 1300 3237 quia
1329 3167 1508 3238 potius
1539 3175 1657 3222 erat
1686 3183 1824 3237 opus
1855 3182 1987 3222 auc-

383 3255 600 3310 toritate
631 3263 683 3309 et
712 3255 1182 3310 com'mendatione
1215 3264 1403 3310 contra
1432 3256 1744 3326 superbiam
1785 3255 1983 3310 Corin-

385 3343 641 3410 thiorum,
677 3343 822 3415 apud
854 3359 990 3415 quos
1012 3343 1260 3398 viluerat.
1282 3346 1351 3399 Et
1375 3346 1690 3401 Sosthenes.
1718 3345 1861 3400 Ecce
1882 3361 1983 3414 per

2002 2124 2056 2184 B
2087 2123 2166 2179 eis
2195 2123 2461 2190 invidere,
2495 2132 2548 2179 et
2577 2123 2681 2178 sibi
2710 2125 2850 2180 velle
2879 2125 3197 2181 attribuere.
3240 2125 3340 2181 Vel
3367 2126 3550 2197 posuit
3590 2141 3696 2182 no—

2087 2213 2233 2268 mina
2269 2214 2537 2269 bonorum
2569 2213 2943 2284 apostolorum
2989 2222 3048 2269 ut
3092 2215 3344 2270 ostendat
3381 2216 3526 2287 quod
3557 2215 3607 2271 si
3638 2215 3698 2272 in

2087 2301 2304 2356 nomine
2334 2303 2605 2370 majorum
2635 2319 2745 2357 non
2776 2311 2857 2358 est
2877 2302 3245 2374 gloriandum,
3267 2319 3371 2360 nec
3389 2304 3445 2358 in
3467 2304 3696 2360 nomine

2088 2388 2310 2445 illorum
2339 2407 2574 2462 quorum
2604 2391 2855 2447 doctrina
2881 2407 3054 2463 prava
3084 2400 3187 2459 est,
3206 2392 3554 2465 gloriandum
3586 2400 3692 2448 est.

2165 2479 2334 2534 Vens.
2368 2483 2456 2534 13.
2482 2510 2551 2520 -
2580 2482 2804 2536 Divisus
2831 2484 2916 2536 est
2938 2481 3239 2536 secundum
3267 2497 3368 2537 vos
3410 2482 3695 2551 Christus,

2087 2567 2246 2639 quasi
2274 2567 2420 2624 dicat
2451 2587 2464 2622 :
2499 2568 2695 2625 Multos
2727 2569 2904 2626 facitis
2951 2569 3218 2636 Christos,
3269 2569 3327 2625 id
3356 2578 3438 2625 est
3467 2570 3697 2626 datores

2087 2656 2410 2727 gratiarum.
2445 2657 2544 2713 Vel
2574 2657 2667 2729 qui
2697 2666 2958 2729 operatur
2987 2658 3135 2714 idem
3162 2658 3219 2712 in
3247 2659 3501 2713 omnibus
3544 2658 3696 2714 divi-

2089 2760 2182 2799 sus
2211 2752 2313 2812 est,
2347 2745 2474 2800 dum
2505 2746 2747 2802 creditur
2793 2747 2849 2800 in
2897 2746 3000 2802 isto
3048 2747 3170 2818 plus
3218 2747 3452 2818 operari,
3496 2747 3551 2801 in
3597 2747 3695 2804 illo

2087 2833 2286 2888 minus.
2321 2834 2421 2889 Vel
2451 2835 2582 2906 quia
2609 2836 2715 2891 hoc
2736 2835 2934 2902 dicitis,
2954 2835 3118 2891 modo
3139 2837 3343 2892 avobis
3374 2836 3582 2890 divisus
3608 2843 3695 2892 est

2091 2921 2361 2989 Christus,
2394 2922 2450 2978 id
2479 2931 2563 2978 est
2593 2932 2874 2995 separatus
2908 2941 2920 2979 :
2953 2925 3217 2998 Nunquid
3255 2925 3470 2980 Paulus
3507 2925 3696 2980 cruci-

2086 3011 2241 3079 ﬁxus
2272 3015 2400 3067 est?
2430 3013 2534 3067 Per
2564 3013 2668 3068 hoc
2699 3029 2889 3068 verum
2922 3013 3070 3084 quod
3115 3002 3381 3069 Corinthii
3411 3013 3690 3078 tenebant,

2086 3099 2214 3154 facit
2244 3115 2340 3154 eos
2370 3101 2703 3157 erubescere
2733 3102 2801 3156 de
2831 3101 2984 3156 falsis
3016 3119 3030 3155 :
3068 3101 3207 3158 sicut
3236 3118 3337 3174 per
3365 3102 3566 3157 Christi
3596 3117 3691 3157 re-

2088 3189 2504 3256 surrectionem,
2553 3206 2716 3262 quam
2745 3190 3065 3257 credebant,
3096 3191 3293 3262 probat
3323 3191 3690 3248 resurrectio-

2085 3294 2212 3333 nem
2242 3287 2606 3345 mortuorum,
2635 3296 2797 3351 quam
2827 3281 3125 3350 negabant.

2158 3368 2327 3422 Vens.
2363 3369 2447 3422 14.
2468 3399 2537 3408 ——
2561 3368 2782 3425 Gratias
2803 3385 2902 3440 ago
2933 3370 3063 3435 Deo,
3099 3376 3202 3424 etc.
3251 3369 3442 3441 (Λυσι.)
3490 3369 3689 3425 Paulus

385 3449 510 3531 θξιῐη
538 3432 629 3531 (Illi
658 3432 796 3547 inae“
821 3433 1303 3547 :OS‘V'el‘Sgbau‘n‘o
1336 3433 1522 3504 ουῙρθδ
1555 3450 1744 3547 “frum
1774 3451 1832 3547 εξ
1864 3451 1983 3488 res‘
2017 3482 2067 3547 α
2091 3456 2299 3528 gratias
2329 3456 2444 3530 agit
2469 3457 2604 3526 Deo,
2629 3457 2774 3528 quod
2805 3457 3078 3512 neminem
3108 3457 3350 3528 ipsorum
3390 3458 3691 3528 baptizave-

385 3521 528 3578 cisse
577 3521 767 3576 innuit.
814 3523 1030 3578 Frater.
1072 3523 1177 3577 Per
1218 3522 1321 3577 hoc
1370 3530 1633 3589 removet,
1678 3522 1823 3594 quod
1872 3539 1982 3578 non

385 3610 532 3665 malo
560 3610 740 3665 animo
771 3611 821 3666 ei
850 3610 1233 3678 notiﬁcaverit,
1258 3611 1355 3666 sed
1386 3627 1452 3666 ex
1482 3612 1748 3668 charitate
1770 3619 1823 3667 et
1843 3611 1984 3667 desi-

384 3699 540 3754 derio
569 3699 945 3756 correctionis.

457 3790 625 3844 Vens.
659 3793 710 3845 2.
737 3819 805 3828 -—
838 3790 976 3845 Cum
1007 3789 1284 3846 omnibus.
1307 3789 1372 3843 Et
1395 3788 1648 3844 omnibus
1667 3788 1855 3845 scribit
1877 3787 1984 3844 suf-

383 3876 683 3950 fraganeiis
713 3878 1030 3947 Corinthiis,
1063 3878 1156 3950 qui
1204 3877 1259 3931 in
1307 3877 1515 3934 eisdem
1564 3878 1708 3933 vitiis
1754 3879 1980 3934 labora-

386 3966 536 4022 banL

457 4065 628 4120 Vnus.
657 4069 708 4118 3.
731 4094 801 4104 —
825 4065 1039 4119 Gratia.
1072 4063 1316 4118 Primum
1347 4063 1601 4134 proponit
1631 4065 1699 4119 de
1730 4064 1907 4133 bonis,
1926 4073 1984 4120 ut

385 4152 470 4208 his
501 4152 622 4206 aliis
651 4152 1080 4208 conformentur.
1113 4154 1184 4208 Et
1208 4153 1443 4209 Domino
1464 4155 1596 4209 Iesu
1617 4154 1854 4210 Christo.
1881 4153 1986 4222 Qui

386 4257 421 4298 a
449 4243 611 4297 Patre
642 4241 921 4313 personali
951 4241 1173 4313 quidem
1202 4241 1530 4312 proprietate
1563 4242 1847 4298 distinctus
1876 4250 1979 4310 est,

387 4331 486 4387 sed
516 4347 657 4386 unus
687 4347 812 4388 cum
841 4330 962 4401 ipso
992 4331 1195 4385 unitate
1226 4331 1542 4386 substantia
1565 4333 1730 4386 Deus.

458 4421 629 4478 Vnus.
655 4423 707 4476 5.
731 4451 802 4461 —
823 4422 887 4476 In
907 4421 1183 4476 omnibus.
1209 4419 1475 4490 Supponit
1494 4428 1677 4490 partes
1697 4419 1908 4493 aliquas
1929 4420 1986 4476 in

387 4509 535 4567 omni
563 4510 754 4576 verbo,
789 4509 844 4564 id
875 4517 959 4564 est
987 4508 1043 4562 in
1073 4508 1222 4563 omni
1252 4525 1456 4581 genere
1474 4508 1807 4582 linguarum,
1826 4510 1913 4565 vel
1929 4509 1985 4564 in

386 4599 535 4655 omni
563 4600 727 4655 modo
756 4597 1112 4670 praedicandi,
1146 4597 1201 4652 id
1231 4606 1314 4653 est
1342 4597 1665 4668 minoribus,
1696 4597 1984 4655 mediocri-

389 4688 513 4754 bus,
549 4695 602 4742 et
629 4687 905 4758 perfectis.

457 4776 630 4830 Vnus.
664 4778 750 4830 10.
773 4805 843 4816 -
878 4777 1127 4832 Obsecro.
1171 4776 1464 4847 Hucusque
1505 4777 1678 4832 bonos
1724 4775 1982 4832 laudavit.

386 4864 482 4920 His
510 4863 766 4930 laudatis,
799 4863 989 4920 invitat
1018 4864 1153 4920 alios
1195 4865 1267 4919 ad
1317 4866 1513 4920 horum
1543 4865 1977 4922 similitudinem.

457 4953 632 5008 Vnus.
658 4955 745 5007 11.
765 4983 834 4992 -
859 4953 1071 5009 Chloes.
1105 4955 1320 5009 Nomen
1351 4962 1434 5008 est
1463 4953 1570 5010 loci
1600 4954 1686 5009 vel
1715 4969 1987 5024 persona.

387 5039 677 5112 Aliquibus
707 5040 853 5096 enim
884 5041 1100 5097 videtur
1129 5041 1281 5098 locus
1311 5058 1454 5108 esse,
1499 5057 1566 5098 ac
1594 5042 1640 5096 si
1669 5042 1947 5099 diceretur
1971 5061 1986 5098 :

387 5129 459 5184 ab
488 5128 573 5182 his
605 5128 698 5200 qui
729 5137 854 5184 sunt
882 5130 1200 5186 Antiochia.
1256 5130 1542 5202 Aliquibus
1571 5139 1755 5186 autem
1786 5132 1992 5187 femina

387 5217 556 5273 fuisse
586 5218 799 5273 videtur
825 5219 942 5274 Deo
973 5217 1170 5274 devota
1200 5234 1325 5275 cum
1356 5235 1466 5291 qua
1493 5219 1649 5275 multi
1678 5228 1863 5276 essent
1893 5237 1988 5278 co-

387 5305 562 5362 lentes
590 5307 786 5363 Deum.

458 5405 628 5461 Vnus.
652 5409 823 5462 12.--
851 5407 960 5462 Iloc
989 5411 1182 5462 autem
1203 5407 1344 5463 dico.
1369 5406 1471 5463 Hic
1500 5415 1693 5464 contra
1722 5408 1987 5480 baptistas

385 5509 556 5568 agere
594 5494 800 5566 incipit,
834 5495 902 5550 de
934 5495 1131 5566 quibus
1161 5495 1239 5550 illi
1279 5497 1678 5569 gloriabantur.
1711 5501 1818 5571 Ego
1857 5500 1986 5570 qui-

387 5584 532 5640 dem.
560 5584 670 5640 Sub
703 5600 803 5640 suo
833 5583 1052 5640 nomine
1084 5592 1136 5639 et
1165 5586 1537 5656 apostolorum
1566 5596 1714 5643 notat
1753 5589 1982 5658 pseudo,

385 5687 456 5728 ne
487 5672 534 5728 si
561 5673 769 5731 diceret
794 5692 808 5729 :
831 5673 889 5730 in
919 5674 1139 5730 nomine
1182 5674 1356 5746 ipsius
1386 5676 1472 5731 vel
1501 5676 1668 5744 illius,
1710 5675 1988 5735 videretur

2089 3545 2177 3612 rit,
2231 3545 2322 3617 qui
2371 3553 2628 3617 tanquam
2672 3545 2824 3600 obliti
2872 3547 2928 3600 in
2969 3547 3124 3616 cujus
3170 3547 3388 3602 nomine
3432 3546 3690 3619 baptizati

2085 3641 2288 3704 essent,
2324 3651 2427 3705 per
2475 3635 2756 3690 hominum
2797 3652 2856 3690 se
2897 3635 3121 3691 nomina
3166 3635 3500 3692 dividebant.
3554 3637 3691 3692 Cum

2085 3724 2230 3778 enim
2260 3732 2470 3778 tantum
2499 3724 2644 3780 valet
2675 3724 2977 3794 baptismus
3009 3741 3108 3795 per
3135 3725 3412 3780 hominem
3442 3734 3690 3782 contem-

2081 3812 2342 3883 ptibilem,
2395 3821 2657 3884 quantum
2701 3830 2801 3883 per
2851 3813 3171 3884 Apostolum
3216 3814 3414 3881 datus,
3456 3813 3532 3869 ita
3578 3829 3682 3870 nec

2083 3900 2248 3968 illius,
2284 3901 2381 3956 sed
2410 3901 2605 3957 Christi
2635 3918 2757 3957 esse
2785 3902 3156 3975 cognoscitur,
3192 3910 3296 3959 etc.

2157 3991 2332 4047 Vnus.
2365 3993 2450 4046 17.
2476 4021 2545 4030 —
2574 3991 2678 4046 Sed
2697 3992 3104 4064 euangelizare.
3144 3991 3388 4047 Perfecte
3417 3991 3566 4047 enim
3596 3991 3694 4046 ba-

2084 4078 2290 4150 ptizare
2323 4079 2486 4134 etiam
2516 4079 2696 4134 minus
2724 4080 2871 4135 docti
2919 4088 3168 4152 possunt.
3216 4079 3460 4137 Perfecta
3507 4090 3692 4136 autem

2086 4167 2466 4240 evangelizare
2498 4168 2668 4224 multo
2697 4167 2968 4224 difﬁcilius
3010 4177 3094 4224 est
3123 4176 3174 4224 et
3205 4169 3432 4224 rarioris
3482 4169 3688 4240 operis.

2087 4256 2214 4311 Ideo
2246 4257 2437 4313 doctor
2467 4257 2712 4330 gentium
2743 4257 2992 4328 pluribus
3023 4256 3394 4324 excellentior,
3446 4274 3692 4331 evange-

2073 4344 2250 4400 'lizare
2281 4361 2341 4400 se
2371 4345 2600 4400 missum
2630 4345 2780 4412 dicit,
2804 4363 2916 4401 non
2930 4346 3226 4418 baptizare.
3253 4348 3367 4401 Hoc
3387 4355 3570 4402 tamen
3591 4363 3692 4402 ne-

2087 4434 2340 4490 cessitate
2370 4435 2602 4489 instante
2651 4435 2924 4490 interdum
2966 4436 3096 4508 egit.
3131 4437 3250 4492 Non
3289 4436 3353 4490 in
3387 4436 3689 4508 sapientia.

2087 4522 2290 4578 Contra
2336 4522 2660 4595 sapientiam
2705 4523 2910 4579 saculi.
2957 4525 3076 4580 Non
3109 4525 3171 4578 in
3205 4525 3490 4596 sapientia
3521 4525 3688 4580 verbi.

2088 4612 2421 4682 Sapientiam
2453 4611 2582 4667 dicit
2611 4612 3065 4683 philosophorum
3096 4629 3218 4684 qua
3251 4612 3329 4668 sic
3350 4612 3566 4679 dicitur,
3592 4612 3693 4667 etsi

2085 4715 2196 4756 non
2228 4700 2297 4755 sit
2331 4719 2344 4755 :
2378 4709 2619 4756 attamen
2647 4701 2742 4756 illa
2780 4710 2864 4756 est
2911 4717 3033 4773 qua
3077 4701 3344 4757 verbosos
3392 4699 3543 4770 facit,
3593 4716 3694 4772 per

2002 4840 2056 4902 D
2088 4805 2253 4862 quam
2287 4805 2437 4856 crux,
2462 4789 2518 4844 id
2542 4797 2624 4844 est
2641 4806 2791 4844 mors
2813 4789 3035 4856 Christi,
3057 4798 3389 4855 evacuatur;
3421 4797 3476 4843 et
3496 4790 3694 4860 impos-

2095 4879 2246 4902 -;ῑ.;ι,
2282 4879 2576 4902 --Α--..Ᾱημ
2609 4886 2855 4902 ...ηιμ-Α...
2889 4879 3161 4902 :--J!-_4-_..
3203 4887 3258 4902 --ι
3292 4879 3436 4902 ΠΛ.--
3468 4878 3668 4902 2...“..-—

2093 4879 2248 4933 sibile
2281 4879 2580 4934 secundum
2609 4886 2859 4934 naturam
2884 4879 3178 4947 judicatur,
3203 4887 3260 4933 ut
3292 4879 3440 4934 Deus
3468 4878 3694 4933 immor-

2092 4967 2215 5022 talis
2262 4975 2583 5023 moreretur.
2653 4969 2823 5025 Verbi.
2883 4967 2965 5022 Ibi
3016 4966 3338 5038 compositio
3400 4967 3693 5022 verborum

2093 5055 2370 5128 quaeritur,
2405 5056 2498 5111 ubi
2526 5063 2664 5112 teste
2693 5056 2894 5112 virtute
2924 5056 3046 5128 ipsa
3073 5056 3277 5112 veritas
3306 5072 3366 5113 se
3396 5072 3507 5112 non
3535 5071 3692 5113 com-

2091 5145 2334 5201 mandat.

2160 5235 2331 5289 Vnus.
2359 5237 2445 5288 18.
2469 5263 2538 5274 --
2566 5235 2958 5291 Pereuntibus.
2983 5234 3044 5290 Id
3059 5240 3143 5291 est
3163 5233 3506 5306 sapientibus
3534 5251 3692 5290 mun-

2089 5321 2164 5390 di,
2199 5338 2431 5395 quorum
2460 5330 2514 5378 et
2544 5323 2808 5394 sapientia
2836 5325 2997 5395 perit,
3032 5332 3087 5380 et
3115 5324 3256 5380 falsa
3284 5324 3615 5393 ostenditur,
3640 5330 3696 5379 et

2088 5411 2193 5483 ipsi
2222 5411 2517 5466 damnandi
2547 5421 2691 5468 sunt.

2158 5501 2260 5556 Dei
2289 5502 2489 5556 virtus.
2525 5503 2666 5555 Dum
2695 5501 2912 5558 occisus
2941 5502 3215 5558 diabolum
3246 5501 3397 5569 vicit,
3432 5510 3492 5557 et
3521 5500 3694 5558 homi-

2087 5606 2215 5645 nem
2243 5589 2510 5656 liberavit,
2537 5590 2624 5645 vel
2646 5591 2898 5646 virtutem
2919 5591 3011 5647 dat
3031 5591 3384 5648 credentibus
3402 5607 3507 5663 per
3530 5607 3693 5664 quam

2089 5678 2224 5736 fiunt
2249 5679 2530 5748 miracula,
2563 5694 2688 5737 cum
2717 5695 2806 5736 res
2835 5680 3024 5754 exigit.
