3948 6178
317 274 417 329 Sil

1211 277 1479 335 GLOSSA
1511 277 1918 336 ORDINARIA.
1941 279 2242 336 —EPIST.
2277 283 2300 336 Ι
2336 283 2430 338 AD
2469 281 2628 338 COR.

3512 289 3616 344 522

395 395 569 451 Vsus.
604 401 691 452 19.
715 427 785 438 -
811 400 1104 470 Scriptum
1141 404 1226 456 est
1257 402 1428 456 enim.
1489 402 1617 457 Ideo
1647 418 1754 457 non
1783 403 1927 456 misit
1947 404 1998 462 A
2031 404 2158 475 quia
2187 404 2320 457 nihil
2365 405 2623 476 relinquit
2670 405 2891 459 omnino
2935 406 3081 476 quod
3123 407 3347 473 nesciat,
3382 409 3468 462 vel
3499 410 3627 480 quia

320 501 412 540 me
433 487 490 541 in
511 487 797 557 sapientia,
820 486 947 557 quia
967 488 1293 556 praidixerat
1324 489 1468 559 quod
1499 505 1619 543 eam
1641 506 1749 544 non
1778 490 1924 545 reci-

314 585 478 648 peret
510 577 564 630 in
584 574 976 646 prazdicatione
996 575 1334 647 evangelica,
1361 577 1458 631 sed
1486 577 1740 646 perderet
1761 585 1812 631 et
1834 593 1927 632 re-

313 665 582 736 probaret
609 663 680 718 de
711 663 943 734 collegio
994 663 1412 734 praedicatorum
1459 681 1685 721 suorum
1720 683 1732 719 :
1767 675 1816 720 et
1847 665 1927 722 sic

319 752 528 809 factum
552 760 654 807 est.

390 841 567 896 Vsus.
601 843 691 896 21.
723 868 793 878 -
813 839 1040 895 Placuit
1066 841 1174 894 Deo
1198 855 1298 911 per
1317 841 1627 896 stultitiam
1652 841 1926 912 praedica-

325 931 499 986 tionis
518 929 700 984 salvos
718 930 908 998 facere
928 928 1239 984 credentes.
1261 928 1319 982 Id
1339 937 1420 982 est
1437 929 1617 984 crucis
1646 928 1750 983 fide
1769 937 1926 984 aiter-

307 1018 540 1072 nitatem
599 1015 888 1087 provenire
964 1015 1287 1070 mortalibus
1324 1033 1337 1071 :
1377 1024 1435 1071 ut
1512 1016 1590 1071 ibi
1636 1016 1785 1072 salus
1829 1033 1925 1072 re-

324 1106 620 1178 periretur,
652 1103 745 1158 ubi
777 1103 1002 1158 stultitia
1031 1104 1292 1160 creditur.

400 1194 574 1248 Vens.
610 1194 700 1250 26.
735 1221 804 1232 -
833 1192 1016 1247 Videte
1047 1193 1221 1247 enim.
1255 1193 1393 1247 Vere
1424 1191 1646 1247 stultum
1684 1202 1736 1249 et
1767 1193 1924 1248 infir-

322 1299 476 1337 mum
507 1280 639 1350 Dei,
674 1288 754 1336 est
785 1279 1079 1350 sapientius
1101 1288 1154 1334 et
1181 1278 1376 1334 fortius
1415 1281 1739 1336 hominibus.
1767 1281 1926 1349 Quod

332 1371 391 1424 in
423 1369 582 1425 vobis
610 1368 840 1440 potestis
871 1367 1120 1438 experiri.
1172 1367 1492 1438 Insipientes
1519 1370 1662 1423 enim
1693 1378 1746 1423 et
1775 1370 1926 1424 inﬁr-

320 1459 394 1513 mi
431 1473 532 1512 vos
564 1464 916 1527 vocaverunt,
949 1456 1087 1510 inter
1134 1456 1297 1510 stulta
1343 1465 1395 1511 et
1425 1456 1631 1510 infirma
1657 1457 1756 1512 Dei
1787 1474 1923 1511 enu-

326 1546 522 1600 merati
557 1553 681 1599 sunt
709 1544 848 1599 tales
901 1552 1207 1612 vocatores,
1241 1543 1333 1614 qui
1365 1553 1545 1598 tamen
1589 1545 1925 1600 confundunt

325 1634 610 1704 sapientes
629 1641 680 1686 et
701 1631 886 1686 fortes.
908 1634 973 1685 Et
994 1649 1119 1687 vere
1138 1639 1262 1686 sunt
1285 1630 1438 1696 tales,
1455 1634 1584 1703 quia
1603 1650 1716 1688 non
1731 1635 1920 1688 multi.

2025 492 2255 546 scrutari
2286 500 2338 546 te
2369 492 2494 548 facit
2531 511 2546 557 ;
2580 493 2726 563 quod
2775 492 2918 547 enim
2965 493 3110 548 dono
3159 495 3331 564 ipsius
3386 504 3438 550 tu
3468 495 3620 562 facis,

2027 579 2116 633 ille
2147 579 2325 635 facere
2357 580 2572 648 dicitur,
2607 581 2733 650 quia
2757 581 2874 635 sine
2908 581 2999 636 illo
3030 590 3085 636 tu
3115 597 3221 636 non
3253 583 3479 638 faceres.

2099 685 2268 741 Vens.
2303 689 2387 742 12.
2422 686 2526 741 Sed
2565 688 2847 758 Spiritum
2877 691 2972 759 qui
3005 704 3078 742 ea:
3114 690 3224 744 Deo
3245 693 3348 745 est.
3399 689 3628 760 Spiritus

2027 781 2246 828 sanctus
2276 774 2458 844 utique
2489 775 2662 828 Patris
2692 785 2743 828 et
2789 775 2906 828 Filii
2943 785 3030 830 est
3053 819 3067 841 ,
3092 793 3304 832 necnon
3335 786 3388 832 et
3419 786 3622 834 noster.

2026 859 2183 928 Quod
2212 861 2354 914 enim
2386 862 2568 916 datum
2591 871 2690 930 est,
2717 864 2878 917 etiam
2913 863 2982 918 ad
3011 881 3133 918 eum
3151 865 3242 936 qni
3273 866 3421 920 dedit
3451 866 3624 921 refer-

2024 957 2129 1016 tur,
2163 957 2216 1004 et
2246 951 2314 1004 ad
2338 966 2432 1004 eos
2463 951 2661 1020 quibus
2682 951 2852 1005 dedit.
2890 953 3077 1024 Itaque
3129 953 3358 1023 Spiritus
3405 963 3625 1010 sanctus

2025 1052 2134 1092 non
2167 1045 2373 1092 tantum
2406 1039 2578 1092 Patris
2610 1047 2664 1093 et
2699 1039 2818 1093 Filii
2852 1040 2944 1110 qui
2992 1041 3278 1109 dederunt,
3335 1042 3431 1095 sed
3461 1042 3626 1097 etiam

2023 1133 2210 1180 noster
2239 1133 2321 1180 est
2350 1126 2441 1197 qui
2481 1127 2813 1196 accepimus.
2869 1129 2937 1180 Et
2987 1144 3098 1183 non
3147 1136 3228 1182 est
3269 1129 3371 1183 iste
3402 1129 3625 1199 spiritus

2023 1222 2211 1270 noster
2229 1214 2284 1268 in
2315 1231 2424 1285 quo
2468 1231 2656 1268 sumus
2692 1215 2860 1285 :quia
2898 1215 3014 1285 ipse
3066 1217 3288 1286 spiritus
3336 1224 3524 1272 noster
3567 1218 3625 1272 in

2025 1319 2134 1373 quo
2161 1319 2349 1356 sumus
2381 1302 2498 1372 ipse
2529 1303 2751 1373 spiritus
2774 1311 2855 1357 est
2879 1303 3133 1368 hominis,
3169 1305 3259 1375 qui
3282 1305 3337 1358 in
3366 1305 3486 1376 ipso
3518 1314 3620 1360 est.

2026 1391 2090 1445 Et
2121 1392 2299 1460 ipsum
2347 1399 2528 1445 tamen
2584 1390 2834 1461 spiritum
2866 1393 2957 1462 qui
3009 1393 3244 1446 hominis
3289 1402 3370 1448 est
3400 1394 3622 1466 accepi-

2022 1495 2162 1532 mus.
2217 1479 2324 1534 Sed
2383 1479 2533 1534 aliud
2578 1488 2661 1533 est
2702 1480 2849 1550 quod
2895 1480 3215 1550 accipimus,
3269 1489 3325 1535 ut
3353 1499 3619 1549 essemus,

2022 1567 2170 1621 aliud
2201 1567 2347 1639 quod
2379 1569 2692 1638 accepimus
2743 1577 2801 1622 ut
2851 1570 3024 1624 sancti
3059 1586 3328 1625 essemus.
3389 1571 3623 1642 Spiritus

2023 1664 2206 1710 autem
2257 1656 2491 1710 hominis
2547 1656 2602 1710 in
2644 1656 2927 1726 Scriptura
2986 1658 3268 1727 accipitur,
3337 1675 3438 1729 pro
3503 1660 3623 1729 ipsa

321 1722 446 1777 Non
479 1729 660 1814 θξηθω
690 1720 784 1814 ait:
818 1719 1208 1814 "f‘uiiforsan
1239 1736 1340 1789 pro
1362 1737 1441 1814 δοτ
1484 1721 1574 1790 (ἰαί
1605 1721 1752 1774 “lus
1783 1723 1921 1775 inter
1952 1755 2006 1814 Β
2029 1743 2210 1798 anima
2253 1744 2337 1798 vel
2387 1745 2556 1814 ipsius
2595 1719 2793 1798 animae
2835 1746 3076 1814 potentia
3106 1719 3413 1802 rationalis.
3464 1719 3626 1802 Dedit

321 1809 603 1881 apostolos
624 1808 968 1863 secularium
997 1807 1295 1862 litterarum
1326 1808 1552 1878 peritus,
1587 1816 1922 1863 terrenarum

325 1914 493 1968 opum
514 1897 689 1961 dives,
716 1897 974 1951 Romanae
995 1896 1276 1966 dignitatis
1296 1897 1568 1965 parentela
1598 1897 1924 1967 conspicuus

329 1984 426 2040 fuit
458 2003 471 2039 :
516 1984 609 2056 qui
641 1993 822 2039 tamen
852 1984 965 2040 haec
994 1983 1146 2037 nihili
1171 1983 1373 2054 pendit,
1408 1999 1510 2040 nec
1539 2002 1670 2038 usus
1713 1993 1794 2039 est
1822 1985 1920 2040 eis.

403 2074 576 2128 Vrsas.
608 2075 698 2128 27.
725 2103 795 2112 -
816 2073 918 2128 Sed
938 2088 1059 2144 qua
1078 2074 1276 2126 stulta.
1318 2073 1460 2127 Ecce
1493 2081 1683 2128 contra
1712 2073 1925 2128 ordina-

324 2163 530 2217 tionem
561 2160 660 2216 Dei
692 2159 893 2214 faciunt
943 2167 1147 2230 aperte,
1200 2160 1328 2231 quia
1375 2160 1696 2230 sapientiam
1743 2161 1925 2216 smculi

318 2251 551 2319 jactant,
585 2265 708 2304 cum
741 2251 888 2303 Deus
910 2248 1263 2302 humilitatem
1297 2259 1583 2318 preponat.
1610 2249 1766 2304 Venit
1782 2250 1924 2304 enim

327 2338 549 2394 humilis
579 2339 724 2392 Deus
755 2353 1003 2408 quaerens
1047 2335 1302 2401 humiles,
1337 2352 1446 2390 non
1477 2339 1634 2392 altos.
1689 2337 1794 2405 Qui
1825 2338 1924 2392 etsi

323 2427 565 2498 primum
595 2425 818 2497 elegerit
849 2440 1137 2494 pauperes,
1191 2424 1460 2490 indoctos,
1502 2425 1766 2491 infirmos,
1817 2442 1926 2480 non

330 2523 518 2570 tamen
558 2513 815 2584 relinquit
858 2513 1150 2583 sapientes,
1193 2513 1408 2580 divites,
1455 2514 1686 2581 nobiles,
1734 2515 1832 2568 sed
1881 2515 1927 2569 si

330 2619 427 2658 eos
459 2602 668 2672 primos
718 2600 964 2672 eligeret,
1014 2601 1206 2655 merito
1250 2601 1433 2654 talium
1480 2618 1656 2654 rerum
1689 2601 1790 2655 sibi
1846 2603 1926 2656 vi-

325 2691 585 2746 derentur
605 2690 762 2761 eligi;
797 2697 848 2742 et
874 2689 950 2742 ita
977 2689 1032 2742 in
1061 2689 1141 2743 eis
1172 2698 1317 2743 esset
1349 2689 1601 2759 superbia
1641 2705 1748 2760 qua
1763 2691 1928 2745 homo

329 2779 547 2834 cecidit.
580 2778 697 2832 Nisi
728 2776 966 2832 ﬁdeliter
987 2777 1324 2846 praecederet
1357 2777 1610 2846 piscator,
1655 2793 1765 2832 non
1820 2780 1926 2833 hu-

327 2867 469 2922 milis
501 2872 826 2938 sequeretur
855 2873 1054 2920 orator.
1097 2865 1252 2920 Unde
1281 2866 1586 2920 Nathanael
1631 2866 1843 2937 doctus,
1873 2867 1929 2922 in

327 2955 633 3026 apostolum
664 2969 774 3008 non
803 2961 884 3008 est
906 2953 1130 3008 electus.

399 3044 573 3098 Vnus.
606 3045 695 3099 29.
722 3071 790 3081 -
807 3043 872 3098 Ut
894 3059 1008 3098 non
1028 3042 1325 3112 glorietur.
1358 3043 1438 3096 De
1460 3058 1537 3108 se,
1573 3042 1670 3097 sed
1701 3043 1769 3098 de
1789 3044 1924 3108 Deo,

332 3133 479 3204 quod
513 3131 588 3187 ibi
617 3129 922 3186 ostenditur
953 3147 966 3184 :
1001 3130 1092 3201 qui
1121 3131 1402 3203 gloriatur,
1437 3130 1492 3185 in
1534 3131 1767 3187 Domino
1816 3132 1928 3205 glo-

337 3221 520 3277 rietur.

412 3309 580 3363 Vens.
607 3312 696 3362 30.
727 3337 797 3348 --
829 3310 916 3364 Ex
946 3310 1065 3379 ipso
1101 3312 1314 3363 autem.
1363 3308 1486 3362 Non
1515 3307 1778 3380 glorietur
1806 3309 1928 3380 quis
1951 3371 1980 3394 ο

335 3415 400 3452 ex
427 3415 507 3462 se,
542 3397 639 3452 sed
670 3404 852 3452 tamen
892 3405 974 3452 est
1003 3396 1112 3451 alia
1139 3396 1339 3468 gloria,
1389 3397 1512 3468 quia
1570 3413 1636 3453 ex
1678 3397 1798 3468 ipso
1828 3413 1928 3453 vos

333 3487 486 3541 estis.
1359 3499 1364 3502 ·

964 3616 1190 3672 CAPUT
1221 3616 1286 3670 ΙΙ.

402 3759 576 3813 Vnus.
610 3761 666 3813 2.
699 3787 767 3796 -
798 3758 918 3813 Νοη
939 3759 1094 3812 enim
1123 3757 1392 3822 iudicavi.
1417 3755 1710 3825 Quiminus
1739 3756 1929 3826 capaci

334 3847 527 3902 altiora
586 3845 842 3918 loquitur,
901 3861 1010 3899 non
1042 3845 1346 3912 utilitatem,
1372 3845 1469 3899 sed
1491 3846 1574 3900 sui
1605 3845 1926 3900 ostentatio-

334 3951 458 3990 nem
487 3934 636 3989 facit.

399 4025 573 4080 Vens.
606 4027 742 4077 6.—
762 4025 1064 4092 Perfectos.
1087 4022 1210 4077 Non
1229 4021 1538 4094 cognitores
1581 4029 1633 4077 et
1653 4022 1924 4088 doctores,

227 4174 230 4178 ,
331 4112 527 4184 quibus
557 4127 695 4181 opus
725 4126 834 4165 non
866 4118 967 4175 est,
996 4111 1094 4164 sed
1125 4110 1401 4164 auditores
1423 4111 1538 4178 jam
1569 4125 1820 4181 capaces.

399 4201 572 4254 Vens.
605 4201 658 4253 '7.
713 4229 781 4238 -—
839 4199 904 4253 In
945 4201 1230 4270 mysterio.
1280 4198 1617 4268 Exponendo
1675 4197 1932 4270 mysteria

331 4288 546 4344 Veteris
577 4287 908 4342 Testamenti
956 4286 1010 4340 in
1055 4287 1249 4357 quibus
1299 4286 1546 4340 Christus
1595 4286 1930 4360 significatus

331 4385 433 4445 est,
467 4384 527 4429 ut
558 4375 614 4428 in
645 4375 818 4429 hostia
836 4374 992 4439 Abel,
1027 4374 1111 4430 vel
1141 4375 1392 4430 Abrahae.
1415 4375 1545 4442 Qua'
1579 4377 1926 4432 abscondita.

2029 1831 2173 1886 enim
2211 1832 2368 1886 nobis
2398 1841 2648 1886 naturam
2679 1840 2734 1886 ut
2766 1835 3287 1900 essemus,animam
3317 1843 3374 1889 ut
3403 1835 3623 1890 vivere-

2021 1936 2161 1988 mus,
2195 1928 2454 1985 mentem,
2487 1927 2545 1973 ut
2584 1919 3036 1990 intelligeremus.
3077 1925 3140 1979 Ut
3179 1925 3446 1978 sciamus.
3471 1923 3624 1978 Multi

2023 2007 2226 2062 habent
2255 2008 2400 2062 dona
2429 2008 2549 2076 Dei,
2585 2016 2636 2063 et
2666 2009 2962 2064 nesciendo
3013 2025 3045 2063 a
3106 2026 3212 2081 quo
3244 2010 3482 2065 habeant
3510 2011 3618 2065 im-

2022 2095 2114 2165 pia
2143 2096 2377 2150 vanitate
2403 2097 2698 2165 jactantur.
2729 2099 2904 2152 Nemo
2947 2097 3108 2151 donis
3141 2097 3241 2152 Dei
3271 2099 3482 2163 beatus,
3532 2099 3625 2170 qui

2023 2183 2174 2238 danti
2204 2192 2287 2238 est
2331 2185 2596 2256 ingratus,
2643 2186 2788 2239 unde
2820 2185 2876 2239 in
2925 2186 3229 2258 Evangelio
3265 2204 3278 2239 :
3313 2188 3417 2254 Qui
3438 2188 3622 2253 habet,

2024 2273 2250 2327 dabitur
2269 2275 2340 2328 ei.
2375 2273 2539 2328 Plene
2571 2274 2776 2327 habere
2808 2282 2890 2329 est
2931 2275 3072 2329 scire
3102 2275 3247 2329 unde
3281 2276 3626 2342 habeat.Qui

2024 2373 2149 2430 ergo
2175 2376 2290 2416 non
2321 2361 2505 2427 habet,
2556 2360 2609 2415 id
2653 2369 2752 2427 est,
2799 2363 2890 2432 qui
2925 2362 3097 2417 nescit
3145 2363 3287 2419 unde
3315 2364 3534 2431 habeat,
3567 2368 3625 2419 et

2025 2449 2166 2520 quod
2185 2449 2368 2516 habet,
2393 2453 2693 2519 auferetur
2712 2451 2778 2504 ab
2797 2466 2858 2506 eo
2897 2450 3054 2520 (Luc.
3081 2451 3224 2521 Vlll).

2097 2555 2266 2608 Vens.
2302 2556 2829 2626 t3.—Spiritualia.
2867 2555 3302 2623 QuodCorinthii
3329 2573 3441 2612 non
3470 2558 3624 2626 estis;

2025 2649 2078 2696 et
2097 2642 2220 2697 ideo
2251 2643 2413 2714 culpa
2443 2652 2626 2700 vestra
2670 2651 2772 2713 est,
2823 2660 2932 2700 non
2980 2653 3190 2712 nostra,
3223 2646 3372 2716 quod
3414 2647 3627 2715 majora

2025 2747 2134 2786 non
2163 2730 2415 2786 diximus.

2097 2834 2268 2888 Vsus.
2305 2835 2390 2888 14.
2415 2863 2484 2874 --
2513 2835 2790 2890 Animalis
2813 2840 3006 2891 autem
3045 2837 3224 2892 homo.
3267 2836 3478 2893 Dicitur
3507 2836 3626 2892 ani-

2025 2921 2182 2976 malis
2212 2923 2376 2976 homo
2405 2922 2534 2987 vita,
2570 2923 2662 2992 qui
2691 2921 2864 2977 fertur
2891 2923 3158 2978 dissoluta
3180 2925 3406 2980 lascivia
3427 2925 3626 2982 anima:

2028 3026 2158 3075 suae,
2236 3025 2403 3080 quam
2452 3010 2597 3064 intra
2640 3012 2905 3065 naturalis
2949 3012 3157 3066 ordinis
3187 3022 3362 3068 metas
3407 3015 3630 3085 spiritus

1948 3105 1997 3167 α
2027 3107 2211 3154 rector
2238 3115 2346 3152 non
2377 3099 2636 3167 continet,
2671 3116 2737 3154 eo
2768 3099 2914 3170 quod
2952 3100 3067 3171 ipse
3099 3103 3214 3156 Deo
3247 3104 3549 3174 regendum
3569 3118 3630 3159 se

2024 3203 2133 3243 non
2165 3187 2398 3256 subjicit.
2428 3187 2608 3242 Animi
2638 3203 2770 3242 vero
2814 3204 2978 3243 sensu
3007 3189 3208 3244 dicitur
3235 3190 3508 3256 animalis,
3535 3190 3631 3262 qui

2026 3277 2140 3330 Deo
2157 3275 2309 3343 juxta
2341 3291 2631 3345 corporum
2679 3276 3038 3346 phantasiam,
3087 3278 3172 3332 vel
3202 3279 3341 3352 legis
3371 3279 3624 3346 litteram,

2024 3365 2111 3419 vel
2142 3363 2408 3420 rationem
2440 3365 2870 3434 philosOphicam
2887 3366 3114 3434 judicat.
3141 3368 3282 3434 Quia
3303 3369 3628 3440 spirituali-

2026 3457 2114 3508 ter
2134 3455 2523 3507 examinatur.
2561 3453 2825 3506 Animalis
2855 3470 2965 3507 non
2987 3462 3165 3524 potest
3186 3456 3493 3528 intelligere
3518 3455 3630 3527 spi-

2025 3539 2257 3606 ritualia,
2291 3541 2415 3610 quia
2437 3541 2794 3605 examinatur,
2828 3541 2883 3594 id
2913 3550 3014 3606 est,
3051 3543 3379 3599 examinatio
3401 3553 3454 3599 et
3476 3561 3627 3600 com-

2026 3628 2276 3698 probatio
2307 3628 2361 3681 tit
2411 3628 2623 3683 illorum
2671 3630 3057 3700 spiritualium,
3109 3639 3317 3686 tantum
3367 3632 3630 3703 spiritua-

2025 3716 2165 3784 liter,
2196 3715 2252 3770 id
2302 3725 2402 3783 est,
2455 3732 2488 3770 a
2542 3717 2808 3788 spirituali
2852 3719 3090 3784 homine,
3134 3721 3501 3790 personaliter
3548 3722 3626 3776 le-

2026 3803 2173 3874 gitur
2205 3822 2218 3858 :
2251 3803 2608 3859 examinatur.
2647 3805 2742 3859 Vel
2772 3805 2880 3860 ita:
2907 3807 3170 3860 Animalis
3217 3824 3325 3863 non
3374 3809 3630 3881 intelligit

2027 3892 2352 3962 spiritualia,
2378 3893 2506 3963 quia
2555 3893 2926 3962 spiritualiter,
2961 3894 3015 3948 id
3055 3903 3153 3960 est,
3193 3911 3290 3967 per
3320 3895 3626 3967 spiritualis

2029 3987 2234 4035 tantum
2293 3981 2557 4051 probatur
2598 3982 2741 4052 quod
2800 3982 3052 4036 animalis
3083 3990 3208 4053 est,
3271 3983 3396 4054 quia
3443 3985 3630 4040 audita

2028 4067 2318 4138 improbat,
2351 4075 2404 4123 et
2433 4085 2542 4124 non
2563 4069 2634 4123 ob
2689 4069 2834 4124 aliud
2880 4070 2930 4124 ei
2960 4079 3359 4143 proponuntur,
3417 4072 3522 4128 nisi
3570 4081 3627 4128 ut

2029 4157 2386 4212 examinatur.
3075 4158 3083 4165 ’

2101 4273 2267 4326 Vsus.
2306 4274 2474 4326 15.-
2503 4272 2832 4344 Spiritualis
2852 4279 3047 4332 autem
3067 4276 3248 4331 homo.
3280 4276 3380 4330 Est
3401 4275 3488 4332 vel
3519 4275 3629 4332 vita

2027 4360 2112 4414 vel
2137 4360 2402 4415 scientia:
2445 4361 2742 4431 spiritualis
2791 4371 2872 4417 est
2925 4363 3051 4431 vita,
3104 4364 3195 4436 qui
3227 4364 3476 4434 spiritum
3521 4364 3626 4420 Do-

334 4464 478 4534 Quia
507 4480 618 4519 non
665 4463 866 4527 verbis,
899 4463 996 4517 sed
1052 4463 1107 4516 in
1146 4463 1342 4517 virtute
1377 4481 1389 4516 ε
1424 4480 1533 4518 non
1561 4465 1794 4518 humana
1833 4480 1921 4518 ra-
1949 4459 2001 4518 Ι)
2030 4448 2161 4502 mini
2182 4449 2386 4503 habens
2416 4458 2702 4519 rectorem,
2733 4450 2968 4505 animam
3007 4451 3144 4523 regit
3173 4470 3187 4517 ;
3239 4450 3464 4506 scientia
3485 4468 3618 4508 vero

327 4553 476 4608 tione
507 4551 1039 4624 comprehensibilis,
1093 4552 1190 4607 sed
1223 4552 1448 4623 spiritus
1478 4551 1718 4608 efﬁcacia
1746 4553 1928 4608 credi-
1957 4620 1962 4626 _

330 4640 476 4695 bilis.

399 4729 573 4783 Vnus.
607 4733 658 4783 8.
707 4757 780 4768 -
810 4730 869 4786 Si
905 4729 1060 4783 enim
1096 4730 1499 4799 cognovissent.
1542 4730 1641 4784 Vel
1687 4730 1927 4785 minores

327 4817 480 4872 illum
501 4833 626 4872 esse
655 4817 912 4871 Messiam
943 4817 998 4870 in
1025 4817 1150 4888 lege
1179 4817 1528 4887 promissum,
1563 4818 1651 4872 vel
1690 4818 1928 4886 majores

332 4907 510 4961 Deum
539 4921 682 4973 esse,
730 4905 816 4960 vel
848 4905 949 4960 Dei
994 4905 1189 4960 Filium
1240 4922 1254 4958 :
1307 4923 1602 4978 nunquam
1627 4908 1928 4963 Dominum

329 4995 525 5066 gloria:
541 4993 968 5062 cruciﬁxissent
979 5033 993 5047 .

400 5099 574 5154 Vens.
607 5103 660 5152 9.
689 5127 760 5140 -
784 5100 892 5155 Nec
928 5100 992 5154 in
1027 5115 1123 5155 cor
1162 5099 1426 5155 hominis.
1462 5099 1605 5154 Infra
1633 5114 1728 5156 cor
1747 5099 1928 5156 homi-

330 5187 416 5243 nis
445 5194 530 5242 est
579 5187 725 5259 quod
765 5187 820 5241 in
864 5201 963 5242 cor
992 5187 1275 5254 ascendit;
1333 5202 1499 5258 super
1536 5204 1632 5244 cor
1654 5195 1737 5244 est
1763 5195 1927 5244 aeter-

330 5291 462 5330 num
490 5275 561 5330 ad
589 5276 735 5346 quod
765 5291 860 5331 cor
889 5276 1154 5332 ascendit.
1186 5275 1284 5331 Vel
1323 5291 1434 5330 non
1484 5284 1567 5331 est
1595 5277 1778 5342 homo,
1831 5277 1928 5332 sed

332 5363 556 5435 spiritus
585 5362 678 5435 qui
735 5363 900 5418 novit.
935 5364 1218 5420 Ascendit.
1269 5365 1376 5420 Res
1406 5364 1607 5419 dicitur
1652 5365 1708 5418 in
1764 5365 1928 5421 corde

333 5452 655 5520 ascendere,
688 5453 903 5523 quando
933 5452 1072 5506 bene
1103 5451 1370 5508 intellecta
1400 5453 1596 5522 placet.

403 5541 578 5596 Vens.
613 5543 699 5594 10.
733 5570 801 5579 -—-
831 5541 1152 5605 Scrutatur,
1185 5549 1289 5596 etc.
1323 5540 1565 5596 Scrutari
1593 5539 1790 5596 dicitur
1811 5542 1926 5612 spi-

332 5629 462 5685 ritus
492 5627 594 5685 Dei
623 5627 826 5695 omnia,
868 5643 978 5684 non
1003 5636 1064 5683 ut
1106 5629 1253 5701 quod
1283 5629 1473 5697 nescit,
1525 5629 1786 5698 inveniat,
1830 5630 1929 5686 sed

656 5743 900 5801 Parnm“
933 5742 1124 5800 CXIV.

2034 4537 2332 4607 spiritualis
2363 4545 2444 4592 est
2467 4537 2578 4608 qui,
2611 4537 2712 4592 etsi
2745 4555 2809 4592 cx
2829 4546 2985 4609 parte
3015 4546 3067 4593 et
3097 4555 3198 4609 per
3215 4538 3501 4609 speculum
3535 4540 3622 4594 vi-

2026 4626 2137 4692 det,
2168 4635 2347 4679 tamen
2368 4625 2436 4679 de
2458 4642 2524 4680 eo
2557 4625 2859 4681 secundum
2881 4626 3150 4698 imagines
3182 4642 3500 4697 corporum,
3530 4621 3617 4684 vel

2029 4714 2166 4786 legis
2198 4714 2450 4778 litteram,
2482 4715 2567 4769 vel
2600 4715 2890 4768 humanam
2932 4713 3332 4786 phiIOSOphiam
3387 4733 3496 4772 non
3531 4732 3618 4772 sa-

2028 4803 2124 4874 pit,
2159 4803 2255 4857 sed
2281 4803 2511 4873 spiritui.
2538 4803 2634 4857 Dei
2659 4803 2934 4872 subjectus
2958 4803 3258 4860 certissime
3287 4821 3352 4861 ac
3381 4805 3617 4862 fideliter

2022 4891 2249 4960 judicat.
2289 4891 2507 4946 Omnia.
2539 4891 2662 4945 Non
2693 4890 2912 4961 quidem
2939 4892 3192 4948 universa
3221 4909 3344 4963 quae
3373 4893 3614 4950 continet

2027 4979 2211 5034 divina
2239 4978 2484 5045 scientia,
2511 4979 2608 5034 sed
2638 4997 2758 5052 quze
2785 4981 2856 5034 ad
2878 4980 3139 5050 justitiam
3178 4988 3232 5036 et
3260 4981 3428 5038 vitam
3466 4981 3614 5037 sutli-

2026 5066 2194 5135 ciunt,
2225 5066 2280 5122 id
2310 5074 2413 5134 est,
2446 5067 2630 5124 omnia
2653 5067 2969 5137 judicanda.

2639 5235 2865 5294 CAPUT
2897 5237 2988 5291 III.

2097 5359 2264 5414 Vens.
2316 5363 2367 5414 2.
2409 5387 2479 5399 -—
2516 5359 2709 5415 Adhuc
2748 5361 2904 5415 enim
2942 5363 3220 5418 carnales.
3279 5363 3473 5434 Arguit
3515 5378 3610 5418 eos

2027 5447 2118 5518 qui
2149 5447 2516 5518 querebantur
2541 5464 2599 5501 se
2626 5448 2830 5501 dudum
2861 5465 2968 5503 non
3017 5449 3238 5506 audisse
3285 5450 3605 5521 spiritualia,

2023 5551 2146 5591 cum
2168 5535 2347 5590 adhuc
2378 5534 2587 5606 indigni
2617 5544 2799 5590 essent
2827 5536 3038 5594 audire.

2099 5624 2345 5680 Ministri
2397 5625 2539 5694 ejus.
2591 5624 2781 5695 (AUG.)
2825 5625 2998 5684 Homo
3044 5627 3280 5683 exterius
3336 5624 3609 5684 ministrat

3193 5749 3259 5801 17
