3948 6178
324 240 427 296 523

930 230 1333 287 WALAFRIDI
1360 226 1602 284 STRABI
1629 225 1831 281 FULD.
1865 220 2036 278 MON.
2081 218 2281 277 PARS.
2321 218 2363 273 Ι.
2402 247 2467 259 --
2516 213 2991 272 THEOLOGICA.

3522 213 3619 267 524

322 359 482 433 quasi
510 374 723 424 servus,
756 364 883 425 etc.,
907 372 1079 429 usque
1099 354 1306 426 adquia
1322 354 1466 408 Deus
1495 356 1755 422 operatur
1776 347 1912 403 velle

2028 362 2120 417 sed
2150 360 2196 415 si
2224 360 2345 433 quis
2373 358 2606 415 voluerit
2634 356 2898 428 templum
2924 353 3071 427 quod
3101 368 3198 411 vos
3227 352 3380 417 estis,
3410 351 3615 421 disper-

333 456 388 504 et
418 448 709 519 perficere.

400 536 571 591 Vsus.
598 539 650 590 8.
680 563 750 576 —
784 534 967 591 Unum
1002 535 1157 588 sunt.
1200 530 1389 585 Posset
1445 526 1621 584 videri
1669 523 1817 597 quod
1877 523 1924 579 si

325 623 462 680 nihil
496 640 564 679 ex
593 638 653 678 se
679 620 829 691 dant,
866 627 1064 675 .tamen
1091 619 1236 673 Deus
1265 615 1440 689 magis
1466 632 1565 687 per
1586 615 1729 671 hunc
1759 627 1922 685 quam

331 728 434 784 per
462 711 634 767 illum.

405 826 578 882 Vnus.
609 828 661 880 9.
681 855 752 866 —
767 824 1082 896 Adjutores.
1104 822 1163 877 In
1185 821 1417 878 colendo
1438 836 1578 894 agro
1607 817 1882 876 dominico
1905 834 1920 884 ;

328 929 441 971 non
468 915 878 985 depravatores,
911 919 968 965 ut
998 910 1220 982 quidam
1264 910 1430 965 aiunt.
1480 908 1637 978 Quod
1667 907 1793 962 inde
1833 920 1926 976 pa-

328 1010 422 1068 tet,
455 1001 583 1073 quia
608 1016 706 1057 vos
764 1000 894 1054 estis
942 998 1291 1071 agricultura.
1349 998 1735 1071 Agricultura.
1780 993 1925 1063 Quia

329 1089 457 1146 colit
484 1103 582 1145 vos
613 1088 683 1143 ad
711 1087 963 1143 fructum.
988 1087 1323 1157 Ediﬁcatio,
1346 1085 1474 1157 quia
1503 1085 1595 1156 qui
1613 1083 1741 1140 colit
1768 1082 1923 1137 habi-

330 1185 407 1232 tat
435 1177 492 1231 in
520 1175 697 1231 vobis.
730 1175 800 1229 Et
819 1175 893 1229 ita
923 1174 1068 1230 idem
1089 1181 1171 1230 est
1198 1191 1334 1247 ager
1365 1180 1420 1228 et
1445 1171 1752 1237 aedificium,
1777 1169 1923 1241 quod

324 1280 436 1322 non
463 1264 518 1318 in
547 1265 713 1319 rebus
759 1263 1082 1318 visibilibus.
1144 1263 1260 1316 Nos
1313 1261 1540 1317 colimus
1595 1262 1769 1315 Deum
1797 1259 1924 1314 ado-

323 1352 523 1419 rando,
556 1368 665 1407 non
695 1351 961 1406 ornando.
998 1350 1093 1406 Ille
1139 1358 1321 1405 autem
1371 1349 1452 1405 sic
1472 1364 1574 1404 nos
1594 1348 1741 1415 colit,
1776 1346 1921 1418 quod

324 1439 584 1497 meliores
612 1456 714 1495 nos
746 1439 945 1495 reddit.

395 1556 568 1612 Vnus.
596 1558 689 1610 11.
726 1585 795 1595 —
824 1553 1285 1610 Fundamentum
1315 1555 1489 1609 enim.
1522 1552 1711 1621 (Auc.,
1736 1548 1831 1603 lib.
1854 1548 1921 1603 de

324 1644 454 1700 Fide
484 1648 543 1699 et
559 1645 832 1716 operibus,
879 1658 929 1697 c.
964 1642 1076 1712 15.)
1100 1641 1261 1696 Fides
1290 1640 1482 1713 gratim
1503 1638 1836 1703 christianaa,
1859 1635 1913 1689 id

322 1739 424 1802 est,
458 1748 523 1788 ea
549 1698 671 1804 quae
689 1747 790 1803 per
803 1698 1149 1787 dilectionem
1170 1698 1443 1800 operatur,
1477 1736 1604 1797 etc.,
1650 1741 1825 1798 usque
1841 1724 1915 1781 ad
1934 1698 1988 1757 B

323 1821 393 1876 de
424 1836 530 1892 qua
559 1821 823 1890 scriptum
852 1828 936 1874 est
969 1838 982 1873 :
1014 1821 1150 1876 Vasa
1178 1818 1339 1889 ﬁguli
1355 1817 1556 1889 probat
1597 1818 1828 1886 [ογ-παπ,
1863 1818 1921 1869 et

331 1910 584 1965 homines
609 1910 849 1964 tentatio
871 1906 1259 1963 tribulationis
1276 1906 1474 1977 probat
1494 1904 1689 1975 (Eccli.
1708 1903 1916 1970 xxvn).

402 1996 676 2052 Christus.
710 1995 771 2050 Id
800 2003 902 2060 est,
945 1993 1082 2048 ﬁdes
1113 1992 1331 2062 Christi,
1381 2009 1501 2064 qua:
1527 2008 1626 2062 per
1665 1989 1919 2045 dilectio-

330 2099 457 2139 nem
486 2090 761 2155 operatur,
793 2098 894 2153 per
922 2098 1086 2153 quam
1107 2080 1353 2136 Christus
1380 2080 1589 2135 habitat
1636 2078 1690 2132 in
1735 2077 1918 2134 cordi-

332 2171 453 2227 bus.
485 2171 648 2227 Aliud
674 2186 787 2226 non
817 2178 900 2225 est
930 2169 1357 2225 fundamentum.
1392 2170 1520 2224 Haec
1539 2175 1718 2223 autem
1746 2165 1915 2221 nemi-

335 2275 461 2315 nem
480 2259 660 2331 perire
691 2258 836 2313 sinit.

390 2374 564 2430 Vens.
596 2376 685 2431 12.
715 2404 784 2414 —
811 2374 871 2428 Si
891 2372 1015 2445 quis
1040 2376 1254 2428 autem.
1281 2372 1341 2426 In
1367 2385 1521 2438 auro,
1554 2377 1804 2443 argento,
1836 2368 1916 2423 la-

322 2460 541 2533 pidibus
579 2461 835 2533 pretiosis
880 2460 1149 2532 prasclara
1190 2459 1436 2516 doctrina
1474 2457 1828 2531 significatur,
1862 2456 1919 2511 in

321 2549 491 2605 tribus
521 2549 644 2605 aliis
680 2564 823 2605 vana
851 2549 1096 2605 doctrina
1146 2548 1410 2621 signatur,
1469 2564 1592 2619 quae
1649 2546 1695 2601 si
1751 2545 1915 2601 modo

317 2638 472 2705 fallit,
495 2638 552 2692 in
579 2639 708 2710 igne
736 2637 1021 2708 apparebit
1053 2653 1067 2691 :
1101 2637 1228 2707 quia
1276 2636 1487 2691 ardebit
1526 2636 1671 2691 bona
1699 2649 1915 2705 perma-

319 2734 503 2791 nente,
532 2734 585 2780 et
615 2726 715 2780 erit
744 2725 793 2780 ei
824 2725 1000 2790 bonae,
1035 2723 1247 2779 scilicet
1274 2723 1537 2779 doctrina;
1564 2737 1777 2777 merces
1803 2721 1915 2776 vita

317 2822 545 2869 aeterna.
571 2814 771 2885 Ligna,
810 2815 1030 2883 fenum,
1057 2813 1351 2884 stipulam.
1378 2812 1503 2866 Non
1522 2812 1639 2867 haec
1667 2810 1737 2865 de
1754 2809 1914 2864 malis

315 2900 574 2974 operibus
621 2900 940 2972 accipienda
985 2907 1109 2955 sunt
1158 2899 1314 2972 quasi
1340 2897 1476 2954 ﬁdes
1507 2899 1625 2954 sine
1654 2898 1913 2969 operibus

315 2989 510 3058 salvet,
542 2989 688 3063 quod
716 3005 826 3044 non
854 2996 959 3044 est.

379 3079 569 3150 (AUG.,
604 3079 670 3134 in
686 3079 830 3150 psal.
847 3077 1016 3147 xxx.)
1036 3076 1160 3131 Non
1175 3074 1279 3130 sibi
1296 3073 1611 3146 polliceatur
1630 3074 1917 3147 quisquam

310 3166 520 3223 habens
538 3164 750 3221 nefaria
777 3180 947 3236 opera
992 3180 1225 3237 regnum
1272 3164 1393 3230 Dei,
1448 3170 1578 3231 etc.,
1622 3179 1798 3236 usque
1839 3165 1913 3219 ad

311 3260 537 3325 peccata
569 3251 795 3308 minima
838 3260 1003 3324 atque
1046 3251 1292 3309 levissim
1320 3267 1375 3318 a,
1436 3268 1556 3323 qua:
1583 3250 1728 3324 ignis
1763 3250 1925 3308 facile

310 3348 616 3398 consumat.

387 3429 557 3485 Vens.
594 3433 680 3485 13.
703 3459 774 3470 —
801 3430 930 3485 Dies
959 3431 1132 3485 enim.
1165 3428 1284 3497 Hic,
1308 3428 1428 3484 dies
1453 3435 1536 3483 est
1553 3426 1789 3484 hominis
1822 3443 1921 3499 pro

308 3524 443 3573 nutu
463 3532 562 3573 suo
592 3516 826 3590 agentis,
862 3517 960 3572 sed
986 3517 1043 3571 in
1071 3516 1281 3587 judicio
1310 3516 1399 3573 vel
1428 3525 1603 3572 morte
1634 3516 1916 3587 cujusque.

308 3605 440 3662 Dies
469 3613 552 3661 est
580 3605 796 3661 Domini
828 3605 1130 3661 secundum
1160 3604 1357 3660 merita
1380 3603 1694 3675 judicantis,
1726 3604 1837 3660 imo
1855 3613 1911 3660 et

309 3692 401 3749 hic
433 3692 700 3762 judicium
727 3693 917 3764 incipit
943 3709 978 3748 a
1014 3693 1178 3749 domo
1207 3694 1327 3760 Dei,
1360 3693 1415 3747 id
1435 3700 1536 3759 est,
1569 3709 1604 3748 a
1631 3692 1909 3748 salvandis

308 3780 496 3851 incipit
525 3796 708 3852 pcena,
739 3797 861 3853 quae
890 3781 1356 3837 consummabitur
1387 3780 1443 3835 in
1472 3780 1744 3852 reprobis.
1778 3781 1908 3836 Ideo

307 3868 455 3926 enim
482 3869 778 3940 puniuntur
798 3869 976 3936 electi,
1008 3877 1064 3924 ut
1101 3869 1177 3924 ibi
1206 3885 1316 3925 non
1343 3868 1655 3941 puniantur.
1706 3870 1767 3923 In
1798 3884 1907 3940 quo

305 3957 394 4013 die
423 3965 507 4014 est
542 3957 687 4030 ignis
724 3957 1085 4012 tribulationis
1141 3974 1248 4028 quo
1302 3958 1475 4012 uritur
1519 3973 1677 4014 amor
1722 3973 1906 4012 rerum

307 4045 712 4116 temporalium,
745 4045 875 4099 dum
904 4045 1293 4101 contristantur
1312 4045 1381 4100 de
1410 4045 1647 4114 amissis,
1678 4045 1823 4100 unde
1854 4051 1905 4099 et

311 4132 511 4188 dicitur
539 4148 552 4185 :
592 4133 1031 4190 Tribulationem
1044 4134 1236 4189 carnis
1260 4133 1538 4188 habebunt
1559 4132 1898 4205 hujusmodi,

309 4220 458 4291 Ignis
488 4235 621 4275 vero
649 4220 882 4275 extremi.
917 4220 1107 4289 judicii
1150 4228 1265 4274 tam
1291 4220 1385 4274 diu
1421 4220 1660 4287 durabit,
1693 4236 1901 4291 quous-

311 4324 418 4379 que
445 4308 661 4380 purgati
689 4308 796 4362 sint
841 4307 934 4380 qui
963 4306 1205 4362 salvandi
1252 4316 1425 4363 erunt.
1460 4309 1606 4379 Ignis
1623 4308 1897 4380 probabit.

2024 451 2114 507 det
2137 449 2309 504 illum.
2359 448 2428 502 Et
2461 445 2682 503 nescitis
2709 445 2837 501 hoc.
3510 485 3515 489 .

2099 538 2404 611 Templum.
2486 534 2678 607 (Ana)
2723 534 2783 587 In
2828 530 3024 604 quibus
3074 530 3223 584 Deus
3259 526 3475 583 habitat
3520 543 3614 598 per

2021 625 2185 683 fidem
2214 633 2338 680 sunt
2365 623 2628 694 templum
2658 620 2779 687 Dei,
2813 628 2941 686 etc.,
2983 617 3214 690 qualiter
3257 616 3427 671 etiam
3479 629 3616 671 nunc

2022 721 2148 768 sunt
2174 713 2436 783 templum
2466 709 2663 782 Angeli
2684 707 2804 764 Dei.

2095 801 2285 873 (Λυσι.)
2314 800 2460 855 Talis
2504 792 3153 869 congregatioaedificatio
3168 799 3252 848 est
3288 791 3482 862 templi
3502 791 3615 858 Dei;

2022 891 2189 946 talem
2228 887 2717 961 congregationem
2763 901 2873 940 non
2922 881 3209 956 generatio
3246 879 3502 946 carnalis,
3526 881 3618 935 sed

2021 977 2367 1051 regeneratio
2395 973 2694 1047 spiritualis
2722 972 2866 1030 facit.
2910 971 3131 1026 Habitat
3176 970 3364 1040 itaque
3425 967 3481 1021 in
3512 968 3617 1022 sin-

2020 1065 2166 1139 gulis
2196 1067 2342 1120 Deus
2375 1072 2631 1135 tanquam
2664 1062 2718 1116 in
2766 1059 2982 1131 templis
3012 1058 3146 1124 suis,
3179 1064 3234 1113 et
3271 1057 3328 1111 in
3368 1055 3615 1112 omnibus

2021 1154 2181 1209 simul
2227 1152 2600 1226 congregatis,
2640 1158 2894 1222 tanquam
2942 1148 2999 1202 in
3039 1145 3241 1217 templo
3297 1161 3423 1200 suo.
3477 1146 3617 1200 Deus

2019 1242 2186 1316 igitur
2213 1241 2414 1312 ubique
2441 1255 2688 1311 prasens
2718 1246 2821 1304 est,
2852 1245 2907 1293 et
2932 1236 3133 1307 ubique
3172 1241 3315 1290 totus
3348 1249 3612 1305 praesens,

2019 1346 2123 1387 nec
2151 1330 2354 1402 ubique
2402 1328 2674 1394 habitans,
2727 1326 2823 1382 sed
2870 1326 2925 1379 in
2975 1323 3177 1395 templo
3225 1337 3346 1389 suo,
3387 1321 3477 1377 cui
3521 1338 3616 1393 per

2019 1419 2257 1492 gratiam
2292 1417 2567 1490 benignus
2598 1423 2681 1471 est
2723 1423 2780 1471 et
2831 1413 3118 1485 propitius.
3169 1411 3397 1482 Capitur
3446 1418 3620 1466 autem

2019 1506 2273 1561 habitans
2300 1506 2369 1561 ab
2398 1505 2519 1561 aliis
2564 1504 2823 1575 amplius,
2857 1503 2925 1556 ab
2973 1500 3095 1557 aliis
3124 1499 3326 1554 minus.
3360 1498 3613 1553 Habitare

2020 1602 2201 1650 autem
2231 1594 2355 1649 ideo
2376 1593 2433 1648 in
2462 1591 2787 1648 animalibus
2808 1589 3122 1645 hominibus
3151 1596 3206 1643 et
3230 1586 3480 1657 parvulis
3507 1602 3612 1641 non

2017 1682 2198 1739 carnis
2228 1689 2405 1745 astate,
2440 1682 2539 1737 sed
2581 1680 2802 1745 mentis,
2836 1678 2962 1751 quia
2991 1678 3046 1732 in
3076 1677 3157 1732 eis
3186 1675 3406 1732 occulte
3433 1676 3543 1748 agit
3561 1683 3615 1728 ut

2025 1771 2133 1825 sint
2162 1771 2423 1842 templum
2455 1770 2593 1839 ejus,
2630 1769 2796 1840 idque
2844 1768 2899 1821 in
2928 1765 3344 1837 proﬁcientibus
3377 1771 3433 1820 et
3450 1760 3614 1835 proﬁ-

2020 1859 2216 1915 ciendo
2246 1857 2725 1930 perseverantibus
2754 1854 2986 1927 perlicit.

2089 1948 2221 2018 (10.)
2253 1947 2362 2003 Sed
2384 1945 2594 2002 diceret
2622 1944 2816 2016 aliquis
2850 1959 2862 1999 :
2905 1945 3208 2015 Antequam
3237 1940 3447 1996 faceret
3474 1940 3612 1995 Deus

2018 2036 2218 2092 coelum
2246 2042 2301 2090 et
2328 2042 2553 2099 terram,
2588 2041 2898 2105 antequam,
2932 2040 3060 2096 etc.,
3091 2046 3263 2102 usque
3301 2029 3378 2084 ad
3408 2027 3606 2083 beatis-

2019 2123 2142 2178 simi
2169 2130 2348 2179 autem
2375 2129 2501 2177 sunt
2526 2121 2633 2192 illi,
2664 2120 2862 2193 quibus
2888 2120 2994 2175 hoc
3048 2126 3132 2173 est
3176 2119 3356 2173 Deum
3410 2115 3610 2171 habere

2017 2211 2165 2284 quod
2191 2226 2376 2266 nosse.

2093 2300 2389 2372 Sapientia
2404 2299 2560 2355 enim
2578 2296 2747 2369 hujus
2767 2295 2988 2363 mundi,
3012 2302 3116 2351 etc.
3132 2292 3609 2365 (Anan.)Abusive

2015 2387 2237 2459 ponitur
2264 2386 2534 2458 sapientia
2561 2400 2663 2457 pro
2681 2384 2895 2440 astutia.

2087 2476 2256 2531 Vsus.
2288 2479 2379 2531 21.
2411 2505 2480 2515 —
2501 2475 2689 2543 Nemo,
2721 2481 2824 2529 etc.
2857 2471 3107 2543 Baptistis
3136 2469 3224 2527 vel
3270 2469 3602 2526 doctoribus.

2015 2565 2204 2621 Nemo.
2239 2561 2381 2631 Quia
2410 2561 2578 2619 vestri
2607 2568 2733 2618 sunt
2761 2561 2865 2632 ipsi
2898 2548 3066 2633 ;quia
3096 2559 3359 2615 universa
3385 2566 3511 2613 sunt
3541 2557 3606 2612 ad

2015 2651 2364 2707 serviendum
2395 2651 2554 2707 vobis
2590 2650 2737 2717 data,
2768 2657 2821 2706 et
2849 2664 2959 2705 non
2986 2656 3070 2704 est
3097 2647 3469 2720 gloriandum,
3506 2645 3604 2700 nisi

2015 2728 2085 2795 de
2104 2740 2271 2796 rebus
2306 2738 2801 2795 excellentioribus.
2853 2738 2919 2792 In
2951 2737 3268 2794 homnibus.
3311 2734 3457 2803 Quia
3502 2749 3606 2790 non

2013 2834 2137 2883 sunt
2164 2828 2382 2883 datores
2411 2826 2735 2900 gratiarum,
2758 2826 2875 2883 sive
2895 2825 3025 2882 boni
3055 2825 3173 2881 sive
3210 2823 3347 2879 mali
3384 2821 3605 2889 sint,sed

2013 2923 2221 2971 tantum
2251 2914 2503 2970 ministri.

1938 3044 1986 3107 ρ
2087 3029 2259 3085 Vsus.
2273 3033 2362 3087 22.
2388 3059 2457 3070 -
2478 3016 2680 3085 Omnia
2697 3029 2870 3085 enim.
2896 3027 3155 3099 Singulos
3174 3042 3285 3083 non
3302 3027 3410 3083 sibi
3422 3027 3599 3084 defen-

2018 3118 2148 3173 dant
2175 3118 2430 3174 doctores
2448 3116 2537 3173 vel
2566 3116 2850 3189 baptistas,
2885 3132 3010 3172 cum
3065 3116 3318 3171 omnibus
3366 3124 3598 3173 utantur.

2016 3206 2243 3262 Mundus
2273 3214 2357 3261 est
2385 3213 2572 3262 noster
2588 3206 2634 3261 si
2663 3221 2858 3262 cursus
2879 3206 2996 3276 ejus
3012 3204 3068 3259 in
3086 3204 3188 3260 Dei
3208 3205 3483 3262 voluntate
3501 3220 3598 3277 po-

2013 3294 2211 3351 nimus.
2246 3294 2367 3350 Vita
2393 3310 2657 3366 praesens,
2682 3301 2889 3364 nostra,
2917 3294 2962 3349 si
2980 3294 3228 3350 modeste
3258 3302 3459 3352 etcum
3480 3295 3597 3368 glo-

2013 3381 2093 3437 ria
2124 3382 2225 3438 Dei
2280 3383 2481 3456 agitur.
2530 3384 2678 3437 Mors
2734 3390 2919 3437 nostra
2965 3389 3069 3448 est,
3104 3382 3149 3436 si
3180 3397 3279 3453 spe
3336 3381 3502 3438 futuri
3531 3380 3596 3435 li-

2011 3472 2203 3528 benter
2229 3487 2330 3543 pro
2358 3471 2574 3528 Christo
2593 3471 2877 3527 morimur.
2913 3470 3212 3526 Praesentia
3232 3479 3361 3526 sunt
3391 3477 3589 3539 nostra,

2011 3559 2058 3614 si
2087 3559 2166 3616 sic
2210 3559 2416 3615 utimur
2464 3559 2564 3627 eis,
2613 3575 2682 3614 ne
2739 3557 3098 3614 offendamus.
3152 3558 3375 3630 Futura,
3434 3558 3481 3614 si
3535 3572 3600 3613 ea

2009 3648 2300 3705 credentes
2334 3648 2514 3719 magis
2543 3654 2817 3718 optamus.

2085 3737 2210 3801 Sive
2232 3739 2371 3805 vita,
2405 3744 2512 3792 etc.
2548 3735 2619 3791 Et
2648 3736 2761 3790 vita
2791 3742 2845 3790 et
2873 3750 3021 3790 mors
3057 3734 3344 3791 doctorum
3374 3735 3445 3790 ad
3472 3734 3599 3790 aedi-

2005 3824 2312 3880 ficationem
2370 3823 2601 3880 subditis
2655 3838 2779 3879 esse
2843 3823 3064 3879 debent.
3122 3823 3222 3879 Vel
3265 3839 3371 3895 per
3417 3823 3593 3887 vitam,

2006 3920 2225 3969 sanctos
2264 3912 2513 3967 homines
2569 3918 2621 3966 et
2677 3911 2902 3983 angelos
2949 3911 3184 3981 accipe:
3241 3912 3335 3982 qui
3389 3911 3597 3966 student

2003 3999 2273 4071 profectui
2300 3999 2561 4065 fidelium,
2595 4015 2694 4070 per
2720 4007 2973 4068 mortem,
2994 3998 3289 4054 diabolum
3337 4007 3394 4054 et
3422 4014 3588 4054 mem-

2004 4088 2104 4142 bra
2134 4088 2271 4157 ejus,
2306 4087 2400 4159 qui
2429 4088 2558 4143 dum
2592 4095 3015 4159 persequuntur,
3047 4087 3265 4143 utilitati
3309 4102 3586 4144 servorum

2002 4176 2103 4231 Dei
2134 4175 2457 4233 inserviunt.
2698 4189 2708 4196 ’

2071 4292 2242 4348 Vens.
2294 4296 2383 4350 23.
2415 4322 2485 4332 —
2530 4292 2624 4349 Vos
2658 4297 2854 4350 autem
2896 4293 3125 4349 Christi.
3160 4292 3229 4349 Ut
3281 4292 3423 4349 sicut
3475 4292 3586 4346 haec

312 4395 462 4451 Duos
490 4379 648 4467 ignes
690 4379 898 4452 futuros
954 4396 1208 4469 legimus.
1243 4396 1421 4451 Unum
1476 4379 1760 4463 aeternum,
1800 4412 1907 4469 quo
1934 4380 2184 4458 Dnobis,
2208 4380 2281 4435 ita
2309 4396 2410 4469 nos
2438 4379 2652 4469 Christo
2682 4379 3053 4450 subjiciamur.
3110 4381 3367 4438 Christus
3409 4384 3592 4436 autem

316 4482 644 4541 aeternaliter
663 4485 954 4556 punientur
974 4484 1214 4556 reprobi,
1239 4484 1331 4556 qui
1352 4492 1612 4556 sequetur
1625 4485 1906 4555 judicium.

315 4571 559 4628 Alterum
587 4572 679 4645 qui
707 4574 998 4644 praecedet,
1056 4588 1162 4645 quo
1208 4581 1464 4629 exuretur
1497 4572 1667 4629 facies
1720 4575 1911 4631 mundi

315 4659 490 4729 hujus,
525 4660 619 4732 qui
646 4662 955 4717 emendabit
988 4678 1084 4718 eos
1107 4662 1199 4734 qui
1230 4660 1807 4733 supersediﬁcaverunt
1835 4662 1908 4720 li-

316 4763 506 4820 gnum,
556 4748 759 4820 fenum,
810 4750 1079 4821 stipulam.
1113 4749 1219 4820 Qui
1238 4760 1418 4807 autem
1466 4767 1680 4819 aurum,
1712 4766 1909 4823 argen-
1960 4790 1963 4791 ν

311 4840 446 4904 tum,
470 4835 678 4909 lapides
734 4837 1003 4909 pretiosos
1034 4837 1102 4894 de
1133 4846 1363 4911 utroque
1392 4840 1520 4911 igne
1553 4839 1732 4895 securi
1760 4848 1903 4896 sunt.

388 4940 561 4998 Vnus.
593 4944 678 4997 14.
714 4972 784 4983 --
827 4944 1147 5000 Mercedem.
1170 4946 1292 5000 Non
1331 4945 1506 5001 solum
1536 4953 1662 5016 post
1718 4943 1900 5015 ﬁnem,

311 5029 408 5086 sed
438 5036 493 5085 et
521 5028 577 5084 in
604 5029 703 5085 hac
731 5030 842 5086 vita
886 5031 1052 5086 habet
1078 5032 1323 5103 requiem
1353 5049 1465 5089 sure
1521 5033 1718 5091 animae
1775 5050 1911 5091 con-.

310 5116 604 5173 temnentis
634 5116 836 5173 omnia.

377 5229 550 5286 Vnus.
576 5231 662 5284 16.
686 5260 756 5271 -
785 5230 1042 5297 Nescitis,
1073 5239 1178 5289 etc.
1213 5232 1332 5288 Hoc
1360 5233 1624 5304 praemisit
1660 5242 1721 5290 ut
1776 5235 1901 5292 illos

303 5324 655 5389 cumpungat,
686 5318 780 5390 qui
821 5318 1051 5389 turpiter
1096 5320 1341 5377 viventes
1388 5336 1621 5393 corpora
1647 5337 1750 5379 sua
1774 5323 1897 5380 vio-

294 5404 463 5474 lant;
513 5404 747 5462 maxime
789 5406 881 5464 ille
912 5406 1004 5479 qui
1044 5423 1271 5465 uxorem
1325 5410 1496 5481 patris
1550 5410 1737 5468 habet.
1797 5412 1899 5469 Hic

298 5492 415 5568 agit
442 5494 512 5551 de
533 5494 890 5552 structoribus
915 5512 1080 5568 super
1105 5496 1536 5555 fundamentum.

370 5584 649 5643 Vnas.17.
672 5616 743 5627 -—
761 5586 821 5642 Si
850 5586 973 5658 quis
994 5590 1207 5643 autem.
1240 5588 1347 5644 Iste
1368 5587 1548 5645 salvus
1567 5604 1669 5661 per
1686 5588 1892 5662 ignem,

2008 4469 2125 4526 Dei.
2157 4468 2415 4540 PrOprius
2472 4468 2638 4524 Filius
2695 4469 2815 4538 ejus
2844 4469 3177 4525 voluntatem
3217 4469 3334 4537 ejus
3365 4466 3585 4532 faciens,

2006 4564 2066 4611 ut
2094 4564 2148 4612 et
2194 4573 2295 4612 nos
2339 4556 2606 4613 faciamus
2633 4556 2825 4628 ipsius.
2858 4557 2968 4613 Cur
3009 4572 3144 4629 ergo
3201 4557 3273 4612 ad
3345 4554 3588 4626 injuriam

2007 4644 2208 4701 Christi
2234 4644 2305 4701 de
2319 4644 2629 4701 hominibus
2659 4645 2866 4716 aliquid
2898 4645 3131 4717 speratis
3152 4644 3181 4699 Τ

2635 4823 2861 4880 CAPUT
2890 4822 2981 4879 IV.

2074 4979 2245 5035 Vens.
2281 4982 2332 5035 1.
2366 5008 2437 5020 —
2471 4980 2562 5037 Sic
2576 4996 2699 5037 nos.
2723 4980 3012 5038 Hactenus
3050 4981 3121 5038 de
3138 4980 3317 5054 gloria
3340 4977 3540 5053 pseudo
3568 4994 3582 5032 :

1999 5067 2092 5124 hic
2116 5066 2189 5123 de
2233 5082 2343 5123 suo
2377 5075 2691 5141 contemptu
2746 5068 2878 5143 agit.
2917 5070 3010 5128 Sic
3043 5086 3167 5129 nos.
3200 5071 3316 5127 Hoc
3343 5070 3465 5126 ideo
3517 5066 3584 5123 ait

1998 5155 2312 5226 Apostolus,
2348 5157 2473 5228 quia
2513 5157 2583 5213 de
2637 5172 2704 5213 eo
2743 5157 2930 5213 minus
2976 5158 3326 5227 sentiebant;
3373 5157 3472 5215 sed
3513 5154 3586 5211 sic

1998 5243 2162 5300 homo
2191 5244 2409 5312 sentiat,
2432 5252 2491 5300 ut
2510 5246 2657 5301 Deus
2686 5245 2779 5317 qui
2807 5262 2933 5302 eum
2963 5246 3149 5320 elegit.

2042 5334 2140 5389 .Et
2175 5333 2611 5406 dispensatores.
2681 5333 2873 5406 (Auc.)
2917 5335 3042 5392 Non
3084 5334 3264 5392 solum
3295 5334 3444 5405 boni,
3488 5331 3580 5389 sed

1996 5419 2160 5477 etiam
2186 5420 2314 5476 mali
2348 5421 2761 5493 dispensatores
2814 5430 2958 5492 sunt,
3011 5430 3118 5481 etc.
3184 5440 3358 5499 usque
3404 5423 3475 5482 ad
3507 5427 3581 5478 est

1994 5505 2141 5563 illius
2160 5524 2285 5565 esse
2312 5508 2654 5581 participem.

2064 5596 2236 5654 Vsus.
2266 5601 2320 5657 2.
2352 5626 2422 5640 —-
2448 5600 2550 5657 Hic
2559 5601 2688 5670 jam
2714 5599 3008 5671 quaeritur.
3046 5599 3130 5657 lta
3159 5598 3229 5657 de
3256 5599 3416 5658 nobis
3441 5596 3575 5657 aesti-
