3948 6178
260 280 367 332 525

1194 275 1468 332 GLOSSA
1498 274 1908 333 ORDINARIA.
1941 272 2247 329 —EPIST.
2284 273 2307 326 I
2335 272 2429 326 AD
2465 268 2624 327 COR.

3418 334 3426 342 ,
3448 271 3552 325 526

272 399 537 467 mandun,
572 400 672 455 sed
701 398 790 456 hic
818 398 961 455 inter
988 415 1087 456 vos
1116 400 1262 471 quod
1290 415 1399 455 non
1445 398 1591 455 alibi.
1637 402 1762 455 Jam
1806 399 1863 453 in
1882 400 1938 460 A
1967 406 2067 462 est,
2093 412 2158 453 ac
2180 396 2225 451 si
2245 396 2507 451 dicereret
2532 412 2544 448 :
2566 395 2691 449 Non
2708 401 2790 449 est
2812 392 2900 448 ita.
2920 391 3209 449 lrascentis
3230 391 3375 448 enim
3396 392 3561 448 verba

267 488 526 559 praesenti
553 504 679 545 cum
712 488 1137 560 exspectandum
1167 495 1333 555 esset,
1360 488 1535 545 donec
1563 488 1710 544 Deus
1732 487 1871 557 judi-

267 584 375 632 cet.

344 690 519 746 Vens.
547 694 599 746 3.
619 721 690 731 —
713 691 998 764 Meipsum.
1022 689 1327 748 Periculum
1348 698 1431 745 est
1451 688 1605 746 vobis
1625 689 1692 744 de
1712 688 1872 761 igno-

267 779 338 833 tis
394 779 585 834 cordis
624 779 733 834 mei
778 779 864 834 vel
910 778 1135 833 aliorum
1177 779 1443 848 judicare.
1507 779 1680 833 Tanta
1725 776 1870 833 enim

267 866 621 939 profunditas
650 868 924 925 credenda
954 875 1036 922 est
1065 883 1187 922 esse
1217 868 1272 920 in
1302 866 1519 921 homine
1551 883 1670 938 quas
1708 866 1871 921 lateat

272 956 437 1011 etiam
473 955 654 1027 ipsum
684 956 959 1011 hominem
988 956 1043 1008 in
1091 971 1197 1026 quo
1246 963 1345 1020 est,
1378 962 1435 1009 ut
1463 956 1519 1009 in
1545 956 1705 1010 Petro
1735 971 1869 1026 pro-

271 1043 513 1100 funditas
542 1043 869 1099 infirmitatis
899 1043 1116 1110 latebat,
1142 1058 1266 1099 cum
1283 1060 1340 1097 se
1370 1043 1601 1099 Domino
1631 1058 1871 1100 commo-

271 1132 507 1188 riturum
539 1141 741 1189 temere
770 1132 1137 1204 promittebat.
1188 1132 1323 1187 Cum
1371 1148 1503 1205 ergo
1551 1132 1782 1205 quisque
1804 1132 1872 1187 de

272 1237 332 1277 se
362 1230 457 1276 aut
482 1238 591 1277 non
623 1222 844 1277 omnino
876 1231 965 1276 aut
1012 1222 1101 1276 vix
1146 1222 1321 1292 possit
1350 1238 1534 1277 veram
1565 1222 1709 1277 ferre
1741 1239 1870 1277 sen-

271 1310 520 1377 tentiam,
551 1311 822 1382 quomodo
844 1317 1021 1381 potest
1039 1310 1107 1364 de
1157 1310 1261 1364 alio
1276 1311 1541 1380 judicare,
1565 1328 1689 1367 cum
1710 1328 1872 1366 nemo

275 1397 412 1453 sciat
442 1397 574 1469 quid
605 1406 800 1470 agatur
827 1397 881 1451 in
910 1397 1147 1463 homine,
1180 1398 1285 1451 nisi
1326 1399 1543 1469 spiritus
1575 1399 1808 1454 hominis
1845 1400 1873 1454 ?

277 1486 356 1542 Ab
414 1485 682 1541 humano.
736 1485 797 1540 Id
847 1492 929 1540 est
985 1486 1051 1539 ab
1108 1486 1437 1553 hominibus,
1486 1486 1613 1541 dum
1654 1496 1775 1542 sunt
1819 1487 1875 1542 in

278 1589 378 1629 suo
407 1574 517 1639 die,
552 1582 606 1631 et
633 1589 744 1630 non
776 1582 861 1629 est
888 1574 1007 1629 dies
1037 1573 1271 1628 Domini.
1304 1576 1577 1631 Humano.
1613 1574 1749 1644 Quia
1792 1583 1895 1631 est'

276 1662 394 1717 dies
427 1662 664 1729 Domini,
698 1678 807 1734 quo
832 1662 1098 1732 judicabit
1127 1663 1344 1734 quando
1365 1664 1738 1737 unusquisque
1772 1680 1874 1735 pro

1967 493 2108 551 sunt,
2142 501 2250 540 non
2282 483 2671 540 confirmantis.

2041 574 2319 646 Regnetis.
2370 574 2514 627 Vere
2543 585 2777 644 regnare
2819 578 2903 626 est
2938 570 3008 627 de
3050 583 3148 640 spe
3182 576 3234 623 et
3273 566 3560 639 promissis

1968 662 2069 717 Dei
2098 678 2345 718 securum
2376 677 2517 726 esse,
2551 667 2603 715 et
2632 660 2686 715 in
2714 658 2955 714 adversis
2983 658 3239 729 gaudere.

2039 763 2210 816 Vens.
2230 766 2282 816 9.
2301 766 2524 819 —Puto
2542 763 2715 817 enim.
2742 760 2910 829 Quasi
2930 761 3075 815 dicat
3098 778 3111 816 :
3134 759 3451 815 Nullatenus
3470 777 3561 831 pu-

1970 850 2193 905 tandum
2223 858 2322 904 est.
2352 850 2560 905 Ironice
2591 850 2733 904 enim
2764 850 3021 921 loquitur.
3064 849 3197 904 Dico
3226 851 3351 905 sine
3379 849 3559 915 nobis,

1970 939 2093 1011 quia
2112 956 2208 1009 per
2226 938 2374 993 mala
2394 955 2514 1010 quae
2535 932 2785 1008 patimur,
2810 941 2955 993 Deus
2971 939 3215 993 ostendit
3232 955 3332 993 nos
3349 942 3564 1011 aposto-

1975 1028 2053 1086 los
2068 1029 2419 1091 novissimos,
2435 1027 2503 1081 de
2516 1027 2711 1097 quibus
2732 1042 2839 1081 non
2853 1035 3084 1092 curetur,
3102 1030 3376 1099 tanquam
3392 1028 3564 1082 morti

1972 1116 2303 1178 destinatos,
2337 1115 2392 1168 id
2422 1122 2504 1169 est
2530 1115 2597 1168 ad
2626 1114 2827 1197 nullam
2856 1115 3156 1182 utilitatem,
3193 1114 3289 1170 sed
3320 1114 3388 1169 ad
3416 1102 3566 1168 rnor-

1971 1212 2080 1259 tem
2113 1210 2420 1258 reservatos
2453 1220 2466 1255 :
2500 1204 2643 1274 quod
2664 1219 2763 1273 per
2791 1204 2893 1258 hoc
2918 1204 3151 1274 videtur,
3182 1203 3304 1275 quia
3334 1204 3403 1257 ad
3431 1218 3562 1272 spe-

1973 1292 2238 1348 ctaculum
2280 1298 2519 1345 nostrum
2576 1292 2731 1363 quasi
2778 1291 2848 1346 ad
2896 1300 3195 1346 monstrum
3236 1291 3566 1347 conveniunt

1973 1380 2219 1435 homines
2244 1399 2258 1445 ;
2290 1395 2391 1449 per
2415 1379 2560 1449 quod
2586 1380 2760 1451 magis
2786 1380 3081 1450 probamur
3109 1379 3269 1434 amici
3298 1380 3416 1435 Dei.
3468 1380 3564 1434 Vel

1974 1468 2098 1524 ideo
2126 1467 2399 1523 deberetis
2431 1467 2717 1523 nobiscum
2745 1484 2995 1547 regnare,
3027 1469 3156 1539 quia
3184 1476 3315 1538 puto
3357 1475 3409 1523 et
3444 1484 3564 1522 cer-

1978 1564 2062 1611 tus
2094 1572 2215 1611 sum
2245 1556 2391 1627 quod
2426 1572 2528 1611 nos
2557 1573 2746 1611 sumus
2777 1557 2983 1612 similes
3012 1556 3326 1612 novissimis
3354 1555 3489 1611 Elia:
3518 1564 3572 1611 et

1976 1645 2163 1700 Enoch
2189 1645 2245 1700 in
2275 1646 2728 1702 tribulationibus.

278 1766 338 1805 se
368 1750 632 1806 rationem
659 1732 871 1817 reddet,
906 1758 959 1806 et
987 1757 1115 1805 tunc
1146 1732 1371 1807 secreta
1418 1732 1667 1808 cordium
1712 1732 1868 1825 pate-

2045 1736 2116 1791 Et
2145 1736 2383 1806 angelis.
2424 1735 2556 1790 Boni
2587 1733 2766 1807 angeli
2794 1741 2847 1789 et
2875 1733 3003 1789 boni
3045 1733 3293 1789 homines
3323 1732 3563 1797 laudant,

282 1838 433 1894 bunt.

354 1953 529 2009 Vens.
555 1956 607 2009 4.
632 1984 701 1994 -
719 1956 873 2011 Nihil
897 1957 1051 2012 enim
1072 1957 1330 2012 conscius
1351 1972 1497 2011 sum.
1518 1956 1537 2025 (
1559 1959 1737 2010 Anan.
1758 1955 1876 2026 )Nc

288 2042 485 2100 dicatis
510 2061 525 2098 :
548 2043 674 2100 Non
693 2044 1059 2116 peccavimus.
1084 2044 1227 2099 Dixit
1247 2051 1464 2101 sanctus
1504 2044 1700 2099 Paulus
1721 2062 1733 2098 :
1754 2046 1878 2100 Etsi

280 2134 429 2189 nihil
457 2134 602 2189 mihi
631 2135 888 2189 conscius
917 2150 1045 2189 sum
1064 2153 1081 2201 ,-
1099 2133 1307 2188 addidit
1335 2141 1533 2199 tamen,
1568 2134 1664 2188 sed
1685 2136 1747 2189 in
1778 2134 1877 2190 hoc

282 2222 640 2291 justiﬁcatus
669 2239 785 2279 non
839 2238 987 2279 sum.
1019 2222 1087 2277 Et
1116 2237 1213 2277 vos
1270 2222 1449 2288 etiam,
1482 2222 1529 2276 si
1558 2221 1689 2277 nihil
1745 2223 1877 2277 estis

280 2308 509 2375 conscii,
571 2308 937 2366 conﬁteamini
994 2318 1173 2365 tamen
1229 2310 1480 2377 Domino,
1512 2326 1582 2366 ne
1636 2308 1767 2382 quid
1811 2310 1881 2366 sit

283 2397 432 2468 quod
462 2411 561 2452 vos
589 2405 891 2469 praetereat.

350 2514 525 2570 Vens.
559 2516 612 2568 5.
643 2544 714 2554 -
746 2514 1108 2588 Quoadusque
1138 2516 1331 2585 veniat
1364 2516 1656 2572 Dominus.
1706 2515 1880 2571 Aliter

280 2602 477 2673 injuria
526 2602 697 2673 judici
743 2601 799 2657 ﬁt
832 2620 846 2658 :
881 2604 1008 2675 quia
1060 2603 1259 2673 judicis
1314 2605 1506 2674 injuria
1566 2604 1721 2660 estsi
1754 2612 1880 2660 ante

274 2690 543 2760 judicium
566 2691 683 2760 ejus
701 2706 733 2746 a
746 2707 906 2747 servo
926 2692 1188 2762 procedat
1201 2692 1487 2748 sententia.
1502 2693 1877 2749 Illuminabit.

284 2779 343 2834 Id
373 2787 460 2836 est
488 2788 684 2849 aperta
729 2778 891 2835 faciet
938 2780 1256 2836 abscondita
1300 2780 1667 2851 tenebrarum,
1717 2781 1772 2836 id
1799 2788 1882 2837 est

285 2875 665 2939 peccatorum.
704 2869 854 2925 Tunc
885 2870 1013 2925 laus
1040 2870 1153 2924 erit
1170 2871 1495 2943 unicuique.
1528 2870 1675 2925 Bene
1701 2870 1882 2943 agenti

284 2955 371 3011 vel
428 2955 739 3029 cogitanti;
772 2957 861 3013 hic
917 2964 1101 3013 autem
1142 2957 1384 3014 nescitur
1434 2958 1557 3030 quis
1612 2958 1683 3013 sit
1725 2958 1885 3014 laude

289 3043 511 3116 dignus.

354 3159 531 3215 Vens.
565 3162 618 3214 6.
651 3190 720 3199 —
753 3161 830 3216 Me
860 3165 915 3217 et
942 3162 1155 3234 Apollo.
1207 3160 1474 3234 Proposui
1502 3160 1732 3236 figuram
1777 3178 1875 3234 pro

286 3249 571 3315 omnibus,
606 3256 663 3304 ut
692 3249 759 3303 ab
814 3250 1067 3305 omnibus
1094 3250 1455 3306 abhorreatur
1483 3251 1622 3308 sicut
1650 3268 1680 3305 a
1708 3252 1885 3307 nobis.

293 3337 390 3403 Ne,
426 3345 556 3401 etc.,
577 3354 751 3406 unus,
776 3345 879 3394 etc.
912 3339 993 3393 Ab
1022 3338 1132 3407 illo,
1156 3339 1211 3394 id
1234 3346 1318 3395 est
1338 3338 1551 3395 meliori
1583 3356 1747 3412 quam
1776 3340 1890 3409 ille,

286 3424 341 3479 id
373 3433 479 3492 est,
514 3425 669 3497 quasi
700 3425 770 3481 sit
790 3425 929 3481 alius
962 3427 1032 3481 ab
1051 3426 1146 3483 illo
1168 3427 1261 3500 qui
1289 3428 1468 3484 nullus
1498 3436 1599 3495 est,
1634 3437 1892 3501 quantum

287 3512 358 3569 ad
387 3529 449 3568 se
480 3514 568 3569 vel
602 3522 865 3586 quantum
894 3515 962 3569 ad
994 3515 1373 3573 ministerium.

356 3628 530 3683 Vens.
566 3630 619 3683 ’7.
655 3659 725 3669 -
758 3629 891 3697 Quis
921 3633 1077 3687 enim
1102 3635 1155 3687 te
1181 3632 1477 3689 discernit.
1496 3635 1542 3687 Λ
1562 3648 1744 3689 massa
1762 3649 1888 3704 per-

287 3715 571 3771 ditorum?
601 3716 795 3772 Nullus
845 3717 951 3772 nisi
998 3719 1166 3775 Deus.
1220 3720 1317 3775 Vel
1352 3719 1399 3775 si
1428 3720 1727 3791 baptizatus
1771 3738 1830 3777 es
1857 3738 1892 3777 a

283 3803 464 3871 Petro,
490 3805 765 3877 quomodo
795 3805 1131 3863 discerneris
1162 3809 1233 3864 ab
1253 3824 1320 3864 eo
1339 3808 1431 3880 qui
1453 3824 1486 3863 a
1502 3810 1666 3866 Paulo
1686 3812 1715 3865 ?
1740 3810 1888 3865 Nihil

285 3891 377 3948 ille
422 3893 591 3948 habet
636 3909 669 3947 a
694 3894 948 3965 baptista,
981 3896 1114 3951 nihil
1163 3905 1239 3951 tu.
1290 3898 1388 3953 Vel
1435 3899 1716 3972 redarguit
1762 3899 1886 3955 illos

284 3980 533 4049 eosdem,
594 3982 687 4055 qui
746 3983 1113 4055 gloriabantur
1157 3984 1227 4040 de
1282 3988 1598 4060 magisterio
1650 3990 1881 4059 pseudo.

291 4068 454 4140 Quasi
476 4070 624 4128 dicat
648 4089 662 4125 :
686 4071 948 4128 Gloriaris
964 4089 1065 4145 pro
1087 4073 1213 4140 illis,
1239 4075 1336 4130 sed
1353 4075 1483 4146 quid
1504 4076 1674 4132 habes
1686 4078 1756 4132 ab
1777 4077 1883 4132 illis

293 4159 439 4230 quod
471 4177 584 4215 non
610 4176 645 4215 a
674 4162 808 4216 me?
836 4169 889 4217 et
913 4162 959 4217 si
989 4179 1019 4217 a
1047 4180 1157 4230 me,
1194 4163 1323 4235 quid
1353 4172 1542 4220 contra
1567 4182 1654 4221 me
1682 4166 1882 4239 gloria-

289 4246 385 4314 ris,
419 4248 581 4320 quasi
610 4264 719 4305 non
750 4250 895 4306 idem
922 4265 957 4305 a
983 4267 1071 4306 me
1096 4252 1420 4323 acceperis?

360 4345 505 4413 Quid
534 4349 749 4415 autem,
783 4353 888 4402 etc.
912 4347 1071 4402 Aliud
1097 4364 1269 4421 genus
1285 4350 1608 4423 arrogantia;
1627 4366 1879 4408 amovere

283 4441 529 4500 conatur,
563 4433 770 4490 scilicet
800 4452 869 4490 ne
892 4435 1054 4491 homo
1086 4437 1364 4508 superbiat
1392 4447 1615 4509 propter
1641 4440 1877 4511 aliquam
1896 4462 1949 4522 D

290 4523 521 4595 gratiam
550 4537 584 4577 a
613 4524 731 4579 Deo
761 4523 865 4578 sibi
893 4524 1090 4594 datam,
1139 4532 1339 4597 putans
1368 4543 1428 4583 se
1456 4542 1576 4583 eam
1613 4529 1816 4585 habere
1844 4545 1879 4585 a

292 4627 350 4667 se
378 4610 517 4667 vela
536 4611 806 4668 ministro.

357 4719 417 4774 Si
444 4722 639 4775 autem
665 4719 953 4791 accepisti.
977 4719 1092 4776 Hoc
1118 4720 1247 4776 dicit
1275 4728 1468 4777 contra
1496 4722 1638 4790 illos,
1672 4723 1763 4794 qui
1792 4740 1876 4779 ea-

290 4805 413 4861 dem
463 4823 587 4878 quze
641 4807 710 4861 ab
764 4808 1027 4878 Apostolo
1081 4810 1381 4875 audientes,
1440 4811 1509 4865 de
1556 4812 1874 4884 magisterio

284 4894 867 4965 pseudoapostolorum
897 4897 1288 4969 gloriabantur,
1323 4899 1416 4971 qui
1458 4916 1559 4971 per
1605 4900 1872 4972 eloquen-

286 4983 411 5037 tiam
441 4984 910 5051 commendantes,
942 4986 1175 5058 gloriam
1204 4987 1259 5041 in
1291 5004 1349 5043 se
1381 4989 1664 5044 vertebant
1701 5010 1715 5057 ;
1747 5008 1873 5047 cum

287 5070 576 5141 Apostolus
587 5074 1045 5144 contemptibilem
1058 5092 1117 5131 se
1129 5076 1302 5132 videri
1323 5076 1547 5148 fecerat,
1567 5086 1625 5133 ut
1639 5079 1871 5152 gloriam

285 5158 398 5215 Deo
447 5159 672 5217 faceret.
723 5161 854 5217 Ideo
908 5165 1201 5234 Apostolus
1237 5165 1443 5223 ironice
1473 5167 1553 5223 eis
1608 5168 1866 5241 loquitur,

287 5249 437 5320 quasi
464 5250 776 5307 concedens
805 5252 950 5323 quod
976 5252 1058 5309 eis
1092 5254 1161 5309 de
1189 5254 1387 5327 seipsis
1414 5255 1713 5325 videbatur,
1746 5274 1869 5315 cum

287 5337 485 5395 subdit.

352 5480 521 5539 Vens.
555 5487 608 5539 8.
640 5514 711 5524 —
739 5486 867 5543 1am
894 5488 1143 5543 saturati
1170 5488 1326 5543 estis.
1360 5484 1568 5555 Quasi:
1594 5485 1818 5557 Inquiro
1835 5500 1869 5541 a

288 5570 459 5639 vobis,
494 5570 639 5640 Quid
664 5573 943 5646 gloriaris,
965 5582 1069 5631 etc.
1093 5594 1108 5641 ;
1131 5576 1228 5630 sed
1256 5591 1366 5632 non
1383 5583 1532 5631 recte
1552 5574 1743 5630 videor
1763 5575 1869 5631 hoc

286 5656 500 5730 facere;
535 5660 661 5733 quia
688 5676 808 5729 vos,
830 5664 959 5735 jam
985 5664 1254 5732 saturati,
1276 5666 1404 5737 jam
1432 5664 1652 5733 divites,
1698 5661 1869 5719 ironia

1974 1822 2104 1877 mali
2152 1822 2378 1878 irrident
2426 1841 2440 1877 :
2482 1824 2598 1879 haec
2644 1830 2770 1877 sunt
2817 1824 3041 1877 dextera
3084 1831 3138 1877 et
3187 1822 3420 1878 sinistra.
3472 1820 3570 1877 His

1976 1910 2176 1965 utimur
2205 1911 2275 1965 ad
2302 1911 2603 1967 feriendum
2631 1912 2861 1976 hostem,
2910 1911 2965 1965 id
3006 1918 3089 1966 est
3116 1910 3410 1976 diabolum,
3463 1925 3567 1965 nec

1977 1998 2071 2054 illa
2098 1999 2331 2066 elevant,
2365 2016 2467 2056 nec
2496 2000 2600 2055 ista
2628 2000 2900 2072 frangunt.

2048 2088 2220 2144 Vens.
2257 2091 2344 2143 1ο.
2393 2118 2463 2130 -
2499 2092 2738 2162 Propter
2783 2089 3089 2145 Christum.
3142 2088 3307 2158 Cujus
3348 2103 3566 2144 crucem

1977 2177 2363 2247 praedicamus,
2395 2178 2543 2250 quod
2572 2194 2671 2234 vos
2702 2186 2965 2247 tacentes,
2996 2177 3253 2233 videmini
3271 2177 3327 2232 in
3358 2177 3571 2234 Christo

1976 2266 2295 2337 prudentes.

2050 2354 2220 2409 Vens.
2256 2357 2342 2409 13.
2362 2383 2431 2395 -
2457 2356 2740 2427 Tanquam
2759 2358 3158 2427 purgamenta.
3180 2354 3285 2410 Per
3314 2354 3430 2411 hac
3460 2370 3570 2411 om-

1977 2442 2071 2498 nia
2097 2443 2390 2514 probamur
2417 2443 2471 2497 in
2502 2442 2714 2500 Christo
2743 2442 3037 2515 prudentes
3068 2450 3122 2497 et
3150 2440 3336 2498 fortes.

2049 2531 2219 2586 Vens.
2244 2532 2330 2585 14.
2353 2561 2422 2572 -
2444 2532 2564 2589 Non
2579 2535 2646 2588 ut
2676 2531 3025 2603 confundam
3053 2546 3161 2587 vos.
3186 2532 3399 2602 Aspera
3419 2529 3571 2587 blan-

1980 2618 2065 2674 dis
2093 2619 2318 2691 mitigat,
2352 2627 2411 2674 ut
2440 2619 2688 2675 salutaris
2717 2620 2981 2675 medicus.

2050 2738 2222 2792 Vens.
2259 2739 2343 2791 15.
2376 2766 2445 2778 -
2474 2738 2921 2809 Pcedagogorum.
2944 2736 3087 2793 Dum
3109 2736 3448 2810 paadagogos
3478 2749 3577 2791 no-

1979 2824 2171 2891 minat,
2205 2841 2408 2895 pueros
2440 2823 2731 2898 signiﬁcat.
2777 2829 2885 2882 Per
2923 2826 3310 2897 Evangelium.
3357 2824 3582 2880 Addidit

1979 2930 2083 2985 per
2113 2914 2502 2985 Evangelium,
2533 2929 2602 2968 ne
2631 2913 2803 2985 ipsius
2840 2922 3121 2984 putaretur
3149 2929 3273 2969 esse
3302 2914 3447 2985 quod
3476 2912 3578 2969 Dei

1984 3009 2084 3057 est.
2121 3001 2208 3055 Ait
2239 3000 2383 3056 enim
2414 3002 2677 3057 Dominus
2697 3001 2753 3057 in
2772 3002 3073 3073 Evangelio
3105 3020 3119 3057 :
3156 3003 3233 3058 Ne
3259 3002 3406 3059 vobis
3435 3001 3583 3058 diea-

1900 3102 1950 3166 C
1984 3090 2060 3145 tis
2084 3092 2312 3146 Patrem
2323 3090 2387 3145 in
2403 3093 2575 3155 terra,
2591 3106 2741 3145 unus
2755 3092 3004 3147 estenim
3015 3093 3186 3146 Pater
3196 3092 3341 3146 Deus
3353 3090 3575 3162 (Matth.

1992 3176 2201 3248 xxm);
2246 3193 2357 3233 non
2399 3186 2456 3233 ut
2486 3178 2590 3234 hoc
2616 3194 2815 3234 nomen
2862 3178 3070 3235 caeteris
3099 3178 3330 3245 tollatur,
3376 3176 3475 3234 sed
3510 3194 3581 3235 ne

1991 3266 2165 3337 gratia
2194 3265 2294 3321 Dei
2323 3280 2429 3337 qua
2458 3265 2513 3320 in
2544 3273 2805 3322 aeternam
2825 3266 2985 3342 vitam
3014 3283 3359 3340 generamur,
3377 3274 3583 3324 natura)

1989 3354 2078 3409 vel
2102 3354 2370 3425 potestati,
2402 3354 2490 3411 vel
2521 3355 2680 3410 etiam
2720 3356 2989 3412 sanctitati
3033 3356 3357 3429 cujusquam
3402 3356 3584 3413 homi-

1989 3442 2075 3497 nis
2104 3443 2389 3498 tribuatur.

2063 3560 2232 3614 Vens.
2267 3563 2351 3614 19.
2386 3590 2455 3600 -
2490 3561 2550 3616 Si
2580 3561 2848 3616 Dominus
2881 3561 3149 3617 voluerit.
3182 3559 3312 3617 Ideo
3342 3559 3491 3627 dicit,
3523 3567 3583 3615 ut

1986 3647 2315 3717 ostenderet,
2356 3648 2500 3719 quod
2531 3647 2576 3702 si
2605 3664 2712 3703 non
2742 3647 2864 3715 iret,
2900 3650 3075 3704 Deum
3104 3648 3365 3717 noluisse,
3416 3664 3584 3706 causa

1987 3734 2169 3808 utique
2198 3734 2535 3808 indignitatis
2563 3735 2796 3791 illorum.

2057 3850 2227 3904 Vens.
2258 3851 2346 3905 20.
2380 3879 2447 3890 -
2480 3850 2545 3905 1η
2576 3851 2807 3906 virtute.
2841 3849 3085 3906 Terroris
3112 3851 3281 3907 verba
3308 3850 3487 3917 infert,
3519 3859 3579 3906 ut

1986 3936 2153 3991 inﬂati
2182 3937 2611 4004 humiliarentur,
2643 3947 2695 3994 et
2724 3956 2783 3995 se
2812 3947 3181 4011 praepararent
3211 3941 3280 3995 ad
3310 3939 3577 4011 recipien-

1985 4025 2113 4080 dum
2141 4042 2285 4080 eum.
2333 4026 2489 4081 Absit
2520 4034 2721 4095 autem,
2772 4036 2829 4082 ut
2870 4027 2944 4098 pii
2980 4025 3075 4083 filii
3115 4028 3355 4085 dicerent
3388 4047 3401 4082 :
3435 4028 3491 4085 Si
3518 4028 3575 4083 in

1984 4113 2138 4185 virga
2186 4121 2442 4170 venturus
2488 4131 2567 4181 es,
2625 4116 2739 4171 noli
2794 4116 2997 4173 venire.
3045 4117 3240 4174 Melius
3294 4117 3437 4173 enim
3494 4125 3575 4174 est

1982 4202 2187 4258 erudiri
2213 4202 2267 4257 in
2296 4203 2451 4276 virga
2477 4204 2662 4276 patris,
2726 4221 2888 4277 quam
2915 4205 3095 4278 perire
3122 4206 3179 4262 in
3206 4201 3573 4263 blandimento

1980 4290 2277 4363 praedonis.

2610 4420 2938 4503 CAPUT‘V.

2046 4586 2217 4641 Vens.
2253 4589 2305 4640 1.
2328 4617 2397 4627 -
2423 4587 2661 4643 Omnino
2675 4588 2927 4643 auditur.
2947 4585 3139 4656 Incipit
3161 4601 3325 4657 agere
3354 4587 3423 4644 de
3451 4586 3565 4644 for-

1971 4672 2262 4742 nicatione,
2317 4683 2371 4730 et
2414 4675 2693 4746 redarguit
2719 4674 2870 4728 illum
2898 4672 3279 4729 fornicatorem
3309 4676 3401 4746 qui
3432 4692 3565 4732 uxo-
3624 4733 3627 4736 .

1971 4779 2091 4818 rem
2119 4764 2285 4836 patris
2312 4764 2549 4829 tenebat,
2582 4771 2636 4817 et
2664 4778 2758 4817 eos
2779 4762 2869 4834 qui
2899 4778 3024 4817 eum
3053 4762 3368 4818 tolerabant.
3393 4764 3565 4821 Erant

1972 4852 2119 4907 enim
2147 4862 2201 4908 et
2243 4852 2346 4922 ipsi
2391 4850 2822 4921 comparticipes,
2871 4851 3001 4905 dum
3048 4860 3363 4921 paterentur
3407 4870 3563 4910 reum

1971 4947 2082 4997 tam
2110 4940 2346 5013 ingentis
2376 4940 2585 5009 peccati
2615 4955 2803 4995 secum
2843 4939 3209 5011 incorreptum
3249 4943 3560 4999 convenire.

1968 5030 2091 5084 Non
2123 5027 2296 5083 solum
2324 5042 2459 5098 ergo
2488 5028 2637 5082 illum
2666 5043 2817 5083 reum
2848 5028 3057 5095 mortis,
3082 5030 3182 5084 sed
3211 5029 3371 5085 etiam
3401 5030 3564 5089 inhae-

1968 5124 2151 5174 rentes
2178 5116 2273 5183 illi,
2323 5131 2433 5171 non
2463 5131 2586 5183 esse
2614 5116 2883 5172 immunes
2910 5133 2943 5172 a
2971 5118 3198 5175 crimine
3228 5118 3560 5177 demonstra-

1966 5205 2062 5261 vit.

2039 5293 2208 5349 Vens.
2232 5295 2285 5351 2.
2309 5322 2376 5334 —
2393 5294 2588 5363 Inﬂati
2603 5296 2737 5350 estis
2750 5335 2763 5349 .
2794 5295 2968 5350 Vento
2989 5296 3277 5367 superbiae,
3302 5313 3423 5368 quae
3440 5296 3557 5366 pel-

1965 5381 2027 5437 lit
2054 5381 2520 5450 misericordiam;
2572 5382 2701 5457 quia
2730 5383 2776 5437 si
2803 5398 2972 5439 unum
3013 5385 3381 5452 membrorum
3416 5383 3556 5455 pati-

1966 5477 2075 5538 tur,
2109 5470 2507 5541 compatiuntur
2534 5479 2586 5527 et
2615 5479 2865 5561 uetera...

2038 5573 2210 5628 Vens.
2230 5574 2279 5627 4.
2305 5603 2375 5613 ——
2396 5574 2459 5628 In
2482 5575 2710 5630 nomine
2724 5576 2969 5632 Domini.
2986 5575 3099 5630 Hoc
3113 5573 3277 5628 modo
3292 5571 3551 5642 judicavi,

1963 5668 2022 5716 ut
2045 5676 2145 5719 vos
2174 5662 2494 5736 congregati
2538 5662 2594 5719 in
2635 5679 2801 5720 unum
2831 5664 2948 5722 sine
2990 5662 3169 5735 aliqua
3215 5659 3557 5718 dissensione
