3964 6180
350 242 452 311 527

905 243 1310 311 WALAFRIDI
1340 250 1583 309 suum
1612 252 1814 308 FULD.
1845 249 2016 305 MON.
2038 247 2188 305 OPP.
2214 248 2390 305 PARS
2419 249 2460 302 ι.
2494 275 2586 289 ---
2611 245 3082 303 THEOLOGICA.

3520 245 3628 300 528

347 381 565 454 (quibus
591 395 712 435 mea
743 379 1027 435 auctoritas
1077 387 1128 433 et
1175 378 1340 433 virtus
1373 376 1573 432 Christi
1618 374 1939 446 cooperabi-
1969 375 2025 434 A
2045 372 2131 426 dis
2158 373 2455 443 peccabant
2483 371 2765 437 Corinthii,
2787 370 2950 434 velut,
2977 369 3120 441 quod
3149 366 3471 437 contemptis
3500 365 3641 421 ﬁde-

345 472 452 540 tur)
481 468 704 524 tradetis
734 467 1039 537 hujusmodi
1070 468 1303 521 Satanae.

424 559 592 613 Vens.
623 559 676 611 ὅ.
701 587 770 597 -
797 556 1050 622 Tradere,
1074 563 1178 609 etc.
1212 555 1365 608 Hanc
1387 559 1714 623 potestatem
1743 550 1938 605 dicitur

349 646 640 718 Apostolus
675 644 943 709 habuisse,
998 650 1052 696 ut
1099 642 1225 696 dum
1256 640 1489 712 aliquem
1520 657 1549 694 a
1583 639 1804 694 stultitia
1830 653 1939 693 non

346 742 537 805 posset
577 748 848 797 amovere,
899 730 1112 785 diabolo
1153 745 1275 784 eum
1320 728 1626 784 vexandum
1661 727 1938 793 traderet;

344 837 627 894 quousque
657 818 1033 891 paenitentiam
1060 816 1342 888 profitens,
1391 834 1423 871 a
1452 816 1597 871 malo
1631 815 1937 871 desisteret.

424 912 487 967 Ut
517 911 755 981 spiritus
784 908 971 963 salvus
999 908 1096 962 sit.
1129 906 1218 961 Sic
1247 906 1540 976 Apostolus
1570 920 1680 959 non
1709 902 1941 958 crudeli-

343 1005 450 1064 ter,
502 997 600 1052 sed
643 994 946 1050 amabiliter
994 995 1205 1049 Satanae
1253 993 1428 1048 tradit.
1475 990 1569 1048 Sic
1616 993 1833 1064 Moyses
1886 990 1939 1044 in

350 1085 588 1142 Cultores
614 1083 880 1139 idolorum
911 1098 1114 1154 paucos
1141 1082 1358 1154 quidem
1382 1080 1645 1151 judicavit
1690 1080 1743 1133 in
1791 1095 1940 1150 prie-

342 1189 471 1229 sens
498 1181 725 1242 terrens,
764 1171 817 1225 in
851 1179 1127 1242 posterum
1158 1170 1501 1241 disciplinam
1530 1168 1799 1223 sanciens.
1852 1166 1942 1222 Sic

342 1269 395 1317 et
423 1261 574 1316 Elias
601 1268 653 1316 et
681 1260 770 1314 alii
816 1260 946 1315 boni
976 1277 988 1313 :
1021 1259 1145 1331 quia
1172 1259 1250 1314 sic
1296 1267 1345 1313 et
1392 1265 1567 1313 metus
1594 1256 1713 1311 aliis
1742 1254 1941 1310 incuti-

340 1356 446 1417 tur,
491 1357 545 1404 et
574 1348 708 1419 ipsis
753 1356 1035 1419 peccatum
1087 1347 1362 1401 minuitur.
1424 1346 1580 1402 Unde
1618 1345 1723 1399 hoc
1759 1358 1943 1398 exem-

341 1438 493 1509 plum
542 1437 676 1492 Elite
725 1452 833 1491 non
876 1434 1224 1506 reprehendit
1273 1434 1519 1488 Christus
1563 1433 1618 1487 in
1663 1430 1943 1502 discipulis

342 1525 455 1580 suis
487 1544 501 1592 ;
556 1525 654 1580 sed
683 1525 809 1596 quia
832 1524 959 1578 odio
987 1531 1040 1578 et
1068 1538 1176 1578 non
1205 1538 1388 1578 amore
1416 1520 1768 1578 correctionis
1797 1519 1942 1574 desi-

339 1614 600 1669 derabant
639 1612 934 1668 vindictam
969 1611 1115 1683 ignis
1154 1611 1209 1664 in
1248 1627 1344 1665 eos
1380 1609 1471 1682 qui
1512 1609 1616 1664 sibi
1651 1607 1941 1678 hospitium

2041 459 2182 514 libus
2229 458 2473 515 infideles
2513 459 2725 528 judices
2772 458 3008 519 adibant,
3058 456 3146 511 vel
3192 455 3382 510 stultos
3423 453 3644 523 judices

2040 548 2458 613 constituebant,
2512 555 2566 601 et
2611 547 2908 620 litigabant,
2946 553 3003 601 et
3047 544 3384 610 fraudabant,
3437 550 3491 598 et
3535 542 3641 597 alia

2041 636 2347 705 hujusmodi
2386 634 2670 691 faciebant.

2114 726 2281 779 Vnus.
2306 728 2360 781 2.
2382 755 2452 765 -
2478 724 2772 792 Quoniam.
2802 721 2941 791 Quia
2970 719 3218 792 exemplo
3245 718 3371 776 ﬁdei
3393 719 3638 785 illorum,

2040 811 2267 884 perﬁdia
2294 812 2603 881 hujusmodi
2632 811 2995 866 damnabitur.
3492 814 3496 819 ’

2113 902 2284 957 Vnus.
2307 901 2356 955 4.
2378 931 2443 941 -
2472 900 2782 957 Saecularia
2802 900 2977 971 igitur
2989 897 3231 970 judicia.
3263 894 3402 966 Quia
3434 894 3645 951 dixerat

2041 988 2332 1059 Apostolus
2353 1003 2447 1043 eos
2467 1003 2630 1059 posse
2649 988 2717 1043 de
2737 987 2823 1042 his
2846 985 3081 1040 minimis
3095 985 3354 1053 judicare,
3375 980 3642 1039 determi-

2042 1084 2155 1145 nat,
2189 1076 2280 1148 qui
2309 1076 2380 1131 ad
2398 1076 2704 1145 hujusmodi
2726 1075 2944 1147 negotia
2963 1072 3272 1129 definienda
3293 1073 3401 1128 sint
3428 1069 3645 1128 consti-

2043 1165 2245 1234 tuendi,
2279 1164 2504 1231 scilicet,
2536 1162 2969 1235 contemptibiles
2998 1162 3089 1234 qui
3118 1170 3241 1217 sunt
3270 1161 3326 1216 in
3362 1159 3641 1217 Ecclesia.

2040 1253 2276 1322 Majores
2307 1253 2451 1308 enim
2481 1252 2844 1324 spiritualibus
2872 1250 3153 1307 intendere
3181 1249 3399 1306 debent.

2113 1341 2299 1413 (Auc.,
2326 1342 2420 1397 lib.
2448 1342 2515 1397 de
2535 1358 2696 1414 opere
2720 1343 2928 1397 Monac.
2950 1355 2999 1396 c.
3022 1339 3138 1411 20.)
3157 1339 3441 1411 Sapientes
3470 1334 3648 1410 igitur

2041 1429 2131 1501 qui
2157 1429 2213 1483 in
2240 1430 2375 1485 locis
2405 1430 2774 1486 consistebant
2811 1427 3023 1496 ﬁdeles,
3067 1436 3197 1494 etc.,
3239 1444 3413 1500 usque
3447 1426 3523 1482 ad
3556 1422 3647 1480 vel

2042 1516 2453 1575 interveniendo
2481 1518 2858 1589 praecidendis.

2117 1625 2284 1679 Vnus.
2310 1627 2368 1679 5.
2399 1655 2467 1665 —
2487 1625 2569 1679 Ad
2592 1624 3006 1680 verecundiam.
3024 1622 3290 1678 Terrenas
3306 1635 3501 1677 causas
3523 1635 3648 1674 exao

342 1718 451 1757 non
478 1702 862 1772 praebuerunt;
894 1700 975 1755 sic
1015 1707 1066 1754 et
1105 1700 1290 1753 Petrus
1328 1698 1383 1752 in
1429 1697 1637 1753 Anania
1680 1704 1733 1751 et
1772 1711 1936 1751 uxore

2056 1712 2249 1767 rninent
2274 1713 2365 1785 qui
2378 1713 2708 1768 exteriorum
2726 1728 2907 1767 rerum
2920 1711 3238 1783 sapientiam
3252 1716 3641 1781 perceperunt.

343 1791 459 1860 ejus
487 1790 795 1845 vindicasse
824 1787 1039 1859 legitur,
1093 1787 1179 1842 vel
1209 1787 1383 1856 tradit,
1435 1794 1493 1840 ut
1520 1785 1747 1856 Spiritus
1780 1800 1941 1838 sanc-

345 1886 428 1933 tus
458 1893 565 1949 quo
613 1876 957 1933 contaminati
1005 1876 1293 1941 nudantur,
1347 1874 1530 1930 salvus
1579 1873 1646 1928 sit
1684 1873 1783 1941 eis,
1833 1887 1942 1926 non

344 1967 576 2022 amissus
607 1965 660 2019 in
691 1965 779 2020 die
804 1963 1011 2034 judicii.

415 2069 587 2124 Vens.
621 2070 674 2121 6.
698 2098 768 2108 —
792 2069 983 2123 Totam
1001 2082 1269 2121 massam.
1288 2064 1585 2135 Participes
1612 2070 1780 2128 erant,
1813 2062 1941 2116 dum

343 2163 654 2229 paterentur
681 2172 849 2210 reum.
884 2154 992 2209 Sed
1024 2154 1069 2208 si
1108 2153 1230 2224 quis
1261 2160 1582 2224 potestatem
1611 2167 1719 2206 non
1757 2150 1938 2214 habet,

347 2261 507 2317 quem
540 2244 639 2300 scit
666 2260 818 2299 reum
847 2243 1100 2312 abjicere,
1134 2241 1221 2297 vel
1250 2242 1481 2312 probare
1507 2257 1619 2297 non
1646 2239 1809 2305 valet,
1842 2239 1943 2292 im-

350 2333 526 2388 munis
564 2340 663 2389 est.
712 2333 779 2387 Et
802 2332 1002 2401 judicis
1029 2346 1139 2387 non
1167 2339 1250 2385 est
1278 2330 1395 2386 sine
1430 2336 1741 2387 accusatore
1782 2328 1942 2383 dam-

346 2438 496 2487 nare,
528 2429 585 2477 ut
609 2437 710 2477 nec
734 2421 978 2476 Christus
1006 2421 1201 2475 ludam
1229 2420 1442 2488 abjecit.

420 2529 589 2583 Vnus.
622 2529 676 2583 7.
701 2557 768 2568 -
793 2528 1138 2600 Conspersio.
1158 2527 1255 2581 Est
1276 2525 1448 2580 farina
1472 2540 1571 2597 per
1588 2539 1785 2596 aquam
1813 2538 1944 2578 con-

348 2615 604 2690 glutinata
635 2616 752 2671 sine
789 2615 1073 2680 fermento,
1126 2614 1179 2667 id
1211 2622 1311 2679 est,
1341 2629 1548 2685 azyma.
1582 2613 1707 2668 Vult
1731 2626 1862 2682 ergo
1887 2618 1946 2665 ut

346 2705 437 2760 isti
468 2705 575 2759 sint
601 2719 763 2758 unum
798 2703 927 2775 quid
953 2718 1053 2773 per
1080 2702 1443 2768 dilectionem,
1478 2700 1598 2772 puri
1646 2716 1677 2754 a
1724 2714 1944 2768 corrup-

348 2795 494 2849 tione
542 2792 766 2864 peccati,
817 2807 1015 2847 novum
1046 2791 1317 2845 hominem
1359 2790 1531 2844 induti
1558 2789 1694 2845 sicut
1725 2788 1782 2842 in
1806 2788 1943 2857 bap-

348 2882 508 2937 tismo
540 2887 664 2935 sunt
692 2880 837 2934 facti.
870 2881 1031 2950 Zyma
1064 2879 1272 2943 Graece,
1316 2876 1634 2932 fermentum
1664 2876 1869 2931 Latine.

420 2970 632 3025 Pascha
663 2967 958 3023 immolatio
988 2974 1090 3032 est,
1120 2982 1229 3021 non
1259 2965 1532 3031 transitus,
1565 2965 1702 3020 sicut
1731 2964 1944 3036 quibus-

2046 1800 2151 1869 Qui
2197 1808 2374 1855 autem
2421 1801 2785 1871 spiritualibus
2829 1800 2986 1855 donis
3034 1799 3202 1855 dotati
3233 1806 3375 1864 sunt,
3407 1796 3646 1852 terrenis

2042 1904 2153 1944 non
2181 1888 2379 1944 debent
2408 1889 2641 1961 negotiis
2673 1888 2934 1959 implicari
2958 1907 2973 1955 ;
3004 1895 3061 1943 ut
3080 1886 3209 1943 dum
3237 1902 3344 1942 non
3368 1892 3647 1957 coguntur

2043 1976 2305 2032 inferiora
2332 1978 2476 2032 bona
2503 1977 2813 2048 disponere,
2845 1976 3057 2033 valeant
3074 1975 3232 2031 bouis
3264 1973 3646 2046 superioribus

2043 2065 2339 2122 deservire.
2363 2066 2677 2122 Cavendum
2699 2075 2783 2121 est
2808 2074 3005 2132 tamen,
3025 2074 3082 2120 ut
3101 2065 3156 2119 hi
3177 2064 3267 2136 qui
3285 2063 3444 2120 donis
3472 2061 3644 2133 spiri-

2045 2154 2275 2209 tualibus
2305 2154 2555 2222 emicant,
2589 2170 2925 2226 nequaquam
2952 2153 3316 2224 proximorum
3349 2150 3645 2206 inﬁrman-

2043 2242 2175 2297 tium
2203 2242 2422 2314 negotia
2449 2242 2688 2297 funditus
2720 2244 2993 2308 deserant,
3050 2241 3147 2297 sed
3176 2240 3263 2296 vel
3293 2239 3414 2295 aliis
3444 2239 3647 2311 quibus

2045 2330 2272 2404 dignum
2302 2339 2384 2387 est
2415 2332 2688 2386 tractanda
2718 2330 3071 2398 committant,
3096 2330 3181 2386 vel
3209 2346 3304 2401 per
3334 2346 3400 2384 so
3424 2336 3643 2400 gerant.

2117 2422 2286 2476 Vens.
2317 2424 2369 2474 8.
2414 2450 2482 2461 --
2516 2421 2826 2476 Fratribus.
2860 2418 3011 2489 Quos
3033 2419 3229 2489 juvare
3258 2417 3551 2484 deberetis,
3586 2424 3641 2473 et

2044 2508 2124 2564 sic
2152 2525 2378 2581 regnum
2407 2508 2655 2580 perditis,
2690 2516 2743 2564 et
2769 2508 2944 2580 pejus,
2980 2508 3104 2580 quia
3143 2507 3398 2563 scientes.

2115 2610 2286 2665 Vens.
2318 2612 2371 2664 9.
2402 2640 2472 2649 —
2501 2612 2587 2665 An
2616 2610 2866 2666 nescitis.
2900 2609 3044 2664 Nota
3077 2608 3222 2680 quod
3244 2608 3401 2663 toties
3422 2606 3641 2678 repetit,

2044 2699 2323 2765 Nescitis;
2355 2697 2513 2769 quasi
2544 2715 2557 2752 :
2589 2698 2675 2754 Me
2706 2698 3003 2768 sequendo,
3026 2697 3132 2752 hoc
3162 2695 3299 2752 scire
3326 2695 3601 2752 deberetis
3626 2712 3642 2763 ;

2044 2786 2142 2841 sed
2171 2794 2460 2857 sequentes
2487 2785 2716 2856 pseudo,
2752 2785 2898 2840 stulti
2926 2784 3050 2841 facti
3081 2784 3230 2840 estis.

2118 2875 2287 2928 Vnus.
2307 2876 2362 2927 11
2380 2873 2535 2929 .-Sed
2544 2873 2900 2943 sanctiﬁcati
2911 2874 3211 2930 estis.Nota
3224 2872 3338 2939 sed,
3356 2871 3641 2943 repetitam

2044 2962 2501 3031 conjunctionem,
2533 2976 2641 3017 non
2675 2977 2903 3032 parvum
2932 2962 3145 3033 pondus
3175 2962 3302 3017 dare
3333 2961 3639 3018 sententiae.

344 3058 472 3148 43F“
516 3058 746 3121 νίάειυτο
796 3056 945 3148 Ρῗίυε
993 3054 1134 3148 cui")
1172 3055 1389 3148 ,Ρθεοιξθ
1419 3062 1473 3108 ει
1517 3053 1595 3148 ⁵ξο
1640 3052 1892 3148 "imitus
1925 3069 2012 3142 εί)
2117 3077 2713 3135 Vnus.12.—0mnia
2742 3078 2886 3133 mihi
2918 3078 3108 3135 licent.
3133 3076 3269 3148 Quia
3297 3076 3430 3132 dixit
3455 3076 3638 3147 potius

344 3145 467 3216 quia
498 3152 621 3198 ante
650 3143 958 3213 exemplum
986 3150 1069 3197 est
1098 3141 1411 3207 Salvatoris,
1436 3149 1488 3196 et
1519 3142 1597 3196 sic
1626 3141 1794 3196 salus.

415 3232 606 3303 (AUG.)
623 3231 750 3286 Haec
768 3230 892 3285 vitae
912 3238 1110 3284 nostrae
1130 3228 1408 3285 innovatio
1429 3238 1511 3285 est
1528 3229 1745 3301 quidam
1769 3236 1942 3284 trans-

340 3320 446 3375 itus
489 3319 558 3374 de
603 3325 775 3373 morte
822 3317 892 3372 ad
934 3318 1116 3384 vitam,
1169 3325 1297 3383 etc.,
1347 3333 1521 3389 usque
1571 3317 1643 3373 ad
1685 3316 1938 3389 quoniam

339 3408 541 3479 pascha
569 3414 806 3462 nostrum
838 3405 1147 3461 immolatus
1174 3413 1256 3460 est
1281 3405 1549 3460 Christus.

409 3496 576 3551 Vnus.
613 3492 665 3549 8.
691 3524 760 3536 —
794 3495 1173 3550 Sinceritatis.
1215 3494 1385 3548 Novae
1414 3494 1539 3548 vitae
1577 3501 1628 3548 et
1666 3493 1932 3558 veritatis,

339 3583 458 3639 sine
483 3583 627 3639 omni
661 3582 864 3645 fraude,
897 3590 953 3636 ut
981 3582 1258 3638 sinceritas
1278 3581 1538 3636 mundam
1565 3582 1728 3638 vitam
1755 3580 1931 3647 faciat,

337 3678 389 3728 et
412 3672 652 3728 veritatis
683 3686 900 3727 omnem
930 3669 1173 3727 fraudem
1204 3670 1468 3725 excludat.

402 3787 572 3841 Vnus.
624 3789 730 3841 10..
761 3815 831 3826 --
868 3786 1150 3858 Alioquin,
1197 3792 1298 3841 etc.
1348 3785 1471 3840 Non
1520 3791 1745 3855 possent
1797 3782 1931 3840 tales

335 3874 546 3930 Christo
571 3872 787 3940 lucrari,
808 3874 855 3928 si
871 3874 1197 3946 colloquium
1219 3889 1404 3929 eorum
1422 3873 1646 3929 vitarent
1665 3881 1717 3928 et
1739 3872 1930 3929 convi-

335 3961 517 4029 vium;
549 3962 692 4016 unde
720 3970 771 4017 et
801 3962 1063 4017 Dominus
1094 3979 1214 4018 cum
1242 3961 1543 4033 publicanis
1564 3969 1616 4016 et
1635 3960 1932 4032 peccatori-

333 4050 437 4106 bus
469 4049 806 4106 comedebat.

405 4147 576 4203 Vnas.
594 4150 680 4202 11.
696 4179 762 4189 -
777 4148 825 4205 Ν
827 4166 935 4204 uno
951 4152 1163 4205 autem.
1180 4148 1329 4203 Tunc
1341 4147 1535 4218 scripsi
1558 4146 1731 4216 vobis,
1746 4154 1800 4202 et
1822 4163 1933 4203 non

331 4235 475 4293 bene
502 4235 807 4308 accepistis,
841 4253 984 4292 nunc
1013 4244 1191 4291 autem
1223 4235 1577 4291 determinate
1608 4235 1806 4290 scribo.
1834 4237 1932 4292 N0-

336 4326 614 4381 minatur.
646 4326 784 4379 Eam
812 4324 1231 4380 nominationem
1252 4323 1417 4378 voluit
1445 4323 1674 4396 intelligi
1704 4326 1933 4394 Aposto-

2040 3165 2323 3221 ferendum
2353 3181 2497 3232 esse,
2532 3181 2692 3237 quam
2713 3181 2908 3221 causas
2936 3166 3078 3222 male
3094 3182 3277 3239 agere,
3298 3181 3367 3221 ne
3389 3165 3509 3237 quis
3537 3181 3641 3236 pu-

2041 3261 2116 3309 tet
2146 3269 2242 3307 sua
2262 3253 2410 3308 nullo
2438 3253 2601 3309 modo
2624 3270 2748 3310 esse
2767 3255 3085 3325 repetenda,
3110 3254 3363 3326 supponit
3394 3270 3407 3307 :
3441 3252 3640 3308 Omnia

2039 3358 2160 3397 mea
2178 3341 2311 3396 mihi
2330 3341 2457 3397 licet
2478 3350 2747 3412 repetere,
2772 3343 2868 3399 sed
2896 3351 3077 3398 tamen
3094 3358 3205 3398 non
3225 3351 3483 3413 repetam,
3508 3341 3640 3412 quia

2038 3446 2150 3485 non
2177 3430 2357 3485 omnia
2386 3429 2678 3501 expediunt
2715 3430 2782 3485 ad
2833 3446 3050 3487 cursum
3081 3446 3281 3499 meum,
3328 3430 3427 3485 sed
3458 3429 3638 3501 impe-

2040 3518 2211 3573 diunt.
2245 3519 2381 3573 Item
2411 3534 2512 3589 per
2540 3518 2697 3573 aliam
2728 3535 2949 3575 causam
2967 3520 3111 3575 idem
3141 3518 3398 3574 ostendit.
3433 3516 3634 3587 Quasi:

2037 3606 2202 3662 Licita
2236 3614 2379 3671 sunt,
2431 3607 2530 3662 sed
2558 3623 2668 3662 non
2697 3616 2958 3679 repetam,
3009 3607 3133 3680 quia
3175 3624 3299 3664 cum
3337 3607 3438 3662 sim
3474 3605 3633 3673 liber,

2036 3693 2163 3749 nolo
2194 3694 2368 3766 redigi
2399 3710 2497 3751 suo
2534 3703 2799 3766 potestate
2813 3695 3012 3765 judicis
3046 3714 3060 3750 :
3091 3695 3200 3761 vel,
3224 3695 3352 3752 nolo
3383 3711 3508 3751 esse
3534 3693 3637 3749 sub

2036 3783 2277 3839 dominio
2305 3783 2531 3852 alicujus
2557 3784 2656 3850 rei,
2688 3792 2745 3839 ut
2766 3801 2927 3840 causa
2950 3785 3068 3854 ejus
3089 3783 3311 3841 fratrem
3338 3783 3631 3841 offendam.

2109 3885 2278 3939 VERS.
2314 3887 2399 3939 13.
2443 3915 2512 3925 -
2557 3886 2696 3941 Esca
2724 3888 2930 3942 ventri.
2972 3887 3199 3957 Propter
3226 3887 3343 3942 haec
3368 3900 3478 3941 non
3509 3893 3635 3940 sunt

2034 3971 2347 4042 repetenda,
2381 3980 2559 4027 tamen
2589 3987 2721 4028 esca
2749 3973 2978 4028 debetur
3004 3974 3198 4030 ventri.
3230 3974 3333 4028 Per
3360 3974 3477 4029 haec
3505 3980 3634 4028 nota

2035 4060 2349 4114 necessaria
2392 4066 2616 4126 naturae,
2675 4068 2729 4115 et
2783 4061 2908 4116 ideo
2956 4061 3083 4117 licet
3127 4061 3315 4133 repeti.
3364 4061 3473 4117 Sed
3520 4076 3633 4116 non

2033 4146 2262 4202 multum
2289 4162 2391 4219 pro
2439 4148 2525 4202 his
2565 4147 2939 4216 laborandum,
2988 4149 3114 4221 quia
3162 4149 3527 4217 destruentur,
3579 4156 3634 4205 et

2032 4235 2157 4291 ideo
2186 4236 2312 4291 licet
2339 4236 2408 4290 de
2437 4234 2522 4288 his
2549 4234 2667 4291 fieri
2688 4236 2953 4306 judicium
2978 4238 3066 4292 vel
3095 4237 3449 4308 praetermitti.

2108 4338 2276 4391 Vens.
2310 4338 2397 4390 t5.
2428 4365 2503 4379 —
2536 4338 2797 4411 Corpora.
2826 4339 2949 4394 Non
2978 4347 3160 4410 potest
3186 4355 3295 4394 non
3325 4354 3450 4395 esse
3479 4354 3633 4395 sanc-

338 4412 421 4468 lus
446 4430 459 4467 :
484 4429 603 4484 quae
622 4413 677 4466 in
694 4427 1038 4483 quemquam,
1062 4427 1184 4466 cum
1207 4410 1493 4475 sententia,
1519 4418 1571 4465 et
1593 4411 1783 4466 ordine
1797 4411 1933 4480 judi-

2056 4440 2154 4478 ,um
2183 4440 2403 4495 corpus,
2435 4441 2542 4498 quo
2570 4410 2937 4482 sanctificatus
2968 4427 3134 4482 utitur
3161 4427 3412 4499 Spiritus.
3461 4428 3632 4483 Mem-

335 4500 521 4567 ciario,
549 4508 710 4570 atque
738 4499 1063 4570 integritate,
1096 4497 1384 4569 profertur.
1435 4499 1576 4553 Nam
1608 4500 1653 4553 si
1680 4500 1935 4570 quaelibet

342 4587 639 4645 nominatio
671 4584 881 4655 sufficit,
941 4586 1094 4641 multi
1121 4586 1416 4641 damnandi
1448 4595 1572 4641 sunt
1600 4587 1935 4657 innocentes,

343 4677 469 4749 quia
506 4690 651 4746 saape
696 4674 833 4730 falso
881 4675 934 4730 in
984 4691 1251 4748 quoquam
1300 4676 1524 4732 crimina
1573 4676 1937 4731 nominantur.

2040 4512 2139 4568 bra
2170 4516 2324 4580 sunt,
2373 4521 2476 4569 etc.
2528 4514 2675 4569 Sicut
2701 4515 2951 4570 membra
2994 4516 3174 4570 omnia
3219 4531 3339 4587 quin
3383 4532 3488 4570 una
3536 4531 3632 4570 ea-

2040 4601 2273 4672 demque
2302 4602 2482 4657 anima
2503 4610 2781 4673 reguntur,
2812 4619 2980 4658 unum
3010 4619 3212 4675 corpus
3242 4612 3386 4672 sunt,
3410 4605 3482 4659 ita
3509 4608 3631 4660 oth-

2038 4704 2139 4743 nes
2169 4688 2260 4760 qui
2288 4691 2483 4746 eodem
2515 4690 2713 4761 Spiritu
2743 4699 2929 4747 sancto
2956 4690 3318 4760 vivificantur,
3377 4709 3545 4748 unum
3571 4693 3631 4747 in

339 4763 585 4820 Dicendo
623 4766 975 4831 nominatur,
1027 4765 1264 4821 ostendit
1306 4765 1438 4819 satis
1476 4780 1585 4820 non
1634 4772 1837 4820 temere
1887 4772 1936 4819 et

2056 4777 2256 4833 Ibi-isto
2284 4793 2485 4849 corpus
2511 4777 2834 4835 efﬁciuntur.
2873 4781 3103 4837 Christi.
3137 4780 3277 4850 Quia
3306 4797 3504 4854 corpus
3533 4796 3630 4837 ac-

340 4852 581 4925 quolibet
621 4851 804 4917 modo,
858 4852 952 4907 sed
1001 4869 1099 4923 per
1136 4853 1400 4922 judicium
1447 4852 1768 4908 auferendos
1816 4869 1941 4908 esse
2037 4865 2200 4937 οερίι,
2233 4873 2287 4922 ει
2314 4881 2600 4939 corporum
2626 4876 2788 4939 caput
2816 4875 2919 4924 εει,

334 4940 508 4996 malos
536 4939 604 4993 ab
632 4938 897 4995 Ecclesiae
927 4940 1322 5009 conjunctione,
1358 4949 1445 4996 aut
1475 4941 1519 4996 si
1549 4958 1646 5013 per
1670 4941 1933 5011 judicium

331 5027 528 5082 auferri
559 5042 669 5081 non
687 5034 936 5097 possunt,
992 5028 1307 5085 tollerentur
1335 5029 1533 5099 potius,
1574 5046 1644 5085 ne
1671 5046 1933 5100 perverse

335 5114 510 5170 malos
541 5114 792 5170 evitando
822 5115 1049 5187 quisque
1090 5117 1158 5171 ab
1204 5116 1450 5172 Ecclesia
1472 5117 1787 5185 discedens,
1836 5134 1932 5174 eos

339 5217 477 5275 quos
499 5200 689 5273 fugere
725 5203 941 5260 videtur
966 5205 1137 5259 mittat
1165 5205 1235 5259 ad
1265 5205 1592 5277 gehennam.

957 5380 1179 5437 CAPUT
1216 5382 1305 5437 VI.

410 5523 581 5579 Vens.
615 5526 664 5577 1.
711 5552 779 5562 -
816 5522 999 5579 Audet
1029 5500 1255 5597 aliquis.
1289 5522 1588 5581 Occasione
1619 5525 1928 5595 hujusmodi

333 5611 522 5682 judicii
550 5610 740 5683 incipit
765 5626 928 5683 agere
956 5611 1023 5667 de
1046 5611 1287 5680 judiciis,
1305 5612 1360 5667 in
1378 5613 1572 5684 quibus
1601 5612 1786 5669 multis
1810 5630 1927 5671 mo-

2106 4980 2276 5035 Vnas.
2302 4982 2465 5034 16.-
2495 4984 2676 5040 Unum
2704 4998 2921 5053 corpus.
2956 4983 3197 5039 Tradunt
3221 4984 3454 5057 physici,
3484 4988 3629 5059 quod

2033 5067 2173 5123 adeo
2201 5067 2473 5137 uniuntur,
2523 5070 2668 5140 quod
2697 5070 2742 5124 si
2772 5072 2997 5145 sanguis
3025 5088 3212 5130 eorum
3242 5074 3627 5132 commiscere-

2032 5162 2134 5221 tur,
2167 5155 2391 5212 omnino
2419 5157 2860 5229 conjungeretur.

2100 5270 2272 5326 Vsus.
2307 5273 2394 5327 17.
2429 5302 2497 5312 -
2535 5274 2639 5341 Qui
2664 5278 2859 5331 autem
2887 5275 3157 5345 adhaeret,
3211 5286 3316 5335 etc.
3350 5278 3471 5335 Non
3499 5280 3629 5335 sub-

2030 5359 2241 5415 stantiae
2291 5359 2570 5416 identitate
2623 5362 2719 5417 sed
2775 5364 3203 5435 participatione,
3263 5382 3385 5422 cum
3428 5368 3480 5423 ei
3538 5369 3617 5425 sic

2027 5448 2268 5504 adhaeret
2314 5448 2403 5504 hic
2448 5465 2546 5520 per
2590 5449 2753 5506 fidem
2796 5454 3085 5521 accedens,
3127 5461 3187 5509 ut
3234 5455 3303 5510 sit
3349 5456 3621 5529 particeps

2025 5535 2372 5592 beatitudinis
2420 5537 2557 5607 ejus,
2607 5539 2755 5611 quod
2801 5547 2930 5597 tunc
2976 5541 3138 5613 plene
3186 5542 3307 5611 erit,
3359 5558 3483 5600 cum
3531 5560 3624 5599 sa-

2024 5622 2245 5680 tiabitur
2298 5624 2628 5683 desiderium
2681 5626 2796 5697 ejus
2851 5628 2910 5684 in
2960 5630 3122 5686 bonis
3175 5630 3622 5701 immutabilibus,
