3948 6178
304 330 414 384 529

299 477 520 535 scilicet
551 477 610 534 in
639 477 758 549 ipsa
778 476 1034 533 Trinitate
1053 477 1289 533 Domino
1311 492 1412 532 suo
1431 477 1586 546 cujus
1602 486 1685 532 est
1706 477 1907 550 imago.

376 567 553 621 Vens.
585 570 671 620 18.
686 595 756 606 -
772 566 968 637 Fugite
984 567 1441 636 fornicationem.
1467 565 1602 619 Cum
1624 564 1744 620 aliis
1765 566 1910 621 vitiis

296 662 489 727 potest
514 653 816 724 exspectari
842 653 1144 719 conﬂictus,
1175 653 1273 708 sed
1302 654 1444 709 hanc
1471 651 1643 725 fugite
1664 696 1681 720 ,
1709 669 1778 708 ne
1807 668 1910 725 ap-

295 741 669 814 proximetis,
723 741 848 814 quia
894 756 1003 795 non
1054 740 1211 795 aliter
1254 748 1433 812 potest
1477 741 1675 796 melius
1743 741 1906 796 vinci.

302 830 489 887 Omne
537 831 693 885 enim
739 833 1055 902 peccatum.
1085 828 1305 883 Nullum
1333 835 1619 900 peccatum
1649 829 1909 885 intantum

297 917 635 974 dehonestat
667 924 719 972 et
741 916 1052 988 coinquinat
1079 932 1302 987 corpus,
1355 924 1412 970 ut
1455 916 1609 971 illud.
1667 918 1771 985 Qui
1809 934 1912 972 au-

299 1010 426 1061 tem
454 1006 798 1077 fornicatur.
830 1005 952 1059 Non
976 1004 1173 1061 dicitur
1192 1011 1415 1075 propter
1432 1004 1784 1076 quantitatem
1804 1003 1912 1059 for-

298 1093 619 1160 nicationis,
657 1093 802 1163 quod
832 1092 949 1162 ipsa
978 1092 1091 1147 sola
1119 1092 1188 1146 sit
1216 1092 1273 1145 in
1303 1107 1533 1163 corpore
1556 1135 1570 1159 ,
1603 1100 1655 1147 et
1684 1092 1789 1146 alia
1818 1109 1912 1147 ex-

294 1189 389 1236 tra
419 1197 642 1252 corpus.
677 1180 839 1237 Plura
867 1180 1011 1235 enim
1044 1179 1179 1235 adeo
1215 1195 1419 1251 magna
1441 1220 1456 1250 ,
1506 1187 1564 1233 ut
1611 1180 1910 1251 fornicatio,

298 1269 397 1325 vel
425 1269 655 1337 majora.
709 1268 819 1324 Sed
865 1275 1086 1338 propter
1133 1268 1443 1338 qualitatem
1467 1310 1480 1335 ,
1530 1268 1657 1339 quia
1702 1268 1914 1340 turpius

309 1357 635 1430 coinquinat
658 1372 860 1426 corpus
889 1372 1049 1428 quam
1079 1355 1181 1410 alia
1209 1364 1451 1426 peccata.

382 1474 556 1528 Vens.
595 1476 682 1527 19.
716 1503 786 1514 —
814 1473 1123 1544 Templum.
1156 1473 1237 1526 Ex
1265 1472 1370 1527 hoc
1398 1478 1541 1543 patet
1570 1472 1715 1543 quod
1748 1470 1915 1541 Spiri-

300 1569 398 1616 tus
430 1568 653 1616 sanctus
684 1568 768 1614 est
797 1561 978 1627 Deus;
1011 1560 1057 1613 si
1088 1559 1234 1614 enim
1260 1576 1369 1614 non
1399 1567 1544 1614 esset
1580 1561 1745 1625 Deus,
1781 1568 1915 1613 tem-

298 1649 463 1722 plum
492 1648 678 1719 utique
708 1648 962 1719 nosipsos
990 1664 1100 1703 non
1130 1648 1372 1703 haberet.
1398 1648 1520 1703 Non
1542 1647 1719 1702 solum
1739 1655 1921 1701 autem

302 1738 543 1808 Spiritus
574 1744 793 1791 sanctus
814 1780 832 1804 ,
864 1736 961 1791 sed
991 1737 1150 1792 etiam
1182 1737 1338 1791 Pater
1368 1743 1421 1790 et
1450 1735 1615 1790 Filius
1652 1736 1913 1807 templum

302 1841 411 1881 nos
438 1825 665 1881 habent.
695 1825 976 1896 Templum
1008 1840 1143 1898 ergo
1162 1824 1282 1892 Dei,
1306 1825 1411 1881 hoc
1440 1831 1524 1880 est
1556 1824 1716 1879 totius
1737 1824 1911 1879 Trini-

303 1914 455 1981 tatis,
490 1923 682 1969 sancta
710 1913 962 1969 Ecclesia
989 1921 1088 1968 est.

380 2030 557 2085 Vens.
590 2032 680 2087 20.
712 2059 781 2069 —
808 2030 879 2084 Et
931 2032 1159 2101 portate
1213 2031 1411 2085 Deum.
1471 2029 1685 2085 Portate
1740 2030 1913 2086 Deum

305 2125 393 2175 est
422 2118 728 2188 imaginem
758 2117 858 2172 Dei
888 2117 944 2171 in
990 2118 1152 2171 rebus
1196 2117 1336 2172 bene
1384 2117 1555 2190 gestis
1601 2119 1911 2175 ostendere.

308 2207 378 2262 In
411 2223 666 2279 corpore.
704 2205 760 2261 Si
792 2221 900 2261 non
930 2205 1106 2276 parcis
1136 2205 1232 2259 tibi
1259 2213 1482 2277 propter
1512 2215 1565 2261 te
1590 2249 1603 2271 ,
1636 2222 1798 2277 parce
1826 2207 1913 2264 vel

302 2302 540 2365 propter
568 2286 748 2348 Deum
777 2293 871 2364 qui
891 2301 943 2348 te
966 2293 1068 2348 sibi
1090 2292 1217 2349 fecit
1239 2294 1478 2349 domum.
1504 2293 1678 2363 Quam
1698 2295 1745 2349 si
1765 2311 1916 2351 ever-

306 2382 399 2447 tis,
435 2397 639 2452 peccas
668 2381 724 2435 in
753 2382 947 2451 Deum,
979 2382 1122 2453 quod
1150 2398 1321 2454 grave
1351 2389 1433 2437 est
1462 2399 1637 2454 genus
1665 2383 1911 2454 peccati;

298 2469 450 2525 aliud
483 2485 614 2527 vero
640 2485 814 2541 genus
845 2476 926 2525 est
955 2485 1187 2540 peccare
1218 2470 1273 2524 in
1306 2470 1600 2525 hominem.

928 2644 1149 2701 CAPUT
1188 2644 1302 2699 VII.

367 2787 547 2840 Vens.
585 2789 636 2841 1.
687 2815 757 2825 -
805 2787 881 2841 De
928 2786 1142 2857 quibus.
1195 2781 1498 2839 Occasione
1544 2782 1916 2841 fornicationis

307 2891 483 2947 quam
512 2874 782 2946 prohibet,
816 2873 1090 2928 continuat
1118 2872 1187 2926 de
1215 2871 1443 2942 nuptiis,
1479 2873 1625 2927 unde
1657 2872 1734 2925 illi
1761 2889 1912 2943 quae-

305 2963 541 3018 sierant.
575 2963 645 3016 Et
673 2961 784 3033 agit
812 2961 1112 3031 tripliciter,
1149 2960 1449 3015 secundum
1479 2960 1789 3030 consilium,
1822 2976 1914 3015 se-

302 3052 549 3107 cundum
579 3050 987 3121 indulgentiam,
1011 3048 1311 3104 secundum
1338 3055 1684 3118 praeceptum.

1204 324 1476 382 GLOSSA
1509 324 1917 383 ORDINARIA.
1943 353 2015 368 -
2041 326 2261 382 EPIST.
2296 326 2318 380 Ι
2345 325 2441 380 AD
2476 324 2636 381 C011.

3508 327 3611 380 530
3630 284 3637 289 ’

1933 455 1989 516 Α
2016 451 2146 506 nino
2171 451 2273 504 hac
2301 450 2424 522 lege
2454 450 2639 519 utitur,
2670 448 2794 521 quia
2823 448 3000 520 potior
3026 448 3171 521 quod
3200 464 3231 503 a
3258 446 3487 503 falsariis
3528 447 3610 504 di-

2010 540 2149 595 citur
2181 555 2305 594 esse
2334 538 2658 609 appositum.

2081 630 2151 682 Et
2171 629 2259 683 vir
2289 643 2549 682 uxorem.
2582 627 2704 680 Non
2735 625 2896 679 debet
2925 625 3011 679 vir
3041 624 3311 679 dimittere
3367 639 3610 691 uxorem,

2013 715 2139 787 quia
2170 714 2374 770 faceret
2405 730 2522 768 eam
2553 714 2831 768 moechari.
2883 712 3040 782 Quod
3069 713 3115 768 si
3144 713 3236 767 illa
3266 720 3349 767 est
3375 712 3615 767 adultera

2012 819 2122 858 non
2170 802 2331 869 facit,
2388 803 2485 857 sed
2550 802 2845 857 adulteram
2909 802 3146 856 dimittit.
3217 801 3387 855 Causa
3454 816 3615 873 quam

2012 891 2257 946 Christus
2289 890 2617 961 excepithic
2645 898 2869 961 tacetur,
2903 890 3025 962 quia
3053 890 3335 944 notissima
3364 896 3465 958 est,
3500 888 3612 945 sci-

2012 979 2141 1035 licet
2170 978 2560 1034 fornicationis.

2086 1069 2254 1123 Vens.
2307 1071 2393 1125 12.
2426 1098 2497 1109 -
2545 1068 2687 1123 Nam
2732 1067 2971 1123 caeteris.
3023 1065 3122 1121 Ubi
3171 1072 3394 1138 uterque
3439 1064 3614 1122 ﬁdelis

2014 1157 2118 1212 hoc
2146 1141 2477 1226 princepium
2506 1154 2724 1209 Domini
2753 1155 2902 1210 dedit
2928 1154 3237 1224 Apostolus.
3286 1155 3424 1207 Nam
3455 1162 3614 1209 caete.-

2014 1244 2092 1299 ris
2119 1243 2211 1297 ubi
2242 1259 2351 1297 non
2379 1251 2460 1298 est
2488 1252 2718 1314 uterque
2749 1240 2924 1296 ﬁdelis
2954 1242 3123 1312 (quod
3154 1242 3207 1296 in
3237 1241 3389 1296 initio
3416 1241 3613 1297 Eccle-

2015 1332 2111 1387 sim
2139 1331 2381 1404 contigit,
2412 1347 2535 1387 cum
2564 1330 2922 1401 Evangelium
2962 1329 3242 1400 praedicari
3278 1329 3485 1401 coepit),
3509 1345 3614 1401 ego

2016 1419 2158 1488 dico,
2191 1428 2292 1474 etc.
2332 1421 2391 1475 Si
2420 1421 2542 1492 quis
2570 1422 2772 1490 frater,
2807 1427 2911 1474 etc.
2935 1418 3245 1475 Idololatria
3276 1425 3329 1473 et
3358 1419 3610 1489 quaelibet

2016 1508 2179 1563 noxia
2207 1507 2515 1578 superstitio
2546 1506 2825 1561 fornicatio
2874 1514 2993 1576 est,
3044 1514 3097 1560 et
3140 1507 3401 1561 Dominus
3448 1522 3612 1561 causa

2018 1595 2387 1652 fornicationis
2429 1595 2644 1667 quidem
2692 1594 2936 1665 permisit
2981 1610 3202 1649 uxorem
3252 1594 3481 1660 dimitti,
3516 1595 3612 1649 sed

2017 1699 2125 1739 non
2150 1683 2338 1752 jussit,
2373 1692 2427 1739 et
2456 1682 2534 1738 sic
2565 1683 2712 1737 dedit
2741 1683 2917 1738 locum
2948 1681 3208 1753 Apostolo
3239 1683 3525 1749 monendi,
3558 1690 3615 1739 ut

1935 1808 1987 1868 B
2021 1771 2112 1842 qui
2142 1770 2389 1836 voluerit,
2421 1787 2532 1826 non
2560 1770 2787 1825 dimittat
2814 1769 3107 1839 inﬁdelem,
3142 1786 3248 1842 quo
3277 1769 3461 1825 forsan
3486 1787 3615 1843 pos-

2021 1859 2087 1914 sit
2117 1857 2235 1914 ﬁeri
2264 1857 2459 1914 ﬁdelis.

2090 1975 2262 2029 Vens.
2280 1976 2366 2029 14.
2386 2005 2457 2015 -—
2480 1974 2885 2042 Sanctiﬁcatus
2908 1977 3012 2028 est.
3041 1972 3181 2041 Quia
3200 1974 3304 2028 hoc
3324 1989 3471 2043 saepe
3491 1988 3619 2030 con-

2019 2061 2179 2134 tingit
2209 2061 2355 2132 quod
2384 2060 2516 2116 alter
2543 2077 2641 2131 per
2669 2060 2892 2114 alterum
2936 2061 3006 2114 ad
3053 2058 3215 2115 ﬁdem
3259 2061 3610 2117 convertitur.

2020 2150 2119 2205 Vel
2155 2150 2386 2204 mundus
2430 2156 2511 2203 est
2557 2149 2642 2203 vir
2689 2148 2922 2203 inﬁdelis
2970 2156 3231 2219 quantum
3279 2148 3350 2203 ad
3399 2147 3615 2204 ﬁdelem

2017 2238 2328 2307 mulierem,
2361 2245 2414 2291 et
2446 2237 2647 2291 nullam
2674 2253 2736 2292 ex
2770 2237 2884 2305 ejus
2912 2236 3288 2305 conjunctione
3316 2236 3613 2291 immundi-

2017 2326 2145 2380 tiam
2174 2325 2371 2395 patitur
2398 2325 2595 2379 mulier
2639 2324 2836 2379 ﬁdelis.
2881 2325 3166 2396 Alioquin.
3215 2325 3273 2379 Si
3322 2324 3607 2394 dimittitis,

2013 2414 2245 2469 invicem
2292 2413 2539 2468 nolentes
2569 2412 2880 2467 cohabitare
2913 2419 2966 2466 et
3010 2412 3130 2467 aliis
3179 2427 3276 2467 vos
3322 2413 3608 2483 copulatis,

2016 2502 2248 2558 adulteri
2278 2501 2427 2567 estis,
2451 2508 2503 2555 et
2534 2500 2629 2554 ﬁlii
2656 2500 2825 2555 vestri
2856 2500 3048 2571 spurii,
3073 2508 3126 2554 et
3150 2500 3274 2555 ideo
3304 2501 3603 2568 immundi;

2016 2607 2179 2659 nunc,
2212 2590 2405 2658 sancti,
2437 2589 2564 2661 quia
2589 2590 2659 2644 de
2687 2588 2848 2645 licitis
2896 2587 3163 2660 conjugiis
3210 2588 3321 2643 nati
3346 2631 3361 2656 ,
3411 2597 3465 2643 et
3508 2589 3607 2643 sub

2017 2677 2287 2733 Creatoris
2315 2677 2665 2732 veneratione
2694 2677 2823 2732 nati.

2086 2767 2254 2821 Vens.
2290 2769 2376 2820 15.
2390 2796 2459 2806 -
2479 2767 2599 2824 Νοη
2618 2766 2791 2821 enim.
2814 2766 2937 2820 Non
2958 2773 3041 2821 est
3060 2772 3262 2820 tantum
3292 2764 3606 2838 conjugium

2014 2853 2157 2925 quod
2188 2854 2305 2908 sine
2334 2854 2436 2908 Dei
2464 2854 2753 2908 devotione
2771 2862 2852 2909 est
2884 2871 2897 2908 :
2927 2862 2981 2908 et
3010 2854 3135 2908 ideo
3165 2869 3275 2909 non
3303 2861 3387 2909 est
3413 2869 3604 2924 pecca-

2014 2946 2124 2991 tum
2155 2937 2205 2992 ei
2236 2938 2327 3008 qui
2351 2937 2564 2991 dimittit
2592 2944 2818 3008 propter
2837 2939 3012 2993 Deum
3042 2938 3089 2993 si
3115 2937 3207 2992 alii
3226 2954 3285 2993 se
3306 2937 3598 3008 cOpulavit.

2015 3026 2072 3081 Si
2100 3041 2231 3082 vero
2259 3025 2792 3092 ambovcrediderint,
2827 3042 2924 3096 per
2951 3027 3319 3099 cognitionem
3349 3026 3448 3081 Dei
3480 3041 3607 3082 con-

372 3140 554 3194 Vens.
588 3142 641 3193 6.
671 3113 876 3193 —vHoc
905 3113 1118 3201 autem,
1152 3143 1255 3191 etc.
1288 3113 1358 3175 ὲ-Ῐ
1386 3113 1541 3191 Dicet
1568 3134 1761 3207 aliquis
1794 3152 1807 3188 :
1842 3134 1900 3189 Si
1925 3157 1974 3220 Ο
2014 3113 2261 3220 ξίνῐξιεὶξξιν
2287 3114 2641 3220 aitait-Isim..-
2678 3115 2931 3220 rtmﬁeﬁ
2981 3115 3105 3220 Rion
3132 3122 3360 3220 ‘o‘portet
3388 3114 3601 3189 litigare

300 3227 413 3282 hoc
445 3226 745 3282 secundum
765 3225 978 3280 veniam
999 3222 1266 3280 concessit
1287 3223 1596 3292 Apostolus,
1630 3202 1762 3295 ergo
1781 3238 1902 3293 pec—
1928 3202 1974 3220 ν
2005 3217 2129 3259 cum
2158 3202 2491 3268 discedente,
2524 3202 2653 3273 (ἰυία
2679 3202 2805 3257 οάίο
2836 3202 2936 3256 Dei
2964 3203 3212 3258 discedit-

304 3323 493 3371 catum
525 3310 662 3369 sunt'
676 3314 905 3383 nuptiae;
934 3312 1019 3367 cui
1047 3312 1192 3366 enim
1222 3310 1380 3366 venia
1401 3311 1505 3364 nisi
1524 3319 1747 3381 peccato
1776 3326 1907 3366 con-

305 3401 559 3458 ceditur?
588 3402 750 3456 Plane
780 3400 925 3472 quod
966 3398 1261 3453 inﬁrmitati
1298 3398 1569 3454 concessit
1615 3398 1905 3470 Apostolus

305 3490 611 3546 secundum
631 3489 842 3545 veniam
863 3488 1208 3543 concubitum
1238 3487 1465 3541 attendit
1494 3487 1905 3557 conjugatorum

308 3578 403 3633 ubi
434 3585 518 3632 est
549 3576 950 3632 incontinentiae
979 3575 1201 3630 malum.
1251 3574 1658 3631 Incontinentiaa
1701 3573 1903 3629 malum

312 3674 416 3734 est,
448 3665 595 3737 quod
626 3665 712 3720 vir
737 3664 1019 3737 cognoscit
1044 3680 1269 3719 uxorem
1299 3663 1463 3718 etiam
1491 3663 1626 3716 ultra
1655 3662 1903 3717 necessi-

315 3762 481 3809 tatem
528 3752 853 3825 procreandi
896 3752 1103 3808 liberos
1127 3795 1140 3819 ,
1172 3752 1270 3807 sed
1299 3760 1350 3806 et
1377 3751 1454 3806 ibi
1485 3758 1568 3806 est
1597 3750 1903 3820 nuptiarum

312 3842 537 3899 bonum.
569 3842 692 3899 Non
721 3840 865 3896 enim
896 3840 1024 3912 quia
1049 3838 1452 3896 incontinentiae
1470 3839 1545 3893 ibi
1566 3840 1768 3893 malum
1798 3847 1899 3905 est,

310 3928 435 3985 ideo
460 3929 790 3986 connubium
821 3929 964 4000 quod
995 3935 1079 3983 est
1106 3935 1305 3998 praeter
1332 3926 1683 3981 intentionem
1727 3942 1901 3999 gene-

314 4018 559 4084 rationis,
591 4034 701 4074 non
726 4025 810 4072 est
836 4018 1068 4083 bonum;
1100 4017 1210 4071 imo
1238 4032 1369 4072 vero
1395 4031 1505 4071 non
1532 4023 1753 4086 prOpter
1770 4014 1903 4070 illud

313 4108 516 4162 malum
547 4104 816 4176 culpabile
845 4112 929 4159 est
956 4105 1057 4160 hoc
1087 4105 1306 4171 bonum,
1340 4104 1436 4158 sed
1466 4103 1597 4158 illud
1622 4102 1825 4158 malum
1844 4100 1904 4157 ﬁt

312 4194 525 4251 veniale
552 4202 776 4265 propter
806 4194 1006 4249 bonum
1035 4192 1294 4262 nuptiale.
1325 4192 1440 4248 Hoc
1468 4192 1669 4247 bonum
1696 4192 1904 4262 nuptia-

311 4300 432 4338 rum
463 4298 575 4338 non
606 4281 956 4351 reprehendit
982 4280 1290 4352 Apostolus,
1324 4285 1421 4333 sed
1450 4279 1652 4334 malum
1681 4279 1901 4335 inconti-

312 4371 533 4427 nentiae.
567 4370 896 4426 Concubitus
916 4369 971 4423 in
990 4368 1331 4424 necessarius
1351 4382 1516 4424 causa
1535 4367 1902 4438 generationis

312 4458 679 4530 inculpabilis,
711 4465 764 4513 et
793 4457 942 4513 solus
971 4458 1089 4528 ipse
1116 4456 1370 4527 nuptialis
1399 4464 1500 4511 est.
1535 4456 1631 4510 Ille
1660 4470 1789 4511 vero
1810 4455 1900 4526 qui

314 4547 459 4603 ultra
488 4545 867 4602 necessitatem
888 4545 1253 4615 progreditur,
1280 4560 1388 4599 non
1410 4544 1625 4605 rationi,
1660 4544 1760 4597 sed
1787 4542 1904 4597 libi-

316 4618 428 4673 dini
458 4617 797 4688 obsequitur.

387 4706 558 4760 Vens.
590 4706 645 4760 ’7.
667 4735 737 4744 —
762 4703 1164 4775 Unusquisque,
1189 4710 1293 4758 etc.
1315 4703 1436 4757 Non
1456 4700 1616 4757 debet
1635 4701 1754 4771 quis
1774 4716 1902 4757 con-

315 4793 531 4865 stringi,
566 4808 635 4847 ne
662 4791 967 4863 prohibitus
996 4806 1029 4845 a
1058 4790 1219 4846 licitis
1248 4790 1489 4844 admittat
1532 4788 1720 4844 illicita
1739 4833 1752 4853 ,
1805 4788 1903 4843 sed

312 4881 429 4953 ipse
461 4880 591 4954 quid
622 4886 873 4952 sequatur
894 4877 1078 4952 eligat,
1111 4886 1344 4935 attamen
1372 4878 1426 4931 in
1457 4878 1560 4933 hoc
1588 4876 1903 4948 propensio-

317 4986 428 5026 rem
458 4984 582 5024 esse
611 4967 806 5024 melius
833 4974 933 5022 est.

385 5078 558 5133 Vens.
582 5077 635 5130 9.
658 5104 728 5115 —
762 5074 857 5132 Uri
881 5116 894 5140 ,
927 5080 1013 5128 est
1040 5071 1326 5128 desideriis
1356 5072 1447 5145 agi
1476 5072 1564 5128 vel
1592 5070 1754 5127 vinci.
1783 5071 1905 5125 Non

317 5179 450 5237 ergo
480 5162 603 5218 ideo
628 5161 757 5217 dicit
783 5163 1010 5229 melius,
1033 5160 1190 5233 quasi
1210 5160 1414 5215 bonum
1443 5160 1509 5215 sit
1527 5159 1612 5215 uri
1631 5166 1685 5214 et
1700 5158 1906 5214 nubere

318 5251 532 5317 melius,
562 5249 659 5305 sed
689 5248 1143 5305 consuetudinem
1173 5247 1459 5303 locutionis
1488 5255 1570 5303 est
1596 5255 1832 5303 secutus.

386 5341 560 5395 Vens.
594 5341 681 5392 11.
715 5368 784 5378 -—
818 5338 970 5407 Quod
997 5340 1047 5392 si
1076 5338 1415 5393 discesserit.
1439 5336 1596 5390 Aliud
1617 5344 1698 5391 est
1732 5336 1909 5390 disce-

321 5428 470 5498 dere,
503 5426 650 5481 aliud
679 5443 746 5480 ex
776 5425 1052 5482 communi
1099 5441 1370 5481 consensu
1418 5424 1718 5480 continere.
1770 5422 1909 5477 Illud

324 5518 464 5572 enim
492 5516 697 5570 malum
727 5522 826 5579 est,
862 5515 966 5569 hoc
992 5514 1213 5569 bonum.

390 5602 624 5677 (Anam)
652 5602 781 5659 Ideo
809 5618 919 5657 non
947 5601 1129 5656 subdit
1155 5601 1224 5657 de
1252 5600 1368 5656 viro
1397 5600 1534 5655 sicut
1560 5599 1630 5655 de
1657 5598 1908 5665 muliere,

325 5693 448 5766 quia
474 5692 605 5749 licet
633 5691 749 5747 viro
778 5690 939 5745 aliam
977 5690 1179 5747 ducere
1205 5733 1217 5757 ,
1248 5689 1372 5761 quia
1401 5686 1626 5745 inferior
1652 5703 1758 5744 non
1788 5703 1910 5743 om-

2078 3316 2245 3371 Vens.
2281 3320 2366 3371 16.
2389 3348 2458 3357 --
2484 3317 2632 3373 Unde
2653 3318 2826 3373 enim.
2852 3318 3110 3372 Hortatus
3130 3324 3211 3372 est
3232 3328 3397 3389 supra
3411 3322 3511 3389 per
3529 3333 3592 3374 ea

2003 3421 2125 3476 quae
2156 3412 2473 3473 evenerunt,
2505 3420 2649 3459 nunc
2679 3405 2804 3476 quia
2832 3405 3025 3460 eadem
3073 3404 3193 3460 ﬁeri
3238 3412 3494 3476 possunt,
3524 3405 3593 3460 ad

2004 3493 2148 3548 idem
2175 3493 2436 3547 hortatur.
2469 3493 2596 3547 Haec
2633 3500 2811 3548 autem
2856 3508 2967 3548 non
3011 3494 3136 3567 lege
3177 3493 3401 3561 jubente
3425 3534 3440 3562 ,
3491 3493 3591 3548 sed

2003 3580 2179 3635 libera
2206 3581 2469 3635 charitate
2498 3578 2651 3634 ﬁunt.

2074 3670 2245 3723 Vens.
2281 3669 2365 3722 17.
2385 3698 2453 3708 -
2480 3669 2682 3724 Divisit
2709 3668 2999 3725 Dominus.
3035 3668 3236 3739 Cuique
3265 3670 3411 3724 Deus
3439 3668 3590 3723 dedit

2003 3756 2218 3828 quando
2246 3756 2509 3822 salvetur,
2528 3755 2583 3810 id
2613 3763 2712 3823 est,
2746 3756 2843 3811 scit
2864 3756 3081 3828 quando
3109 3757 3314 3826 credet,
3346 3763 3400 3812 et
3428 3756 3590 3811 susti-

2002 3853 2095 3899 net
2121 3845 2297 3901 donec
2325 3844 2530 3911 credat,
2565 3843 2645 3899 sic
2676 3851 2729 3898 et
2759 3852 2812 3898 tu
2843 3851 3119 3914 exspecta.

2080 3959 2248 4013 Vens.
2273 3961 2359 4011 18.
2382 3987 2451 3997 --
2467 3957 2841 4012 Circumcisus
2857 3958 3085 4029 aliquis.
3107 3957 3390 4029 Nusquam
3410 3957 3589 4015 aufert

2002 4045 2295 4117 Apostolus
2324 4044 2799 4112 consuetudinem,
2832 4060 2952 4115 quae
2983 4052 3197 4100 servata
3223 4061 3331 4100 non
3361 4045 3585 4118 impedit

2002 4135 2268 4198 salutem,
2293 4148 2521 4187 monens
2548 4149 2617 4188 ne
2646 4132 2703 4186 in
2730 4132 2928 4188 talibus
2959 4149 3086 4203 spes
3116 4134 3304 4188 salutis
3331 4143 3582 4206 ponatur,

2002 4240 2126 4279 cum
2174 4229 2375 4276 tantum
2422 4237 2522 4292 pro
2569 4219 2868 4277 offensione
2897 4220 3232 4276 inﬁrmorum
3281 4231 3583 4279 serventur.

2001 4311 2155 4369 Unde
2167 4309 2296 4365 dicit
2307 4309 2442 4364 nihil
2450 4324 2515 4364 ea
2528 4310 2936 4375 esse,subdens:
2946 4310 3069 4365 Circ
3076 4312 3306 4366 umcisio
3318 4312 3468 4367 nihil
3478 4316 3581 4367 est.

2074 4426 2242 4480 Vens.
2264 4427 2353 4481 20.
2378 4455 2447 4464 -
2471 4427 2852 4497 Unusquisque
2870 4427 2934 4479 in
2964 4440 3047 4479 ea.
3079 4424 3194 4480 Hoc
3223 4425 3292 4478 ad
3322 4440 3418 4480 eas
3447 4441 3584 4481 con-

1916 4511 1970 4570 B
2003 4514 2234 4570 ditiones
2261 4512 2348 4568 vel
2375 4512 2499 4568 vitae
2528 4513 2948 4568 consuetudines
2978 4513 3235 4582 respicit,
3285 4529 3404 4583 qua:
3453 4513 3586 4568 nihil

2000 4604 2195 4659 obsunt
2223 4600 2350 4655 ﬁdei
2375 4601 2642 4671 bonisque
2682 4601 2946 4655 moribus.
2999 4600 3146 4655 Sicut
3194 4600 3337 4655 enim
3365 4602 3579 4670 conjux,

2001 4692 2079 4746 sic
2107 4699 2161 4746 et
2188 4690 2325 4743 latro
2354 4689 2422 4743 ad
2451 4688 2643 4742 Christi
2675 4688 2837 4741 ﬁdem
2867 4696 3112 4743 vocatur.
3137 4689 3242 4744 Sed
3268 4689 3361 4744 ille
3388 4690 3444 4743 in
3463 4706 3590 4745 con-

1994 4780 2168 4852 jugio,
2199 4794 2309 4833 non
2336 4793 2365 4830 a
2395 4775 2666 4847 conjugio.
2710 4777 2816 4830 Iste
2846 4792 2979 4831 vero
3022 4791 3133 4831 non
3179 4776 3233 4831 in
3280 4777 3584 4847 latrocinio,

2001 4867 2099 4921 sed
2127 4882 2160 4920 a
2188 4864 2489 4920 latrocinio.
2530 4864 2653 4918 Non
2681 4862 2824 4918 enim
2853 4879 3079 4919 necesse
3109 4873 3212 4934 est,
3241 4872 3298 4919 ut
3327 4866 3589 4939 conjuges

2001 4954 2252 5009 desinant
2279 4968 2403 5007 esse
2432 4953 2691 5022 conjuges
2720 4959 2940 5022 propter
2968 4950 3129 5007 ﬁdem
3171 4952 3401 5019 Christi,
3452 4954 3592 5010 sicut

2002 5056 2231 5097 necesse
2259 5048 2343 5095 est
2368 5047 2426 5093 ut
2453 5040 2691 5094 latrones
2719 5040 2973 5094 desinant
2999 5055 3123 5094 esse
3153 5040 3413 5096 latrones.

2074 5148 2245 5202 Vens.
2276 5149 2441 5203 21.-
2467 5146 2689 5211 Servus,
2704 5152 2807 5200 etc.
2831 5145 3005 5216 Supra
3025 5146 3206 5216 posuit
3223 5163 3391 5202 unum
3411 5163 3591 5204 exem-

2003 5235 2150 5307 plum
2179 5234 2247 5289 de
2274 5234 2379 5288 ritu
2406 5233 2642 5303 vivendi,
2674 5234 2763 5289 hic
2791 5233 2938 5288 aliud
2967 5234 3036 5289 de
3066 5235 3375 5291 conditione
3399 5236 3583 5292 ofﬁcii.

2003 5325 2175 5395 Magis
2203 5326 2382 5379 utere.
2410 5321 2550 5390 Quia
2577 5330 2774 5393 quanto
2796 5322 2918 5394 quis
2938 5331 3158 5394 prOpter
3176 5325 3349 5379 Deum
3368 5314 3591 5395 despec-

2006 5412 2110 5468 tior
2120 5420 2198 5467 est
2210 5412 2265 5465 in
2278 5412 2379 5467 hoc
2396 5410 2614 5479 saeculo,
2631 5419 2779 5468 tanto
2790 5411 2968 5483 magis
2981 5411 3305 5467 exaltabitur
3314 5413 3371 5466 in
3385 5411 3583 5465 futuro.

2078 5511 2246 5565 Vens.
2278 5512 2368 5566 22.
2418 5540 2488 5548 —
2533 5510 2805 5565 Libertus.
2850 5508 2987 5577 Quia
3017 5517 3234 5579 ereptus
3265 5525 3297 5563 a
3325 5506 3587 5578 peccatis,

2008 5614 2128 5670 quae
2158 5613 2349 5653 servos
2376 5596 2597 5652 faciunt.
2630 5599 2780 5671 Ergo
2813 5612 2916 5654 nec
2943 5613 3130 5652 servus
3158 5594 3467 5650 conditione
3490 5594 3591 5648 de-

2011 5686 2288 5759 spiciatur,
2311 5701 2414 5742 nec
2442 5685 2580 5742 liber
2600 5694 2818 5757 ereptus
2839 5685 3009 5741 elatus
3040 5698 3199 5738 servo
3220 5699 3279 5737 se
3298 5690 3593 5753 praeponat.
