3964 6180
351 266 363 293 t‘

312 258 317 261 ’
347 266 443 319 531

880 262 1283 317 WALAFRIDI
1312 262 1554 317 STRABI
1582 262 1784 318 FULD.
1807 260 1980 316 MON.
2012 259 2163 316 OPP.
2195 263 2370 320 PARS
2399 264 2441 318 Ι.
2462 294 2531 305 --
2556 262 3027 320 THEOLOGICA.

3534 268 3636 323 532

424 406 593 460 Vsus.
624 408 713 461 23.
746 434 814 444 -
842 406 1034 476 Empti
1059 406 1214 459 estis.
1250 404 1480 458 Reddite
1511 403 1687 459 vicem
1711 446 1725 470 ,
1756 411 1813 458 ut
1842 419 1923 458 vo:

2045 402 2163 439 sum
2192 388 2369 442 audeo
2397 387 2601 454 dicere,
2634 394 2692 442 ut
2721 388 2934 459 quoties
2964 388 3253 456 voluerint,
3277 389 3501 458 nubant,
3525 405 3628 444 nec

352 493 499 549 servi
532 492 647 547 sitis
678 492 906 554 Christi,
941 508 1048 546 non
1079 492 1377 563 hominum.
1411 492 1477 545 Hi
1509 500 1632 546 sunt
1662 492 1808 547 servi
1835 492 1939 546 ho-

350 582 555 636 minum
575 623 589 650 ,
623 579 712 652 qui
744 580 993 635 humanis
1024 596 1083 634 se
1114 579 1401 648 subjiciunt
1447 581 1937 651 superstitionibus.

350 670 507 725 Servi
537 671 848 725 hominum.
904 666 1063 735 Quod
1093 668 1356 738 contingit
1404 668 1558 723 vobis
1607 668 1653 722 si
1695 669 1936 725 dicatis:

351 759 460 830 Ego
490 775 617 812 sum
636 758 822 822 Pauli,
859 772 951 827 ego
983 757 1197 828 Apollo,
1231 764 1333 811 etc.

423 846 589 901 Vnus.
626 848 720 901 25.
759 875 827 884 -
854 846 930 899 De
956 845 1283 915 virginibus.
1319 843 1497 899 Causa
1525 843 1668 899 illius
1696 844 1937 901 fornica-

346 934 500 1001 toris,
537 934 604 987 de
634 932 782 987 omni
812 932 1168 987 fornicatione
1189 933 1407 987 vitanda
1434 933 1614 988 docet.

417 1049 587 1103 Vnus.
620 1051 707 1103 26.
740 1077 809 1087 —
838 1048 1239 1103 Necessitatem
1267 1047 1398 1103 dicit
1426 1048 1709 1117 penuriam
1754 1048 1936 1103 saeculi

336 1152 506 1209 quam
538 1152 683 1207 saepe
724 1135 997 1206 patiuntur
1044 1136 1339 1208 conjugati.
1390 1133 1623 1189 Inﬁrmis
1664 1134 1936 1189 inﬁrmam

346 1225 609 1280 rationem
639 1224 945 1295 praetendit.
978 1225 1167 1278 Posset
1216 1224 1360 1278 enim
1408 1224 1715 1295 digniorem
1745 1224 1936 1278 reddi-

343 1314 494 1369 disse
537 1313 860 1385 virginitatis
908 1314 1175 1367 rationem
1200 1356 1212 1379 ,
1264 1313 1381 1381 ejus
1439 1328 1637 1367 munus
1703 1313 1936 1383 amplius

340 1403 793 1460 commendando.
819 1402 1240 1472 Supergreditur
1260 1401 1404 1456 enim
1434 1401 1719 1473 virginitas
1749 1400 1937 1456 condi-

340 1493 546 1547 tionem
574 1492 824 1545 humanae
854 1498 1057 1545 natura}
1079 1532 1093 1555 ,
1125 1506 1223 1560 per
1251 1505 1411 1561 quam
1442 1489 1692 1545 homines
1722 1489 1935 1562 angelis

341 1580 729 1636 assimilantur.
798 1580 968 1647 Major
1014 1586 1195 1633 tamen
1243 1578 1473 1634 victoria
1528 1578 1799 1648 virginum
1854 1586 1935 1632 est

341 1686 506 1742 quam
532 1668 868 1740 angelorum.
919 1668 1114 1738 Angeli
1160 1667 1302 1721 enim
1348 1667 1465 1722 sine
1513 1683 1675 1722 carne
1722 1667 1927 1737 vivunt,

341 1759 584 1831 virgines
612 1772 744 1813 vero
774 1757 831 1810 in
861 1772 1024 1811 carne
1052 1756 1404 1826 triumphant.

416 1875 586 1928 Vrsas.
617 1876 705 1929 29.
739 1902 809 1911 -
847 1874 953 1926 Hoc
983 1872 1172 1942 itaque
1204 1872 1345 1926 dico.
1392 1870 1492 1926 Hic
1523 1871 1594 1925 ad
1622 1878 1935 1942 temperan-

351 1964 481 2018 tiam
507 1968 718 2027 monet,
752 1959 906 2031 quasi
936 1959 1142 2014 diceret
1175 1975 1187 2010 :
1223 1958 1453 2027 Quando
1509 1958 1932 2030 conjungemini,

342 2060 403 2106 ut
430 2050 485 2104 id
515 2049 631 2104 sine
661 2056 886 2119 peccato
914 2047 1085 2117 possit
1116 2045 1231 2101 ﬁeri
1255 2064 1269 2113 ;
1303 2047 1407 2102 hoc
1436 2046 1722 2101 consilium
1752 2047 1824 2101 do
1844 2062 1938 2102 vo-

348 2139 452 2204 bis,
485 2147 542 2192 ut
571 2137 661 2209 qui
690 2137 888 2190 habent
920 2138 1204 2207 Tanquam
1232 2152 1348 2190 non
1379 2136 1643 2190 habentes
1659 2136 1795 2190 sint.
1821 2136 1937 2191 Hoc

346 2226 475 2281 facit
505 2225 596 2298 qui
624 2224 835 2280 habens
865 2240 1091 2279 uxorem
1116 2267 1128 2289 ,
1163 2224 1340 2279 reddit
1369 2232 1421 2277 et
1449 2239 1557 2277 non
1589 2223 1755 2296 exigit
1784 2223 1936 2277 debi-

344 2323 495 2381 tum;
530 2314 619 2386 qui
651 2320 873 2384 propter
901 2310 1271 2367 infirmitatem
1301 2311 1571 2382 prOpriam
1604 2312 1747 2367 ducit
1796 2328 1934 2367 uxo-

339 2418 456 2459 rem
483 2447 495 2468 ,
540 2402 807 2474 plangens
835 2401 1012 2471 potius
1042 2401 1169 2472 quia
1207 2401 1322 2455 sine
1354 2416 1523 2454 uxore
1553 2416 1674 2455 esse
1700 2415 1807 2455 non
1837 2416 1936 2471 po-

346 2492 465 2561 tuit,
501 2505 662 2562 quam
695 2490 939 2563 gaudens
972 2490 1096 2561 quia
1125 2490 1294 2553 duxit,
1330 2497 1382 2544 et
1412 2488 1642 2543 maxime
1673 2489 1794 2561 quia
1817 2489 1935 2559 pari

344 2574 615 2637 consensu
642 2579 1023 2635 continentiam
1071 2586 1309 2633 servant.
1360 2578 1611 2632 Beatiora
1640 2593 1774 2632 sane
1804 2594 1935 2633 con-

314 2732 323 2739 ,
336 2669 491 2741 jugia
520 2668 811 2723 indicanda
840 2675 978 2735 sunt,
1014 2683 1133 2737 quae
1166 2666 1280 2722 sive
1310 2666 1433 2720 ﬁliis
1461 2666 1783 2736 procreatis,
1818 2666 1933 2721 sive

342 2756 494 2827 prole
523 2763 831 2827 contempta
861 2755 1247 2811 continentiam
1276 2754 1394 2825 pari
1409 2769 1680 2809 consensu
1712 2769 1932 2809 servare

342 2852 655 2918 potuerunt.

411 2961 582 3015 Vens.
615 2962 701 3014 34.
734 2988 803 3000 -
836 2960 1085 3030 Cogitat,
1120 2964 1222 3013 etc.
1274 2956 1401 3012 Haec
1429 2955 1574 3012 enim
1603 2956 1672 3011 de
1701 2957 1929 3011 damna-

342 3049 490 3106 tione
517 3065 627 3104 non
654 3048 848 3103 timens
880 3054 932 3101 et
959 3047 1028 3100 de
1059 3046 1231 3100 salute
1263 3060 1472 3111 secura,
1500 3044 1704 3116 cogitat
1725 3052 1929 3100 tantum

344 3154 466 3209 qua:
494 3136 712 3191 Domini
743 3143 887 3189 sunt.
926 3136 991 3191 Ut
1018 3135 1094 3188 sit
1121 3138 1342 3201 sancta,
1376 3140 1480 3189 etc.
1514 3134 1628 3189 Hoc
1659 3141 1710 3187 et
1742 3142 1926 3205 nupta,

341 3226 439 3280 sed
471 3224 702 3294 amplius
741 3223 1000 3292 innupta,
1052 3238 1171 3292 qua:
1217 3221 1392 3275 libera
1436 3237 1469 3276 a
1516 3221 1932 3277 necessitatibus

342 3311 651 3381 mundanis,
687 3311 882 3382 quibus
911 3309 1131 3365 astricta
1158 3317 1239 3365 est
1271 3317 1456 3381 nupta,
1489 3309 1754 3365 intensius
1782 3318 1932 3367 vacat

341 3400 655 3458 caalestibus
687 3397 973 3469 praeceptis
986 3439 998 3452 .

408 3490 580 3544 Vnus.
614 3490 700 3542 35.
734 3517 803 3527 —
836 3487 954 3543 Non
989 3491 1055 3543 ut
1078 3489 1355 3560 laqueum.
1384 3487 1490 3541 Sed
1520 3486 1587 3541 ad
1618 3487 1673 3541 id
1702 3487 1929 3543 tendens

341 3577 485 3644 dico,
511 3576 653 3647 quod
684 3576 970 3630 honestum
1000 3583 1099 3640 est,
1126 3584 1183 3630 ut
1214 3576 1376 3631 homo
1398 3576 1464 3629 sit
1484 3583 1668 3631 castus
1698 3592 1927 3647 corpore

336 3674 390 3722 et
419 3664 598 3720 animo
618 3707 634 3731 ,
668 3680 777 3721 non
807 3665 951 3737 quod
981 3672 1136 3735 turpe
1167 3662 1234 3717 sit
1265 3664 1617 3736 conjugium,
1652 3665 1747 3718 sed
1783 3666 1927 3736 quod

337 3755 443 3811 hoc
470 3752 749 3809 honestius
780 3761 833 3809 et
863 3751 1176 3808 facilitatem
1207 3752 1407 3808 habeat
1435 3754 1607 3808 Deum
1638 3753 1851 3807 orandi.

407 3843 578 3898 Vnus.
613 3846 699 3897 36.
731 3873 799 3883 —
828 3843 887 3897 Si
912 3842 1035 3914 quis
1051 3846 1263 3910 autem,
1298 3849 1399 3896 etc.
1433 3841 1583 3896 Sicut
1612 3841 1680 3895 de
1710 3841 1928 3914 virgini-

334 3932 437 3987 bus
465 3930 877 3999 determinavit,
911 3930 989 3984 sic
1018 3930 1086 3984 de
1115 3930 1432 3988 custodibus
1460 3930 1806 3984 determinat.

406 4021 577 4075 Vens.
609 4022 694 4073 38.
727 4048 796 4057 —
825 4018 1020 4072 Melius
1046 4018 1209 4088 facit.
1244 4016 1379 4085 Quia
1409 4017 1551 4087 apud
1583 4018 1776 4083 Deum,
1809 4034 1924 4073 me-

336 4108 497 4162 ritum
522 4106 600 4160 illi
626 4106 877 4174 collocat,
910 4112 962 4159 et
991 4121 1022 4159 a
1052 4105 1234 4161 saeculi
1260 4104 1621 4159 sollicitudine
1652 4105 1847 4160 liberat
1868 4107 1923 4161 il-

333 4195 461 4251 lam.
494 4196 560 4249 Et
588 4194 711 4249 ideo
742 4201 889 4248 recte
918 4193 993 4247 ait
1023 4211 1036 4246 :
1072 4193 1259 4248 Melius
1289 4200 1374 4248 est
1414 4192 1557 4247 enim
1606 4194 1751 4264 quod
1797 4195 1924 4251 licet

333 4282 660 4354 et'expedit,
694 4296 857 4353 quam
887 4282 1031 4352 quod
1061 4281 1186 4337 licet
1212 4290 1265 4337 et
1293 4296 1403 4336 non
1432 4282 1670 4352 expedit.

406 4391 573 4446 νεεδ.
606 4391 694 4444 39.
725 4418 794 4429 —-
823 4388 1025 4444 Mulier
1064 4389 1320 4459 alligata.
1371 4388 1595 4443 Dixerat
1637 4389 1918 4446 mulierem

2041 490 2106 527 ex
2136 476 2304 530 corde
2332 490 2454 530 meo
2484 475 2754 547 quaslibet
2784 476 2998 547 nuptias
3026 477 3415 533 condemnare.
3469 476 3629 547 Quod

2038 562 2236 618 dicitur
2262 564 2509 631 univirae,
2545 564 2646 619 hoc
2676 564 2824 619 omni
2852 564 3048 620 viduaa.

2110 652 2280 707 Vnus.
2311 654 2399 707 40.
2433 683 2501 691 -
2531 653 2771 719 Beatior,
2806 660 2909 709 etc.
2971 652 3113 708 Satis
3143 652 3381 709 ostendit
3407 653 3627 708 beatam

2040 755 2161 794 esse
2190 740 2354 795 etiam
2382 748 2503 811 post
2531 749 2763 797 mortem
2791 741 2895 796 viri
2924 742 3121 796 iterum
3164 742 3459 797 nubentem
3487 741 3633 798 ﬁde-

2038 827 2166 895 lem,
2201 829 2296 883 sed
2327 828 2627 885 beatiorem
2647 846 2755 885 non
2776 829 3086 885 nubentem.
3109 832 3253 888 Puto
3272 834 3484 886 autem.
3506 831 3635 886 Non

2041 916 2250 970 dubitat
2279 917 2589 986 Apostolus,
2624 918 2721 971 sed
2752 925 3153 988 contemptores
3182 918 3456 990 increpat,
3488 926 3546 973 ut
3578 927 3636 973 et

2039 1004 2301 1058 Dominus
2330 1004 2518 1060 dicens
2553 1023 2566 1059 :
2598 1006 2657 1061 Si
2676 1022 2765 1061 me
2785 1008 3026 1073 sciretis,
3050 1007 3298 1077 forsitan
3326 1016 3377 1063 et
3398 1010 3631 1063 Patrem

2038 1109 2228 1148 meum
2259 1094 2479 1148 sciretis
2500 1109 2518 1145 :
2542 1093 2661 1159 Vel,
2692 1095 2869 1149 Putas
2898 1094 3153 1149 inveniet
3169 1095 3336 1163 ﬁdem
3352 1097 3414 1150 in
3440 1100 3595 1151 terra
3613 1099 3639 1149 γ

2040 1181 2210 1235 verbo
2242 1181 2591 1237 dubitationis
2620 1180 2991 1237 inﬁdelitatem
3022 1183 3220 1253 arguit.

2647 1349 2872 1405 CAPUT
2902 1349 3039 1406 VIII.

2114 1487 2281 1541 Vsus.
2318 1490 2443 1542 1.-
2461 1490 2537 1544 De
2568 1489 2673 1545 his.
2694 1488 2860 1559 Quasi
2880 1490 3052 1546 dicat:
3070 1490 3220 1547 scitis
3241 1507 3393 1563 aeque
3414 1507 3479 1548 ac
3499 1508 3630 1565 ego,

2042 1574 2186 1646 quod
2218 1575 2342 1631 licet
2372 1591 2437 1630 ea
2468 1578 2789 1645 comedere;
2822 1578 2945 1650 quia
2976 1595 3165 1635 omnes
3195 1579 3479 1635 scientiam
3526 1582 3632 1635 ha-

2042 1663 2252 1718 bemus.
2286 1665 2401 1719 Hoc
2430 1665 2499 1720 de
2528 1665 2611 1719 his
2640 1666 2770 1722 dicit
2800 1667 2893 1739 qui
2920 1668 3183 1723 habentes
3204 1668 3486 1723 scientiam
3507 1684 3635 1724 cum

1961 1739 2015 1799 B
2041 1750 2369 1808 oﬂ‘endiculo
2398 1753 2649 1808 edebant.
2685 1753 2835 1823 Quos
2862 1756 3098 1826 primum
3125 1756 3325 1829 arguit,
3358 1772 3458 1812 nec
3488 1756 3638 1811 sufﬁ-

2037 1840 2245 1895 cienter
2275 1841 2415 1896 scire
2448 1841 2595 1897 dicit.
2627 1842 2733 1897 Alii
2753 1852 2933 1899 autem
2952 1844 3130 1917 ignari
3156 1845 3257 1899 sub
3278 1845 3632 1901 veneratione

2037 1928 2168 1983 idoli
2196 1929 2576 1984 comedebant.

2107 2018 2357 2073 Seientia
2386 2018 2571 2086 inﬂat.
2625 2018 2730 2072 Per
2757 2033 2817 2074 se
2844 2017 3047 2074 inutilis
3080 2028 3164 2075 est
3207 2021 3433 2076 scientia
3453 2066 3465 2085 ,
3502 2037 3631 2078 cum

2037 2104 2295 2161 charitate
2326 2105 2489 2160 utilis.
2532 2106 2635 2160 Per
2658 2122 2718 2160 se
2747 2105 2897 2161 inﬂat
2926 2107 2981 2160 in
3011 2108 3318 2178 superbiam
3344 2152 3356 2175 ,
3403 2119 3463 2164 ut
3509 2111 3633 2166 daa-

2036 2209 2227 2248 mones
2259 2192 2350 2265 qui
2382 2192 2578 2249 Graeco
2608 2193 2826 2249 nomine
2853 2211 2883 2249 a
2914 2195 3137 2250 scientia
3167 2195 3244 2252 sic
3276 2206 3399 2252 sunt
3446 2200 3632 2254 nomi-

2035 2282 2164 2336 nati.
2198 2282 2429 2352 Propter
2456 2282 2747 2337 clationem
2794 2283 3034 2339 scientiae
3075 2285 3482 2355 reprimendum
3521 2288 3632 2342 da-

2035 2377 2121 2423 tus
2152 2379 2232 2425 est
2260 2370 2425 2425 Paulo
2451 2371 2717 2426 stimulus.
2767 2371 2958 2427 Melius
3005 2380 3088 2427 est
3135 2373 3278 2429 scire
3326 2374 3623 2431 inﬁrmita-

2037 2465 2143 2513 tem
2173 2466 2433 2528 nostram,
2467 2475 2629 2529 quam
2658 2468 2881 2515 naturas
2912 2476 3127 2527 rerum;
3158 2462 3300 2518 hanc
3341 2463 3629 2519 scientiam

2037 2546 2127 2618 qui
2153 2546 2394 2617 apponit,
2428 2547 2648 2617 apponit
2675 2548 2922 2603 dolorem
2951 2549 3405 2623 peregrinationis
3436 2568 3504 2607 ex
3531 2553 3631 2608 de-

2036 2634 2237 2688 siderio
2268 2635 2481 2705 patriae.

2105 2724 2274 2778 Vens.
2295 2726 2347 2779 3.
2366 2753 2436 2763 —
2463 2724 2522 2779 Si
2541 2725 2663 2797 quis
2684 2728 2876 2780 autem
2902 2724 3091 2797 diligit
3110 2727 3304 2783 Deum.
3330 2727 3429 2784 Hic
3447 2727 3630 2802 diligit

2036 2812 2227 2879 Deum,
2278 2812 2370 2882 qui
2417 2811 2694 2867 charitatis
2741 2828 2903 2868 causa
2950 2813 3230 2870 scientiam
3290 2816 3520 2890 mitigat,
3570 2826 3633 2873 ut

2032 2899 2205 2969 prosit
2234 2898 2391 2954 fratri
2417 2916 2518 2970 pro
2549 2916 2655 2972 quo
2685 2900 2932 2956 Christus
2958 2911 3204 2958 mortuus
3232 2912 3334 2960 est.

2105 2988 2269 3043 Vnus.
2303 2990 2354 3043 4.
2389 3019 2457 3028 -
2505 2991 2581 3045 De
2600 2992 2759 3046 escis.
2801 2991 3119 3061 Vituperata
3138 2992 3361 3049 scientia
3409 3009 3625 3066 eorum,

1952 3092 2001 3154 ρ
2032 3076 2246 3131 tandem
2275 3076 2449 3147 aperit
2476 3092 2597 3148 quas
2625 3086 2708 3132 est
2738 3093 2804 3134 ea
2832 3094 2983 3134 vera.
3015 3080 3231 3136 Idolum
3261 3083 3411 3137 nihil
3440 3088 3526 3139 est
3556 3087 3625 3140 in

2032 3166 2260 3220 mundo.
2313 3165 2374 3219 Id
2421 3173 2547 3233 est,
2582 3165 2723 3220 inter
2775 3176 3051 3223 creaturas
3094 3169 3302 3224 mundi.
3336 3172 3622 3226 Materiam

2032 3253 2176 3307 enim
2223 3253 2369 3307 Deus
2414 3252 2685 3323 formavit,
2711 3255 2808 3309 sed
2839 3255 3063 3310 stultitia
3081 3257 3359 3312 hominum
3388 3257 3624 3314 formam

2031 3341 2197 3395 dedit.
2231 3340 2579 3412 Quaecunque
2609 3342 2753 3397 enim
2783 3350 2907 3397 sunt
2935 3343 2992 3397 in
3019 3346 3301 3411 creaturis,
3334 3345 3477 3403 facta
3496 3357 3630 3403 sunt
3721 3420 3725 3425 ὴ

2027 3445 2127 3500 per
2155 3430 2415 3485 Verbum.
2471 3430 2579 3486 Sed
2623 3429 2797 3486 forma
2841 3432 3076 3487 hominis
3122 3434 3179 3488 in
3207 3433 3354 3490 idolo
3383 3450 3495 3490 non
3535 3446 3628 3491 est

2028 3517 2167 3572 facta
2196 3533 2293 3588 per
2321 3518 2581 3585 Verbum,
2615 3518 2753 3574 sicut
2780 3535 2884 3576 nec
2912 3529 3198 3591 peccatum
3226 3538 3327 3593 per
3359 3524 3618 3579 Verbum.

2028 3605 2135 3660 Sed
2165 3615 2248 3661 est
2275 3606 2425 3672 nihil,
2477 3615 2531 3662 et
2574 3607 2706 3661 nihil
2748 3606 2882 3662 ﬁunt
2930 3610 3177 3665 homines
3207 3626 3329 3666 cum
3358 3623 3615 3683 peccant.

2026 3694 2146 3750 Nisi
2171 3712 2341 3751 unus.
2392 3697 2507 3751 Hoc
2535 3695 2665 3752 dicit
2692 3712 2762 3752 ne
2789 3705 3007 3767 putetur
3027 3699 3177 3754 Deus
3206 3715 3329 3755 esse
3357 3700 3415 3755 in
3444 3700 3621 3757 idolo.

2096 3810 2266 3865 Vens.
2300 3812 2350 3864 5.
2374 3841 2443 3852 -—
2463 3812 2523 3867 Si
2542 3812 2764 3883 quidem
2779 3817 2916 3869 sunt
2936 3813 3017 3869 dii
3044 3815 3234 3871 multi.
3263 3816 3323 3870 Id
3342 3822 3426 3870 est
3445 3816 3629 3889 genti-

2023 3898 2127 3952 bus
2174 3899 2358 3969 plures
2391 3917 2405 3952 :
2439 3915 2577 3971 quos
2606 3908 2772 3955 terret
2803 3902 2948 3956 Deus
2976 3911 3177 3969 noster,
3209 3903 3264 3958 id
3295 3912 3378 3959 est
3407 3905 3621 3961 daemo-

2023 4003 2123 4041 nes
2152 3988 2246 4059 qui
2292 3988 2535 4043 volentes
2581 3989 2755 4044 videri
2801 3990 2874 4045 dii
2921 3991 3024 4045 sibi
3073 3992 3298 4066 exigunt
3325 4009 3447 4065 quae
3476 4010 3612 4050 vero

2023 4076 2138 4131 Deo
2167 4076 2449 4142 debentur,
2481 4093 2622 4147 aras,
2654 4076 2945 4146 sacriﬁcia,
2981 4087 3034 4135 et
3078 4081 3204 4135 alia.
3254 4082 3453 4137 Noster
3480 4069 3618 4139 vero

2022 4165 2270 4219 homines
2300 4165 2434 4219 deos
2461 4164 2604 4221 facit.

2088 4280 2256 4334 Vnus.
2292 4282 2342 4333 6.
2394 4309 2462 4320 —
2523 4282 2685 4336 Deus.
2745 4280 2940 4336 Tribus
2982 4282 3158 4338 modis
3204 4282 3349 4339 Deus
3403 4284 3619 4342 dicitur.

2030 4366 2370 4423 Substantive
2399 4367 2593 4423 dicitur
2620 4370 2793 4439 Deus,
2821 4370 3072 4425 Trinitas.
3107 4371 3374 4443 AdOptive
3395 4416 3408 4439 ,
3443 4375 3622 4431 sancti

332 4493 502 4535 causa
545 4476 919 4534 fornicationis
966 4492 999 4531 a
1040 4476 1154 4532 viro
1192 4477 1539 4533 recedentem
1578 4493 1798 4535 manere
1828 4480 1917 4536 in-

2041 4455 2123 4526 qui
2161 4471 2257 4525 per
2284 4456 2590 4526 adoptionis
2630 4458 2858 4529 gratiam
2903 4458 2977 4513 dii
3024 4467 3165 4515 sunt.
3215 4461 3617 4532 Nuncupative,

327 4574 553 4638 nuptam
575 4606 589 4635 ,
621 4574 711 4621 aut
740 4566 858 4623 viro
885 4582 985 4621 suo
1015 4566 1352 4622 reconciliari
1376 4608 1389 4633 ,
1439 4574 1493 4621 et
1527 4582 1637 4621 non
1683 4568 1912 4637 dixerat,

328 4671 399 4710 an
427 4663 666 4709 maneret
693 4663 807 4711 toto
833 4662 1077 4725 tempore
1106 4655 1231 4712 vitae
1260 4672 1390 4725 suae,
1419 4671 1488 4710 an
1518 4662 1761 4727 tempore
1782 4658 1912 4727 viri;

326 4744 433 4799 hoc
460 4758 595 4815 ergo
617 4743 958 4798 determinat.
985 4744 1172 4815 Itaque
1192 4743 1351 4817 virgo
1372 4758 1590 4813 semper
1618 4752 1797 4815 potest
1814 4762 1915 4801 nu-

323 4831 455 4886 bere
485 4831 573 4886 cui
618 4831 766 4900 vult,
817 4832 914 4887 sed
960 4832 1171 4897 mulier,
1203 4831 1257 4887 id
1288 4838 1370 4887 est
1398 4832 1721 4905 conjugata,
1755 4834 1913 4888 etiam

321 4934 486 4975 causa
515 4918 884 4990 fornicationis
929 4919 1151 4975 dimissa
1184 4963 1196 4986 ,
1232 4927 1284 4974 et
1312 4929 1558 4999 separata
1584 4936 1617 4977 a
1645 4922 1757 4978 viro
1780 4963 1794 4991 ,
1827 4922 1911 4978 vi-

320 5016 478 5064 vente
508 5008 622 5064 viro
650 5007 868 5080 alligata
897 5016 979 5063 est
1006 5006 1115 5080 legi
1135 5050 1148 5074 ,
1183 5015 1289 5064 etc.
1337 5009 1490 5076 Quod
1518 5012 1569 5066 si
1597 5010 1907 5067 dormierit.

316 5096 439 5151 Non
468 5096 617 5163 dicit,
650 5096 859 5167 primus
881 5137 895 5165 ,
928 5094 1018 5150 vel
1045 5096 1318 5151 secundus
1341 5138 1356 5165 ,
1391 5097 1477 5151 vel
1524 5106 1719 5168 quotus
1743 5141 1757 5166 ,
1808 5115 1910 5156 nec

317 5185 460 5241 enim
490 5184 649 5239 nobis
668 5182 1042 5237 diffiniendum
1064 5184 1209 5255 quod
1230 5200 1340 5239 non
1357 5183 1553 5241 difﬁnit
1579 5187 1867 5257 Apostolus
1889 5207 1902 5243 :

312 5273 456 5329 unde
486 5287 590 5327 nec
624 5270 759 5325 ullas
787 5271 962 5326 debeo
992 5271 1251 5327 damnare
1282 5274 1528 5345 nuptias,
1560 5290 1663 5331 nec
1692 5276 1771 5330 eis
1804 5292 1903 5332 ve-

311 5359 622 5417 recundiam
680 5358 1043 5414 numerositas
1101 5358 1315 5416 inferre.
1402 5362 1665 5419 Dominus
1718 5372 1901 5420 autem

312 5448 692 5521 septemviram
720 5463 829 5504 non
859 5447 1097 5515 damnat,
1129 5464 1230 5506 nec
1260 5449 1389 5506 dicit
1416 5451 1471 5507 in
1502 5452 1895 5509 resurrectione

307 5552 413 5593 non
442 5552 606 5610 posse
638 5552 779 5593 esse.
813 5536 921 5593 Sed
950 5544 1151 5593 tantum
1186 5557 1199 5594 :
1230 5556 1408 5613 neque
1435 5542 1669 5609 nubent,
1720 5557 1897 5615 neque

304 5626 612 5684 nubentur.
637 5625 793 5683 Unde
813 5641 913 5683 nec
933 5623 1117 5684 contra
1137 5628 1387 5685 humanae
1409 5630 1753 5687 verecundiae
1779 5647 1902 5688 sen-

2033 4545 2307 4598 daemones
2337 4552 2389 4599 et
2418 4544 2581 4600 idola.
2613 4548 2702 4602 Ea:
2730 4563 2851 4618 quo.
2887 4546 3084 4603 Omnia
3112 4563 3145 4603 a
3173 4549 3329 4605 Patre
3349 4591 3363 4620 ,
3396 4550 3493 4606 sed
3520 4566 3624 4622 per

2016 4631 2207 4686 Filium
2246 4640 2427 4688 creata
2457 4640 2599 4687 sunt.
2648 4635 2765 4691 Nec
2811 4634 2918 4690 alia
2961 4651 3062 4708 per
3105 4635 3338 4704 Filium,
3369 4637 3471 4692 alia
3516 4654 3615 4710 per

2015 4721 2227 4774 Patrem
2252 4762 2267 4790 ,
2300 4721 2397 4776 sed
2427 4722 2617 4776 eadem
2650 4739 2662 4775 :
2691 4722 2931 4793 alioquin
2972 4724 3087 4792 jam
3130 4740 3239 4779 non
3286 4725 3466 4781 omnia
3511 4743 3617 4797 per

2014 4810 2248 4879 Patrem,
2282 4825 2384 4866 nec
2413 4809 2591 4865 omnia
2618 4827 2719 4881 per
2748 4810 2968 4881 Filium;
3000 4811 3047 4867 si
3076 4820 3255 4869 autem
3302 4814 3481 4870 omnia
3509 4832 3609 4886 per

2011 4897 2228 4952 Patrem
2249 4942 2262 4964 ,
2298 4907 2349 4953 et
2376 4899 2556 4954 omnia
2584 4915 2684 4969 per
2713 4899 2933 4968 Filium;
2980 4916 3112 4974 ergo
3156 4902 3346 4958 eadem
3376 4920 3473 4975 per
3501 4904 3611 4960 Pa-

2010 4991 2151 5039 trem
2181 5003 2302 5057 quae
2331 4994 2384 5041 et
2409 5003 2506 5058 per
2537 4987 2726 5042 Filium
2755 4986 2893 5043 facta
2922 4996 3077 5056 sunt;
3108 4990 3333 5061 aequalis
3362 4999 3441 5046 est
3464 5008 3599 5065 ergo

2008 5073 2151 5128 Patri
2180 5074 2365 5141 Filius,
2393 5083 2446 5131 et
2474 5075 2848 5147 inseparabilis
2897 5078 3140 5148 operatio
3170 5078 3469 5152 utriusque.
3518 5081 3591 5135 Et

2008 5178 2179 5218 unus.
2213 5163 2292 5216 De
2325 5163 2539 5219 Christo
2567 5181 2669 5234 pro
2699 5165 3028 5220 humanitate
3052 5164 3252 5233 subdit,
3278 5168 3377 5222 sed
3397 5168 3465 5223 de
3487 5167 3609 5240 Spi-

2005 5250 2109 5305 ritu
2140 5258 2325 5306 sancto
2356 5266 2463 5307 non
2496 5252 2749 5323 oportuit.

2076 5367 2246 5422 Vnus.
2267 5368 2319 5422 7.
2353 5398 2423 5408 -
2449 5369 2753 5425 Polluitur.
2778 5368 2880 5424 Per
2896 5368 3018 5424 illos
3038 5368 3246 5426 scilicet
3275 5370 3366 5442 qui
3392 5372 3594 5429 habent

2000 5455 2283 5513 scientiam
2328 5456 2489 5511 unius
2538 5456 2670 5525 Dei,
2721 5458 2819 5513 sed
2866 5473 2978 5514 non
3024 5473 3150 5513 cum
3179 5458 3439 5517 charitate
3462 5503 3477 5527 ,
3508 5478 3610 5533 per

2005 5559 2141 5615 quos
2188 5544 2243 5599 in
2290 5544 2436 5601 hunc
2486 5560 2730 5601 errorem
2772 5545 2974 5600 inﬁrmi
3006 5545 3426 5617 inducebantur,
3460 5565 3606 5621 quo-

2002 5648 2123 5689 rum
2151 5648 2259 5691 non
2288 5633 2443 5690 cibus
2471 5632 2750 5707 polluitur,
2784 5634 2882 5691 sed
2910 5634 3263 5693 conscientia.
