3964 6180
344 308 442 361 533

1228 292 1497 350 GLOSSA
1534 286 1944 345 ORDINARIA.
1978 311 2047 324 —-
2073 281 2291 337 EPIST.
2325 282 2347 334 Ι
2376 280 2470 335 ΑΙ)
2492 278 2651 334 COR.

3547 273 3651 327 534

415 445 592 499 Vnus.
630 446 717 499 12.
749 472 819 481 -
849 441 914 496 In
946 438 1253 495 Christum.
1288 436 1349 490 In
1377 432 1653 489 Christum
1690 434 1983 501 peccareﬁ

2093 422 2124 459 a
2153 403 2621 476 evangeliz'avero,
2669 417 2786 458 non
2816 403 2902 455 est
2921 399 3066 455 mihi
3115 398 3298 469 gloria
3327 417 3347 464 ,-
3377 395 3501 467 quia
3525 402 3657 449 tunc

349 541 429 589 est
456 532 735 588 Christum
765 543 996 602 negare.

972 692 1199 748 CAPUT
1237 689 1334 743 IX.

424 841 597 897 Vnus.
633 842 685 893 1.
717 866 786 876 -
819 837 937 891 Non
968 850 1096 890 sum
1144 830 1300 887 liber.
1336 825 1530 896 Incipit
1560 840 1619 878 se
1647 835 1957 895 proponere

355 930 411 991 in
461 925 793 997 exemplum,
843 930 901 978 ut
949 921 1088 976 sicut
1135 918 1252 989 ipse
1302 914 1537 970 abstinet
1579 927 1612 966 a
1656 909 1818 968 licitis
1856 923 1957 979 pro

359 994 640 1074 scandalo-
662 1012 910 1077 fratrum,
943 1009 1015 1063 ita
1045 1015 1098 1062 et
1126 1005 1224 1060 illi.
1276 1001 1443 1072 Quasi
1492 1000 1699 1055 diceret
1730 1014 1745 1052 :
1776 994 1958 1052 Absti-

358 1113 483 1160 nete
511 1103 581 1157 ab
610 1103 715 1157 hoc
744 1099 913 1165 licito,
947 1095 1071 1169 quia
1102 1109 1207 1166 ego
1245 1091 1423 1146 habeo
1471 1087 1780 1142 libertatem
1808 1083 1958 1139 acci—

357 1191 544 1265 piendi
574 1188 857 1260 stipendia,
892 1194 945 1241 et
972 1193 1157 1239 tamen
1182 1196 1292 1235 non
1321 1175 1553 1247 accipio.
1599 1171 1717 1228 Etsi
1764 1171 1842 1226 sic
1870 1170 1959 1224 in-

361 1262 609 1336 ductum,
626 1277 714 1343 sit,
763 1273 993 1329 intendit
1040 1279 1218 1326 tamen
1248 1283 1308 1322 se
1355 1262 1714 1334 comprobare
1741 1267 1960 1329 aposto-

361 1369 496 1435 lum,
532 1365 660 1438 quia
698 1362 986 1419 occasione
1034 1352 1620 1429 pseudoapostolorum
1664 1348 1845 1403 minus
1892 1346 1961 1401 de

364 1472 431 1512 eo
462 1459 753 1510 senserunt
785 1446 1069 1505 Corinthii.

437 1545 611 1600 Vnus.
645 1544 699 1596 4.
730 1570 801 1580 -
833 1536 1112 1609 Nunquid,
1145 1541 1248 1588 etc.
1281 1531 1501 1602 (BEDA.)
1529 1522 1782 1581 Permisit
1819 1521 1963 1577 enim

363 1631 650 1697 Dominus,
683 1644 793 1684 non
816 1625 997 1697 jussit,
1042 1631 1172 1689 etc.,
1222 1634 1395 1693 usque
1425 1616 1496 1672 ad
1524 1620 1767 1686 potestas
1796 1610 1964 1683 igitur

365 1729 469 1787 est,
501 1735 612 1775 non
636 1717 811 1787 jussio
840 1712 1076 1778 Domini,
1111 1709 1362 1779 accipere
1392 1711 1660 1774 sumptus.

439 1810 694 1866 Sororem
716 1806 1036 1860 mulierem.
1070 1797 1335 1854 Dominus
1364 1795 1420 1849 in
1442 1791 1698 1850 comitatu
1721 1803 1820 1843 suo
1847 1802 1964 1841 mu-

363 1896 531 1952 lieres
578 1892 768 1949 habuit
795 1908 863 1946 ne
910 1890 1226 1946 viderentur
1255 1883 1445 1940 aliena:
1474 1896 1507 1935 a
1537 1880 1730 1943 salute,
1764 1890 1885 1947 quin
1914 1882 1967 1928 et

362 1983 745 2040 ministrabant
775 1980 825 2034 ei
858 1998 873 2047 ;
907 1979 987 2034 sic
1016 1985 1069 2031 et
1100 1973 1359 2046 apostoli.

438 2074 609 2128 Vsus.
644 2074 695 2125 6.
729 2099 798 2110 —-
830 2066 1127 2140 Operandi.
1162 2062 1403 2119 Verbum
1433 2054 1718 2129 Operandi,
1758 2053 1965 2107 hones-

372 2164 481 2219 tius
510 2175 676 2232 quam
705 2154 1029 2227 accipiendi.

440 2229 612 2305 Vnus.
645 2250 699 2302 '7.
733 2276 802 2286 —
834 2244 968 2312 Quis
994 2241 1233 2297 militat.
1291 2237 1395 2302 Ne,
1429 2233 1557 2306 quia
1588 2229 1844 2293 abstinet,
1876 2241 1969 2282 co-

374 2337 658 2411 apostolos
687 2330 1104 2406 reprehendisse
1132 2327 1428 2390 videretur,
1471 2320 1620 2377 addit
1651 2336 1666 2372 :
1701 2318 1833 2385 Quis
1863 2314 1971 2369 mi-

379 2430 534 2483 litat.
1798 2421 1809 2431 '

445 2515 705 2588 (CHRYS.)
725 2512 856 2580 Quis
876 2510 1107 2582 plantat
1138 2505 1383 2568 vineam,
1416 2502 1473 2555 et
1502 2498 1567 2553 de
1593 2497 1820 2568 fructus
1848 2492 1972 2563 ejus

375 2582 493 2662 non
522 2604 640 2659 edit
675 2582 697 2657 Ῡ
722 2602 826 2655 Per
856 2597 988 2652 illud
1018 2591 1299 2666 pericula;
1323 2591 1427 2644 hoc
1457 2593 1637 2641 autem
1657 2582 1899 2636 laborem
1920 2585 1977 2632 et

378 2691 663 2749 miseriam
691 2689 915 2744 multam
946 2694 997 2741 et
1026 2698 1214 2739 curam
1245 2676 1495 2742 ostendit,
1530 2681 1584 2729 et
1606 2670 1825 2727 tertium
1843 2668 1973 2722 item

372 2781 534 2838 addit
563 2777 871 2848 exemplum
896 2774 982 2828 his
1011 2770 1210 2827 verbis.

458 2870 593 2937 Quis
622 2847 827 2940 pascit,
860 2870 966 2918 etc.
1000 2858 1131 2931 (10.)
1161 2855 1382 2910 Multam
1412 2847 1767 2923 diligentiam,
1790 2852 1842 2899 et
1862 2857 1979 2898 ma-

383 2930 561 3032 gistro
592 2930 833 3010 debitam
864 2930 1274 3023 ergasubditos
1311 2939 1565 2998 ostendit.
1616 2935 1775 3004 Quod
1802 2950 1869 2989 ex
1895 2930 1981 2986 his

384 3027 613 3118 apparet
646 3061 659 3097 :
710 3038 925 3098 Etenim
968 3036 1187 3101 milites,
1237 3039 1291 3087 et
1332 3027 1607 3103 agricolae,
1641 3032 1694 3080 et
1729 3029 1982 3094 pastores

383 3102 543 3190 erant
571 3129 820 3203 apostoli,
852 3143 963 3182 non
1000 3124 1291 3187 bellorum,
1342 3102 1520 3190 neque
1567 3123 1749 3177 terrm,
1805 3124 1982 3180 neque
2006 3102 2055 3165 C

385 3224 675 3279 brutorum
702 3215 1071 3280 animantium,
1103 3212 1200 3266 sed
1231 3208 1436 3264 ratione
1475 3202 1828 3276 praeditarum
1858 3196 1980 3252 ani—

386 3327 617 3376 marum,
655 3316 708 3363 et
737 3307 853 3375 ejus
882 3301 1150 3358 exercitus
1180 3297 1270 3369 qui
1298 3297 1561 3350 adversus
1593 3292 1868 3345 daemones
1896 3300 1984 3339 ar-

387 3409 584 3457 matur.
606 3374 691 3453 Ει
721 3374 786 3451 de
818 3395 982 3455 lacte.
1032 3390 1137 3444 Lac
1183 3384 1372 3459 gregis
1419 3382 1616 3438 dicitur
1663 3374 1924 3450 quidquid
1952 3388 1987 3428 a

390 3489 551 3561 plebe
582 3482 889 3558 praepositis
919 3480 1099 3534 datur.

468 3551 642 3632 Van-5.
680 3551 732 3628 έ.
764 3601 835 3612 -
863 3565 1145 3641 Nunquid,
1177 3571 1303 3629 etc.,
1336 3558 1466 3632 (11).)
1513 3558 1631 3612 Hoc
1670 3562 1753 3610 est
1784 3571 1796 3608 :
1826 3551 1985 3606 Nun-

392 3664 525 3737 quid
555 3680 661 3737 ego
689 3658 941 3716 humanis
971 3657 1227 3710 duntaxat
1250 3647 1512 3719 exemplis
1532 3660 1650 3700 rem
1669 3657 1845 3699 meam
1867 3653 1992 3696 con-

396 3752 556 3809 ﬁrmo
586 3753 614 3806 Ἰ
644 3765 715 3805 an
744 3756 797 3804 et
825 3748 911 3804 lex
942 3747 1059 3801 haec
1088 3758 1197 3798 non
1227 3739 1358 3795 dicit
1384 3738 1413 3792 ?

468 3855 643 3910 Visus.
666 3856 717 3906 9.
741 3880 810 3890 —-
834 3845 1096 3919 Nunquid
1111 3844 1176 3899 de
1199 3842 1382 3898 bobus.
1407 3837 1564 3892 Curae
1585 3832 1804 3906 quidem
1825 3823 1949 3887 sunt
1976 3848 1991 3896 ;

395 3958 586 4001 verum
619 3955 727 3995 non
756 3937 849 4005 ita,
884 3944 940 3989 ut
969 3935 1038 3989 de
1068 3933 1134 3986 iis
1165 3931 1345 4001 legem
1374 3924 1635 3980 instituat.

472 4028 657 4087 Vnus.
680 4032 767 4085 12.
801 4055 869 4066 —
900 4025 976 4080 Ne
1006 4020 1148 4095 quod
1195 4014 1617 4088 offendiculum.
1665 4009 1724 4064 Id
1773 4015 1874 4074 est,
1925 4021 1995 4060 ne

393 4122 605 4177 dicatur
653 4117 723 4171 de
751 4113 927 4181 nobis,
961 4110 1106 4182 quod
1146 4121 1312 4163 causa
1357 4109 1594 4175 quaestus
1623 4106 1677 4154 et
1702 4095 1842 4152 lucri
1871 4102 1999 4150 tem-

401 4207 608 4281 poralis
635 4203 815 4276 potius
844 4199 1204 4271 praedicemus
1232 4190 1613 4263 Evangelium,
1647 4201 1812 4258 quam
1833 4198 1999 4239 causa

402 4271 593 4354 salutis
624 4271 931 4349 animarum
958 4294 1010 4342 et
1036 4278 1490 4340 remunerationis
1535 4283 1771 4342 aeternae,
1801 4271 1998 4326 habea-

403 4395 599 4456 turque
630 4376 987 4449 Evangelium
1014 4372 1224 4428 venale.

2057 501 2204 549 esset
2230 508 2332 563 pro
2362 489 2709 554 necessitate,
2744 488 2872 559 quia
2900 504 2998 552 me,
3033 486 3089 541 id
3118 494 3221 551 est,
3252 481 3478 554 penuria
3506 487 3656 537 esset

2062 580 2199 635 sicut
2224 576 2719 651 pseudoapostolis.
2756 576 3087 640 Necessitas,
3119 573 3278 642 hujus
3297 570 3422 627 vitae
3445 576 3658 625 susten-

2060 668 2258 723 tandae.
2301 669 2401 723 Vae.
2435 665 2574 734 Quia
2602 664 2747 719 unde
2774 663 2952 719 vivam
2984 678 3094 716 non
3122 661 3320 716 habeo.

2128 757 2298 811 Vnus.
2322 754 2564 809 l7.—Si
2593 754 2751 808 enim
2776 753 2987 808 volens.
3017 750 3154 819 Quia
3175 765 3241 804 ex
3270 746 3545 804 voluntate
3567 750 3657 799 est

2056 859 2289 899 merces.
2324 842 2615 897 Videamus
2654 840 2947 911 quomodo,
2999 837 3204 894 scilicet
3233 836 3280 890 si
3308 835 3385 891 ita
3414 850 3480 890 ex
3511 831 3653 888 dile-

2059 933 2237 988 ctione
2266 930 2423 999 facio,
2446 937 2502 983 ut
2529 928 2710 999 potius
2736 928 2908 999 patiar
2955 925 3242 997 penuriam
3269 939 3435 995 quam
3463 922 3653 976 abutar

2057 1028 2345 1091 potestate.
2370 1020 2428 1074 Si
2457 1021 2651 1073 autem
2670 1018 2906 1071 invitus.
2939 1016 3007 1069 Ut
3036 1014 3183 1085 quod
3211 1011 3537 1067 necessitate
3567 1022 3655 1064 co-

2060 1125 2182 1181 gar,
2215 1107 2333 1162 aliis
2363 1106 2617 1176 prodero,
2651 1113 2706 1159 at
2733 1119 2843 1158 non
2888 1103 3039 1156 mihi.
3088 1101 3444 1172 Dispensatio
3485 1096 3649 1152 mihi.

2060 1198 2160 1252 Hic
2207 1194 2540 1266 dispensatio
2586 1193 2710 1246 talis
2755 1191 3091 1263 intelligitur,
3149 1196 3205 1242 ut
3251 1186 3403 1259 quasi
3464 1199 3655 1240 servus

2059 1285 2294 1339 alienum
2339 1296 2561 1336 censum
2612 1279 2911 1349 dispenset,
2962 1277 3106 1331 unde
3148 1276 3265 1346 ipse
3307 1272 3442 1328 nihil
3472 1270 3653 1343 capiat

2060 1380 2261 1444 printer
2289 1368 2512 1425 cibaria.
2543 1366 2688 1421 Alibi
2716 1366 3057 1437 dispensator
3086 1364 3283 1419 dicitur
3311 1361 3403 1433 qui
3422 1368 3481 1416 ut
3510 1359 3654 1414 filius

2061 1460 2327 1515 ministrat
2369 1455 2725 1527 Evangelium
2774 1452 3171 1509 cohaeredibus.
3218 1452 3344 1506 Non
3388 1449 3657 1504 debemus

2062 1549 2187 1604 ideo
2216 1545 2614 1616 evangelizare,
2648 1551 2705 1598 ut
2731 1543 3142 1606 manducemus,
3191 1538 3291 1594 sed
3338 1537 3459 1592 ideo
3502 1550 3653 1589 man-

2062 1639 2285 1701 ducare,
2317 1643 2374 1689 ut
2404 1633 2840 1705 evangelizemus
2872 1650 2886 1697 ;
2918 1638 2976 1684 ut
3003 1629 3157 1685 cibus
3183 1643 3294 1682 non
3341 1625 3409 1680 sit
3452 1625 3655 1679 bonum

1988 1752 2041 1811 B
2065 1725 2209 1797 quod
2239 1722 2526 1794 appetitur,
2562 1721 2657 1775 sed
2686 1717 3059 1775 necessarium
3089 1715 3235 1788 quod
3265 1710 3536 1783 adjicitur.

2138 1814 2312 1869 Vnus.
2334 1814 2420 1865 19.
2435 1811 2602 1864 -Εω
2622 1809 2898 1865 omnibus.
2920 1805 3169 1877 Negotiis
3196 1802 3495 1865 hominum,
3527 1797 3665 1853 nihil

2066 1903 2134 1957 ab
2162 1901 2244 1957 eis
2271 1896 2586 1967 accipiendo
2618 1915 2633 1962 ;
2672 1897 2955 1959 Omnium,
2989 1891 3215 1947 subaudi
3244 1889 3547 1953 hominum,
3566 1901 3657 1941 me

2066 2006 2291 2047 servum
2308 1990 2443 2060 feci;
2466 1983 2834 2055 supportando
2854 1996 3065 2047 omnes,
3089 1978 3255 2034 veluti
3273 1979 3447 2033 bonus
3466 1989 3666 2046 procu-

2067 2086 2218 2134 rator
2246 2082 2533 2147 supportat
2561 2070 2827 2135 inﬁrmos,
2869 2068 3101 2123 maxime
3146 2082 3266 2133 vos,
3310 2081 3344 2121 o
3375 2060 3657 2130 Corinthii,

2067 2183 2169 2239 per
2196 2180 2375 2221 meam
2402 2162 2742 2235 patientiam.
2775 2158 2903 2214 Feci
2949 2164 3130 2212 autem
3176 2156 3282 2209 hoc
3308 2167 3419 2208 non
3450 2148 3662 2207 callidi-

2070 2255 2196 2311 tatis
2224 2253 2437 2319 astutia,
2472 2250 2571 2306 sed
2600 2246 2981 2318 compatientis
3009 2243 3227 2311 affectu,
3261 2245 3326 2299 ut
3351 2242 3545 2314 plures
3577 2239 3664 2293 lu-

2071 2345 2407 2413 crifacerem
2440 2340 2680 2395 Christo.

2143 2431 2313 2484 Vnus.
2345 2431 2434 2485 20.
2457 2457 2527 2467 --
2547 2428 2832 2496 Tanquam
2861 2422 3106 2478 Judteus.
3139 2417 3352 2490 (Hma.)
3379 2415 3504 2470 Non
3533 2427 3667 2469 vere

2071 2517 2308 2583 Iudaeus,
2344 2516 2481 2570 sicut
2509 2528 2612 2568 nec
2642 2527 2773 2567 vere
2802 2509 3041 2582 gentilis,
3063 2504 3333 2578 quibusin
3353 2502 3510 2569 cibis,
3532 2508 3666 2567 etc.,

2074 2622 2248 2679 usque
2277 2604 2349 2660 ad
2377 2602 2650 2675 quomodo
2680 2599 2783 2654 sibi
2824 2597 3018 2652 serviri
3065 2594 3214 2660 velit,
3264 2593 3311 2646 si
3352 2595 3671 2663 aegrotaret.

2148 2674 2317 2748 Vnus.
2348 2674 2439 2749 21.
2471 2719 2541 2730 -
2568 2690 2663 2744 His
2703 2686 2799 2759 qui
2825 2686 2924 2740 sub
2975 2685 3108 2755 lege,
3159 2688 3263 2737 etc.
3317 2674 3671 2735 Samaritanis

2078 2781 2171 2855 qui
2225 2781 2394 2835 libros
2440 2777 2613 2848 Moysi
2651 2774 2937 2845 recipiunt,
2989 2771 3182 2843 quibus
3231 2783 3341 2823 non
3385 2772 3675 2822 contuntur

2076 2870 2268 2926 Judaei.
2303 2869 2439 2924 Sunt
2463 2873 2644 2921 autem
2671 2879 2738 2918 ex
2766 2861 2979 2933 origine
3026 2861 3337 2921 Persarum,
3390 2870 3526 2926 quos
3576 2870 3672 2907 su-

2081 2959 2225 3013 blato
2256 2955 2424 3011 Israel
2451 2951 2631 3025 posuit
2660 2967 2756 3006 rex
2803 2947 3146 3020 Assyriorum
3174 2944 3262 3002 vel
3290 2945 3575 2998 Persarum
3606 2940 3675 2994 ad

2083 3046 2368 3103 incolenda
2396 3045 2517 3100 loca
2546 3040 2817 3097 Samaria).

2159 3136 2329 3190 Vnus.
2376 3137 2465 3191 22.
2499 3162 2568 3171 —
2600 3129 2865 3185 Omnibus
2915 3126 3126 3183 omnia.
3178 3120 3444 3179 Omnibus
3491 3115 3678 3183 cessit,

2080 3241 2193 3282 non
2223 3232 2405 3279 tamen
2436 3220 2759 3293 religionem
2791 3214 3044 3271 excessit.

2156 3315 2327 3369 Vans.
2349 3311 2438 3369 24.
2463 3341 2532 3350 —
2551 3292 2804 3373 Nescitis,
2843 3312 2949 3360 etc.
2984 3301 3234 3358 Ostendit
3264 3305 3465 3371 quanta
3495 3295 3563 3350 sit
3581 3292 3687 3349 uti-

2084 3403 2211 3459 litas
2242 3400 2382 3474 legis
2411 3404 2632 3463 nostrm,
2665 3396 2722 3450 in
2751 3410 2856 3465 qua
2884 3408 2995 3447 non
3021 3392 3135 3457 uni,
3166 3389 3264 3444 sed
3293 3385 3544 3443 omnibus
3564 3397 3690 3455 pro-

2086 3491 2258 3545 missa
2305 3496 2388 3543 est
2433 3486 2613 3558 palma
2645 3502 2661 3551 ;
2693 3492 2747 3539 et
2777 3482 2868 3553 qui
2897 3480 3048 3552 prior
3091 3478 3256 3543 venit,
3308 3478 3585 3545 exspectat
3626 3478 3694 3525 ut

2088 3585 2380 3636 coronetur
2428 3591 2551 3632 cum
2589 3569 2902 3645 posteriori.
2954 3568 3240 3624 Bravium.
3271 3565 3372 3620 Est
3399 3560 3689 3634 praemium

2091 3682 2284 3725 Clll‘SllS
2292 3705 2304 3719 .

2162 3756 2336 3811 Vens.
2368 3753 2459 3809 25.
2481 3780 2551 3789 —
2574 3749 2767 3805 Omnis
2787 3747 2959 3810 enim,
2994 3751 3097 3800 etc.
3129 3744 3210 3798 De
3238 3740 3406 3795 rebus
3435 3752 3548 3793 non
3574 3736 3695 3792 lau-

2093 3842 2286 3899 dandis
2331 3840 2618 3894 trahuntur
2658 3834 2842 3890 multa:
2891 3829 3289 3893 similitudines,
3321 3826 3463 3880 utin
3505 3825 3692 3880 Evan-

2093 3931 2238 4006 gelio
2269 3930 2338 3984 de
2367 3927 2553 3998 iniquo
2579 3923 2782 3994 judice,
2817 3920 2907 3992 qui
2952 3918 3167 3974 viduam
3215 3914 3433 3971 nolebat
3479 3911 3692 3978 audire,

2094 4000 2148 4075 et
2178 4018 2338 4090 pigro
2384 4014 2476 4087 qui
2519 4028 2629 4068 non
2674 4027 2741 4067 ex
2781 4006 3039 4073 amicitia,
3074 4004 3172 4060 sed
3201 4019 3267 4059 ex
3315 4000 3476 4057 taedio
3524 4014 3693 4070 panes

2094 4086 2476 4165 commodabat
2507 4121 2522 4170 ;
2554 4102 2629 4157 ita
2655 4099 2744 4155 hic
2772 4113 2883 4153 non
2910 4093 3359 4153 commendantur
3389 4086 3692 4163 agonistica

2097 4204 2150 4251 et
2184 4194 2409 4250 ludicra.

2170 4285 2339 4339 Vnus.
2372 4284 2460 4340 26.
2494 4309 2563 4319 -—
2594 4279 2712 4334 Non
2750 4277 2929 4350 quasi.
2981 4274 3042 4328 In
3088 4271 3354 4345 incertum
3403 4264 3574 4322 currit
3602 4262 3694 4336 qui

2097 4373 2225 4428 talia
2253 4370 2397 4437 facit,
2430 4376 2487 4424 ut
2516 4384 2583 4422 ex
2611 4365 2933 4438 quibusdam
2965 4376 3206 4433 sperare,
3240 4374 3306 4412 ex
3337 4354 3457 4411 aliis
3497 4353 3693 4424 despe-

473 4446 646 4528 Vens.
681 4472 768 4523 13.
792 4446 871 4506 '—
902 4463 1159 4521 Nescitis.
1193 4457 1352 4515 Redit
1380 4469 1572 4511 rursus
1592 4452 1664 4508 ad
1693 4448 1825 4504 illud
1855 4446 2001 4519 quod
2030 4458 2082 4518 ι)
2105 4478 2231 4519 me
2261 4458 2452 4531 possit,

405 4562 726 4632 incoeperat,
759 4552 1054 4611 ostendens
1083 4547 1207 4621 quia
1237 4545 1340 4601 sibi
1386 4544 1565 4610 liceat,
1600 4546 1653 4596 et
1682 4546 1863 4593 tamen
1890 4550 2002 4590 non

411 4623 589 4706 faciat.
622 4642 903 4701 Naturalis
932 4640 1092 4697 etiam
1122 4635 1261 4692 ratio
1289 4636 1396 4690 hoc
1423 4631 1606 4697 habet,
1637 4636 1698 4683 ut
1725 4626 1846 4699 quis
1874 4623 2002 4679 inde

406 4738 553 4794 Vivat
580 4734 675 4791 ubi
704 4733 931 4788 laborat.

480 4852 653 4907 Vnus.
706 4850 792 4903 15.
825 4875 895 4887 -
924 4847 1033 4917 Ego
1079 4844 1293 4897 autem.
1344 4833 1595 4891 Abstinet
1638 4827 1933 4917 Apostolus
1972 4840 2008 4881 a

415 4938 734 5011 sumptibus,
766 4950 835 4991 ne
863 4933 932 4989 sit
962 4915 1139 4987 forma
1179 4920 1654 5000 pseudoapostolis
1695 4915 2003 4989 rapacibus.

485 5003 701 5085 Bonum
733 5027 838 5090 est,
871 5029 976 5078 etc.
1026 5015 1287 5088 Quisquis
1328 5011 1472 5069 enim
1502 5026 1569 5065 eo
1599 5008 1744 5080 quod
1773 5005 1876 5060 sibi
1903 5003 2007 5058 de-

418 5117 576 5172 betur
620 5112 697 5168 uti
754 5126 866 5167 non
920 5107 1054 5173 vult,
1122 5102 1353 5174 amplius
1408 5095 1672 5169 impendit
1723 5090 2006 5149 Ecclesiae.

419 5203 701 5259 Maximam
755 5214 886 5270 ergo
952 5194 1189 5250 habebat
1243 5188 1476 5263 gloriam
1530 5182 1847 5270 Apostolus
1867 5178 2011 5250 apud

419 5294 613 5358 Deum,
695 5304 805 5344 non
877 5282 1147 5357 exigendo
1223 5276 1549 5349 stipendium
1620 5271 1689 5327 ab
1760 5264 2009 5332 infirmis,

420 5381 506 5437 vel
534 5354 609 5436 ds
634 5377 748 5433 suis
795 5354 1074 5430 laboribus
1123 5365 1477 5440 transigendo
1524 5358 1900 5434 quotidianum
1927 5354 2014 5410 vi-

421 5480 584 5527 ctum.
622 5467 889 5525 Gloriam.
932 5459 1107 5529 Quam
1153 5457 1330 5513 habeo
1376 5452 1520 5526 apud
1568 5451 1740 5505 Deum
1787 5442 2015 5501 inﬁrmis

425 5555 780 5631 compatiens.

2172 4551 2343 4606 VERS.
2364 4548 2454 4605 2'7.
2474 4576 2541 4585 —
2565 4544 2784 4614 Castigo
2813 4552 3013 4611 corpus
3042 4551 3253 4592 meum.
3277 4531 3571 4603 Apostolus
3598 4543 3696 4583 suo

2099 4639 2292 4694 timore
2320 4650 2422 4689 nos
2451 4631 2659 4687 terruit.
2693 4627 2837 4699 Quid
2865 4625 3008 4681 enim
3038 4622 3198 4678 faciet
3226 4637 3419 4694 agnus,
3441 4618 3536 4674 ubi
3554 4617 3701 4673 aries

2103 4726 2283 4782 tremit
2302 4726 2330 4778 ?
2362 4723 2438 4779 Ne
2467 4724 2633 4792 forte,
2668 4725 2772 4773 etc.
2804 4713 2963 4785 Quod
2992 4712 3098 4769 cito
3128 4709 3445 4780 contingere
3473 4713 3694 4778 posset;

2102 4824 2232 4872 tunc
2243 4811 2363 4870 aliis
2372 4808 2550 4883 magis
2563 4804 2882 4873 cavendum,
2897 4818 2967 4856 ne
2987 4798 3314 4856 offendendo
3336 4797 3443 4852 sint
3457 4793 3697 4867 reprobi.

2733 4968 2958 5026 CAPUT
3007 4968 3082 5023 X.

2179 5103 2349 5159 Vnus.
2376 5105 2427 5155 1.
2450 5129 2518 5139 --
2540 5098 2673 5155 Nolo
2692 5096 2866 5151 enim.
2888 5089 3104 5148 Volenti
3134 5087 3603 5160 comprehendere
3623 5085 3705 5142 sic

2114 5200 2194 5250 est
2236 5189 2556 5264 agendum;
2599 5201 2709 5241 non
2756 5182 2901 5239 enim
2948 5179 3218 5251 baptisma
3265 5184 3319 5233 et
3366 5181 3707 5233 sacramenta

2118 5279 2401 5348 sufﬁciunt,
2434 5286 2492 5332 ut
2523 5275 2738 5348 quidam
2783 5278 3009 5344 putant;
3052 5269 3191 5325 sicut
3219 5283 3323 5324 nec
3366 5264 3567 5322 Iudaeis
3612 5264 3708 5317 be-

2116 5369 2305 5429 neﬁcia
2334 5368 2436 5423 Dei
2462 5366 2773 5431 valuerunt,
2807 5376 2931 5417 cum
2960 5366 3083 5430 post
3109 5352 3710 5430 peccarent.Quoniam

2111 5462 2324 5533 patres.
2376 5453 2640 5525 Exemplo
2708 5450 3040 5514 Iudaeorum,
3092 5447 3185 5519 qui
3231 5440 3567 5516 negligentia
3612 5452 3714 5492 sua

2116 5524 2476 5610 offenderunt,
2511 5539 2773 5598 sollicitos
2818 5537 2968 5594 facit.
2998 5536 3107 5592 Sub
3134 5533 3297 5590 nube.
3351 5528 3489 5598 Quia
3534 5524 3718 5583 omnia

498 5624 664 5721 vana.
684 5665 771 5718 16.
804 5688 873 5702 -
903 5658 1045 5714 Nam
1076 5659 1131 5712 et
1161 5654 1229 5718 si,
1265 5658 1371 5707 etc.
1387 5650 1491 5705 Pro
1518 5642 1807 5702 mercede:
1833 5638 1949 5706 Vel,
1976 5638 2021 5692 si
2118 5636 2175 5691 in
2206 5633 2387 5709 ﬁgura
2413 5631 2586 5689 nostri
2618 5629 2727 5685 illis
2758 5624 3166 5699 contingebant.
