3948 6178
297 281 402 336 535

829 276 1234 335 WALAFRIDI
1261 275 1505 332 STRABI
1532 271 1937 330 FULD.'MON.
1971 271 2125 327 OPP.
2156 271 2334 328 PARS
2360 272 2405 327 Ι.
2438 302 2506 315 --
2530 270 2955 329 THOLOGICA.

3488 277 3591 329 536

364 407 535 461 Vens.
566 408 621 462 2.
653 392 724 445 —'-
751 404 817 459 In
845 403 1021 474 Moyse
1058 402 1347 473 baptizati.
1401 401 1459 452 In
1488 399 1689 453 ducatu
1717 396 1888 468 Moysi
1911 396 1967 457 A
1994 404 2219 467 crepent
2263 396 2318 451 in
2364 395 2607 462 fornace,
2659 396 2750 467 qui
2802 412 2911 452 non
2965 395 3168 451 habent
3212 404 3436 454 ventum
3492 413 3588 453 su-

294 493 515 565 purgati
562 507 664 563 per
704 491 820 545 visa
869 491 1028 560 signa
1065 488 1174 542 illa.
1224 486 1340 549 Vel,
1384 486 1602 557 signum
1642 484 1898 554 baptismi

296 587 638 652 acceperunt,
673 578 818 650 quod
847 576 1194 633 credentibus
1215 574 1359 628 idem
1390 572 1577 627 valuit.
1614 574 1900 644 Baptizati

298 672 458 734 sunt,
490 668 613 738 quia
641 683 671 720 a
699 673 875 720 morte
921 662 1129 718 liberati
1176 669 1227 716 et
1268 677 1367 731 per
1402 676 1523 715 eam
1550 660 1792 714 mundati
1827 660 1897 713 ab

297 755 607 829 ignorantia
636 754 755 817 Dei,
790 768 909 823 qua:
935 750 1219 821 premebat
1239 764 1430 803 omnes
1449 756 1661 818 gentes,
1696 756 1748 802 et
1767 764 1897 818 prae-

300 843 473 915 parati
504 843 573 897 ad
604 840 975 910 accipiendam
1000 838 1200 907 legem.
1218 837 1314 891 Vel
1343 836 1591 906 baptizati
1621 836 1893 901 dicuntur,

300 931 428 1001 quia
466 929 729 1000 gerebant
780 925 1002 981 formam
1067 924 1236 979 nostri
1291 924 1631 979 sacramenti.
1684 924 1899 993 Moyses

299 1018 591 1081 Christum,
624 1014 799 1069 nubes
819 1013 1077 1085 Spiritum
1098 1020 1363 1079 sanctum,
1388 1027 1543 1066 mare
1571 1011 1896 1081 baptismum

306 1102 600 1175 signiﬁcat.

371 1217 541 1270 Vnus.
562 1219 615 1270 3.
641 1245 711 1255 —
758 1216 1025 1270 Eamdem
1054 1230 1260 1271 escam.
1294 1212 1354 1268 Id
1385 1222 1466 1267 est
1499 1212 1604 1267 ﬁde
1639 1231 1652 1267 :
1685 1212 1896 1267 diversa

296 1304 354 1359 in
383 1311 650 1374 tempore,
701 1302 919 1357 diversa
966 1302 1021 1355 in
1063 1301 1264 1372 specie.
1313 1302 1668 1373 Spiritalem.
1703 1301 1762 1354 Id
1792 1308 1893 1365 est,

295 1390 572 1463 spirituale
594 1390 799 1461 aliquid
817 1387 1235 1460 signiﬁcantem.
1251 1389 1385 1443 Cum
1405 1389 1534 1443 dicit
1550 1390 1893 1460 spiritalem,

298 1478 535 1534 ostendit
579 1477 932 1548 spiritualiter
980 1477 1209 1549 intelligi
1253 1477 1306 1530 in
1349 1476 1564 1531 Christo
1610 1484 1662 1530 et
1700 1477 1802 1531 hoc
1828 1476 1896 1530 de

298 1567 551 1623 omnibus
580 1566 769 1633 innuit,
802 1582 971 1620 unum
987 1566 1207 1636 exponit
1238 1583 1251 1619 :
1275 1567 1445 1621 Petra.
1467 1568 1592 1621 erat
1616 1565 1891 1620 Christus.

368 1700 539 1755 Vnus.
563 1701 615 1754 4.
640 1729 708 1739 -—
748 1699 1124 1770 Consequente
1169 1714 1258 1754 eos
1295 1701 1477 1769 petra.
1512 1698 1570 1750 Id
1601 1704 1704 1763 est,
1739 1696 1894 1751 satis-

295 1787 529 1843 faciente
555 1786 811 1841 voluntati
856 1801 1063 1850 eorum,
1113 1785 1242 1857 quia
1287 1801 1507 1855 quoquo
1542 1785 1696 1853 irent,
1730 1800 1886 1855 aquae

298 1875 629 1931 inundantes
678 1882 877 1929 secutae
931 1881 1083 1939 sunt;
1144 1874 1223 1928 sic
1280 1873 1526 1928 Christus
1573 1873 1627 1926 in
1669 1873 1886 1928 deserto

299 1964 461 2033 hujus
491 1961 681 2016 mundi
723 1978 851 2016 suos
887 1962 1192 2017 comitatur.
1235 1961 1352 2027 Vel,
1401 1966 1789 2033 consequente,
1831 1961 1888 2016 id

299 2059 403 2115 est,
438 2057 748 2106 secuturam
776 2049 1056 2104 veritatem
1087 2048 1448 2121 signiﬁcante.
1480 2052 1651 2104 Petra
1670 2054 1882 2105 autem.

301 2139 449 2195 Solet
478 2155 588 2205 res,
620 2154 750 2209 quae
769 2136 1102 2208 signiﬁcatur
1147 2138 1365 2192 nomine
1412 2136 1489 2191 rei
1526 2154 1689 2209 quam
1712 2129 1888 2209 signi-

297 2225 424 2283 ﬁcat
453 2225 741 2281 nominari.
772 2228 961 2281 Petra.
1012 2225 1072 2280 Id
1121 2232 1204 2280 est
1232 2226 1497 2293 Christus,
1531 2226 1883 2297 sequebatur,

300 2314 426 2387 quia
449 2314 542 2369 ubi
563 2315 857 2369 humanum
886 2311 1170 2370 deﬁciebat
1202 2311 1541 2385 suffragium,
1573 2314 1778 2369 aderat.

370 2457 540 2511 Vnus.
572 2455 624 2509 7.
658 2484 726 2494 —
755 2456 937 2527 Neque
976 2454 1309 2520 idololatrce,
1352 2461 1458 2509 etc.
1516 2453 1643 2508 Illos
1690 2455 1884 2525 tangit,

309 2544 399 2616 qui
449 2544 504 2597 in
550 2542 716 2598 idolio
757 2542 1130 2612 epulabantur,
1185 2550 1435 2613 putantes
1479 2558 1538 2597 se
1568 2541 1839 2597 immunes
1870 2586 1883 2610 ,

299 2631 542 2687 crimine.
578 2632 731 2687 Sedit
754 2632 1013 2703 populus.
1039 2632 1140 2685 Per
1164 2630 1737 2686 commemorationem
1766 2631 1883 2686 illo-

303 2736 422 2775 rum
461 2726 608 2775 notat
655 2734 720 2774 ea
772 2736 894 2790 quae
945 2719 1000 2773 in
1054 2718 1342 2773 Corinthiis
1399 2726 1541 2785 sunt,
1594 2719 1889 2774 ostendens

301 2824 461 2881 quam
489 2807 730 2880 graviter
753 2808 942 2877 punita
971 2806 1078 2861 sint
1120 2806 1175 2859 in
1202 2806 1423 2860 Judzeis.
1456 2806 1683 2862 Ludere.
1720 2807 1779 2861 Id
1809 2816 1890 2863 est

302 2897 549 2960 adorare,
582 2895 726 2966 quod
770 2895 898 2949 ludo
943 2910 1236 2966 puerorum
1276 2894 1471 2949 simile.
1507 2894 1698 2949 Facilis
1728 2910 1888 2949 nam-

300 3000 405 3056 que
434 2984 502 3039 ad
530 2984 705 3038 lusum
734 2991 816 3038 est
843 2983 1091 3053 pueritia.
1138 2982 1282 3051 Quid
1328 2990 1506 3039 autem
1534 2983 1674 3038 lusui
1693 2984 1888 3055 puerili

298 3080 411 3128 tam
441 3071 617 3127 simile
646 3079 728 3127 est
756 3087 916 3145 quam
937 3070 1078 3126 idola
1105 3071 1373 3126 adorare?

376 3188 548 3243 Vnus.
564 3190 617 3242 9.
636 3217 705 3227 —
726 3188 908 3259 Neque
940 3190 1223 3242 tentemus
1253 3185 1558 3242 Christum.
1577 3187 1719 3243 Nota
1742 3186 1890 3243 Chri-

299 3283 444 3332 stum
473 3276 647 3330 Deum
677 3290 837 3346 quem
867 3282 1206 3330 tentaverunt
1250 3274 1440 3339 Judaei,
1474 3283 1528 3330 et
1554 3274 1676 3330 ideo
1702 3292 1734 3330 a
1763 3292 1885 3331 ser-

297 3362 549 3435 pentibus
576 3362 873 3434 perierunt,
904 3362 1081 3418 donec
1101 3378 1325 3434 serpens
1340 3379 1524 3418 aeneus
1544 3372 1759 3420 erectus
1779 3373 1881 3433 est,

299 3467 464 3524 quem
485 3451 579 3525 qui
604 3450 965 3518 intuebantur,
1000 3467 1034 3507 a
1062 3451 1337 3507 morsibus
1367 3452 1715 3507 sanabantur.

370 3568 542 3623 Vnus.
579 3569 665 3623 10.
697 3598 766 3608 -
799 3569 862 3623 In
893 3569 1096 3640 ﬁgura.
1144 3550 1288 3624 Ecce
1331 3567 1568 3624 ostendit
1597 3583 1698 3624 cur
1726 3569 1885 3642 signa

290 3655 386 3712 illa
408 3656 524 3725 jam
554 3671 664 3711 non
698 3657 1073 3723 observantur,
1114 3672 1237 3712 cum
1279 3673 1367 3712 res
1404 3656 1690 3713 manifesta
1717 3658 1787 3712 sit
1814 3659 1883 3713 ad

293 3744 684 3802 correctionem
708 3752 969 3800 nostram.

365 3860 537 3915 Vens.
574 3863 659 3915 11.
682 3888 753 3901 --
782 3860 1004 3933 Scripta
1030 3864 1186 3916 sunt.
1221 3860 1344 3916 Non
1375 3868 1596 3932 propter
1627 3877 1729 3916 nos
1760 3869 1881 3916 tan-

206 3998 215 4003 -
296 3956 428 4003 tum.
460 3948 563 4004 Per
589 3950 705 4005 haec
733 3948 878 4003 enim
907 3948 1157 4019 exempla
1194 3949 1262 4003 ad
1309 3949 1691 4005 correctiorem
1718 3949 1882 4005 vitam

291 4052 672 4110 provocamur,
704 4045 760 4091 ut
805 4044 894 4092 aut
931 4037 1232 4107 praemium,
1275 4037 1321 4091 si
1366 4037 1684 4094 obedientes
1716 4037 1882 4093 fueri-

295 4141 438 4191 mus,
471 4132 561 4179 aut
589 4124 998 4194 propensiorem
1026 4112 1244 4195 poenam
1272 4125 1645 4180 inobedientes
1674 4142 1882 4182 merea-

294 4229 441 4269 mur.
481 4214 648 4267 Fines
668 4213 1023 4269 seculorum.
1043 4212 1181 4281 Quia
1210 4213 1264 4267 in
1285 4213 1470 4268 ultima
1490 4222 1646 4269 aetate
1673 4231 1878 4283 sumus,

294 4308 348 4357 et
377 4308 455 4356 tot
487 4300 749 4371 exemplis
777 4300 1020 4371 priorum
1050 4302 1226 4373 magis
1247 4301 1443 4372 corrigi
1472 4303 1751 4358 debemus.
1782 4305 1881 4359 Vel

291 4388 429 4444 ﬁnes
453 4389 638 4446 saeculi
667 4389 1002 4444 devenerunt
1028 4389 1082 4443 in
1111 4405 1231 4455 nos,
1277 4390 1607 4446 saecularitas
1636 4391 1691 4446 in
1722 4393 1879 4448 nobis

294 4475 506 4546 ﬁnitur;
539 4486 592 4533 et
610 4477 735 4533 ideo
763 4478 966 4550 turpius
996 4477 1042 4532 si
1070 4493 1380 4549 peccamus.

361 4595 530 4650 Vnus.
564 4598 650 4653 12.
685 4625 753 4636 -
789 4596 976 4651 Videat
1002 4612 1075 4652 ne
1102 4596 1288 4652 cadat.
1330 4597 1399 4652 Ut
1427 4596 1520 4668 qui
1549 4612 1881 4667 praesumen-

287 4689 370 4739 tes
397 4683 466 4737 de
494 4683 740 4750 scientia,
775 4699 898 4739 cum
930 4683 1189 4740 scandalo
1235 4683 1463 4740 fratrum
1494 4685 1728 4740 edebant
1753 4686 1877 4742 ido-

286 4770 508 4842 lothyta,
541 4779 595 4826 et
621 4771 689 4826 de
718 4771 926 4841 pseudo
956 4773 1272 4845 gloriantes,
1316 4772 1638 4842 judicabant
1663 4783 1879 4845 aposto-

285 4858 398 4913 lum
428 4874 550 4915 cum
573 4858 677 4929 ipsi
708 4866 891 4913 essent
920 4860 1015 4914 rei.

357 4982 528 5037 Vnus.
564 4985 649 5037 13.
684 5012 753 5024 -
788 4984 1042 5038 Tentatio
1076 4999 1185 5050 vos,
1232 4972 1333 5040 etc.
1374 4985 1626 5040 Hortatur
1666 4993 1724 5040 ut
1771 4986 1876 5041 hu-

281 5085 445 5126 mana
478 5071 700 5125 tentatio
746 5070 869 5126 illos
915 5072 1305 5142 apprehendat,
1336 5088 1445 5129 non
1473 5074 1597 5129 alia.
1632 5075 1876 5130 Humana

283 5158 425 5215 enim
460 5158 680 5213 tentatio
709 5168 811 5221 est,
846 5168 902 5213 ut
930 5159 984 5213 in
1015 5160 1336 5217 necessitate
1368 5162 1456 5216 vel
1484 5179 1738 5232 pressura
1767 5180 1876 5220 non

284 5245 489 5302 diﬁidat
537 5247 699 5300 homo
746 5247 815 5302 de
860 5249 996 5315 Deo,
1046 5248 1302 5303 auxilium
1345 5249 1641 5306 humanum
1686 5253 1873 5325 requi-

281 5335 471 5391 rendo.
503 5334 728 5405 Propter
756 5334 1025 5390 Christum
1057 5353 1187 5407 ergo
1233 5338 1362 5409 pati,
1395 5338 1624 5394 humana
1653 5342 1875 5397 tentatio

284 5430 385 5490 est,
417 5438 519 5494 per
548 5437 712 5494 quam
739 5421 1017 5494 proﬁcitur
1042 5425 1186 5496 apud
1214 5427 1406 5482 Deum.

352 5539 585 5595 Possitis
614 5540 917 5595 sustinere.
950 5537 1107 5609 Quod
1136 5540 1194 5594 ﬁt
1222 5558 1322 5613 per
1351 5542 1726 5600 humilitatem.
1766 5546 1875 5600 Hu-

282 5626 440 5681 miles
470 5628 615 5682 enim
645 5628 699 5682 in
741 5627 887 5685 omni
930 5628 1221 5685 tentatione
1269 5631 1520 5701 custodit,
1561 5640 1618 5686 ut
1661 5632 1736 5690 illi
1763 5650 1871 5690 non

1994 484 2219 554 perbiae.

2066 572 2237 627 Vnus.
2270 573 2355 626 14.
2388 602 2457 612 -
2485 574 2721 644 Propter
2750 573 2913 645 quod,
2948 581 3054 629 etc.
3096 572 3237 642 Quia
3265 573 3383 628 sola
3415 588 3593 629 sacra-

1994 668 2178 714 menta
2206 676 2315 714 non
2344 654 2574 727 salvant,
2633 668 2688 715 et
2737 661 2864 732 quia
2909 661 3002 732 qui
3053 662 3200 717 cadit
3241 662 3487 732 punitur,
3540 669 3592 716 et

1996 748 2119 820 quia
2160 748 2417 802 auxilium
2463 748 2562 802 Dei
2606 763 2715 803 non
2759 749 2940 818 deest,
2990 748 3158 820 fugite
3200 750 3269 803 ab
3318 749 3588 805 idolorum

1995 836 2159 890 cultu.
2194 836 2310 902 Vel,
2356 852 2425 890 ne
2471 836 2758 891 comedent
2805 837 3081 907 sapientes
3132 838 3441 909 idolothyta
3472 854 3595 892 cum

1995 922 2322 979 oﬂ’endiculo
2350 922 2709 989 inﬁrmorum,
2745 924 2941 996 quibus
2988 925 3291 981 idololatria
3331 925 3594 981 videren-

1996 1019 2102 1067 tur.
2138 1012 2256 1077 Vel,
2289 1028 2358 1065 ne
2394 1012 2499 1082 ipsi
2542 1012 2740 1065 inﬁrmi
2774 1011 3067 1068 idololatraa
3096 1013 3219 1082 sint,
3253 1021 3307 1068 et
3333 1021 3392 1067 ut
3421 1012 3601 1084 fugia-

1995 1099 2063 1153 tis
2086 1099 2279 1171 loquor
2305 1099 2471 1153 altum
2510 1099 2709 1173 aliquid
2761 1100 2913 1171 quasi
2960 1100 3339 1171 prudentibus,
3388 1109 3445 1155 et
3474 1101 3597 1156 ideo

1996 1187 2286 1259 diligenter
2312 1187 2619 1255 dijudicate.
2654 1188 2770 1255 Vel,
2817 1187 2982 1243 modo
3023 1188 3219 1260 loquor
3248 1187 3503 1254 inﬁrmis,
3541 1195 3598 1242 ut

1996 1290 2158 1345 supra
2186 1275 2565 1345 prudentibus.

2068 1389 2237 1443 Vnus.
2266 1391 2349 1442 16.
2374 1419 2443 1429 -
2476 1389 2641 1445 Calix
2669 1390 3094 1446 benedictionis.
3117 1390 3248 1446 Ideo
3276 1389 3597 1462 fugiendum

1997 1492 2027 1530 a
2057 1476 2267 1532 cultura
2295 1476 2577 1543 idolorum,
2626 1477 2750 1549 quia
2799 1485 2856 1532 ut
2900 1479 3195 1533 comedens
3230 1477 3592 1550 idolothytum

1996 1580 2163 1619 unum
2189 1572 2273 1619 est
2302 1579 2424 1620 cum
2454 1565 2722 1635 daemone,
2743 1565 2824 1621 sic
2847 1581 2949 1637 per
2965 1581 3165 1636 corpus
3192 1567 3397 1623 Christi
3428 1583 3597 1622 unum

1996 1660 2077 1709 est
2107 1669 2230 1708 cum
2259 1652 2491 1709 Christo.

1914 1745 1968 1806 Β
2068 1743 2243 1797 Panis
2269 1758 2433 1814 quem
2462 1742 2805 1813 frangimus.
2835 1742 3057 1813 (BnnA.)
3097 1742 3340 1798 Christus
3374 1743 3597 1814 quando

1989 1829 2356 1894 manducatur,
2380 1829 2486 1884 vita
2515 1830 2896 1885 manducatur.
2921 1830 3029 1886 Sed
3054 1831 3176 1902 quis
3204 1831 3427 1899 audeat,
3460 1838 3590 1899 etc.,

1948 1935 1953 1939 ’
1987 1933 2158 1990 usque
2186 1918 2258 1972 ad
2284 1918 2541 1972 manebat
2568 1918 2709 1989 apud
2738 1920 2962 1974 Patrem
2991 1919 3222 1990 integer,
3255 1928 3315 1975 ut
3349 1920 3589 1991 angelos

1991 2013 2258 2076 pasceret.

2059 2120 2226 2174 Vsus.
2254 2122 2340 2177 17.
2360 2119 2709 2187 —Quoniam
2724 2138 2893 2188 unus,
2908 2129 3012 2177 etc.
3026 2122 3179 2178 Unus
3198 2122 3355 2193 panis
3376 2123 3585 2179 unione

1984 2205 2130 2273 ﬁdei,
2181 2206 2299 2277 spei
2338 2216 2393 2263 et
2435 2208 2729 2264 charitatis.
2774 2209 2985 2280 Corpus
3030 2218 3114 2265 est
3158 2226 3260 2280 per
3300 2211 3583 2266 submini-

1985 2296 2304 2351 strationem
2338 2296 2614 2352 charitatis
2642 2314 2655 2351 :
2688 2296 2816 2368 quia
2855 2314 3022 2352 unum
3067 2314 3273 2368 sumus,
3327 2308 3383 2354 et
3414 2315 3582 2354 unum

1987 2384 2188 2438 sentire
2213 2384 2494 2439 debemus.
2519 2386 2645 2441 Haec
2663 2394 2843 2440 autem
2869 2385 2999 2442 dicit
3016 2394 3074 2440 ut
3104 2385 3241 2442 ﬁdes
3275 2403 3386 2442 una
3418 2403 3584 2447 unum

1988 2473 2187 2528 habeat
2215 2489 2436 2528 sensum
2466 2481 2517 2529 et
2545 2489 2703 2544 opus.

2057 2587 2226 2641 Vnus.
2278 2591 2363 2641 18.
2413 2618 2483 2627 -
2530 2582 2755 2644 νίἁειε.’
2782 2587 3085 2644 Similitudo
3127 2598 3211 2645 est
3256 2591 3325 2645 ad
3372 2591 3584 2647 intelli-

1984 2674 2221 2745 gendum
2249 2675 2396 2746 quod
2424 2691 2585 2746 supra
2614 2675 2818 2731 dictum
2839 2685 2940 2731 est.
2956 2676 3084 2732 Ideo
3114 2677 3342 2745 addidit,
3375 2694 3576 2735 secun-

1987 2763 2122 2819 dum
2153 2780 2402 2831 carnem,
2453 2763 2580 2836 quia
2619 2773 2701 2819 est
2749 2765 2918 2819 Israel
2961 2766 3266 2821 secundum
3296 2768 3578 2837 spiritum,

1985 2851 2075 2922 qui
2121 2858 2334 2906 veteres
2387 2852 2609 2906 umbras
2648 2852 2762 2920 jam
2819 2868 2927 2906 non
2976 2854 3244 2925 sequitur,
3304 2856 3404 2910 sed
3454 2871 3575 2911 eam

1984 2946 2406 3010 consequentem
2447 2940 2590 3011 (quae
2626 2940 2732 2995 illis
2776 2940 2983 2994 umbris
3027 2942 3469 3012 przecedcntibus
3499 2943 3577 2998 si-

1982 3025 2236 3098 gniﬁcata
2264 3030 2366 3098 est)
2394 3027 2708 3095 veritatem;
2757 3036 2809 3083 et
2837 3028 3077 3083 immolat
3107 3031 3223 3085 Deo
3253 3030 3309 3084 in
3338 3047 3578 3103 corpore

1913 3097 1963 3159 C
1990 3097 2189 3170 Christi
2243 3113 2564 3171 sacriﬁcium
2611 3116 2812 3182 laudis,
2872 3133 2939 3172 ex
2988 3132 3096 3189 quo
3145 3119 3292 3175 Deus
3348 3097 3579 3176 dedrum

1984 3203 2248 3258 Dominus
2275 3204 2483 3259 locutus
2510 3212 2611 3274 est,
2645 3212 2697 3259 et
2726 3205 2938 3261 vocavit
2980 3213 3180 3261 terram
3221 3222 3254 3262 a
3293 3208 3424 3263 solis
3459 3217 3581 3264 ortu

1984 3307 2157 3363 usque
2186 3292 2252 3346 ad
2282 3307 2539 3348 occasum
2552 3334 2565 3346 .

2054 3406 2223 3461 Vnus.
2260 3410 2344 3462 19.
2376 3438 2446 3448 -
2466 3407 2601 3475 Quid
2629 3411 2797 3479 ergo?
2842 3406 2984 3477 Quia
3029 3408 3159 3480 dixi,
3194 3409 3364 3483 fugite
3391 3427 3426 3466 a
3459 3412 3575 3468 cul-

1983 3502 2098 3550 tura
2122 3495 2408 3565 idolorum,
2441 3495 2631 3553 videor
2680 3496 2879 3563 dicere,
2925 3498 3070 3569 quod
3110 3498 3275 3554 idolis
3305 3501 3575 3557 immola-

1985 3587 2109 3638 tum
2138 3584 2213 3638 sit
2240 3583 2455 3657 aliquid
2510 3599 2789 3655 magnum,
2837 3585 2933 3640 sed
2981 3600 3091 3640 non
3139 3585 3243 3641 hoc
3294 3587 3438 3654 dico,
3482 3590 3580 3645 sed

1981 3671 2158 3743 potius
2185 3672 2326 3738 dico,
2360 3673 2503 3744 quod
2548 3688 2609 3727 ea
2657 3689 2778 3744 quae
2804 3680 2996 3745 gentes
3026 3673 3330 3745 immolant,
3363 3675 3571 3732 daemo-

1981 3759 2086 3814 niis
2110 3759 2425 3816 immolant:
2458 3760 2584 3833 quia
2612 3760 2756 3816 idolo
2783 3760 3033 3816 diabolus
3061 3762 3277 3830 colitur,
3301 3764 3393 3836 qui
3420 3765 3576 3837 pejor

1985 3856 2072 3903 est
2096 3848 2265 3905 idolo.

2052 3962 2223 4017 Vnus.
2251 3965 2340 4019 20.
2364 3962 2632 4019 —Socios
2659 3962 2787 4032 ﬁeri
2814 3964 3221 4021 daemoniorum
3249 3965 3440 4036 (AUG.,
3480 3966 3576 4022 lib.

1982 4065 2023 4106 ιι
2051 4051 2116 4107 de
2145 4052 2397 4106 Doctrin.
2435 4051 2661 4117 Christ.,
2695 4068 2743 4106 c.
2777 4055 2867 4121 20,
2889 4056 2978 4121 21,
3011 4054 3142 4123 etc.)
3166 4054 3249 4108 Ad
3280 4054 3384 4110 hoc
3400 4071 3578 4127 genus

1982 4139 2147 4194 etiam
2173 4140 2441 4209 pertinent
2467 4139 2891 4195 consultationes
2937 4148 2990 4196 et
3022 4149 3202 4212 pacta,
3235 4150 3364 4209 etc.,
3398 4158 3578 4217 usque

1980 4229 2053 4283 ad
2080 4227 2464 4293 mathematici,
2489 4228 2582 4299 qui
2597 4235 2861 4284 conantur
2888 4229 3161 4285 actionum
3184 4238 3412 4287 eventus
3436 4248 3575 4303 prae-

1982 4314 2203 4382 dicere,.
2222 4315 2490 4371 dicuntur.

1899 4452 1952 4513 D
2054 4430 2221 4485 Vens.
2254 4433 2349 4485 22.
2389 4446 2458 4469 '—
2488 4430 2575 4485 An
2603 4431 2944 4487 cemutamur
2961 4433 3280 4488 Dominum.
3314 4432 3578 4488 Videntur

1977 4518 2217 4573 aemulari
2247 4526 2300 4573 et
2328 4518 2575 4573 invidere
2618 4519 2871 4585 Domino,
2923 4520 3075 4589 cujus
3129 4536 3364 4593 regnum
3407 4522 3575 4578 dimi-

1976 4614 2227 4677 nuerunt,
2258 4607 2350 4678 qui
2381 4623 2506 4661 cum
2531 4607 2788 4662 seandalo
2818 4606 3043 4662 fratrum
3073 4609 3385 4665 comedunt.

2049 4722 2219 4776 Vnus.
2242 4724 2332 4777 23.
2365 4751 2433 4761 -
2465 4720 2667 4777 Omnia
2702 4721 2845 4776 mihi
2893 4722 3086 4778 licent.
3121 4723 3390 4779 Potestate
3418 4724 3573 4782 liberi

1977 4809 2187 4863 arbitrii
2216 4817 2269 4865 et
2298 4810 2546 4866 doctrina
2592 4810 2731 4882 legis
2766 4811 3044 4866 naturalis.
3076 4813 3201 4867 Non
3229 4813 3355 4885 quia
3384 4812 3570 4869 omnia

1976 4896 2171 4953 liceant
2236 4898 2397 4953 etiam
2434 4897 2640 4967 illicita,
2710 4898 2807 4953 sed
2875 4914 3005 4956 ecce
3068 4915 3336 4971 ponamus
3402 4902 3572 4960 licere

1978 5000 2181 5040 omnia.

2047 5084 2218 5140 Vnus.
2247 5086 2337 5141 25.
2369 5114 2439 5126 -
2469 5083 2644 5139 Omne
2670 5084 2812 5157 quod
2852 5085 2918 5139 in
2964 5086 3222 5143 macello.
3255 5085 3395 5156 Quia
3422 5088 3571 5145 licita

1977 5180 2120 5241 sunt,
2154 5181 2207 5227 et
2238 5180 2416 5227 tamen
2447 5187 2554 5227 non
2584 5180 2667 5227 est
2692 5172 2953 5228 utendum
3002 5174 3080 5228 eis
3127 5190 3364 5246 semper,
3398 5177 3575 5233 deter-

1975 5260 2144 5315 minat
2173 5260 2445 5330 quomodo
2471 5260 2632 5315 liceat
2661 5261 2761 5315 ede
2774 5277 2831 5317 re
2860 5259 2945 5316 vel
2975 5277 3083 5317 non
3115 5263 3297 5319 edere.

2047 5366 2219 5421 Vnus.
2251 5370 2339 5423 28.
2361 5395 2431 5407 -
2450 5368 2687 5439 Propter
2704 5368 2893 5422 illum.
2928 5366 3068 5435 Quia
3089 5369 3179 5440 qui
3202 5369 3360 5426 idolis
3389 5372 3569 5437 servit,

1974 5470 2073 5528 per
2120 5455 2225 5510 hoc
2266 5454 2586 5526 gloriabitur
2630 5462 2684 5511 et
2724 5454 3136 5511 conﬁrmabitur
3178 5458 3234 5512 in
3283 5475 3486 5529 errore,
3521 5467 3572 5515 et

1974 5542 2230 5598 fratribus
2258 5543 2461 5598 malum
2491 5543 2650 5598 datur
2680 5543 3013 5615 exemplum.

2045 5633 2213 5689 Vnus.
2245 5636 2335 5690 29.
2360 5663 2428 5674 -—
2448 5635 2513 5691 Ut
2540 5634 2672 5706 quid
2699 5635 2870 5690 enim.
2896 5632 3061 5703 Quasi
3085 5651 3097 5689 :
3124 5633 3267 5704 Quid
3296 5652 3434 5708 opus
3462 5646 3562 5703 est,
