3948 6178
181 276 261 332 531
934 259 1652 318 GLOSSA'ORDINARIA.
1693 292 1764 303 —
1808 261 2026 317 EPIST.
2060 216 2206 316 ιᾸι)
2238 259 2398 316 con.

3307 264 3411 316 538

181 407 223 455 ut
259 400 396 468 puter
433 403 586 445 causa
639 385 1001 443 venerationis
1046 385 1208 441 edere
1227 386 1257 441 ἢ
1301 385 1523 441 Judicor
1567 385 1711 441 enim
1731 386 1788 449 Α
1818 385 2060 441 nondum
2109 399 2206 440 suo
2254 383 2427 453 judici
2479 399 2539 440 se
2595 381 2755 439 oﬁ'ert
2814 390 2866 439 et
2925 381 3269 455 colloquitur,
3330 383 3419 438 ubi

183 502 268 541 non
292 482 472 537 distare
494 478 560 532 ab
585 475 880 531 idololatra.

236 590 381 644 Vsus.
412 587 495 639 3t.
530 602 600 623 »-
646 583 769 638 Sive
796 596 922 653 ergo
949 579 1328 636 manducatis.
1370 580 1493 635 Non
1540 578 1712 634 solum

183 692 284 748 ergo
308 690 400 730 vox
424 681 506 727 tua
533 677 685 725 sonet
710 669 898 724 laudes
926 668 1059 734 Dei,
1105 668 1202 723 sed
1233 668 1393 723 etiam
1423 682 1586 738 opera
1624 674 1712 722 tua

180 762 462 822 concOrdent
490 775 608 816 cum
637 773 771 813 voce
798 765 908 813 tua.
955 757 1089 812 Cum
1133 756 1276 811 enim
1303 771 1437 812 voce
1463 764 1714 812 cantave—

181 855 255 918 ris,
294 849 461 907 silebis
503 845 784 918 aliquando
822 844 954 901 vita.
996 844 1106 902 Sed
1135 844 1215 900 sic
1244 852 1417 910 canta,
1465 852 1524 899 ut
1568 858 1713 899 nun-

182 956 307 1013 quam
334 937 502 992 sileas.
550 934 605 989 Si
642 933 785 988 enim
816 949 911 988 ore
941 933 1162 1011 clamas,
1197 941 1250 988 et
1289 932 1532 988 fraudem
1569 932 1714 1004 cogi-

179 1039 260 1093 tas,
296 1023 471 1080 siluisti
515 1037 548 1077 a
593 1021 750 1078 laude
777 1020 896 1087 Dei,
947 1029 1000 1076 et
1048 1020 1192 1093 quod
1235 1020 1457 1092 gravius
1497 1028 1601 1088 est,
1660 1020 1714 1075 in

179 1112 521 1185 blasphemiam
563 1108 864 1180 perrexisti.
904 1107 1037 1163 Cum
1083 1108 1227 1164 enim
1276 1109 1522 1163 laudatur
1570 1110 1715 1163 Deus

178 1204 231 1259 de
261 1203 386 1257 bono
422 1214 581 1270 Opere
609 1205 718 1263 tuo,
759 1196 949 1252 laudas
979 1197 1154 1252 Deum
1185 1214 1198 1251 :
1229 1205 1282 1252 et
1309 1212 1434 1252 cum
1471 1197 1718 1267 blasphe-

180 1298 323 1346 matur
346 1289 481 1343 Deus
509 1286 575 1341 de
600 1285 746 1341 malo
780 1300 947 1356 opere
985 1292 1094 1351 tuo,
1137 1285 1479 1356 blasphemas
1518 1286 1712 1339 Deum.

178 1379 222 1435 Si
259 1391 372 1447 ergo
416 1374 551 1446 quod
597 1372 896 1428 manducas
937 1381 991 1428 et
1036 1372 1196 1439 bibis,
1244 1373 1315 1428 ad
1370 1372 1716 1429 refectionem

180 1465 379 1537 corporis
411 1463 591 1528 sumis,
633 1461 1142 1533 reparationemquc
1178 1461 1562 1526 membrorum,
1601 1477 1719 1533 gra-

177 1554 257 1609 tias
280 1568 432 1624 agens
477 1550 525 1606 ei
570 1550 663 1622 qui
696 1549 794 1604 tibi
831 1549 1019 1604 tribuit
1057 1550 1270 1605 mortali
1314 1558 1366 1605 et
1401 1548 1580 1620 fragili
1618 1549 1718 1605 ista

180 1641 631 1713 supplementorum
662 1637 870 1704 solatia,
902 1638 1055 1694 cibus
1084 1647 1209 1693 tuus
1246 1646 1299 1693 et
1338 1646 1496 1709 potus
1537 1637 1721 1692 laudat

1814 474 2178 529 conditionem
2211 488 2364 528 suam
2394 488 2621 527 necesse
2652 480 2733 527 est
2758 470 3017 543 proﬁteri.

1885 563 2055 617 Vnus.
2090 563 2143 617 ’7.
2176 592 2246 603 --
2271 562 2548 629 Quoniam
2577 562 2778 632 imago.
2826 561 3011 632 Imago
3040 568 3093 616 et
3119 560 3413 616 similitudo

1811 665 1910 720 pro
1941 666 1999 703 se
2029 649 2258 704 invicem
2310 649 2668 720 accipiuntur,
2727 648 2827 703 sed
2855 657 3034 703 tamen
3067 648 3120 701 in
3152 650 3255 703 hoc
3284 664 3415 719 pro-

1814 737 1933 808 prie
1984 744 2064 791 est
2114 738 2407 792 similitudo
2453 737 2647 791 anima":
2694 734 2815 792 cum
2861 738 3000 805 Deo,
3051 737 3197 808 quod
3244 736 3413 792 incir-

1815 826 2160 897 cumscripta,
2196 827 2342 898 quod
2371 826 2573 897 ubique
2601 834 2711 881 tota
2742 832 2794 880 et
2823 825 3003 880 simul.

1888 915 2077 985 (AUG.,
2109 914 2203 968 lib.
2238 929 2320 968 xu
2353 914 2418 969 de
2457 915 2609 969 Trin.
2643 931 2692 970 c.
2728 916 2781 979 Ἷ,
2820 919 2874 980 8,
2907 913 2987 984 9.)
3018 914 3192 969 Homo
3222 913 3422 969 dicitur

1816 1005 2000 1075 imago
2028 1002 2149 1069 Dei,
2172 1009 2224 1057 et
2252 1001 2321 1056 ad
2348 1001 2642 1074 imaginem
2676 1020 2688 1055 :
2723 1001 2849 1074 quia
2876 1018 2985 1056 non
3011 1001 3253 1073 aequalis,
3288 1010 3416 1069 etc.,

1813 1108 1987 1163 usque
2014 1092 2085 1147 ad
2115 1098 2172 1144 ut
2198 1090 2340 1145 male
2368 1090 2613 1147 viventes
2638 1091 2777 1146 bene
2807 1089 3079 1163 loquendo
3128 1090 3410 1162 turpitudi-

1815 1194 1941 1234 nem
1970 1195 2122 1233 suam
2150 1186 2459 1249 contegant.

1886 1269 2058 1322 Vens.
2110 1270 2195 1321 ll.
2241 1296 2312 1307 —
2367 1269 2782 1323 Verumtamen.
2836 1265 3100 1335 Quamvis
3145 1266 3201 1321 in
3243 1266 3419 1337 prima

1816 1355 2123 1411 conditione
2171 1370 2280 1411 non
2321 1355 2389 1409 sit
2436 1355 2521 1410 vir
2568 1356 2637 1409 de
2684 1354 2904 1421 femina,
2959 1354 3056 1410 sed
3111 1370 3416 1410 converso:

1818 1444 1975 1499 etiam
2003 1444 2059 1498 in
2097 1443 2344 1515 sequenti
2397 1443 2752 1516 generatione
2789 1434 2897 1497 non
2935 1452 3018 1499 est
3054 1444 3177 1498 hoc.
3220 1445 3285 1498 In
3322 1445 3418 1500 Do-

1817 1534 1994 1589 mino.
2026 1532 2084 1585 Id
2111 1539 2192 1586 est
2221 1532 2276 1585 in
2305 1532 2619 1601 operatione
2650 1531 2887 1598 Domini,
2911 1532 2967 1585 in
2997 1546 3104 1604 qua
3129 1530 3270 1587 alter
3299 1530 3416 1586 sine

1819 1619 1988 1675 altero
2017 1635 2126 1676 non
2159 1628 2394 1676 creatur.

181 1732 335 1786 Deum.
378 1728 429 1783 Si
457 1743 582 1784 vero
610 1728 834 1782 modum
875 1735 1076 1781 naturae
1123 1726 1364 1782 debitum
1393 1726 1792 1800 immodelra-B
1892 1735 2062 1791 Vsus,
2099 1738 2184 1793 12,
2232 1765 2302 1775 _
2351 1735 2552 1790 omnia
2598 1739 2811 1790 autem.
2861 1734 3151 1806 Postquam
3199 1734 3416 1805 singula

178 1819 291 1873 tione
330 1815 614 1872 voracitatis
664 1815 916 1880 excedas,
957 1824 1010 1870 et
1050 1814 1339 1870 vinolentia
1381 1822 1431 1870 te
1470 1814 1714 1886 ingurgi-

174 1914 253 1973 tes,
295 1905 632 1977 quantaslibet
658 1903 852 1959 laudes
896 1903 996 1959 Dei
1039 1903 1226 1976 lingua
1253 1911 1341 1958 tua
1372 1911 1556 1970 sonet,
1605 1902 1717 1958 vita

177 1994 483 2065 blasphemat.

229 2108 373 2161 Vsus.
400 2109 483 2162 32.
512 2136 582 2147 -
624 2106 892 2162 Ecclesia:
920 2107 1037 2161 Dei.
1070 2104 1344 2174 Quantum
1372 2105 1441 2159 ad
1469 2103 1715 2160 inﬁrmos

174 2195 327 2265 quibus
369 2192 493 2249 ﬁunt
532 2191 885 2260 offendicula,
935 2193 1064 2248 dum
1096 2208 1287 2249 eorum
1337 2193 1587 2264 exemplo
1616 2193 1714 2249 ad-

176 2284 341 2338 herant
362 2281 440 2336 his
468 2297 587 2353 quas
615 2281 836 2337 inimica
866 2288 991 2336 sunt
1010 2282 1145 2337 Deo.

230 2398 373 2453 Vens.
403 2399 487 2451 33.
510 2426 580 2437 --
604 2396 875 2453 Omnibus
896 2397 1110 2468 placeo.
1131 2394 1236 2465 Qui
1255 2394 1567 2451 hominibus
1581 2411 1714 2467 pro-

174 2495 269 2558 pter
291 2484 551 2540 veritatem
596 2484 795 2555 placet,
838 2484 949 2553 jam
997 2499 1107 2539 non
1151 2483 1269 2555 ipse
1297 2480 1529 2550 illis,sed
1574 2483 1718 2540 veri-

174 2585 235 2630 tas
257 2574 429 2645 placet.
478 2572 533 2628 Si
560 2581 787 2644 propter
815 2573 1054 2643 seipsum
1083 2572 1263 2643 placet
1290 2574 1474 2638 homo,
1520 2587 1714 2643 super-

174 2664 240 2718 bia
275 2670 374 2728 est;
414 2661 512 2717 hoc
553 2668 638 2716 est
684 2660 831 2733 quod
860 2659 989 2715 alibi
1033 2660 1166 2716 dixit
1216 2678 1230 2715 :
1286 2662 1346 2717 Si
1397 2661 1715 2717 hominibus

170 2753 419 2824 placerem,
469 2766 663 2807 servus
705 2750 916 2805 Christi
956 2766 1073 2805 non
1104 2765 1284 2806 essem
1311 2749 1457 2821 (Gal.
1493 2749 1555 2820 ι).
1607 2749 1717 2804 Se‘d

170 2839 365 2909 nunquid
418 2838 667 2908 placebat
723 2837 1166 2908 persecutoribus
1222 2837 1333 2892 suis
1364 2837 1392 2891 ?
1468 2837 1718 2893 Placebat

171 2927 285 2981 omni
331 2926 509 3000 generi
551 2924 856 2993 hominum,
909 2926 1051 2997 quod
1107 2925 1302 2981 Christi
1349 2926 1716 2998 congregabat

172 3015 445 3081 Ecclesiam,
485 3015 601 3072 sive
630 3015 744 3085 jam
783 3013 927 3069 intus
953 3013 1163 3085 positis,
1217 3014 1332 3070 sive
1361 3013 1713 3070 introducan-

174 3102 458 3159 disineam.

739 3253 966 3310 CAPUT
1002 3254 1101 3310 XI.

223 3395 367 3450 Vsus.
399 3399 447 3450 1.
476 3425 547 3438 -
588 3396 931 3452 Imitatores.
963 3395 1099 3451 Sunt
1121 3395 1322 3468 gradus
1370 3395 1426 3450 in
1467 3396 1717 3452 Ecclesia

170 3483 388 3552 majorum
429 3493 480 3540 et
515 3484 809 3554 minorum,
861 3492 919 3539 nt
965 3483 1044 3539 illi
1089 3484 1338 3555 exemplo
1381 3486 1711 3556 praecedant,

170 3570 213 3623 hi
242 3571 510 3628 imitatione
552 3580 872 3644 sequantur.
926 3572 1035 3628 Sed
1076 3580 1128 3628 et
1168 3573 1259 3645 qui
1289 3574 1619 3644 pmeedunt,
1669 3575 1716 3629 si

171 3659 396 3716 neminem
424 3669 746 3733 sequuntur,
796 3660 1051 3716 errabunt
1080 3678 1095 3716 :
1128 3669 1425 3734 sequuntur
1453 3677 1584 3735 ergo
1612 3662 1714 3716 ali-

169 3762 312 3817 quem,
338 3749 389 3804 id
416 3757 497 3806 est
520 3750 823 3805 Christum.

222 3860 365 3918 Vsus.
406 3867 457 3921 2.
515 3896 587 3906 —
645 3864 853 3933 Laudo,
906 3871 1008 3919 etc.
1057 3863 1250 3935 Incipit
1296 3863 1386 3920 hic
1436 3878 1600 3937 agere
1645 3864 1716 3921 de

168 3948 473 4008 relationibus
513 3953 570 4008 in
620 3951 818 4025 quibus
857 3952 1032 4023 arguit
1068 3952 1190 4008 illos
1232 3968 1360 4008 suas
1397 3952 1714 4009 traditiones

168 4051 251 4092 non
292 4050 557 4097 servantes
592 4059 607 4097 :
642 4042 770 4114 quia
803 4041 1019 4097 illorum
1057 4040 1222 4112 aliqui
1264 4041 1366 4097 viri
1405 4042 1580 4097 velato
1618 4058 1713 4098 ca-

165 4125 265 4195 pite,
307 4136 353 4183 et
378 4129 563 4203 aliquae
610 4130 868 4186 mulieres
897 4145 1006 4185 non
1043 4130 1218 4185 velato
1255 4130 1432 4201 capite
1471 4131 1709 4196 orabant,

166 4222 237 4268 aut
256 4219 645 4288 prophetabant.
695 4220 853 4274 Unde
880 4226 933 4273 et
963 4227 1251 4274 succenset
1289 4219 1369 4273 eis
1398 4219 1710 4289 Apostolus,

166 4303 261 4371 quia
310 4320 421 4360 cum
476 4314 625 4363 esset
677 4307 756 4362 eis
802 4307 1115 4378 Apostolus,
1165 4306 1514 4362 immemores
1560 4314 1714 4362 erant

167 4390 458 4449 traditionum
494 4396 633 4465 ejus,
686 4396 858 4467 quasi.
908 4396 1026 4451 Etsi
1064 4397 1134 4452 de
1172 4395 1294 4452 aliis
1323 4396 1503 4468 culpo,
1550 4396 1710 4452 laudo

164 4485 309 4536 tamen
335 4483 398 4538 de
423 4484 526 4540 hoc
549 4502 563 4539 :
588 4484 784 4540 ironia.
846 4538 847 4541 η

217 4584 362 4642 Vens.
392 4593 442 4644 3.
473 4621 543 4631 --
578 4592 711 4657 Viri,
745 4598 850 4648 etc.
883 4592 1067 4648 Potest
1097 4592 1317 4647 nomine
1347 4592 1451 4647 viri
1480 4592 1709 4665 intelligi

162 4671 228 4727 hic
249 4676 468 4745 spiritus,
498 4695 613 4735 non
641 4679 734 4734 ille
762 4680 991 4751 Spiritus
1022 4689 1237 4735 sanctus
1270 4681 1362 4753 qui
1396 4696 1519 4736 cum
1551 4681 1708 4738 Patre

164 4766 203 4812 et
223 4760 337 4817 Filio
357 4764 703 4823 immutabilis
733 4777 934 4833 manet,
978 4777 1031 4825 et
1059 4769 1242 4842 dignis
1270 4769 1464 4824 animis
1493 4770 1705 4827 incom-

164 4851 440 4909 mutabiliter
478 4856 672 4923 datur;
724 4857 822 4919 sed
860 4858 1079 4928 spiritus
1118 4858 1374 4928 hominis,
1425 4859 1519 4930 qui
1555 4860 1705 4930 quasi

164 4936 320 4993 animm
369 4943 612 5014 maritus,
678 4945 968 5001 animalem
1045 4945 1388 5002 affectionem
1451 4955 1705 5018 tanquam

162 5027 403 5099 coujugem
449 5032 614 5103 regit.
668 5034 849 5106 Caput
881 5035 1136 5090 Christus
1167 5040 1270 5091 est.
1323 5034 1461 5104 Quia
1489 5035 1704 5107 spiritus

163 5110 353 5171 hominis
380 5119 588 5193 regitur
616 5137 649 5176 a
678 5121 945 5193 sapientia
974 5123 1093 5192 Dei,
1149 5139 1269 5196 quae
1298 5123 1545 5179 Christus
1574 5131 1657 5180 est
1686 5143 1700 5179 :

162 5196 203 5251 in
224 5218 313 5273 quo
338 5205 465 5262 sicut
502 5208 559 5262 in
601 5210 776 5280 capite
818 5218 944 5264 sunt
984 5225 1173 5267 omnes
1216 5227 1410 5268 sensus
1449 5212 1702 5284 spiritua-

1816 1822 1967 1889 dixit,
2006 1831 2063 1878 ut
2100 1823 2283 1878 omnia
2324 1823 2439 1879 Deo
2478 1823 2569 1878 uni
2610 1822 2876 1893 principio
2908 1823 3216 1891 subjiceret,
3267 1823 3418 1877 addit

1815 1914 2009 1967 omnia
2066 1928 2139 1967 ex
2193 1914 2321 1975 Deo,
2379 1919 2437 1966 ut
2491 1928 2669 1982 neque
2724 1910 2919 1965 mulier
2964 1911 3033 1965 de
3083 1911 3417 1979 subjectione

1816 2000 2018 2069 doleat,
2048 2015 2224 2071 neque
2256 1999 2341 2055 vir
2369 1999 2438 2055 de
2468 1999 2797 2054 exultatione
2829 1999 3125 2069 superbiat.

1888 2101 2060 2156 Vnus.
2092 2098 2179 2156 I3.
2203 2130 2271 2141 —
2298 2103 2392 2157 Vos
2421 2103 2549 2174 ipsi.
2574 2100 2711 2170 Quia
2741 2100 3001 2155 Corinthii
3029 2101 3146 2169 ejus
3179 2101 3411 2157 traditio-

1813 2205 1941 2245 nem
1962 2205 2070 2243 non
2101 2198 2451 2245 servaverant
2476 2190 2647 2261 (quod
2677 2188 2757 2243 eis
2789 2189 3117 2256 succenset),
3163 2189 3274 2258 jam
3305 2204 3415 2245 non

1816 2293 1883 2333 ex
1928 2278 2236 2333 auctoritate
2291 2277 2596 2332 traditionis
2645 2276 2856 2343 suadet,
2913 2278 3013 2332 sed
3067 2293 3134 2332 ex
3190 2285 3406 2333 natura.

1817 2368 2035 2423 Natura
2064 2383 2165 2421 nos
2192 2366 2370 2431 docet,
2419 2368 2549 2438 quia
2582 2367 2667 2421 vir
2695 2368 2746 2422 si
2773 2383 2991 2422 comam
3018 2367 3265 2432 nutriat,
3309 2374 3413 2422 etc.

1817 2454 1985 2509 Coma
2009 2462 2091 2509 est
2117 2453 2295 2527 gloria
2323 2454 2558 2520 mulieri,
2594 2454 2721 2526 quia
2749 2453 3066 2509 naturaliter
3094 2470 3213 2509 eam
3244 2454 3408 2510 habet

1814 2559 1916 2614 pro
1963 2542 2227 2598 velamine
2266 2560 2279 2596 :
2322 2557 2475 2598 coma
2504 2543 2649 2597 enim
2697 2542 2953 2597 indicium
2999 2541 3284 2598 velaminis
3332 2550 3415 2598 est

1815 2639 1873 2687 ut
1902 2639 2113 2687 naturae
2139 2631 2388 2687 voluntas
2414 2630 2662 2687 addatur.
2694 2631 2764 2685 Et
2792 2632 2916 2687 ideo
2947 2631 3030 2687 vir
3055 2646 3164 2686 non
3194 2638 3276 2687 est
3318 2646 3413 2685 na-

1815 2720 2061 2776 turaliter
2107 2728 2373 2786 comatus,
2434 2720 2558 2792 quia
2614 2735 2723 2775 non
2776 2728 2859 2775 est
2896 2720 3182 2787 velandus,
3236 2728 3288 2776 et
3325 2720 3412 2776 lex

1815 2809 2064 2881 prohibet
2092 2808 2268 2865 virum
2301 2825 2424 2864 esse
2453 2816 2742 2864 comatum.

1816 2912 1821 2919 ’
1888 2924 2059 2980 Vnus.
2095 2925 2182 2979 14.
2216 2938 2311 3007 ι-·
2351 2925 2410 2980 Si
2437 2941 2676 2991 comam,
2728 2932 2833 2979 etc.
2865 2924 3034 2980 Coma
3062 2924 3331 2981 Samuelis
3361 2933 3415 2980 et

1815 3012 2209 3083 prophetarum
2248 3029 2351 3084 pro
2397 3013 2667 3069 velamine
2699 3012 2897 3068 veteris
2927 3013 3086 3085 legis,
3119 3013 3176 3068 in
3203 3013 3412 3069 revela-

1732 3096 1782 3159 C
1812 3100 1958 3156 tione
1985 3101 2269 3173 Evangelii
2310 3101 2598 3172 deponitur
2627 3120 2640 3156 :
2672 3101 2817 3157 unde
2848 3117 2970 3158 cum
3003 3101 3289 3158 transieris
3336 3101 3409 3157 ad

1819 3188 2113 3255 Christum,
2148 3189 2422 3246 auferetur
2450 3191 2718 3247 velamen.

1884 3305 2054 3360 Vens.
2085 3306 2246 3359 17.-
2274 3307 2383 3362 Hoc
2416 3310 2610 3362 autem
2633 3308 2928 3379 praecipio;
2955 3306 3080 3362 Non
3100 3305 3408 3362 deserentis

1815 3392 2033 3448 solertia
2072 3394 2405 3466 requiratur,
2454 3394 2550 3449 sed
2596 3394 2959 3465 praecipientis
3007 3395 3300 3451 auctoritas
3331 3402 3414 3450 at-

1814 3482 2084 3537 tendatur.
2129 3483 2252 3538 Non
2297 3483 2556 3538 laudans.
2607 3482 2800 3553 Incipit
2837 3484 2906 3538 de
2945 3484 3227 3540 Dominica
3253 3499 3409 3541 coena

1814 3568 2015 3635 dicere,
2047 3569 2102 3624 in
2132 3586 2235 3643 qua
2263 3570 2491 3625 multum
2519 3571 2837 3642 peccabant.

1884 3685 2055 3739 Vens.
2089 3687 2175 3738 19.
2198 3714 2266 3725 -
2289 3685 2519 3757 Oportet
2540 3689 2596 3741 et
2616 3687 2872 3751 haereses,
2896 3693 3000 3741 etc.
3022 3686 3144 3742 Non
3172 3686 3286 3742 vult
3304 3702 3409 3744 nec

1813 3780 1961 3843 optat
1986 3773 2279 3844 Apostolus
2307 3790 2430 3829 esse
2458 3775 2731 3843 haereses,
2782 3775 2881 3829 sed
2910 3774 3036 3847 quia
3062 3774 3141 3831 sic
3167 3774 3405 3831 futurum

1813 3869 1914 3928 est,
1949 3862 2096 3918 dicit.
2138 3863 2208 3917 Et
2236 3862 2305 3917 ad
2331 3863 2460 3934 quid
2506 3864 2608 3918 hoc
2652 3862 2720 3917 sit
2748 3862 2900 3931 utile,
2940 3863 3120 3919 subdit
3153 3882 3167 3919 :
3199 3865 3269 3921 Ut
3295 3880 3404 3920 non

1813 3958 2018 4006 tantum
2058 3951 2273 4021 reprobi
2313 3951 2428 4023 (qui
2470 3951 2695 4007 dicunt:
2726 3954 2834 4025 Ego
2877 3968 3005 4008 sum
3046 3953 3257 4025 Pauli),
3306 3954 3406 4010 sed

1812 4046 1866 4094 et
1912 4039 2005 4111 qui
2050 4039 2262 4111 probati
2294 4047 2435 4103 sunt,
2484 4039 2758 4095 manifesti
2784 4040 2936 4096 ﬁant.
2982 4042 3235 4097 Hmreses
3276 4042 3406 4098 dicit

1811 4143 1915 4198 pro
1970 4128 2055 4183 his
2102 4129 2193 4200 qui
2250 4129 2494 4184 dubitant
2543 4129 2613 4184 de
2664 4129 3080 4186 resurrectione.
3140 4130 3405 4187 Scissurae

1811 4224 1969 4271 erant
2006 4233 2108 4287 pro
2137 4217 2295 4272 donis
2326 4218 2693 4288 spiritualibus
2728 4236 2741 4273 :
2772 4226 2826 4273 et
2852 4219 2908 4273 hi
2936 4218 3082 4273 malo
3126 4234 3226 4273 suo
3268 4234 3404 4289 pro-

1812 4312 1937 4359 sunt
1981 4304 2282 4360 catholicis.
2336 4304 2543 4361 Omnes
2592 4306 2734 4362 enim
2781 4306 2984 4362 inimici
3010 4306 3274 4362 Ecclesiae.
3316 4306 3404 4361 vel

1812 4409 1997 4449 errore
2044 4394 2230 4449 caecati
2267 4394 2355 4449 vel
2393 4395 2597 4450 malitia
2635 4396 2913 4466 depravati
2950 4402 3176 4466 prosunt
3214 4394 3405 4450 Eccle-

1729 4456 1783 4516 D
1813 4481 1907 4537 siae
1940 4499 1954 4536 :
1987 4481 2111 4553 quia
2141 4482 2188 4536 si
2218 4482 2492 4553 accipiunt
2534 4456 2854 4553 potestatem
2881 4456 3239 4554 corporaliter
3268 4480 3404 4537 afﬂi-

1808 4571 1994 4643 gendi,
2025 4578 2283 4626 exercent
2319 4571 2437 4639 ejus
2480 4570 2814 4641 patientiam.
2846 4571 2902 4625 Si
2929 4586 3061 4626 vero
3099 4571 3241 4627 male
3283 4586 3402 4627 sen-

1808 4659 1990 4716 tiendo
2018 4659 2395 4737 adversantur,
2432 4666 2692 4714 exercent
2720 4659 2837 4727 ejus
2868 4658 3203 4729 sapientiam.

1878 4776 2048 4829 Vnus.
2081 4778 2170 4832 20.
2195 4805 2264 4814 —
2284 4776 2638 4831 Dominicam
2658 4790 2895 4829 caenam.
2918 4773 3259 4830 Dominicam
3288 4790 3398 4831 cce-

1803 4879 1929 4917 nam
1954 4862 2083 4918 dicit
2127 4863 2500 4933 acceptionem
2547 4862 2917 4930 Eucharistiaa,
2970 4878 3132 4936 quam
3163 4879 3273 4917 non
3301 4863 3399 4917 de-

1805 4950 1935 5006 bent
1969 4952 2159 5022 pransi
2200 4967 2451 5017 sumere,
2510 4950 2597 5007 vel
2642 4951 2847 5005 mensis
2882 4951 2996 5006 suis
3036 4951 3288 5017 miscere,
3340 4959 3399 5006 ut

1802 5039 1858 5093 hi
1907 5055 2044 5112 quos
2090 5040 2380 5111 Apostolus
2425 5040 2621 5114 arguit,
2672 5040 2767 5095 sed
2793 5039 2981 5109 jejuni,
3032 5040 3084 5095 in
3132 5042 3398 5096 honorem

1802 5128 1936 5182 tanti
1982 5129 2321 5184 sacramenti.
2369 5130 2517 5185 Licet
2546 5130 2690 5185 enim
2721 5136 2847 5201 post
2874 5144 3085 5184 caenam
3116 5128 3399 5199 discipulis

1803 5216 1918 5272 suis
1946 5217 2155 5272 dederit
2183 5232 2379 5287 corpus
2409 5226 2461 5273 et
2489 5220 2809 5292 sanguinem
2839 5233 3015 5283 suum,
3074 5232 3183 5273 non
3215 5225 3397 5273 tamen

162 5284 238 5382 les,
260 5290 310 5347 id
335 5303 429 5363 est,
461 5297 744 5369 plenitudo
783 5299 1102 5371 gratiarum,
1144 5301 1213 5355 de
1251 5318 1357 5373 qua
1384 5302 1578 5372 accipit
1620 5302 1704 5358 vir
1794 5307 1908 5376 jam
1964 5284 2397 5361 calumniandum
2451 5314 2534 5362 est
2588 5284 2854 5364 universae
2898 5306 3191 5373 Ecclesiae,
3250 5308 3394 5379 quod

159 5383 252 5443 Iste,
278 5389 325 5435 et
348 5400 444 5454 per
468 5386 576 5442 hoc
606 5394 687 5442 est
727 5387 813 5442 vir
854 5396 1018 5458 caput
1060 5389 1322 5458 mulieris,
1370 5390 1424 5444 id
1456 5398 1555 5457 est,
1606 5405 1700 5445 re-

160 5470 251 5518 θιοῐ
290 5471 643 5545 animalitatis,
692 5492 816 5547 quae
860 5476 1069 5549 regitur
1123 5493 1158 5531 a
1214 5478 1406 5549 spiritu
1449 5486 1700 5550 tanquam

160 5553 314 5611 mulier
337 5574 369 5615 a
394 5562 533 5618 viro.

215 5642 382 5703 0mm.
431 5649 573 5719 Quia
617 5652 671 5707 in
718 5652 836 5708 aliis
867 5653 959 5708 ubi
990 5661 1091 5722 est,
1144 5663 1321 5725 potest
1351 5656 1556 5721 velare,
1603 5658 1700 5711 sed

1799 5410 1830 5449 a
1855 5395 2052 5463 jejunis
2082 5410 2296 5464 semper
2324 5394 2570 5449 sumitur.
2620 5397 2760 5450 Nam
2790 5396 3039 5453 Salvator
3077 5412 3184 5469 quo
3226 5397 3392 5451 vehe-

1798 5483 2031 5537 mentius
2087 5483 2497 5543 commendaret
2541 5484 2785 5555 mysterii
2832 5485 2991 5554 hujus
3035 5483 3388 5546 altitudinem,

1798 5570 1969 5627 voluit
2015 5572 2118 5626 hoc
2160 5571 2405 5627 ultimum
2450 5571 2679 5644 inﬁgere
2715 5574 2967 5629 cordibus
3014 5582 3067 5627 et
3114 5569 3393 5626 memoria:

1799 5675 2009 5715 eorum.
2062 5659 2182 5729 Quo
2211 5661 2399 5719 ordine
2428 5670 2610 5718 autem
2639 5670 2763 5732 post
2791 5669 3113 5725 sumeretur,
3148 5659 3218 5713 ab
3250 5674 3388 5730 apo-
3414 5694 3433 5705 ρ
