3948 6178
568 318 671 371 539

1067 278 1471 373 WAEAFRIDI
1501 317 1743 373 STRABI
1774 318 1975 374 FULD.
2006 316 2181 373 MON.
2204 317 2359 374 OPP.
2390 319 2568 377 PARS
2596 320 2638 375 Ι.
2668 350 2738 361 -
2764 317 3238 377 THEOLOGICA.

3751 328 3838 383 5‘0

569 455 724 511 stolis
753 472 855 528 per
881 472 1021 529 quos
1050 457 1312 514 ecclesias
1342 457 1707 528 dispositurus
1736 466 1873 524 erat,
1921 458 2152 515 servavit

2264 461 2363 502 vus
2390 444 2563 515 potuit
2581 444 2775 499 terreri
2792 444 2879 500 vel
2907 442 3224 500 contristari
3241 443 3312 499 de
3328 460 3395 500 eo
3423 445 3577 518 quod
3605 461 3709 503 non
3729 459 3831 505 erat

571 546 901 602 docendum.

646 660 813 715 Vens.
845 663 932 717 21.
967 690 1035 699 -
1070 660 1449 733 Unusquisque
1479 661 1652 731 enim,
1684 668 1788 717 etc.
1848 662 2014 716 Notat
2042 661 2163 717 illos

570 748 661 820 qui
689 763 918 802 munera
947 763 1065 818 qua:
1095 745 1392 803 offerebant
1440 748 1701 803 altaribus
1746 766 1845 820 pro
1893 749 2163 805 sacriﬁcio

567 835 924 901 conﬁciendo,
956 842 1178 906 peracto
1209 836 1323 902 illo,
1358 837 1459 891 sibi
1488 837 1858 904 resumebant,
1909 854 2012 893 nec
2042 838 2163 893 aliis

566 940 677 978 non
705 923 1035 978 habentibus
1066 924 1459 980 communicari
1490 926 1760 994 sinebant,
1810 927 1909 981 sed
1940 927 2041 981 soli
2073 944 2163 980 su-

568 1012 784 1067 mebant
818 1031 831 1066 :
863 1012 938 1066 ita
967 1021 1024 1067 ut
1054 1013 1178 1068 inde
1211 1015 1375 1069 etiam
1406 1014 1819 1081 inebriarentur,
1869 1015 1986 1069 aliis
2031 1031 2161 1069 esu-

566 1099 852 1155 rientibus.
2076 1161 2093 1177 ι

638 1188 869 1259 (Anam)
926 1190 1120 1243 Munus
1172 1189 1416 1245 oblatum
1462 1190 1623 1245 totius
1674 1190 1729 1244 ﬁt
1775 1190 1979 1262 populi,
2029 1199 2158 1260 etc.,

564 1293 740 1348 usque
782 1278 855 1333 ad
891 1277 1123 1333 formam
1162 1295 1283 1350 quae
1310 1295 1343 1334 a
1374 1279 1589 1334 Christo
1630 1279 1687 1333 in
1717 1279 2025 1347 hujusmodi
2074 1295 2161 1334 re-

565 1365 693 1419 data
724 1373 806 1419 est
838 1366 1016 1420 itcrat.

635 1481 805 1535 Vens.
830 1485 917 1539 22.
950 1511 1020 1521 —
1039 1483 1367 1538 Ecclesium.
1402 1481 1646 1537 Ecclesia
1675 1490 1799 1536 sunt
1828 1481 2055 1548 ﬁdeles;
2090 1482 2160 1537 de

565 1568 763 1640 quibus
795 1569 993 1625 dicitur
1026 1588 1039 1624 :
1079 1573 1143 1627 Ut
1171 1571 1465 1626 exhiberet
1490 1572 1595 1627 sibi
1616 1572 1923 1627 Ecclesium
1949 1571 2159 1642 glorio-

559 1674 702 1712 sam.
738 1659 852 1713 Hoc
880 1665 1061 1713 tamen
1093 1658 1322 1713 nomine
1353 1658 1537 1714 vocari
1566 1659 1743 1729 ipsam
1771 1660 1996 1714 domum
2025 1674 2159 1714 ora-

563 1745 725 1800 tionis
756 1746 1050 1817 Apostolus
1072 1754 1318 1812 testatur,
1344 1747 1551 1818 dicens,
1575 1748 1686 1802 Aut
1704 1748 2015 1803 Ecclesium
2036 1748 2155 1817 Dei,

2266 548 2526 589 sensurus
2555 540 2821 587 mortuus.
2869 533 3083 588 Dictum
3122 541 3206 589 est
3234 532 3383 589 enim
3419 533 3474 589 ei
3509 552 3526 590 :
3557 535 3673 591 Non
3698 539 3831 609 infe-

2264 626 2427 679 retur
2446 621 2683 677 cadaver
2703 624 2868 676 tuum
2887 623 2951 676 in
2970 622 3227 693 sepulcro
3244 626 3484 694 patrum
3506 627 3726 679 tuorum
3750 626 3835 695 (III

2266 713 2399 782 Reg.
2436 709 2583 779 xm).
2616 709 2684 764 Et
2711 725 2810 780 per
2837 710 2942 764 hoc
2971 708 3338 765 inobedientia
3366 710 3652 781 propheta:
3678 713 3830 782 puniri

2264 797 2456 868 potuit,
2508 814 2578 852 ne
2622 798 2693 852 ad
2731 796 3057 868 supplicium
3087 805 3385 853 tartareum
3411 798 3534 867 ejus
3565 799 3735 855 animu
3758 817 3831 856 ra-

2264 893 2507 956 peretur.
2563 885 2934 958 Corripimur.
2979 886 3039 939 In
3068 885 3257 956 paucis
3289 894 3372 941 est
3401 886 3647 941 omnium
3673 903 3830 944 emen-

2264 972 2431 1042 datio,
2483 980 2749 1045 quatenus
2787 973 2983 1028 timore
3043 988 3221 1044 pcenae
3275 982 3480 1029 nostra:
3533 974 3624 1028 alii
3672 992 3829 1031 emcn-

2264 1061 2482 1116 dantur.

2336 1176 2505 1230 Vens.
2538 1179 2626 1229 33.
2676 1207 2746 1216 —
2793 1177 3038 1232 Invicem
3066 1181 3418 1248 exspectare.
3470 1177 3543 1233 Ut
3568 1177 3827 1233 multorum

2261 1263 2467 1319 oblatio
2497 1264 2658 1318 simul
2688 1264 3018 1334 celebretur,
3053 1271 3106 1319 et
3134 1265 3388 1320 omnibus
3412 1264 3754 1322 ministretur.

2866 1430 3089 1487 CAPUT
3124 1432 3250 1485 XII.

2333 1571 2501 1625 Vens.
2528 1574 2577 1625 1.
2612 1601 2681 1611 -
2718 1572 2795 1626 De
2825 1571 3241 1644 spiritualibus.
3275 1574 3462 1645 Agere
3495 1571 3678 1643 incipit
3704 1576 3824 1645 Apo-

2261 1658 2432 1713 stolus
2461 1658 2528 1713 de
2560 1659 2718 1713 bonis
2748 1659 2919 1714 sancti
2951 1658 3200 1730 Spiritus,
3232 1675 3331 1730 pro
3363 1676 3600 1731 quorum
3630 1662 3825 1731 majori-

2259 1746 2360 1801 bus
2390 1746 2480 1801 alii
2527 1747 2934 1817 superbiebant,
2984 1747 3225 1801 minores
3253 1747 3575 1803 invidebant
3604 1757 3651 1804 et
3677 1750 3824 1820 despi-

566 1840 670 1889 etc.
720 1809 906 1889 Laudo
928 1852 1017 1889 vos
1045 1833 1181 1890 ?Vel
1203 1835 1279 1889 sic
1299 1809 1606 1907 distingue:
1632 1835 1815 1891 Laudo
1833 1852 1921 1891 vos
1938 1836 2001 1890 in
2020 1809 2162 1891 hort?
2192 1809 2242 1870 Β
2265 1834 2498 1905 ciebant,
2534 1809 2687 1906 quasi
2716 1809 2996 1906 nunquam
3022 1834 3261 1890 habituri
3292 1844 3503 1891 essent.

565 1921 751 1993 utique
781 1938 891 1977 non
918 1922 1101 1977 laudo.

637 2038 809 2091 Vens.
840 2041 929 2095 23.
960 2068 1029 2078 -—
1058 2040 1167 2109 Ego
1197 2039 1351 2094 enim
1381 2039 1589 2111 accepi,
1627 2046 1731 2095 etc.
1762 2037 2011 2095 Ostendit
2039 2056 2158 2111 my-

565 2126 788 2181 sterium
833 2126 1189 2183 Eucharistiaa
1236 2128 1378 2182 inter
1426 2127 1752 2183 ccenandum
1800 2128 2154 2198 celebratum,

563 2230 674 2271 non
704 2230 919 2270 uenam
962 2231 1105 2271 esse.
1158 2216 1424 2271 Medicina
1454 2215 1599 2269 enim
1628 2216 1926 2287 spiritualis
1956 2225 2058 2282 est,
2106 2226 2160 2273 et

560 2302 824 2359 memoria
881 2304 1294 2374 redemptionis,
1353 2313 1409 2358 ut
1464 2304 1668 2372 majora
1722 2320 2154 2376 consequamur,

564 2392 689 2464 quia
719 2400 894 2447 morte
925 2391 1124 2446 Christi
1155 2392 1368 2447 liberati
1399 2409 1606 2446 sumus.
1660 2393 1830 2461 Hujus
1859 2392 1913 2446 in
1945 2394 2158 2448 edendo

563 2488 616 2535 et
646 2480 884 2536 bibendo
929 2496 1204 2536 memores
1235 2498 1357 2536 esse
1393 2480 1673 2546 debemus,
1726 2482 1940 2536 Novum
1969 2482 2157 2536 Testa-

560 2577 802 2624 mentum
833 2568 891 2623 in
918 2570 1023 2625 hoc
1055 2570 1334 2625 consecuti
1366 2587 1379 2623 :
1414 2568 1539 2640 quia
1570 2567 1820 2625 beneﬁcii
1841 2569 2009 2624 divini
2040 2586 2159 2623 san-

559 2657 683 2729 guis
715 2665 797 2712 est
845 2657 1017 2727 testis,
1068 2658 1210 2712 unde
1239 2657 1307 2710 ad
1337 2656 1619 2711 tuitionem
1648 2656 1894 2727 corporis
1938 2664 1990 2712 et
2034 2657 2157 2717 ani-

560 2762 665 2801 mae
693 2745 1025 2817 percipimus
1059 2763 1072 2799 :
1108 2745 1233 2817 quia
1273 2760 1404 2801 caro
1443 2744 1642 2799 Christi
1680 2760 1777 2816 pro
1818 2746 1991 2800 salute
2030 2762 2157 2801 cor-

561 2834 731 2905 poris,
768 2834 992 2906 sanguis
1012 2848 1113 2904 pro
1144 2832 1322 2887 anima
1344 2840 1530 2887 nostra
1562 2850 1576 2886 :
1607 2832 1839 2904 ideoque
1870 2849 1981 2888 non
2004 2850 2156 2912 man-

562 2922 870 2978 ducandum
908 2921 1157 2992 praedixit
1196 2921 1283 2975 lex
1324 2920 1667 2991 sanguinem.
1712 2922 1776 2976 In
1820 2940 1929 2994 qua
1972 2926 2152 2980 nocte.

564 3011 625 3065 In
656 3017 815 3065 nocte
844 3024 1040 3081 passus
1071 3009 1139 3063 ad
1169 3008 1347 3063 lucem
1376 3008 1791 3063 resurrectionis
1819 3008 1983 3065 venit.

633 3099 804 3153 Vens.
836 3099 927 3155 24.
960 3128 1028 3138 —
1059 3098 1267 3169 Fregit.
1310 3097 1370 3151 In
1413 3104 1756 3152 sacramento
1790 3096 2025 3178 “scilicet,
2070 3114 2156 3153 se-

562 3187 797 3242 cundum
838 3187 985 3257 quod
1024 3166 1311 3241 videbatur
1351 3194 1404 3241 et
1442 3186 1713 3257 integrum
1761 3168 1885 3242 esse
1930 3203 1962 3241 a
1990 3185 2157 3242 fideli-
2185 3166 2235 3229 C

565 3275 667 3329 bus
696 3274 1034 3330 credebatur.
1078 3276 1255 3330 Unum
1281 3275 1534 3330 omnibus
1562 3275 1730 3341 dedit,
1779 3283 1836 3329 ut
1865 3275 1920 3329 in
1949 3275 2153 3331 unitate

560 3371 943 3435 permanerent
975 3381 990 3418 :
1023 3364 1120 3417 sed
1159 3380 1280 3419 cum
1320 3363 1499 3436 fregit,
1549 3372 1906 3435 spontaneam
1944 3365 2154 3435 passio-

559 3468 684 3508 nem
715 3468 869 3508 suam
899 3453 1155 3508 ostendit.

632 3569 800 3623 Vens.
841 3571 931 3626 26.
980 3599 1049 3608 —
1099 3568 1565 3641 Quotiescunque.
1610 3569 1845 3639 Exponit
1888 3569 1943 3623 in
1992 3584 2151 3640 quam

559 3658 753 3713 Christi
783 3658 1378 3725 commemorationem,
1429 3666 1663 3713 mortem
1693 3658 1917 3713 scilicet.
1967 3659 2151 3714 Donec

555 3748 764 3803 ueniat.
816 3745 955 3815 Quia
1000 3746 1106 3802 hoc
1145 3760 1254 3801 non
1291 3746 1584 3803 mutabitur
1630 3746 1769 3802 sicut
1811 3754 2151 3802 sacramenta

553 3834 889 3889 Iudaeorum.

632 3923 803 3977 Vens.
831 3925 920 3979 2'7.
953 3946 1026 3967 -ι
1054 3922 1305 3993 Indigne.
1339 3922 1461 3976 Non
1492 3920 1621 3993 quia
1645 3921 1934 3977 manducat
1953 3921 2149 3993 aliquis

556 4028 666 4067 non
704 4012 774 4066 ad
818 4011 1067 4079 salutem,
1108 4011 1232 4065 ideo
1271 4010 1449 4064 minus
1490 4017 1573 4064 est
1604 4025 1801 4080 corpus
1831 4018 1884 4065 et
1924 4010 2149 4083 sanguis

555 4100 703 4172 quod
732 4099 948 4169 accipit.

627 4189 797 4243 Vens.
824 4191 914 4243 29.
947 4217 1015 4227 —
1045 4186 1329 4243 Iudicium
1358 4186 1464 4241 sibi
1492 4186 1823 4242 manducat.
1875 4185 2148 4254 Quaeritur

555 4276 830 4349 quomodo
862 4276 984 4341 hoc,
1016 4291 1141 4331 cum
1172 4274 1436 4330 Dominus
1465 4274 1611 4329 dicat
1644 4292 1657 4328 :
1694 4275 1799 4342 Qui
1834 4276 2147 4331 manducat

552 4381 661 4431 me,
698 4367 817 4437 ipse
836 4365 984 4420 vivet
998 4368 1228 4436 propter
1248 4379 1338 4418 me
1362 4367 1385 4417 ?
1416 4363 1523 4418 Sed
1552 4363 1661 4418 duo
1681 4371 1807 4418 sunt
1823 4363 1971 4418 modi
2000 4378 2148 4418 man-

553 4452 789 4510 ducandi
822 4471 835 4508 :
869 4469 1009 4507 unus
1051 4451 1480 4521 sacramentalis,
1529 4467 1635 4523 quo
1672 4451 1997 4507 manducant
2035 4459 2144 4507 tam

2330 1953 2499 2007 Vens.
2533 1956 2586 2009 2.
2628 1983 2697 1993 —
2739 1953 2929 2009 Scitis.
2965 1952 3294 2023 Spiritualia,
3343 1953 3641 2009 traditurus
3665 1954 3821 2025 priora

2258 2049 2667 2107 commemorat,
2703 2048 2761 2094 ut
2791 2040 2931 2096 sicut
2960 2040 3179 2096 fuerunt
3199 2049 3330 2098 tunc
3350 2042 3543 2115 imago
3564 2042 3815 2111 idolorum,

2258 2129 2328 2184 ita
2358 2146 2502 2185 nunc
2532 2129 2639 2184 sint
2665 2127 2850 2202 imago
2879 2129 2998 2184 Dei.

2330 2246 2499 2299 Vens.
2534 2248 2586 2299 3.
2637 2274 2706 2285 —-
2752 2244 2874 2300 Ideo
2902 2248 3122 2301 notum.
3173 2242 3315 2312 Quia
3350 2259 3456 2314 per
3486 2244 3691 2318 singula
3713 2246 3814 2301 cha-

2257 2333 2479 2387 rismata
2508 2332 2818 2387 hominibus
2838 2333 3021 2404 magis
3042 2332 3273 2405 gloriam
3295 2348 3466 2403 quam
3488 2334 3600 2388 Deo
3627 2333 3813 2401 dabant,

2256 2421 2565 2477 nescientes
2596 2422 2699 2478 hoc
2728 2436 2761 2475 a
2792 2420 2995 2491 Spiritu
3025 2428 3214 2476 sancto
3233 2420 3533 2475 ministrari
3557 2440 3570 2487 ;
3602 2421 3653 2475 in
3678 2422 3815 2476 omni-

2256 2510 2357 2564 bus
2405 2509 2641 2565 ostendit
2682 2508 2901 2564 laudem
2940 2509 3039 2564 Dei
3087 2524 3210 2565 esse
3238 2516 3291 2562 et
3321 2510 3581 2580 gratiam,
3623 2517 3675 2563 ut
3703 2510 3814 2565 sicut

2257 2606 2384 2654 tunc
2427 2598 2611 2671 imago
2644 2598 2774 2653 idoli
2805 2606 2973 2653 totum
3003 2596 3203 2651 malum
3236 2595 3335 2651 fuit
3379 2613 3453 2652 ex
3497 2597 3719 2668 homine,
3759 2598 3817 2651 ita

2256 2702 2398 2742 nunc
2428 2703 2494 2741 ex
2527 2686 2730 2757 Spiritu
2762 2686 2863 2741 Dei
2892 2685 3075 2741 omnia
3106 2685 3249 2739 bona
3269 2685 3583 2741 credantur.
3604 2687 3815 2741 Nemota

2255 2777 2487 2847 spiritu,
2521 2782 2624 2830 etc.
2659 2773 2978 2844 Cogitanda,
3022 2774 3318 2845 loquendo,
3351 2774 3645 2845 operando.
3690 2773 3813 2828 Dicit

2257 2863 2505 2929 similiter
2534 2861 2705 2916 tribus
2730 2862 2925 2929 modis,
2961 2862 3188 2931 scilicet,
3238 2862 3431 2928 corde,
3486 2878 3577 2917 ore
3603 2868 3652 2917 et
3676 2877 3813 2931 opere

2256 2953 2545 3006 anathema
2572 2951 2721 3017 Jesu,
2754 2950 2809 3005 id
2827 2957 2909 3005 est
2924 2950 3162 3022 aliquam
3193 2950 3615 3021 separationem,
3646 2949 3813 3015 aIesu,

2256 3039 2308 3092 id
2349 3048 2438 3094 est
2469 3039 2747 3111 quodlibet
2789 3046 3069 3111 peccatum
3104 3056 3117 3094 :
3151 3039 3308 3111 quasi
3340 3057 3353 3092 :
3388 3039 3694 3094 Abstinetur
3732 3054 3810 3108 per

2259 3127 2501 3198 spiritum
2531 3144 2561 3182 a
2590 3126 2753 3182 malo.

2329 3217 2449 3282 Nisi
2488 3216 2551 3270 in
2587 3216 2806 3287 Spiritu
2842 3219 3058 3272 sancto.
3112 3214 3281 3284 Quasi
3316 3233 3329 3269 :
3364 3214 3514 3270 Bene
3559 3212 3747 3285 operari
3768 3221 3807 3268 et

2256 3319 2417 3360 omne
2446 3303 2649 3358 bonum
2682 3312 2764 3357 est
2793 3320 2894 3374 per
2922 3303 3180 3374 Spiritum
3212 3310 3486 3373 sanctum,
3513 3311 3564 3358 et
3590 3303 3699 3357 ideo
3722 3317 3809 3355 ma-

2250 3393 2337 3461 jor
2365 3407 2474 3445 non
2504 3391 2769 3461 despiciat
2803 3392 3087 3459 minorem,
3141 3392 3270 3464 quia
3308 3391 3447 3447 nihil
3486 3392 3639 3447 habet
3677 3390 3762 3445 nisi
3783 3406 3805 3443 a

2256 3479 2459 3551 Spiritu
2491 3487 2700 3535 sancto.

2329 3598 2495 3652 Vens.
2531 3599 2583 3651 4.
2618 3626 2687 3637 --
2716 3597 3047 3653 Divisiones.
3083 3596 3200 3654 Hoc
3229 3612 3522 3654 commune
3548 3596 3765 3653 omnibus
3792 3611 3802 3645 :

2258 3686 2352 3741 sed
2374 3685 2561 3757 gratiae
2582 3694 2706 3740 sunt
2726 3685 2933 3752 divism,
2965 3702 3035 3740 ne
3054 3686 3232 3741 minor
3250 3686 3511 3758 desperet
3534 3705 3546 3740 :
3568 3702 3630 3741 ne
3648 3684 3801 3752 major,

2257 3775 2384 3829 dum
2415 3774 2562 3829 audit
2591 3773 2809 3846 gratias,
2841 3773 3137 3845 superbiat.

2328 3890 2495 3946 Vens.
2531 3894 2582 3945 6.
2615 3920 2685 3931 —
2710 3891 2860 3946 Idem
2889 3907 3016 3947 vero
3044 3891 3211 3947 Deus.
3246 3891 3361 3946 Hoc
3389 3892 3486 3962 ait,
3516 3907 3581 3946 ne
3607 3891 3741 3945 Pater
3762 3894 3801 3940 et

2258 3978 2424 4034 Filius
2453 3986 2505 4034 et
2538 3978 2772 4050 Spiritus
2804 3985 3026 4034 sanctus
3056 3979 3165 4034 alia
3195 3981 3495 4050 separatim
3525 3976 3711 4051 operari
3735 3976 3798 4029 vi-

2257 4068 2507 4135 deantur,
2542 4084 2608 4123 ex
2638 4084 2703 4123 eo
2736 4068 2880 4139 quod
2913 4067 3134 4139 Spiritui
3155 4068 3379 4139 gratias,
3418 4077 3471 4125 et
3500 4068 3706 4124 Domino
3729 4062 3800 4117 mi-

2257 4156 2622 4225 nistrationes,
2656 4164 2708 4211 et
2738 4157 2852 4212 Deo
2882 4156 3230 4227 operationes
3252 4165 3624 4228 supposuerat,
3654 4151 3795 4210 omnia

2257 4244 2501 4299 referens
2542 4246 2611 4299 ad
2657 4261 2823 4299 unum
2861 4246 3036 4300 Deum
3075 4244 3258 4300 subdit
3300 4264 3313 4300 :
3359 4246 3501 4313 Quia
3537 4247 3669 4303 Deus
3703 4256 3795 4313 opt-

2257 4338 2440 4389 rutur.
2469 4334 2672 4390 Omnia
2690 4335 2751 4388 in
2771 4335 3047 4390 omnibus.
3072 4334 3195 4387 Non
3213 4334 3307 4388 uni
3328 4333 3511 4389 omnia
3525 4330 3704 4400 tribuit,
3720 4325 3792 4383 sed

2256 4422 2311 4476 in
2340 4422 2592 4476 omnibus
2622 4423 2805 4477 omnia
2834 4431 3109 4494 operatur,
3138 4430 3197 4477 ut
3226 4423 3372 4494 quod
3403 4438 3511 4477 non
3540 4420 3682 4475 habet
3704 4414 3795 4487 quis

554 4504 1035 4614 gingiuam
1054 4504 1258 4607 gae;
1272 4504 1589 4612 ὲριὲἑὲυἱιιίέ.
1612 4504 2152 4611 “taurinis;

2264 4510 2311 4565 in
2342 4527 2428 4580 se,
2477 4511 2675 4566 habeat
2703 4510 2759 4565 in
2789 4510 2914 4579 alio,
2966 4518 3019 4566 et
3048 4511 3126 4567 sic
3155 4519 3371 4566 maneat
3402 4510 3626 4567 charitas
3652 4514 3698 4561 et
3720 4504 3795 4557 hu-

552 4632 658 4687 hoc
687 4638 769 4686 est
798 4647 908 4687 non
935 4630 1112 4686 solum
1141 4630 1410 4685 Christum
1442 4629 1776 4685 manducare
1806 4636 1859 4683 et
1888 4629 1946 4683 in
1977 4645 2150 4684 sacra-

552 4727 737 4773 mento
764 4719 881 4788 ejus
906 4734 1107 4790 corpus
1136 4717 1407 4790 accipere,
1444 4718 1543 4786 sed
1573 4718 1628 4772 in
1658 4718 1778 4788 ipso
1807 4732 2050 4785 manere,
2094 4725 2149 4772 et

553 4806 758 4862 habere
803 4806 981 4877 ipsum
1024 4807 1081 4860 in
1124 4822 1184 4862 se
1222 4814 1549 4861 manentem.
1599 4804 1962 4876 Spiritualiter
2004 4805 2147 4861 enim

553 4895 865 4964 manducat,
898 4895 989 4967 qui
1018 4895 1073 4949 in
1102 4895 1307 4951 unitate
1337 4895 1602 4951 Ecclesiae
1632 4894 1820 4966 (quam
1851 4894 2030 4966 ipsum
2060 4910 2148 4950 sa-

552 4991 893 5040 cramentum
923 4982 1216 5054 signiﬁcat)
1264 4991 1465 5038 manet.
1515 4983 1656 5038 Nam
1693 4983 1784 5055 qui
1814 4982 2089 5039 discordat
2117 4999 2147 5037 a

552 5071 789 5141 Christo,
818 5086 920 5127 nec
948 5086 1163 5126 carnem
1195 5070 1394 5127 Christi
1420 5071 1729 5137 manducat,
1785 5086 1890 5128 nec
1919 5071 2146 5145 sangui-

553 5175 680 5216 nem
708 5159 858 5227 bibit,
893 5158 996 5215 etsi
1025 5167 1186 5215 tantae
1214 5159 1297 5215 rei
1326 5169 1729 5215 sacramentum
1766 5160 1835 5215 ad
1884 5159 2146 5229 judicium

556 5248 796 5320 quotidie
828 5256 1025 5304 sumat.

624 5355 794 5410 Vens.
828 5358 915 5409 30.
949 5386 1018 5396 —-
1050 5355 1174 5411 Ideo
1202 5355 1359 5411 inter
1386 5372 1495 5413 vos.
1531 5356 1647 5412 Hoc
1676 5354 1735 5410 ﬁt
1762 5357 1832 5411 ad
1861 5356 2149 5412 correctio-

554 5459 681 5499 nem
708 5443 959 5503 aliorum.

627 5534 796 5589 Vens.
822 5536 909 5590 32.
934 5534 1163 5588 --Dum
1176 5533 1525 5605 judicamur,
1549 5542 1655 5590 etc.
1689 5533 1913 5589 Eisdem
1942 5533 2034 5605 qui
2053 5550 2147 5605 pa-

552 5623 759 5680 tiuntur
786 5621 949 5677 etiam
978 5637 1143 5693 pcena
1171 5621 1414 5693 propria,
1446 5632 1529 5679 est
1553 5622 1849 5695 aliquando
1869 5624 2142 5697 purgatio,

556 5720 612 5769 ut
640 5712 922 5784 prophetae
951 5711 1127 5781 Addo,
1179 5712 1269 5783 qui
1298 5711 1600 5783 prohibitus
1631 5712 1867 5768 comedit
1901 5729 1912 5767 :
1946 5713 2039 5784 qui
2068 5713 2148 5769 vi-

2255 4599 2471 4653 milites.

2323 4713 2577 4774 Vens.,7.
2613 4742 2681 4751 —-
2715 4712 3041 4784 Unicuique.
3077 4710 3266 4768 Divisa
3296 4719 3421 4767 sunt
3451 4711 3603 4777 bona,
3636 4714 3681 4763 et
3705 4719 3790 4760 non
3868 4712 3869 4727 ‘

2250 4800 2322 4855 ad
2350 4799 2599 4855 meritum
2629 4800 2858 4870 alicujus
2889 4799 3239 4872 singulariter
3268 4800 3478 4869 dantur,
3513 4798 3602 4854 sed
3630 4795 3691 4851 ad
3714 4791 3794 4847 uti-
3866 4798 3867 4809 ‘

2249 4888 2453 4944 litatem
2477 4887 2809 4945 aediﬁcanda:
2837 4888 3119 4944 Ecclesize.
3154 4888 3478 4959 Accepimus
3507 4895 3558 4943 et
3584 4900 3673 4940 nos
3698 4879 3793 4951 Spi-

2250 4978 2414 5032 ritum
2445 4985 2712 5046 sanctum,
2762 4978 2808 5032 si
2837 4993 3083 5032 amamus
3111 4976 3438 5046 Ecclesium,
3489 4976 3533 5030 si
3577 4970 3816 5037 charitate.
3860 4962 3863 5053 ς

2247 5067 2718 5140 compaginamur,
2771 5067 2817 5121 si
2864 5066 3128 5123 catholico
3156 5066 3377 5122 nomine
3405 5073 3459 5122 et
3486 5063 3585 5119 ﬁde
3618 5059 3792 5134 gaude-
3858 5096 3859 5135 ι

2247 5173 2388 5211 mus.
2425 5157 2741 5226 Credamus,
2773 5155 2986 5226 fratres,
3020 5164 3280 5228 quantum
3311 5155 3537 5228 quisque
3566 5157 3693 5206 amat
3716 5146 3791 5202 Ec-

2247 5245 2469 5302 clesiam
2500 5245 2717 5311 Christi,
2750 5253 2959 5300 tantum
2988 5244 3151 5299 habet
3181 5243 3445 5316 Spiritum
3472 5247 3710 5297 sanctum.

2319 5362 2487 5416 Vens.
2522 5364 2573 5414 8.
2598 5390 2667 5400 —
2686 5359 3010 5431 Sapientiae.
3034 5357 3311 5428 Sapientia
3329 5356 3484 5412 estin
3503 5347 3787 5420 contempla-

2247 5450 2391 5506 tione
2428 5457 2776 5504 azternorum.
2820 5447 3054 5503 Scientia
3092 5447 3148 5501 in
3188 5446 3400 5502 actione
3436 5436 3784 5513 temporalium.
3850 5458 3851 5461 η

2246 5539 2401 5595 Unde
2432 5537 2486 5592 in
2513 5538 2617 5593 Job
2650 5555 2663 5591 :
2697 5538 2833 5592 Ecce
2852 5538 3059 5608 pietas.
3093 5536 3155 5590 Id
3175 5543 3275 5602 est,
3300 5533 3491 5601 cultus,
3522 5530 3614 5586 Dei
3638 5530 3788 5584 estsa-
3846 5538 3849 5605 ς

2241 5627 2482 5701 pientia,
2506 5626 2597 5697 qui
2622 5625 2810 5681 Graece
2833 5625 3133 5681 theosebiu.
3160 5625 3228 5679 Et
3248 5623 3368 5695 quis
3389 5622 3475 5678 hic
3490 5618 3659 5676 cultus
3678 5613 3784 5706 ejus,
3844 5610 3847 5705 ς

2247 5698 2352 5772 nisi
2380 5730 2533 5771 amor
2563 5722 2616 5771 et
2647 5713 2886 5787 cognitio
2921 5714 3040 5783 ejus
3059 5713 3088 5768 Ἰ
3116 5712 3389 5769 abstinere
3416 5717 3591 5766 autem
3614 5722 3644 5760 a
3665 5698 3785 5757 malis
3842 5746 3843 5787 Ε
