3964 6180
187 295 277 350 541
1082 287 1353 346 GLOSSA
1384 288 1797 344 ORDINARIA.
1861 318 1930 329 -—
1978 289 2263 351 EPIST.-I
2296 289 2389 349 AD
2426 288 2585 345 COR.
3394 291 3499 346 542

190 416 418 473 scientia
465 423 550 472 est
581 434 596 470 :
629 416 775 472 mala
822 422 1003 471 autem
1057 414 1113 469 in
1150 412 1538 484 temporalibus
1583 419 1726 477 sunt,
1750 411 1807 466 in
1826 415 1883 475 A
1909 420 2085 480 nesta,
2119 413 2247 485 quia
2275 428 2385 469 non
2425 413 2629 468 habent
2658 427 2780 469 eam
2811 412 3052 484 speciem
3081 411 3304 467 decoris
3333 426 3500 483 quam

190 505 385 579 quibus
430 514 585 562 caute
616 514 669 561 et
696 504 999 575 prudenter
1030 502 1357 558 versandum
1388 509 1491 556 est.
1518 501 1616 555 Cui
1644 501 1802 555 datur
1902 501 2106 557 habent
2135 517 2203 557 ea
2231 518 2353 572 quae
2380 502 2436 556 in
2464 510 2719 573 promptu
2759 509 2903 556 sunt.
2936 500 3036 557 Vel
3065 507 3292 570 propter
3319 498 3501 572 legem

193 594 481 665 sapientia,
517 602 599 650 est
626 593 781 665 quasi
821 592 940 660 sol;
972 592 1061 648 cui
1107 590 1334 647 scientia
1380 590 1510 645 luna
1552 589 1608 643 in
1640 596 1800 645 nocte
1899 590 2279 645 membrorum
2309 607 2431 661 quae
2459 590 2527 645 de
2557 597 2785 661 peccato
2806 588 2992 657 venit;
3044 604 3179 643 usus
3207 587 3495 642 membro-

190 683 415 750 saeculi;
449 682 646 755 quibus
676 689 873 738 caetera
902 681 1118 747 dantur,
1152 678 1325 735 stella:
1346 687 1473 733 sunt
1497 696 1510 732 :
1536 677 1663 750 quia
1682 678 1801 734 haec

193 772 246 827 in
270 780 440 828 nocte
484 780 610 827 sunt
646 770 977 827 necessaria.

259 884 443 941 Vnus.
475 887 604 939 9.—
621 885 807 941 Alteri
833 884 990 954 ﬁdes.
1009 882 1079 938 Et
1106 880 1244 939 ﬁdes
1270 882 1414 937 inter
1452 881 1598 937 dona
1627 880 1728 936 Dei
1748 888 1803 936 et

189 988 428 1029 munera
457 981 559 1029 est.
589 973 712 1028 Non
742 988 879 1045 ergo
900 972 1017 1028 sola
1046 971 1301 1037 charitas,
1337 986 1463 1027 cum
1492 968 1601 1025 ﬁde
1631 986 1665 1025 a
1685 970 1801 1024 Deo

192 1062 353 1119 nobis
391 1070 497 1118 est.

260 1171 447 1225 Vnus.
472 1171 559 1223 10.
584 1198 654 1208 —
675 1168 1030 1225 Sermonum.
1067 1166 1363 1222 Sermones
1389 1173 1513 1220 sunt
1542 1164 1801 1237 allegori-

191 1273 266 1314 cae
285 1257 772 1329 pronuntiationes
803 1273 925 1329 quae
955 1256 1009 1311 in
1042 1255 1326 1328 prOphetis
1359 1263 1411 1310 et
1434 1254 1488 1309 in
1537 1255 1799 1327 Evange-

194 1346 278 1401 liis
326 1354 617 1418 apparent.

260 1462 449 1517 Vnus.
486 1463 570 1517 11.
594 1491 663 1501 —
690 1462 840 1518 Unus
870 1464 1038 1532 atque
1065 1460 1214 1516 idem
1242 1460 1499 1531 spiritus.
1533 1457 1691 1526 Quod
1712 1473 1800 1511 su-

190 1567 287 1622 pra
342 1550 482 1604 dixit
525 1558 636 1605 tres
681 1549 919 1620 operari,
952 1548 1040 1604 hic
1070 1547 1313 1603 nominat
1344 1546 1592 1617 spiritum
1626 1563 1639 1600 :
1673 1545 1801 1617 quia

194 1640 346 1695 enim
386 1639 549 1693 unius
599 1646 723 1693 sunt
752 1645 981 1706 naturae,
1019 1636 1166 1708 quod
1214 1652 1355 1690 unus
1385 1642 1661 1705 operatur,
1691 1641 1800 1689 tres

1902 695 2023 734 rum
2050 678 2269 735 illicitus
2296 679 2473 749 turpis
2495 686 2596 745 est,
2620 694 2731 733 non
2748 678 2998 733 membra
3016 676 3156 748 ipsa.
3183 675 3502 748 Intelligen-

1901 774 1990 821 tur
2017 767 2181 823 etiam
2211 767 2434 840 quidam
2464 766 2660 822 fratres
2691 766 2784 839 qui
2815 782 2940 823 cum
2968 765 3183 822 honesti
3213 772 3337 819 sunt
3360 780 3498 837 ege-

1902 862 2039 911 state
2097 864 2151 911 et
2203 856 2414 921 habitu,
2448 855 2749 928 aliquando
2797 863 2983 910 tamen
3022 855 3147 909 vita:
3187 852 3493 908 mundioris

1902 952 2045 999 sunt.
2088 944 2189 999 Vel
2230 944 2609 1015 intelliguntur
2655 944 2734 998 illi
2774 943 2868 1016 qui
2895 943 2950 997 in
2979 941 3229 999 Ecclesia
3258 958 3359 1013 per
3388 940 3496 997 ali—

1895 1032 2043 1105 quod
2068 1097 2077 1103 _
2102 1040 2391 1103 peccatum
2448 1032 2741 1099 inhonesti,
2774 1031 3141 1087 abundantius
3169 1030 3499 1099 adjuvantur

1893 1120 2359 1177 consolationibus
2390 1128 2443 1175 et
2472 1120 2834 1187 orationibus,
2866 1127 2925 1174 ut
2954 1119 3172 1175 honesti
3200 1119 3351 1174 fiant.

1973 1211 2141 1265 Vnus.
2166 1211 2254 1267 24.
2280 1241 2351 1250 -
2377 1211 2622 1265 Honesta
2651 1213 2864 1264 autem.
2897 1207 3067 1277 Quasi
3098 1208 3244 1264 dicat
3277 1223 3290 1262 :
3324 1209 3405 1262 Ita
3447 1214 3500 1261 et

1891 1296 2150 1353 fratribus
2177 1297 2234 1353 in
2262 1297 2460 1370 quibus
2504 1298 2742 1352 studium
2780 1296 3011 1368 peritiae,
3063 1294 3496 1353 conversationis

1898 1386 2114 1442 ornavit
2154 1388 2445 1453 honestas,
2478 1385 2611 1440 nihil
2657 1393 2738 1440 est
2778 1384 2925 1457 quod
2968 1385 3204 1440 addatur
3239 1400 3271 1439 a
3313 1383 3492 1438 nobis.

1906 1475 2011 1531 Sed
2040 1478 2185 1531 Deus
2216 1476 2568 1548 temperavit.
2604 1476 2830 1530 Remoto
2850 1472 2945 1528 illo
2958 1473 3106 1544 quod
3140 1473 3317 1540 obest,
3339 1471 3492 1544 ponit

1902 1563 2037 1618 illud
2068 1564 2213 1635 quod
2250 1564 2494 1635 prodest,
2546 1562 2752 1619 scilicet
2780 1561 3357 1633 contemperationem.

1983 1653 2153 1707 Vnus.
2176 1655 2264 1709 25.
2294 1682 2363 1691 -
2387 1651 2492 1707 Sed
2519 1653 2584 1705 in
2630 1652 2880 1722 idipsum
2906 1667 3008 1724 pro
3038 1650 3299 1706 invicem.
3335 1648 3505 1718 Quasi

191 1736 513 1799 operantur.
564 1727 714 1782 Unus
753 1734 806 1781 et
852 1725 1035 1794 idem,
1068 1725 1273 1796 inquit,
1306 1740 1375 1778 ne
1423 1731 1502 1778 tot
1545 1730 1801 1793 putentur

207 1825 324 1836 n__-a
369 1823 490 1836 ---μι
525 1830 678 1836 -__-_.-
721 1830 733 1836 -
766 1830 871 1836 μ-..
913 1813 1045 1836 _---.'l
1081 1813 1197 1836 -t..-
1229 1813 1380 1836 nn.--
1417 1819 1463 1836 ..ι
1513 1810 1642 1836 πειε..
1675 1810 1763 1836 ρλε

1927 1740 2048 1796 licat
2082 1757 2096 1795 :
2132 1740 2374 1795 Sollicita
2408 1740 2515 1793 sint
2544 1739 2812 1804 membra,
2840 1747 2895 1793 ut
2924 1738 3497 1808 tcndantinidipsum,

194 1825 327 1888 quot
363 1823 492 1870 sunt
518 1830 688 1886 opera
720 1830 733 1869 :
766 1830 878 1868 non
906 1813 1049 1885 quod
1080 1813 1197 1867 sine
1226 1813 1383 1867 Patre
1414 1819 1466 1867 et
1512 1810 1645 1867 Filio
1674 1801 1800 1882 Spi-

193 1904 337 1959 ritus
369 1910 643 1975 operetur.
686 1901 1074 1973 Inseparabilis
1103 1909 1186 1956 est
1231 1900 1375 1955 enim
1404 1899 1649 1971 operatio
1677 1898 1802 1953 Tri-

193 1993 409 2048 nitatis.
444 1990 709 2047 Dividens
739 1991 999 2063 singulis.
1034 1990 1191 2045 Unde
1211 2005 1313 2045 nec
1341 1988 1466 2045 huic
1487 1988 1799 2053 dolendum,

193 2097 295 2137 nec
319 2080 405 2134 illi
439 2079 880 2150 superbiendum.
921 2081 987 2136 Ut
1014 2080 1156 2134 vult.
1188 2077 1293 2147 Qui
1321 2076 1471 2132 solus
1490 2077 1639 2132 novit
1659 2088 1806 2148 quoa

194 2168 518 2234 conveniat,
553 2176 605 2223 et
634 2166 822 2239 gratis,
843 2181 953 2222 non
982 2166 1052 2221 ad
1081 2165 1335 2220 meritum
1363 2165 1661 2220 hominum.

262 2268 459 2323 Vnus.
502 2269 587 2322 12.
630 2295 699 2305 —
745 2267 833 2321 Ita
878 2269 935 2321 et
985 2265 1264 2322 Christus.
1319 2264 1489 2334 Caput
1516 2270 1568 2318 et
1605 2278 1807 2333 corpus

191 2356 402 2412 dicitur
432 2353 699 2420 Christus,
731 2362 957 2425 propter
985 2351 1318 2408 ineﬂ‘abilem
1364 2352 1620 2406 unitatem
1651 2350 1807 2421 capi-

193 2445 259 2499 tis
308 2453 373 2499 et
424 2442 817 2498 membrorum.
868 2443 1018 2499 Unus
1068 2441 1290 2511 spiritus
1335 2439 1496 2496 faciet
1543 2439 1725 2494 omnia
1755 2439 1810 2493 in

194 2532 476 2589 membris
505 2530 751 2603 corporis
782 2530 1003 2597 Christi,
1054 2530 1193 2585 sicut
1221 2545 1329 2584 una
1375 2529 1555 2583 anima
1585 2527 1733 2584 videt
1757 2527 1812 2581 in

197 2622 392 2692 oculo,
419 2619 574 2677 audit
592 2620 648 2675 in
679 2635 830 2688 aure,
864 2627 919 2675 et
945 2619 1002 2674 in
1022 2618 1234 2675 caeteris
1254 2618 1507 2674 omnibus
1526 2616 1711 2674 omnia
1732 2615 1813 2671 fa-

193 2710 283 2767 cit.

264 2800 453 2855 Vnns.
492 2800 578 2851 13.
610 2827 679 2837 —
706 2798 954 2854 Etenim.
1020 2794 1270 2852 Ostendit
1302 2794 1576 2867 quomodo
1614 2809 1814 2864 corpus

194 2887 412 2944 Christi
444 2886 515 2941 sit
534 2901 700 2941 unum
731 2885 858 2956 quia
898 2901 1088 2940 omnes
1134 2883 1404 2957 baptizati,
1437 2884 1491 2938 id
1522 2890 1603 2938 est
1648 2882 1816 2940 abluti

195 2985 247 3034 et
276 2977 337 3031 in
371 2991 490 3031 uno
519 2974 712 3046 spiritu
742 2973 889 3030 ducti
918 2990 1106 3028 sumus
1126 2973 1184 3028 in
1210 2974 1331 3040 hoc,
1365 2980 1423 3027 ut
1452 2971 1620 3026 simus
1650 2986 1816 3025 unum

194 3081 427 3137 corpus,
479 3063 537 3119 id
580 3069 664 3118 est
692 3062 977 3118 unanimes
1024 3078 1124 3134 per
1154 3062 1303 3117 illum
1350 3077 1517 3116 unum
1546 3060 1814 3131 spiritum,

1896 1829 1952 1884 id
1982 1837 2063 1883 est
2091 1828 2148 1882 in
2194 1828 2249 1883 id
2299 1826 2678 1904 sollicitudinis
2708 1827 2855 1898 quod
2887 1827 2954 1881 sit
2993 1826 3193 1898 ipsum,
3228 1825 3285 1881 id
3315 1833 3398 1881 est
3426 1825 3509 1880 in-

1902 1915 2178 1982 diﬁ‘erens,
2213 1925 2401 1971 utnon
2430 1916 2610 1970 minus
2640 1932 2738 1985 pro
2767 1916 2877 1971 alio
2911 1932 3075 1987 quam
3115 1931 3217 1986 pro
3260 1930 3337 1970 se.

1976 2006 2258 2062 Vans.26.
2295 2035 2365 2046 ——
2395 2006 2466 2060 Et
2493 2007 2542 2061 si
2589 2005 2722 2077 quid
2748 2006 2994 2077 patitur.
3043 2005 3160 2059 Hoc
3209 2002 3277 2058 de
3326 2019 3505 2058 mem-

1904 2093 2018 2149 bris
2038 2093 2288 2164 corporis
2342 2093 2664 2166 ambiguum
2693 2109 2802 2147 non
2831 2100 2932 2159 est,
2965 2092 3094 2164 quia
3124 2092 3170 2147 si
3199 2091 3392 2148 oculus
3420 2091 3509 2147 vel

1906 2199 2005 2254 pes
2034 2181 2283 2253 capiatur
2312 2181 2497 2252 aliqua
2543 2181 2888 2253 aegritudine,
2920 2189 3093 2236 totum
3139 2196 3341 2251 corpus
3370 2196 3509 2237 con-

1908 2271 2072 2326 dolet.
2125 2271 2205 2324 Ita
2253 2277 2306 2323 et
2346 2285 2448 2324 nos
2477 2269 2638 2325 decet
2675 2270 2972 2326 condolere
3003 2269 3265 2324 fratribus
3295 2268 3344 2323 si
3374 2268 3505 2341 quid
3575 2255 3583 2262 ’

1910 2348 2255 2414 adversitatis
2285 2357 2591 2424 emerserit,
2622 2365 2675 2411 et
2703 2357 2878 2413 laetari
2907 2357 2953 2411 si
2982 2356 3123 2412 bene
3152 2356 3399 2413 cesserit.

1980 2448 2151 2501 Vnus.
2174 2448 2262 2504 27.
2287 2476 2355 2485 —
2376 2448 2452 2501 De
2481 2447 2747 2502 membro.
2801 2446 2900 2501 Vel
2946 2445 3159 2502 Christo
3185 2488 3197 2512 ,
3231 2445 3318 2500 vel
3358 2460 3391 2499 a
3420 2460 3508 2501 me

1911 2536 2065 2604 cujus
2103 2534 2487 2606 praedicatione
2517 2534 2742 2590 instituti
2780 2534 2931 2588 estis.
3342 2550 3351 2555 ·

1983 2625 2155 2679 Vens.
2177 2627 2267 2681 28.
2290 2653 2361 2663 ——
2388 2624 2461 2679 Et
2489 2624 2756 2696 quosdam
2779 2624 3026 2696 quidem.
3058 2621 3397 2677 Determinat
3415 2620 3506 2678 hic

1914 2713 1983 2767 de
2027 2712 2185 2767 donis
2231 2712 2352 2779 Dei,
2386 2728 2508 2784 quae
2554 2711 2765 2778 altiora,
2801 2719 2853 2766 et
2901 2728 3023 2783 quae
3072 2711 3179 2765 sint
3226 2709 3505 2765 inferiora.

1915 2802 1995 2856 De
2022 2801 2108 2855 his
2137 2800 2282 2857 enim
2328 2800 2592 2871 putabant
2638 2799 2921 2866 Corinthii,
2969 2799 3115 2870 quod
3157 2798 3337 2853 minus
3368 2806 3513 2853 esset

1915 2889 2112 2958 majus,
2146 2897 2201 2944 et
2230 2888 2377 2960 quod
2406 2889 2585 2958 majus
2633 2896 2780 2943 esset
2824 2887 3031 2942 minus.
3069 2888 3346 2944 Primum.
3408 2886 3503 2941 Di-

1918 2979 2123 3051 gnitate
2153 2986 2207 3033 et
2234 2985 2479 3049 tempore
2499 2979 2774 3050 apostolos
2808 2975 2923 3032 vice
2936 2976 3135 3032 Christi
3153 2975 3515 3047 praedicantes

1920 3075 1974 3122 et
2016 3066 2260 3121 omnium
2285 3066 2517 3135 judices.

206 3162 267 3209 ιιι
288 3133 485 3210 ῖοῑῑιω
542 3167 743 3222 corpus
787 3133 1159 3206 δοωίυίενυηδ
1196 3150 1379 3205 anima
1416 3156 1717 3222 νθῧθίδῑυτο
1749 3148 1818 3202 Et
1847 3133 1897 3197 Ο
1987 3156 2238 3212 Secundo
2262 3133 2586 3228 prophetas.
2614 3154 2673 3208 Id
2703 3161 2786 3209 est
2814 3152 3076 3225 mysteria
3102 3151 3510 3224 Scripturarum

208 3242 340 3315 quia
374 3256 577 3297 omnes
609 3239 774 3310 potati
817 3256 1003 3295 sumus
1032 3239 1087 3293 in
1128 3239 1448 3310 acceptione
1474 3237 1817 3292 diversorum

198 3332 485 3387 donorum
518 3328 752 3399 Spiritus
779 3327 974 3394 sancti,
993 3328 1056 3383 in
1076 3344 1190 3383 uno
1210 3329 1412 3400 spiritu
1440 3344 1454 3380 :
1486 3325 1610 3397 quia
1637 3324 1817 3379 omnia

191 3419 348 3477 dona
367 3419 448 3474 ad
477 3433 649 3472 unum
680 3416 1021 3474 efﬁciendum
1050 3415 1251 3488 dirigit.
1283 3417 1406 3471 Non
1426 3414 1569 3470 illius
1584 3429 1817 3485 persona

190 3506 615 3565 contemnenda
644 3505 732 3561 vel
760 3504 1117 3577 praeferenda,
1148 3519 1251 3559 nec
1299 3503 1610 3558 hominibus
1640 3503 1818 3574 gloria

191 3603 299 3661 Dei
331 3603 529 3660 danda
559 3620 573 3656 :
608 3601 735 3673 quia
760 3618 899 3656 unus
928 3608 982 3656 et
1009 3600 1154 3655 idem
1182 3599 1238 3653 in
1258 3599 1508 3655 omnibus
1538 3608 1814 3670 operatur.

264 3694 454 3748 Vnus.
492 3692 663 3745 14.—
690 3690 833 3757 Nam
861 3694 918 3745 et
956 3703 1177 3760 corpus.
1214 3687 1465 3743 Ostendit
1491 3704 1593 3758 per
1621 3688 1816 3742 simili-

192 3781 454 3835 tudinem
505 3778 732 3833 humani
760 3778 1003 3848 corporis
1031 3776 1290 3831 unitatem
1320 3776 1566 3847 corporis
1598 3776 1816 3846 Christi,

192 3870 250 3924 id
282 3878 375 3924 est
402 3866 691 3934 Ecclesiae,
720 3866 922 3921 habere
950 3865 1267 3921 varietatem
1312 3864 1614 3921 ofﬁciorum
1646 3873 1700 3921 et
1728 3866 1818 3919 di-

194 3954 537 4009 versitatem
564 3952 708 4005 hanc
724 3966 834 4004 non
852 3949 1046 4005 tollere
1074 3949 1337 4005 unitatem
1377 3965 1391 4005 :
1431 3949 1569 4004 sicut
1596 3950 1820 4005 humani

198 4041 468 4113 corporis
502 4041 684 4094 unitas
705 4054 814 4094 non
831 4039 887 4093 in
916 4037 1289 4109 singularitate
1319 4037 1586 4104 consistit,
1636 4040 1735 4094 sed
1763 4039 1817 4092 in

194 4139 398 4195 multis
408 4136 699 4202 membris,
717 4145 774 4190 ut
785 4135 1021 4192 invicem
1036 4135 1141 4191 sibi
1161 4143 1423 4207 praestent
1435 4135 1580 4207 quod
1593 4135 1812 4191 debent.

269 4229 453 4283 Vm.
488 4226 577 4280 17.
612 4255 681 4264 —
709 4224 769 4280 Si
798 4228 1005 4281 totum.
1036 4223 1206 4292 Quasi
1236 4224 1377 4279 dicat
1404 4240 1416 4278 :
1452 4223 1509 4279 Si
1542 4223 1597 4277 in
1627 4224 1816 4280 Eccle-

198 4317 287 4372 sia
312 4330 517 4372 omnes
547 4319 732 4368 essent
759 4312 917 4367 unius
964 4311 1145 4378 officii,
1188 4312 1463 4384 quomodo
1489 4312 1813 4382 impleretur

192 4404 516 4462 nece55itas
547 4401 814 4472 corporis,
845 4401 999 4469 cujus
1019 4400 1407 4473 gubernationi
1426 4400 1656 4456 diversis
1678 4416 1818 4471 opus

200 4502 344 4559 est?

270 4591 459 4645 Vnus.
492 4591 582 4643 18.
603 4617 675 4628 —
696 4588 954 4653 Memora,
986 4587 1418 4660 unumquodque
1449 4602 1648 4642 eorum
1666 4587 1820 4641 sicut

190 4687 408 4745 voluit.
438 4685 507 4741 Ut
534 4684 670 4739 nihil
699 4683 840 4740 desit
868 4682 947 4737 illi
980 4699 993 4736 :
1024 4683 1098 4737 ita
1127 4690 1181 4738 et
1208 4682 1263 4736 in
1290 4682 1542 4738 Ecclesia
1570 4682 1817 4737 diversas

190 4800 485 4859 personas
513 4784 712 4857 quibus
740 4782 930 4838 tribuit
958 4797 1189 4837 munera
1218 4782 1457 4837 diversa.

268 4885 457 4939 Vens.
490 4885 578 4937 19.
629 4910 699 4920 -—
749 4879 900 4948 Quod
942 4880 995 4935 si
1040 4883 1230 4935 essent
1249 4880 1441 4935 omnia
1471 4894 1672 4943 unum,
1706 4892 1817 4931 non

192 4971 378 5027 modo
397 4968 689 5024 multitudo
719 4984 980 5023 sensuum
1007 4968 1233 5039 periret,
1267 4967 1366 5022 sed
1404 4966 1567 5021 etiam
1594 4981 1815 5036 corpus.

190 5062 278 5116 Ita
310 5060 365 5115 si
392 5059 454 5114 in
472 5056 724 5114 Ecclesia
751 5071 943 5113 omnes
972 5064 1154 5113 essent
1183 5056 1342 5111 unius
1362 5055 1523 5112 cilicii
1540 5062 1592 5110 et
1623 5054 1808 5128 digni-

194 5150 353 5219 tatis,
386 5163 500 5202 non
521 5146 969 5203 discernerentur
1004 5145 1249 5200 membra
1278 5160 1457 5217 neque
1487 5160 1709 5215 corpus.

272 5239 467 5294 Vnus.
504 5239 601 5293 21.
630 5265 702 5276 —
722 5235 833 5291 Aut
854 5237 1065 5291 iterum
1086 5239 1258 5307 caput
1276 5235 1524 5307 pedibus.
1567 5234 1693 5303 Ipsa
1739 5231 1822 5287 di-

194 5328 394 5402 gnitas
424 5323 848 5395 contemptibilis
875 5330 956 5378 est
976 5322 1092 5378 sine
1121 5321 1655 5392 subjectis.0ﬁicium
1676 5320 1821 5375 enim

195 5424 289 5471 est
339 5430 447 5484 per
486 5412 635 5485 quod
681 5411 919 5483 dignitas
968 5419 1200 5466 constat.
1248 5412 1479 5482 Magnus
1526 5411 1822 5481 imperator

196 5502 593 5559 necessarium
623 5500 787 5556 habet
827 5500 1145 5556 exercitum.

273 5592 458 5646 Vnus.
488 5593 581 5647 23.
606 5620 677 5631 -——
697 5590 1003 5646 Inhonesta
1031 5593 1187 5646 sunt.
1222 5587 1379 5667 Absit
1406 5596 1463 5643 ut
1483 5588 1538 5642 in
1558 5588 1821 5644 membris

197 5686 539 5736 sanctorum
575 5678 758 5751 aliqua
786 5677 854 5733 sit
883 5676 1156 5750 turpitudo
1194 5694 1209 5733 ηε
1248 5679 1345 5734 sed
1375 5677 1631 5733 dicuntur
1660 5676 1819 5732 inho-

1402 5907 1428 5922 κ

1835 4494 1889 4554 D

1916 3244 2004 3301 vel
2031 3242 2211 3299 futura
2240 3243 2563 3300 revelantes.
2607 3244 2786 3300 Tertio
2817 3242 3090 3299 doctores.
3124 3242 3402 3313 Praecepta
3433 3240 3512 3296 vi-

1917 3332 2080 3389 vendi
2108 3333 2320 3398 dantes,
2352 3331 2440 3387 vel
2471 3331 2564 3404 qui
2591 3346 2793 3402 pueros
2820 3330 3013 3386 litteris
3028 3330 3294 3384 imbuunt.

1994 3422 2208 3477 Genera
2241 3422 2586 3492 linguarum.
2619 3419 2878 3490 (Csars)
2897 3418 3043 3475 Ecce
3064 3417 3268 3473 donum
3288 3416 3388 3473 Dei
3404 3425 3506 3483 est,

1917 3509 2115 3564 multas
2162 3509 2301 3564 scire
2346 3509 2580 3581 linguas.
2632 3509 2702 3563 Et
2729 3515 2858 3563 nota
2892 3507 3040 3579 quod
3068 3506 3315 3584 ultimum
3361 3506 3513 3577 ponit

1917 3597 2071 3664 illud,
2103 3597 2250 3669 quod
2277 3596 2355 3652 illi
2382 3596 2620 3667 primum
2648 3596 2940 3667 ponebant.

1989 3713 2159 3767 Vnus.
2185 3714 2273 3769 29.
2305 3741 2373 3751 ——
2404 3712 2668 3784 Nunquid
2705 3726 2898 3767 omnes
2942 3726 3064 3783 pro,
3116 3716 3219 3764 etc.
3255 3706 3360 3777 Qui
3390 3709 3509 3764 haec

1923 3817 2030 3856 non
2060 3802 2226 3856 habet
2252 3800 2309 3854 in
2338 3816 2398 3855 se
2426 3808 2570 3854 amet
2597 3799 2655 3853 in
2682 3798 2805 3854 aliis
2837 3813 2903 3854 ea
2937 3814 2948 3853 :
2982 3805 3038 3853 et
3063 3797 3121 3853 in
3150 3797 3229 3867 eis
3249 3797 3365 3867 jam
3392 3798 3512 3854 haec

1917 3891 2079 3945 habet
2107 3907 2229 3961 qua;
2257 3890 2313 3945 in
2344 3905 2403 3943 se
2440 3904 2551 3943 non
2580 3888 2762 3943 habet.

1989 3987 2159 4044 VERS.
2204 3990 2290 4041 31.
2334 4015 2403 4025 -—
2434 3985 2914 4041 Excellentiorem
2947 3984 3117 4039 viam.
3151 3980 3506 4049 Charitatem,

1919 4074 2043 4147 quia
2083 4082 2165 4130 est
2193 4074 2370 4144 majus
2416 4074 2672 4128 omnibus
2700 4072 2976 4145 praedictis
3004 4072 3211 4127 donum
3237 4090 3254 4138 ;
3286 4070 3431 4126 unde
3453 4071 3509 4125 in

1918 4162 2043 4230 ﬁne,
2075 4164 2160 4218 his
2200 4163 2294 4236 qui
2323 4162 2527 4232 dicunt,
2579 4163 2831 4228 Domine,
2893 4164 2956 4217 in
2993 4162 3224 4217 nomine
3254 4164 3349 4215 tuo
3376 4176 3514 4233 pro-

1917 4253 2291 4325 phetavimus,
2327 4252 2607 4307 daemonia
2650 4252 2937 4323 ejecimus,
2961 4252 3202 4306 virtutes
3244 4249 3507 4320 fecimus,

1918 4342 2069 4397 dicet
2095 4343 2368 4399 Dominus
2402 4356 2415 4395 :
2450 4340 2706 4396 Recedite
2735 4357 2770 4395 a
2800 4356 2909 4406 me,
2944 4356 3061 4394 non
3086 4339 3219 4394 novi
3245 4352 3356 4403 vos,
3380 4352 3508 4408 ope-

1918 4430 2065 4486 rarii
2093 4430 2418 4502 iniquitatis
2449 4428 2668 4499 (Matth.
2718 4426 2838 4498 v11).

2498 4596 2725 4651 CAPUT
2754 4595 2904 4650 XIII.

1990 4752 2160 4808 Vnus.
2196 4756 2246 4808 1.
2279 4782 2348 4791 ——
2377 4752 2436 4808 Si
2467 4752 2695 4824 linguis;
2738 4759 2844 4807 etc.
2876 4751 3073 4807 Probat
3100 4751 3191 4809 hic
3223 4751 3370 4825 quod
3391 4753 3515 4809 cha-

1920 4840 2054 4895 ritas
2082 4840 2436 4897 excellentior
2464 4849 2547 4896 est
2580 4858 2591 4896 :
2624 4840 2751 4912 quia
2778 4839 2885 4895 alia
2914 4840 3033 4897 sine
3050 4840 3145 4897 illa
3173 4856 3286 4898 non
3311 4841 3512 4912 valent,

1920 4937 1972 4985 et
2001 4929 2095 4984 illa
2124 4930 2241 4985 sine
2269 4928 2390 4985 istis
2418 4930 2645 5001 prodest
2672 4929 2987 5001 plurimum.
3025 4930 3381 4987 Charitatem
3408 4947 3515 4987 au-

1921 5023 2054 5074 tem.
2079 5018 2329 5073 Charitas
2359 5026 2442 5074 est
2470 5016 2593 5073 fons
2621 5017 2878 5090 proprius
2907 5026 2962 5074 et
3008 5018 3307 5091 singularis
3336 5018 3514 5074 bono-

1919 5124 2043 5162 rum
2071 5107 2160 5164 cui
2189 5107 2400 5162 alienus
2428 5122 2539 5162 non
2557 5106 2940 5164 communicat.
2962 5106 3096 5176 Quae
3125 5115 3183 5164 ut
3202 5107 3387 5165 oleum
3405 5124 3519 5166 non

1920 5203 2099 5267 potest
2123 5196 2300 5267 premi
2324 5196 2382 5250 in
2428 5195 2558 5262 imo,
2592 5196 2690 5251 sed
2737 5195 3159 5268 superexcellit;
3194 5214 3317 5269 quae
3336 5197 3384 5252 si
3413 5198 3517 5253 de-

1921 5292 2008 5360 sit,
2041 5292 2242 5348 frustra
2270 5293 2539 5348 habentur
2557 5301 2756 5349 caatera
2786 5314 2805 5350 :
2836 5294 2883 5348 si
2911 5294 3071 5364 adsit,
3106 5294 3378 5351 habentur
3396 5310 3513 5352 om-

1918 5381 2009 5437 nia
2029 5383 2057 5437 ?
2093 5383 2248 5439 Velut
2278 5399 2352 5437 aes
2401 5399 2628 5450 sonans,
2668 5390 2772 5440 etc.
2808 5383 2959 5439 Sicut
2986 5383 3225 5455 impulsu
3253 5384 3435 5455 aliquo
3467 5400 3519 5454 et

1920 5496 2028 5536 non
2057 5497 2158 5551 per
2185 5496 2245 5535 se
2263 5495 2341 5548 ms
2369 5487 2590 5536 resonat
2614 5524 2627 5547 ,
2652 5480 2731 5536 sic
2777 5480 3011 5553 loquens
3030 5481 3251 5555 linguis,
3275 5495 3385 5537 non
3413 5495 3515 5551 per

1921 5593 1999 5642 se,
2035 5577 2126 5648 qui
2148 5578 2320 5634 nescit
2351 5578 2496 5649 quod
2525 5577 2785 5650 loquitur,
2810 5579 3116 5635 sedvirtute
3138 5578 3361 5650 spiritus
3380 5590 3517 5647 pro-

1920 5674 2025 5731 fert
2052 5692 2119 5731 ea
2150 5676 2345 5748 quibus
2377 5677 2659 5733 audientes
2680 5677 2937 5733 mulceat.
