3948 6178
203 220 296 274 545

1012 214 1281 272 GLOSSA
1315 214 1724 273 ORDINARIA.
1753 245 1824 257 —
1849 216 2071 273 EPIST.
2103 218 2125 271 Ι
2172 218 2266 272 AD
2296 216 2454 273 COR.

3379 221 3486 275 546

206 356 303 415 qua
331 337 540 412 indigni
568 346 713 407 sunt,
746 337 844 393 sed
873 338 929 392 in
956 339 1233 410 parabolis
1261 338 1459 395 dicitur
1487 340 1567 394 eis
1595 340 1784 395 Evan-
1812 340 1869 399 A
1960 342 2130 395 Vens.
2166 342 2217 397 4.
2248 370 2317 381 -
2349 341 2686 397 Resurrexit
2736 342 2908 396 tertia
2953 340 3062 397 die.
3122 340 3192 395 Et
3240 340 3346 396 hoc
3374 339 3489 395 dixi

206 428 416 503 gelium.
447 430 518 483 Et
546 443 649 483 nec
687 429 770 483 sic
798 427 1131 482 exaudiant.
1164 428 1281 483 Hoc
1309 428 1378 482 de
1412 427 1496 481 his
1531 428 1783 498 praedixit

204 532 328 588 quos
371 514 610 586 pmscﬁt
650 530 761 568 non
808 514 1135 580 credituros,
1171 516 1369 586 quibus
1400 523 1627 587 propter
1654 530 1785 586 pec-

200 611 310 662 cata
338 619 447 659 non
475 610 626 674 patet
652 602 743 659 vel
781 603 964 674 placet
1002 602 1222 658 veritas.

264 693 427 747 Vsus.
459 695 547 749 22.
563 722 633 730 —
659 692 852 764 Itaque
877 692 1086 763 linguae
1116 692 1179 746 in
1198 693 1448 763 signum.
1472 692 1534 746 Id
1555 698 1639 746 est
1661 707 1784 746 ser-

200 796 378 836 mones
422 779 524 835 Dei
567 779 847 852 incognita
895 779 1083 852 lingua
1134 788 1188 834 et
1236 779 1535 852 peregrina
1562 778 1786 835 obscuri

201 877 312 924 sunt
358 884 426 923 ne
474 867 762 924 videantur
808 883 842 923 a
885 867 1151 939 perﬁdis,
1185 875 1243 922 ut
1294 882 1419 923 cum
1468 868 1782 932 audiuntur,

200 956 406 1030 signum
436 956 507 1011 sit
538 955 629 1027 qui
658 964 882 1027 propter
926 955 1212 1027 perﬁdiam
1238 955 1442 1011 factum
1472 964 1556 1011 est
1581 972 1650 1010 ne
1681 971 1785 1010 au-

196 1045 394 1100 dientes
422 1043 730 1117 intelligant
762 1061 775 1099 :
808 1045 916 1099 hoc
945 1043 1130 1115 utique
1159 1043 1218 1098 ﬁt
1247 1043 1559 1099 inﬁdelibus
1591 1044 1787 1115 quibus

195 1141 444 1207 teguntur
470 1149 686 1199 sensus,
720 1131 972 1189 ﬁdelibus
1001 1140 1185 1189 autem
1214 1133 1469 1190 convenit
1498 1131 1787 1204 prophetia

197 1229 243 1277 et
269 1237 377 1277 non
403 1220 598 1294 lingua
625 1221 924 1294 incognita.

260 1309 428 1364 Vens.
461 1313 551 1366 23.
573 1339 644 1349 —
677 1309 738 1366 Si
783 1325 910 1381 ergo
958 1308 1275 1366 conveniat.
1307 1307 1425 1363 Alia
1456 1306 1595 1361 ratio
1624 1306 1786 1361 datur

199 1397 277 1454 hic
303 1412 403 1453 cur
431 1413 542 1451 non
572 1395 808 1452 debeant
836 1396 987 1467 loqui
1025 1396 1247 1469 linguis,
1283 1396 1439 1467 quasi
1466 1394 1626 1461 dicat,
1661 1394 1785 1465 quia

203 1487 397 1556 lingua:
425 1488 567 1541 sunt
594 1485 658 1539 in
688 1485 934 1556 signum,
967 1500 1077 1539 non
1121 1484 1191 1539 ad
1238 1482 1673 1539 aadiﬁcationem.

263 1574 429 1628 Vnus.
462 1577 551 1630 26.
584 1603 655 1613 —
688 1573 828 1642 Quid
867 1590 1012 1644 ergo.
1052 1574 1174 1627 Jam
1203 1571 1391 1642 incipit
1418 1570 1785 1626 determinare

200 1677 298 1754 quo
314 1662 481 1716 modo
497 1662 703 1734 linguis
724 1661 793 1715 sit
811 1660 1074 1715 utendum
1098 1678 1115 1727 ;
1161 1660 1317 1731 quasi
1349 1659 1495 1715 dicat
1529 1675 1541 1713 :
1575 1657 1785 1726 Quam-
1810 1694 1864 1754 B

199 1750 483 1822 doquidem
512 1751 631 1805 haec
658 1750 881 1805 veniunt
900 1750 970 1803 de
989 1748 1262 1804 locutione
1282 1748 1589 1821 linguarum
1615 1764 1630 1813 ;
1655 1762 1790 1819 ergo

201 1838 318 1910 quid
345 1838 625 1911 agendum
656 1838 728 1893 de
755 1837 841 1892 his
880 1837 1010 1892 est?
1031 1836 1185 1909 quasi
1207 1836 1352 1891 dicat
1383 1853 1398 1890 :
1430 1834 1667 1891 Utamini
1691 1834 1792 1888 lin—

199 1927 315 1999 guis
361 1927 436 1981 ad
482 1925 921 1992 aediﬁcationem,
972 1926 1112 1983 sicut
1156 1933 1351 1981 caetera
1398 1924 1613 1997 agenda
1643 1929 1788 1977 sunt.

203 2016 600 2088 Unusquisque,
635 2023 741 2071 etc.
776 2015 905 2069 Ideo
934 2013 1115 2069 nullus
1145 2030 1204 2068 se
1234 2020 1474 2068 excuset.
1500 2013 1794 2067 Psalmum

200 2105 368 2159 habet.
405 2103 656 2158 Laudem
684 2101 804 2170 Dei,
838 2118 938 2172 per
966 2101 1259 2157 canticum.
1283 2101 1631 2157 Doctrinam.
1657 2099 1795 2154 Sen-

199 2208 307 2248 sum
338 2191 685 2262 spiritualem
715 2207 815 2261 per
843 2190 1205 2261 prudentiam.

262 2281 434 2334 Vnus.
467 2282 557 2337 2'1.
591 2310 662 2319 —
692 2279 805 2334 Aut
826 2283 893 2333 ut
914 2281 1161 2333 multum
1184 2282 1318 2333 tres.
1342 2277 1465 2331 Non
1483 2276 1607 2347 plus
1631 2290 1793 2347 quam

197 2375 321 2434 tres,
352 2384 428 2422 ne
479 2368 713 2438 loquens
752 2366 953 2438 linguis
1001 2373 1231 2437 occupet
1277 2365 1454 2433 diem,
1488 2372 1542 2419 et
1587 2380 1698 2419 non
1727 2364 1795 2418 sit

197 2456 338 2513 locus
368 2456 661 2527 prophetis
692 2454 1001 2526 Scripturas
1030 2452 1445 2509 disserentibus.

262 2546 434 2600 Vnus.
471 2548 561 2601 28.
594 2575 666 2585 —
700 2544 814 2600 Sibi
851 2547 1045 2599 autem
1096 2545 1376 2615 loquatur.
1414 2540 1527 2595 Sibi
1556 2539 1792 2611 loquitur

200 2634 280 2705 qui
310 2632 706 2705 compungitur
749 2648 815 2687 ex
860 2630 947 2686 his
978 2646 1098 2702 quae
1146 2630 1295 2686 dicit.
1342 2630 1411 2683 Et
1437 2627 1562 2683 ideo
1593 2629 1661 2683 ad
1691 2629 1795 2683 ho-

200 2738 378 2778 norem
410 2722 539 2787 Dei,
573 2736 738 2794 quem
766 2720 948 2775 laudat
969 2719 1058 2776 vel
1088 2727 1225 2774 orat.

261 2812 434 2865 Vens.
468 2813 559 2867 29.
592 2840 663 2849 —
694 2809 984 2880 Prophetas
1023 2807 1150 2862 duo.
1206 2804 1343 2874 Quia
1390 2803 1584 2859 suﬁicit
1615 2819 1797 2859 sermo

199 2906 267 2954 tot
292 2898 601 2964 hominum,
636 2905 690 2953 et
717 2897 774 2952 in
802 2912 898 2952 ore
929 2895 1163 2952 duorum
1194 2893 1281 2950 vel
1310 2892 1474 2948 trium
1502 2899 1607 2946 stat
1637 2907 1798 2971 omne

200 2988 442 3043 verbum.

261 3077 430 3131 Vens.
469 3077 557 3129 30.
591 3104 661 3114 —
713 3072 863 3142 Quod
902 3073 954 3128 si
992 3071 1115 3127 alii.
1166 3070 1336 3125 Datur
1367 3067 1613 3129 interiori
1642 3066 1788 3139 quod
1815 3048 1865 3111 Ο

198 3180 297 3220 non
325 3162 626 3235 superiori.

263 3253 435 3309 Vens.
469 3255 560 3306 33.
585 3281 655 3291 —
674 3251 796 3307 Non
819 3250 975 3306 enim
1004 3251 1091 3305 est
1110 3246 1476 3303 dissensionis
1504 3248 1665 3301 Deus.
1698 3245 1801 3300 Es-

204 3350 280 3397 set
307 3350 497 3396 autem
527 3341 675 3394 Deus
703 3336 1063 3393 dissensionis
1100 3336 1146 3392 si
1176 3352 1272 3391 eos
1321 3350 1459 3407 quos
1491 3334 1685 3405 replet,
1719 3333 1799 3388 si-

200 3430 305 3485 mul
332 3430 491 3501 loqui
531 3427 904 3499 compelleret.

267 3520 430 3575 Sicut
474 3519 541 3572 in
570 3516 847 3581 omnibus,
901 3522 1005 3571 etc.
1059 3513 1315 3567 Mulieres
1361 3518 1609 3581 taceant,
1660 3510 1799 3565 sicut

202 3622 297 3680 ego
326 3608 507 3662 doceo
536 3605 593 3659 in
637 3603 890 3659 omnibus
955 3601 1223 3658 ecclesiis.

263 3695 433 3750 Vens.
460 3696 549 3748 35.
583 3722 652 3732 —
684 3693 861 3763 Turpe
905 3694 1009 3746 est.
1062 3688 1201 3758 Quia
1231 3695 1425 3744 contra
1452 3684 1795 3757 disciplinam

201 3782 625 3839 ecclesiasticam
651 3782 755 3835 hoc
805 3785 906 3835 est.

264 3872 433 3927 Vnus.
468 3873 558 3925 37.
591 3900 660 3909 —
712 3869 771 3925 Si
826 3867 950 3940 quis
1002 3867 1225 3922 videtur
1278 3864 1575 3937 propheta.
1634 3860 1795 3930 Quod

201 3961 378 4031 utique
410 3975 525 4015 non
562 3966 665 4028 est,
699 3957 746 4011 si
774 3972 885 4011 non
914 3955 985 4010 ita
1018 3971 1146 4010 esse
1176 3952 1459 4026 cognoscit
1489 3969 1503 4005 :
1540 3950 1631 4022 qui
1650 3950 1797 4005 enim

202 4063 321 4103 vere
351 4054 457 4115 est,
489 4048 566 4102 ita
594 4043 896 4119 cognoscit,
930 4051 981 4098 et
1012 4043 1103 4114 qui
1131 4044 1247 4098 huic
1297 4040 1535 4111 ignorat,
1570 4039 1792 4111 ignora-

202 4134 355 4202 bitur,
390 4136 449 4191 id
479 4144 563 4191 est
588 4132 1008 4205 improbabitur.
1044 4129 1230 4186 Pusilli
1260 4129 1316 4182 in
1345 4144 1509 4184 cruce
1541 4126 1789 4198 glorian-

200 4231 274 4278 tes
309 4224 531 4279 etiamsi
574 4223 828 4295 ignorent
871 4236 994 4292 quae
1024 4217 1375 4273 subtilissime
1424 4215 1785 4284 disseruntur,

200 4312 264 4367 ad
290 4312 530 4385 gloriam
559 4319 743 4366 tamen
788 4306 1132 4380 perveniunt,
1166 4306 1290 4377 quia
1336 4320 1446 4359 non
1475 4302 1617 4374 perit
1646 4318 1787 4357 unus

1886 428 2186 484 secundum
2217 429 2556 498 Scripturas.
2590 428 2768 500 Inquit
2811 429 2957 483 enim
3005 428 3150 483 Osee
3183 445 3196 481 :
3234 431 3367 485 Post
3398 429 3487 484 bi-

1885 519 2062 573 duum
2091 517 2391 585 viviﬁcabit
2419 534 2541 586 nos,
2594 521 2650 572 et
2680 517 2745 571 in
2787 517 2877 571 die
2927 518 3094 573 tertio
3125 532 3493 588 resurgemus

1884 607 1948 661 in
1997 609 2309 677 conspectu
2356 607 2478 677 ejus
2518 604 2664 675 (Ose.
2699 604 2799 674 vr).
2833 603 2892 659 Si
2938 612 3184 659 mortuus
3218 612 3272 660 et
3301 603 3488 676 sepul-

1888 701 1978 748 tus
2007 693 2330 761 resurrexit,
2363 709 2434 748 ne
2454 692 2714 749 dubitetis
2743 701 2988 748 mortuos
3016 700 3069 748 et
3117 692 3362 764 sepultos
3391 708 3490 749 re-

1895 798 2146 855 surgere.

1961 872 2130 926 Vnns.
2168 873 2221 925 ὅ.
2239 900 2309 911 —
2332 871 2486 925 Visus
2497 874 2583 925 est
2614 870 2828 942 Cephea.
2844 868 2996 923 Prius
3018 883 3185 940 quam
3213 868 3337 923 aliis
3357 869 3488 924 viris

1890 959 2089 1030 quibus
2102 959 2425 1030 apparuisse
2453 957 2653 1031 legitur
2664 958 2721 1012 in
2747 956 3075 1031 Evangelio,
3091 956 3251 1012 aliter
3279 964 3495 1013 contra-

1892 1047 2031 1102 rium
2086 1054 2233 1102 esset
2279 1046 2329 1101 ei
2369 1046 2517 1117 quod
2554 1046 2731 1116 primo
2782 1045 3100 1100 mulieribus
3166 1044 3493 1116 apparuisse

1907 1135 2129 1209 legitur.

1960 1225 2130 1279 Vnus.
2166 1229 2218 1291 8,
2242 1227 2295 1278 9.
2347 1253 2417 1263 —
2457 1223 2733 1279 Abortivo.
2777 1222 3074 1279 Abortivus
3118 1222 3320 1279 dicitur
3355 1221 3488 1294 quia

1889 1320 2046 1368 extra
2076 1319 2290 1383 tempus
2321 1310 2623 1383 legitimum
2653 1318 2833 1376 natus,
2864 1311 2920 1364 id
2949 1319 3033 1366 est
3062 1319 3357 1382 antequam
3386 1310 3484 1365 de-

1890 1401 2034 1467 beat,
2068 1400 2154 1456 vel
2184 1407 2309 1471 post
2336 1407 2390 1454 et
2420 1399 2627 1453 tardius
2668 1406 2894 1454 renatus
2941 1397 3303 1469 apostolatum
3331 1413 3490 1454 acce-

1889 1489 1987 1561 pit,
2015 1490 2128 1559 jam
2158 1489 2371 1544 Christo
2393 1494 2694 1560 assumpto.
2720 1486 2818 1542 Vel
2848 1486 3040 1540 similis
3060 1486 3329 1555 abortivo,
3355 1486 3486 1557 quia

1893 1594 2014 1632 sum
2043 1577 2319 1643 minMus,
2351 1576 2437 1632 vel
2467 1584 2714 1646 tempore
2742 1582 2795 1630 et
2821 1574 3123 1639 vocatione,
3156 1589 3267 1629 non
3296 1573 3486 1646 digni-

1891 1674 2022 1731 tate,
2054 1667 2241 1720 laborc
2289 1673 2343 1720 et
2386 1663 2792 1735 praedicatione.
2828 1665 2942 1719 Hoc
2959 1677 3122 1718 causa
3163 1662 3484 1717 humilitatis

1896 1771 2026 1811 vere
2048 1755 2200 1821 dixit,
2234 1762 2287 1809 et
2314 1754 2512 1824 probat
2540 1753 2730 1807 dicens
2762 1768 2774 1806 :
2806 1753 2927 1807 Non
2958 1768 3083 1806 sum
3114 1751 3338 1822 dignus.
3381 1750 3494 1805 Cur

1896 1859 2032 1917 ergo
2061 1842 2356 1915 Apostolus
2375 1843 2404 1897 ?
2438 1842 2634 1897 Gratia
2683 1844 2876 1895 autem
2903 1840 3022 1895 Dei.
3078 1838 3322 1893 Primum
3377 1837 3494 1892 sola

1895 1931 2087 2003 gratia,
2124 1947 2248 1986 cum
2269 1945 2380 1984 non
2407 1928 2783 2000 praecederent
2830 1926 2935 1981 nisi
2964 1926 3107 1980 mala
3133 1926 3349 1981 merita.
3383 1925 3495 1980 Sed

1893 2027 2015 2092 post
2043 2036 2140 2090 per
2167 2018 2400 2091 gratiam
2420 2016 2684 2087 incipiunt
2712 2015 2923 2069 merita.

1969 2110 2139 2164 Vens.
2178 2110 2263 2162 10.
2296 2137 2366 2146 -
2394 2105 2811 2161 Abundantius.
2854 2104 2970 2159 Hoc
2997 2101 3173 2173 magis
3201 2100 3486 2172 impletum

1898 2204 2000 2263 est,
2035 2196 2160 2268 quia
2189 2196 2258 2250 de
2287 2210 2454 2266 Opere
2482 2207 2744 2247 manuum
2774 2190 2922 2259 vixit,
2952 2207 3054 2245 nec
3078 2190 3377 2262 Evangelio
3392 2190 3494 2244 mi-

1895 2303 1998 2340 nus
2030 2284 2176 2340 fecit.
2209 2284 2279 2337 Et
2309 2300 2377 2338 ne
2407 2282 2661 2338 voluntas
2691 2280 2808 2335 sine
2854 2278 3034 2351 gratia
3076 2278 3177 2334 Dei
3215 2285 3495 2348 putaretur

1894 2374 2105 2446 aliquid
2134 2388 2318 2444 posse,
2352 2369 2535 2425 subdit
2568 2385 2583 2423 :
2615 2370 2736 2424 Non
2767 2384 2882 2439 ego,
2914 2367 3011 2423 sed
3036 2366 3242 2438 gratia,
3278 2373 3384 2420 etc.

1964 2464 2133 2518 Vnus.
2162 2465 2247 2515 11.
2280 2490 2350 2500 -
2380 2461 2450 2513 Et
2479 2459 2568 2514 sic
2598 2455 2938 2513 credidistis.
2982 2453 3179 2525 Arguit
3207 2469 3304 2507 eos
3329 2468 3341 2507 :
3367 2451 3494 2522 quia

1872 2567 2021 2608 cum
2048 2551 2166 2605 haec
2195 2546 2488 2603 manifesta
2519 2544 2655 2599 ﬁdes
2686 2551 2835 2599 esset
2881 2543 3028 2613 apud
3076 2556 3270 2597 omnes
3313 2538 3499 2596 eccle-

1895 2640 2026 2705 sias,
2060 2638 2137 2692 illi
2166 2646 2349 2692 tamen
2373 2634 2501 2689 inde
2521 2633 2881 2688 desciverant.

1967 2729 2136 2783 Vnus.
2175 2727 2260 2780 14.
2289 2754 2358 2763 -
2393 2724 2453 2779 Si
2480 2726 2675 2777 autem
2706 2721 2982 2777 Christus.
3007 2718 3302 2788 Hucusque
3328 2714 3492 2771 Chri-

1897 2823 2039 2871 stum
2068 2811 2436 2870 resurrexisse
2455 2809 2711 2865 ostendit.
2733 2809 2892 2863 Nunc
2910 2823 3010 2876 per
3030 2804 3493 2861 resurrectionem

1896 2905 2014 2974 ejus
2058 2903 2256 2974 probat
2303 2899 2763 2955 resurrectionem
2810 2903 3170 2950 mortuorum.
3204 2893 3494 2965 Negabant

1897 2990 2344 3063 pseudoapostoli
2391 2988 2676 3044 Christum
2722 3000 2853 3042 vere
2901 2999 3124 3055 passum
3156 2981 3325 3036 fuisse
3349 3022 3363 3048 ,
3404 2986 3498 3034 aut

1904 3081 2193 3151 sepultum,
2228 3085 2321 3133 aut
2376 3074 2748 3132 resurrexisse
2782 3073 2870 3130 vel
2898 3072 2954 3126 in
3000 3086 3225 3127 carnem
3255 3069 3492 3124 venisse.

1976 3170 2144 3224 Vnus.
2190 3170 2275 3222 15.
2308 3197 2377 3206 -
2398 3165 2727 3221 Invenimur
2754 3166 2970 3218 autem.
3002 3161 3133 3215 Haec
3152 3166 3207 3214 et
3233 3157 3342 3213 alia
3370 3156 3496 3212 ideo

1900 3257 2227 3322 inferuntur,
2260 3263 2319 3310 ut
2345 3254 2670 3309 erubescant
2699 3249 2962 3307 Corinthii
3006 3254 3301 3319 sequentes
3337 3260 3499 3301 erro-

1900 3363 2021 3402 rem
2050 3342 2660 3417 pseudoapostolorum,
2691 3356 2852 3411 quem
2883 3336 3127 3392 absurda
3157 3336 3276 3391 haec
3305 3349 3501 3390 conse-

1903 3442 2163 3507 quuntur,
2206 3450 2327 3504 quae
2365 3431 2531 3486 etiam
2577 3429 2694 3500 ipse
2740 3428 2984 3483 damnat.
3016 3426 3101 3480 Ne
3140 3439 3277 3496 ergo
3307 3422 3363 3476 in
3392 3423 3498 3478 hoc

1901 3539 2093 3578 errore
2148 3526 2486 3587 remaneant,
2535 3518 2668 3574 dicit
2711 3532 2723 3570 :
2770 3515 2969 3571 Inveni
2992 3553 3007 3581 ,
3054 3520 3159 3568 etc.
3215 3511 3496 3566 Adversus

1897 3614 2097 3668 Deum.
2128 3610 2254 3664 Non
2290 3608 2522 3673 minore,
2555 3606 2654 3661 sed
2679 3604 2890 3673 majore
2917 3600 3170 3656 fortassis
3200 3599 3411 3654 scelere
3440 3597 3498 3652 in

1897 3700 2014 3755 Deo
2044 3698 2299 3753 laudatur
2326 3694 2558 3761 falsitas,
2599 3708 2763 3763 quam
2794 3691 3132 3761 vituperatur
3159 3686 3383 3742 veritas.

1967 3788 2138 3843 Vnus.
2173 3786 2259 3840 17.
2292 3814 2362 3823 -
2395 3783 2546 3851 Quod
2573 3781 2624 3836 si
2656 3780 2913 3835 Christus
2942 3794 3079 3842 non,
3115 3783 3221 3830 etc.
3255 3773 3312 3828 Si
3333 3772 3497 3828 Chri-

1897 3884 2012 3931 stus
2032 3890 2142 3930 non
2170 3870 2508 3940 resurrexit,
2542 3868 2791 3926 Christus
2820 3868 2876 3921 in
2904 3872 3082 3920 morte
3113 3862 3397 3918 retinetur.
3430 3861 3502 3916 Et

1896 3964 1943 4018 si
1973 3964 2030 4017 in
2057 3970 2255 4028 morte,
2284 3969 2416 4016 tunc
2445 3966 2498 4015 et
2524 3959 2578 4012 in
2607 3964 2854 4029 peccato,
2879 3953 3029 4027 quod
3051 3960 3135 4008 est
3155 3964 3325 4007 causa
3343 3965 3493 4004 mor—

1894 4052 1981 4107 tis.
2014 4052 2084 4106 Et
2113 4051 2161 4105 si
2189 4051 2245 4105 in
2272 4056 2497 4120 peccato
2534 4053 2767 4114 tenetur,
2799 4051 3029 4115 peccata
3074 4047 3260 4098 vestra
3298 4037 3495 4094 remit-

1892 4149 2010 4195 tere
2039 4157 2149 4195 non
2176 4138 2369 4210 potuit.
2400 4137 2472 4191 Et
2498 4135 2573 4189 ita
2600 4134 2780 4189 adhuc
2809 4131 2942 4187 estis
2985 4131 3041 4185 in
3087 4127 3330 4201 peccatis
3360 4142 3486 4182 ves-

1891 4229 2011 4296 tris,
2046 4245 2168 4300 quae
2215 4226 2447 4281 remissa
2476 4222 2633 4280 vobis
2678 4220 3017 4285 credebatis,
3051 4225 3104 4274 et
3132 4218 3213 4273 sic
3240 4223 3324 4272 est
3351 4228 3496 4271 vana

1893 4315 2032 4372 ﬁdes
2059 4323 2259 4371 vestra.

198 4400 262 4455 de
287 4401 504 4472 pusillis
528 4415 630 4471 pro
669 4398 865 4469 quibus
885 4395 1133 4452 Christus
1159 4400 1408 4449 mortuus
1436 4399 1537 4447 est.
1576 4392 1789 4463 Cogno-
1818 4406 1872 4467 D
1972 4416 2143 4469 γης,
2183 4416 2273 4469 2L
2322 4439 2391 4451 __.
2434 4409 2711 4478 Quoniam
2774 4406 2999 4478 quidem
3039 4419 3143 4474 ρετ-
3188 4400 3493 4456 hominem.

202 4494 336 4546 seat.
365 4490 505 4545 Cum
525 4489 630 4543 hoc
657 4487 805 4555 dicit,
837 4485 1011 4540 innuit
1039 4481 1276 4538 difﬁcilia
1314 4495 1438 4535 esse
1466 4480 1635 4535 verba
1657 4479 1795 4549 epis-

200 4578 588 4647 tolarum,cum
611 4591 643 4630 a
658 4576 926 4646 propheta
946 4572 1033 4628 vel
1057 4568 1326 4643 spirituali
1334 4569 1491 4639 jubet
1511 4568 1789 4641 cognosci.

264 4680 441 4734 Vnus.
482 4682 570 4734 38.
602 4708 673 4718 —-
705 4677 765 4733 Si
792 4677 915 4749 quis
943 4678 1136 4730 autem
1164 4674 1410 4744 ignorat.
1457 4670 1565 4725 Sed
1597 4668 1643 4723 si
1672 4668 1795 4740 quis

198 4768 309 4824 haec
338 4768 578 4842 ignorat,
613 4773 667 4822 et
693 4781 803 4822 non
833 4764 945 4820 vult
974 4762 1203 4818 credere
1234 4776 1358 4815 esse
1388 4758 1641 4813 mandata
1671 4757 1792 4823 Dei,

196 4854 541 4927 ignorabitur
563 4898 577 4922 ,
627 4861 685 4909 ut
730 4853 786 4908 in
832 4849 1137 4923 Evangelio
1168 4866 1181 4905 :
1216 4849 1411 4905 Nescio
1460 4863 1551 4903 vos
1578 4887 1591 4916 ,
1623 4844 1681 4900 id
1714 4851 1798 4900 est

197 4960 301 5000 non
328 4944 461 5002 novi
486 4960 588 5000 vos
607 4959 729 4999 esse
758 4957 933 5010 meos,
965 4940 1052 4996 vel
1079 4938 1223 4993 inter
1250 4934 1684 5008 praedestinatos.

747 5063 972 5121 CAPUT
1030 5062 1152 5117 XV.

265 5167 436 5223 Vens.
460 5169 515 5223 2.
566 5194 637 5204 —
682 5166 791 5220 Per
819 5161 961 5235 quod
999 5164 1057 5218 et
1102 5158 1427 5216 salvamtni.
1463 5155 1520 5212 Si
1549 5153 1797 5211 retinetis

200 5253 327 5310 illud
353 5252 739 5328 Evangelium,
762 5251 819 5307 id
839 5258 923 5307 est
951 5248 1414 5306 resurrectionem
1432 5252 1793 5309 mortuorum,

203 5357 261 5397 ea
288 5344 498 5398 ratione
527 5357 637 5415 qua
665 5339 979 5399 conﬁrmavi
1010 5338 1186 5405 vobis,
1211 5337 1266 5392 id
1289 5344 1372 5393 est
1392 5352 1492 5407 per
1512 5346 1797 5389 resurrec-

202 5430 401 5488 tionem
431 5431 648 5497 Christi.
682 5430 804 5487 Nisi
823 5432 1047 5501 frustra
1065 5427 1406 5485 credidistis.
1439 5422 1598 5492 Quod
1621 5428 1723 5488 est,
1748 5420 1795 5474 si

201 5535 306 5575 non
350 5521 546 5577 tenetis
592 5519 1057 5576 resurrectionem
1121 5523 1480 5571 mortuorum.
1514 5512 1798 5566 Incassum

205 5616 283 5666 est
311 5609 453 5667 ﬁdes
482 5626 604 5683 qua:
630 5623 743 5665 non
779 5607 1046 5680 accipitur
1074 5605 1176 5661 sub
1224 5620 1320 5676 spe
1350 5597 1792 5659 resurrectionis.

1891 4504 2038 4559 Ecce
2068 4500 2340 4573 prirnitim,
2364 4499 2528 4553 homo
2550 4504 2603 4551 et
2624 4498 2806 4560 homo,
2829 4495 2994 4548 homo
3027 4490 3099 4545 ad
3119 4489 3307 4557 vitam,
3331 4488 3496 4542 homo

1894 4592 1967 4647 ad
1987 4599 2240 4655 mortem,
2266 4587 2363 4642 sed
2383 4587 2475 4641 ille
2495 4601 2605 4641 non
2623 4583 2728 4638 nisi
2746 4584 2930 4648 homo,
2950 4580 3052 4634 iste
3062 4580 3212 4633 Deus
3233 4584 3286 4632 et
3306 4577 3492 4631 homo.

1964 4690 2135 4745 Vnus.
2167 4691 2332 4745 22.—
2348 4687 2419 4741 Et
2447 4684 2615 4740 sicut.
2648 4682 2753 4735 Per
2767 4680 2934 4744 sicut,
2956 4684 3177 4732 notatur
3197 4673 3496 4730 similitudo

1895 4787 1948 4835 et
1967 4792 2155 4846 causa,
2189 4774 2319 4847 quia
2338 4773 2478 4828 sicut
2498 4788 2564 4826 ex
2586 4767 2934 4839 corruptione
2967 4765 3102 4821 Adae
3144 4764 3215 4820 ad
3243 4769 3497 4828 mortem,

1893 4867 1967 4923 ita
1995 4882 2061 4922 ex
2092 4863 2286 4936 spiritu
2317 4860 2520 4917 Christi
2534 4859 2606 4914 ad
2623 4857 2812 4914 vitam.

1966 4974 2138 5029 Vens.
2168 4973 2259 5027 23.
2300 4997 2371 5009 —
2414 4965 2818 5039 Unusquisque.
2869 4960 3109 5017 Ordines
3166 4957 3404 5029 exponit,
3435 4963 3496 5012 ut

1895 5062 1965 5118 de
1984 5076 2047 5116 re
2067 5066 2220 5116 certa
2245 5075 2259 5112 :
2284 5064 2337 5112 et
2357 5063 2604 5125 tempora
2623 5051 2844 5124 quando
2864 5049 3068 5105 factum
3089 5048 3178 5115 sit,
3201 5046 3252 5102 ei
3274 5045 3495 5117 quando

1894 5150 2137 5206 futurum
2174 5147 2261 5215 sit,
2303 5152 2362 5200 ut
2382 5150 2667 5214 resurgant
2713 5138 2935 5195 mortui.
2968 5137 3179 5194 Deinde
3209 5135 3306 5209 qui
3333 5137 3494 5191 sunt.

1896 5239 2019 5294 Alia
2046 5237 2229 5292 littera
2261 5251 2276 5289 :
2305 5232 2518 5290 Deinde
2549 5231 2610 5286 hi
2623 5230 2718 5302 qui
2740 5231 2887 5291 sunt
2918 5227 3132 5282 Christi
3160 5226 3225 5280 in
3246 5223 3497 5279 aduentu

1896 5330 2038 5400 ejus,
2088 5323 2298 5380 scilicet
2338 5326 2651 5392 resurgant.
2676 5319 2863 5389 Itaque
2885 5315 2976 5387 qui
2995 5314 3052 5368 in
3069 5312 3344 5368 Christum
3367 5325 3489 5365 cre-

1897 5397 2050 5485 dunt,
2082 5421 2135 5469 et
2163 5411 2344 5467 minus
2373 5425 2440 5464 eo
2469 5407 2623 5481 digni
2655 5414 2797 5473 sunt,
2831 5409 3124 5474 resurgant
3153 5397 3492 5472 posteriores

1896 5513 2163 5575 tempore,
2187 5508 2240 5555 et
2260 5497 2525 5572 dignitate
2544 5496 2806 5552 minores.
2829 5495 2899 5549 Et
2919 5491 3012 5565 qui
3027 5491 3136 5546 sint
3152 5486 3372 5550 Christi,
3396 5500 3490 5538 ex-

1897 5592 2051 5668 ponit
2074 5590 2341 5648 subdens:
2362 5587 2468 5656 Qui
2490 5587 2555 5642 in
2583 5586 2832 5643 adventu
2847 5585 2970 5655 ejus
2981 5577 3364 5642 crediderunt,
3378 5579 3486 5628 etc.
