3964 6180
396 277 500 334 547

969 271 1373 328 WALAFRIDI
1410 270 1653 326 STRABI
1692 268 1889 325 FULD.
1929 265 2104 324 MON.
2145 266 2301 325 OPP.
2341 270 2519 326 PARS
2555 270 2598 324 I.
2639 299 2708 311 --
2743 269 3216 327 THEOLOGICA.

3603 270 3720 322 5L8

470 401 735 457 Vens.2t.
755 428 825 440 --
841 398 1053 455 Deinde
1072 398 1227 467 ﬁnis.
1248 398 1361 452 Hoc
1388 394 1539 466 ponit
1554 395 1625 450 ad
1653 393 1997 450 commenda-
2011 411 2068 472 ν
2098 394 2367 451 ducemus
2387 401 2443 452 et
2462 396 2731 463 bibamus,
2758 413 2882 453 cras
2903 398 3059 453 enim
3076 396 3409 452 moriemur.
3433 394 3557 450 Hoc
3581 406 3728 464 pro-

401 489 605 546 tionem
634 486 1072 551 resurrectionis,
1105 500 1213 556 qua
1254 483 1477 555 impleta
1530 481 1651 537 ﬁnis
1682 482 1786 537 erit
1816 481 2005 536 mundi

408 585 462 633 et
508 575 905 634 consummatio
950 573 1208 629 omnium.
1267 573 1405 628 Cum
1453 570 1827 627 evacuaverit.
1862 571 2005 625 Dum

409 666 572 721 durat
606 664 843 721 mundus
865 706 877 729 ,
920 661 1102 733 angeli
1145 659 1360 733 angelis
1403 667 1678 731 praesunt,
1728 660 2006 715 daemones

406 753 764 820 daemonibus,
798 750 1048 807 homines
1094 748 1408 804 hominibus
1438 766 1453 802 :
1504 748 1575 803 ad
1605 747 1890 803 utilitatem
1919 746 2005 802 vi-

408 841 673 907 ventium,
723 839 808 894 vel
846 838 920 893 ad
948 836 1347 907 deceptionem.
1401 836 1508 891 Sed
1554 836 1862 892 hominibus
1892 834 2007 891 col-

416 929 572 985 lectis
599 928 654 982 in
685 926 897 999 angelis
928 934 979 982 et
998 925 1307 981 hominibus
1336 924 1513 980 omnis
1541 924 1786 995 praelatio
1815 939 2009 979 cessa-

410 1017 508 1085 bit,
542 1031 650 1071 non
681 1015 783 1070 erit
828 1014 969 1069 inter
1014 1014 1367 1085 praesidentes
1396 1021 1451 1067 et
1493 1012 1736 1067 subditos
1766 1012 1861 1067 illa
1889 1012 2009 1067 dis-

407 1104 610 1160 sensio.
662 1104 814 1158 Tunc
861 1110 1045 1159 autem
1090 1110 1275 1157 notum
1305 1101 1406 1156 erit
1437 1100 1708 1165 omnibus,
1742 1100 1876 1154 nihil
1906 1100 2010 1155 ho-

407 1208 528 1247 rum
579 1190 791 1262 aliquos
840 1198 1087 1245 terrenos
1132 1190 1217 1245 vel
1257 1189 1511 1246 cmlestes
1542 1188 1799 1244 habuisse
1831 1204 1897 1244 ex
1926 1204 2007 1253 se,

408 1280 507 1336 sed
537 1280 608 1334 ab
638 1280 752 1348 illo,
785 1296 850 1334 ex
882 1295 989 1350 quo
1018 1286 1141 1333 sunt
1172 1278 1369 1333 omnia.

490 1368 663 1423 Vens.
696 1370 784 1424 25.
807 1396 878 1409 ο·-
908 1367 1133 1439 Oportet
1165 1370 1359 1422 autem
1389 1366 1558 1420 illum
1577 1381 1833 1436 regnare.
1871 1364 2013 1419 Sen-

426 1472 519 1511 sus
565 1464 647 1512 est
676 1474 688 1511 :
723 1456 956 1526 Oportet
983 1471 1212 1527 regnum
1234 1455 1350 1523 ejus
1396 1453 1614 1510 interim
1642 1451 2011 1517 manifestari,

418 1545 595 1599 donec
641 1559 833 1598 omnes
862 1542 1067 1598 inimici
1116 1558 1237 1598 cum
1286 1556 1521 1615 regnare
1568 1540 1884 1596 fateantur:
1927 1539 2016 1594 di-

421 1633 598 1688 cendo
627 1633 799 1688 donec
830 1631 1065 1687 excludit
1084 1632 1342 1699 majorem
1364 1628 1875 1695 manifestationem,
1908 1644 2019 1683 non

412 1720 737 1811 ampliorem
768 1720 925 1811 regni
972 1719 1417 1811 permanentiam.
1466 1718 1627 1811 Unde
1650 1718 1813 1771 alibi:
1854 1716 2021 1811 Oculi
2042 1751 2096 1811 B

414 1810 600 1865 nostri
629 1808 701 1865 ad
730 1809 1033 1866 Dominum
1063 1810 1241 1863 Deum
1272 1811 1556 1872 nostrum,
1593 1807 1766 1862 donec
1787 1806 2017 1861 misere-

410 1903 564 1961 atur,
603 1904 706 1951 etc.
743 1897 867 1950 Non
896 1903 954 1951 ut
981 1903 1111 1951 tunc
1151 1902 1488 1960 avertantur,
1522 1894 1620 1948 sed
1650 1902 1707 1948 ut
1735 1893 1869 1949 nihil
1901 1908 2018 1948 am-

412 1984 555 2055 plius
600 1984 903 2055 requirant.

484 2096 655 2152 Vens.
686 2100 775 2153 26.
809 2125 880 2136 —
918 2097 1229 2152 Novissima
1273 2100 1486 2152 autem.
1538 2096 1685 2151 Inter
1730 2094 1834 2152 alia
1881 2111 2019 2151 con-

413 2192 520 2241 stat
566 2185 712 2261 quod
760 2193 812 2240 et
856 2193 1181 2256 potestatem
1232 2184 1528 2240 suscitandi
1577 2184 1741 2241 habet
1773 2183 2020 2241 Christus

419 2290 543 2330 cum
586 2273 767 2328 subdit
802 2289 814 2328 :
844 2274 1149 2329 Novissime
1196 2277 1391 2330 autem
1420 2273 1658 2329 inimica
1695 2273 2021 2328 destruetur

415 2378 584 2418 mors.
620 2361 780 2416 Modo
828 2361 1075 2416 Christus
1105 2369 1316 2432 regnat,
1349 2368 1402 2416 et
1431 2369 1556 2417 tunc
1589 2359 1839 2434 regnabit
1875 2378 1888 2415 :
1922 2361 2020 2416 sed

390 2449 738 2515 novissime,
772 2448 826 2504 id
857 2457 940 2504 est
968 2457 1094 2521 post
1134 2449 1317 2505 omnia
1348 2450 1661 2505 destruetur
1689 2466 1861 2516 mors,
1893 2449 2021 2522 quia

414 2537 653 2609 amplius
702 2551 813 2592 non
857 2537 1225 2593 dissolventur
1269 2538 1519 2593 homines
1568 2538 1703 2594 sicut
1772 2537 2020 2593 haeretici

423 2626 782 2682 arbitrantur.
816 2627 1141 2683 Novissime.
1174 2625 1312 2694 Quia
1349 2642 1459 2681 non
1507 2626 1611 2682 erit
1645 2626 1846 2698 aliquid
1876 2626 2020 2698 quod

422 2715 708 2770 destruat:
739 2721 1029 2786 postquam
1059 2716 1163 2769 hoc
1205 2714 1433 2769 mortale
1464 2713 1649 2769 induat
1695 2714 2019 2770 immortali-

414 2810 600 2858 tatem.
625 2803 885 2858 lnimica.
922 2802 1018 2857 Cui
1048 2802 1393 2857 inimicamur
1417 2820 1430 2856 :
1456 2803 1544 2857 vel
1570 2802 1693 2874 ipsa
1722 2803 1899 2859 nobis.
1924 2803 2022 2857 Ite-

417 2906 539 2946 rum
567 2890 969 2946 commendatio
1008 2889 1445 2945 resurrectionis.

488 2979 662 3035 Vens.
689 2981 779 3037 27.
819 3008 889 3018 —
909 2980 1128 3033 Praeter
1148 2994 1278 3033 eum
1308 2979 1403 3050 qui
1426 2977 1665 3049 subjecit
1692 2978 1745 3033 ei
1790 2979 2002 3034 omnia.

417 3066 524 3135 Qui
543 3065 681 3122 sicut
702 3081 769 3121 ex
796 3064 949 3121 nullo
984 3072 1103 3132 est,
1149 3064 1225 3119 ita
1259 3064 1409 3119 nulla
1435 3065 1649 3120 ratione
1696 3073 1876 3136 potest
1921 3065 2024 3120 ali-

417 3155 507 3211 cui
531 3170 654 3209 esse
676 3154 952 3223 subjectus
980 3168 992 3207 :
1018 3152 1141 3223 Ipse
1154 3142 1299 3208 enim
1319 3152 1647 3224 principium
1665 3162 1748 3209 est
1761 3153 2020 3209 omnium.

497 3243 567 3298 Ut
604 3242 685 3296 sit
719 3243 867 3296 Deus
909 3241 1122 3296 omnia.
1184 3239 1325 3309 Quia
1371 3256 1496 3296 cum
1551 3241 1728 3297 omnis
1776 3249 2026 3298 creatura

426 3328 705 3384 Christum
752 3344 877 3384 esse
933 3344 1091 3383 suum
1139 3336 1329 3399 caput,
1365 3327 1565 3384 Christi
1611 3338 1792 3385 autem
1839 3336 2021 3400 caput,

428 3418 622 3486 Deum,
656 3432 766 3473 non
795 3424 1005 3473 tantum
1034 3418 1091 3472 in
1119 3417 1392 3484 omnibus,
1422 3417 1478 3472 id
1499 3425 1582 3472 est
1602 3417 1657 3472 in
1679 3417 2025 3475 confessione

419 3506 683 3573 omnium,
717 3521 858 3561 unus
888 3505 991 3561 erit
1022 3506 1199 3572 Deus,
1233 3507 1329 3561 sed
1358 3514 1411 3561 et
1440 3506 1616 3562 omnis
1677 3514 1932 3564 creatura
1951 3506 2029 3563 fa-

432 3594 635 3650 tebitur
665 3593 845 3666 ipsum
868 3610 992 3649 esse
1013 3609 1077 3650 ex
1100 3610 1208 3667 quo
1230 3601 1355 3649 sunt
1395 3594 1595 3650 omnia.

499 3684 672 3738 Vens.
707 3687 795 3740 28.
819 3713 889 3722 —
924 3685 992 3740 Ut
1018 3684 1099 3738 sit
1124 3686 1289 3739 Deus.
1318 3684 1441 3754 Ipse
1470 3691 1553 3738 est
1582 3681 1705 3738 finis
1735 3697 1900 3754 quem
1928 3699 2028 3738 su-

422 3786 527 3843 pra
556 3771 717 3826 toties
745 3771 1082 3828 concludens
1129 3771 1311 3842 posuit
1343 3787 1359 3825 :
1389 3778 1513 3843 post
1557 3771 1906 3827 membratim
1934 3787 2029 3826 ex-

420 3860 585 3932 plicat
617 3877 740 3933 quae
769 3860 839 3915 sit
867 3860 1264 3916 consummatio
1294 3859 1489 3915 futura.
1526 3860 1748 3917 Omnia.
1774 3859 1908 3929 Quae
1939 3860 2030 3915 de-

437 3947 665 4004 siderari
694 3956 941 4019 possunt.
995 3950 1060 4003 In
1109 3948 1386 4015 omnibus,
1421 3948 1682 4004 membris
1708 3949 1822 4003 suis
1856 3965 1870 4002 :
1904 3948 2028 4019 quia

426 4036 712 4108 praemium
743 4036 959 4091 virtutis
989 4036 1086 4091 erit
1118 4036 1234 4107 ipse
1268 4037 1361 4109 qui
1409 4037 1558 4092 dedit
1585 4036 1863 4102 virtutem,
1900 4036 2031 4108 quia

432 4125 582 4180 Deus
613 4124 716 4179 erit
744 4124 887 4180 unde
930 4124 1208 4179 satientur.

500 4221 671 4276 Vens.
704 4223 794 4278 29.
828 4251 899 4261 —
929 4224 1036 4277 Pro
1058 4223 1317 4277 mortuis.
1344 4222 1403 4276 Id
1423 4229 1507 4277 est
1544 4238 1642 4293 pro
1665 4221 1905 4293 peccatis
1924 4221 2029 4277 de-

426 4308 623 4365 lendis.
656 4308 775 4376 Vel,
808 4325 911 4380 pro
943 4317 1004 4364 se
1024 4309 1255 4364 mortuis
1302 4309 1568 4366 faciendis
1597 4311 1668 4365 ad
1716 4309 2030 4366 similitudi-

427 4413 556 4455 nem
575 4398 769 4454 mortis
800 4398 1015 4467 Christi,
1050 4398 1182 4470 quid
1200 4397 1398 4454 facient
1427 4415 1552 4455 cum
1593 4415 1701 4455 non
1732 4399 1839 4453 sint
1866 4400 2031 4455 vitam

426 4486 712 4543 habituri?
745 4488 805 4545 Si
836 4488 1086 4553 omnino,
1118 4493 1219 4544 etc.
1242 4488 1319 4541 Ita
1347 4493 1403 4541 ut
1434 4503 1536 4543 nec
1565 4487 1812 4542 Christus
1842 4502 2026 4543 surre-

427 4576 569 4632 xerit
587 4576 617 4631 ?
635 4583 692 4631 ut
713 4576 843 4647 quid
872 4574 1215 4647 baptizantur
1235 4592 1360 4632 cum
1375 4584 1604 4646 peccata
1621 4592 1733 4632 non
1761 4574 2030 4631 dimittan-

428 4671 533 4734 tur,
558 4664 605 4717 si
629 4664 876 4720 Christus
896 4680 1004 4720 non
1027 4664 1424 4720 resurrexerit?

502 4759 673 4815 Vens.
706 4763 792 4815 3t.
824 4791 893 4800 —
913 4763 1149 4833 Propter
1176 4764 1444 4817 vestram.
1477 4760 1613 4816 Vel:
1647 4763 1756 4816 Per
1782 4764 2031 4816 vestram

429 4849 689 4922 gloriam.
746 4850 888 4905 Ecce
936 4850 1232 4920 Apostolus
1254 4849 1401 4919 jurat
1430 4856 1489 4904 ut
1520 4848 1754 4905 sciamus
1775 4848 1901 4921 quia
1930 4865 2030 4905 ve-

429 4953 554 4992 rum
578 4937 760 5006 jurare
788 4951 899 4993 non
931 4946 1016 4992 est
1044 4946 1351 5009 peccatum,
1394 4937 1492 4993 sed
1540 4953 1649 4993 non
1678 4937 1802 4993 ideo
1833 4937 1889 4991 in
1921 4937 2030 4992 du-

427 5026 533 5081 biis
574 5025 868 5094 jurandum
921 5034 1040 5092 est;
1072 5034 1126 5081 et
1155 5026 1322 5081 tutius
1376 5034 1460 5081 est
1503 5042 1611 5081 non
1651 5026 1840 5095 jurare
1871 5041 2033 5098 quam

429 5114 823 5170 consuetudine
857 5113 1078 5184 jurandi
1108 5116 1375 5187 pejerare.
1418 5114 1638 5170 Falsum
1675 5129 1804 5170 vero
1823 5114 2030 5183 jurare,

428 5201 821 5273 gravissimum
850 5212 934 5258 est
972 5212 1275 5275 peccatum.
1312 5204 1518 5258 Contra
1547 5210 1882 5275 praeceptum
1922 5218 2036 5258 non

432 5297 516 5346 est
539 5290 742 5360 juratio
777 5310 790 5347 :
825 5309 948 5364 qua:
992 5307 1103 5349 non
1148 5300 1233 5347 est
1260 5307 1295 5346 a
1332 5290 1476 5346 malo
1510 5291 1765 5361 jurantis,
1815 5290 1916 5348 sed
1945 5291 2035 5347 in-

432 5379 641 5435 creduli
671 5380 761 5437 vel
786 5380 1008 5450 infirmi,
1034 5378 1127 5452 qui
1156 5379 1317 5436 aliter
1345 5394 1457 5434 non
1487 5379 1679 5436 credit.

503 5468 674 5523 Vens.
702 5472 788 5527 32.
824 5498 895 5508 —
932 5469 992 5525 Si
1020 5467 1335 5524 secundum
1356 5467 1659 5526 hominem.
1686 5467 1747 5523 Id
1766 5475 1850 5524 est
1867 5481 2039 5540 agens

438 5555 833 5612 rationabiliter
881 5556 1012 5627 quia
1050 5556 1286 5611 hominis
1336 5565 1420 5613 est
1448 5558 1679 5614 credere
1703 5599 1717 5623 ,
1749 5571 1860 5612 non
1898 5554 2040 5611 mori

429 5644 784 5703 hominemut
802 5643 1057 5716 bestiam,
1076 5646 1344 5718 pugnavi,
1376 5646 1435 5702 id
1465 5654 1551 5702 est
1577 5645 1868 5718 disputavi.
1888 5646 2041 5702 Man-

2102 491 2222 555 pter
2248 500 2345 539 eos
2393 485 2487 557 qui
2534 484 2690 557 quasi
2737 485 2872 539 nihil
2900 484 3138 540 futurum
3177 484 3245 539 sit
3274 492 3399 555 post
3445 489 3726 547 mortem,

2105 572 2278 628 ventri
2335 580 2540 628 tantum
2588 574 2805 628 student
2848 581 2907 628 ut
2933 588 3154 644 pecora,
3208 571 3451 629 dicentes
3502 588 3517 625 :
3576 569 3728 639 Quis

2106 660 2231 716 inde
2259 660 2453 717 venit?
2496 662 2618 717 Non
2658 660 2842 717 audivi
2870 677 3062 717 vocem
3106 661 3425 733 cujusquam
3453 658 3597 714 inde
3628 673 3731 713 ve-

2105 748 2321 804 nientis.
2358 748 2569 817 Quibus
2601 750 2798 806 dicitur
2830 768 2843 805 :
2877 749 3067 816 Stulte,
3103 750 3150 805 si
3178 757 3334 821 pater
3368 757 3499 804 tuus
3516 761 3733 818 surge—

2105 845 2207 907 ret,
2262 839 2559 894 crederes?
2608 838 2871 894 Dominus
2931 838 3174 893 omnium
3223 837 3474 902 surrexit,
3502 844 3560 892 et
3612 849 3734 890 non

2107 925 2304 981 credis.
2358 925 2462 995 Qui
2511 927 2683 982 voluit
2729 927 2866 982 mori
2915 936 2969 982 et
3014 943 3268 1000 surgere,
3304 934 3363 980 ut
3392 940 3601 980 omnes
3633 920 3734 976 uni

2109 1015 2474 1082 crederemus,
2508 1032 2577 1071 ne
2608 1032 2639 1071 a
2666 1016 2850 1071 multis
2879 1015 3275 1087 deciperemur.
3310 1014 3593 1069 Crederes
3624 1025 3734 1081 pa—

2109 1104 2177 1157 tri
2200 1103 2395 1159 iterum
2422 1104 2709 1170 morituro,
2744 1112 2798 1158 et
2843 1119 2955 1158 non
2985 1102 3167 1159 credis
3194 1102 3308 1171 jam
3348 1099 3693 1157 immortalis
3719 1139 3735 1168 ,

2111 1190 2203 1262 qui
2231 1192 2469 1263 denique
2500 1192 2868 1247 testimonium
2888 1192 3052 1247 habet
3080 1191 3137 1245 in
3157 1191 3317 1257 coelo,
3341 1187 3737 1245 testimonium

2113 1279 2169 1333 in
2200 1288 2347 1336 terra
2373 1325 2384 1346 ,
2437 1281 2804 1336 testimonium
2833 1281 2903 1336 ab
2949 1281 3161 1354 angelis
3185 1324 3199 1348 ,
3229 1278 3609 1335 testimonium
3660 1275 3737 1330 ab

2114 1386 2305 1441 inferis
2318 1428 2330 1441 .

2191 1502 2359 1557 Vens.
2400 1505 2561 1556 33.—
2590 1504 2771 1559 Nolite
2799 1502 3008 1569 seduci,
3033 1508 3166 1570 etc.,
3197 1499 3457 1572 apseudo
3482 1517 3498 1565 ;
3534 1496 3638 1569 qui
3659 1496 3737 1553 de

2115 1589 2384 1645 medicina
2415 1598 2665 1662 quaerunt
2694 1591 2886 1647 vulnus
2918 1599 2971 1646 et
2998 1591 3068 1645 de
3120 1586 3417 1660 Scripturis
3445 1592 3738 1642 conantur

2116 1686 2373 1750 torquere
2418 1679 2710 1746 vinculum,
2741 1680 2885 1735 unde
2929 1678 3179 1751 laqueum
3227 1676 3419 1733 mortis
3444 1674 3733 1744 injiciant.

2129 1768 2509 1839 Corrumpunt
2554 1769 2717 1824 bonos
2763 1785 2966 1837 mores,
3011 1775 3115 1823 etc.
3151 1764 3492 1838 (Tueonon.)
3540 1763 3738 1819 Bonos

2116 1855 2209 1911 hic
2236 1855 2387 1911 leves
2418 1856 2636 1912 vocavit
2667 1856 2759 1928 qui
2789 1855 2947 1913 facile
2994 1855 3357 1927 decipiuntur.

2190 1972 2358 2027 Vens.
2392 1974 2481 2027 34.
2503 2002 2574 2013 -
2602 1973 2897 2043 Evigilate.
2945 1973 3059 2028 Hoc
3105 1969 3290 2037 nolite,
3324 1968 3421 2025 sed
3450 1968 3739 2039 evigilate

2121 2075 2154 2114 a
2181 2075 2449 2130 corpore;
2487 2068 2543 2115 et
2569 2061 2647 2115 sic
2679 2060 2829 2115 eritis
2866 2063 3058 2133 justi;
3089 2068 3143 2115 et
3169 2067 3293 2131 post
3325 2077 3338 2113 :
3372 2058 3560 2115 Nolite
3580 2071 3734 2129 pec-

2117 2164 2247 2205 care
2276 2149 2382 2204 illis
2414 2149 2824 2216 consentiendo,
2858 2150 2982 2221 quia
3011 2148 3267 2220 ignorant
3314 2148 3508 2203 Deum.

2192 2280 2360 2335 Vens.
2396 2283 2483 2335 35.
2514 2311 2585 2323 —
2619 2281 2725 2338 Sed
2754 2280 2905 2337 dicet
2933 2281 3162 2353 aliquis.
3194 2279 3463 2335 Hactenus
3492 2291 3599 2347 per
3634 2290 3735 2330 ra-

2118 2367 2293 2423 tiones
2338 2367 2591 2439 probavit
2637 2360 3097 2424 resurrectionem
3143 2375 3502 2435 mortuorum,
3549 2363 3736 2419 modo

2117 2474 2214 2527 per
2241 2456 2417 2528 ipsam
2446 2473 2624 2511 rerum
2654 2464 2901 2512 naturam
2920 2473 3083 2529 posse
3112 2455 3228 2512 fieri
3260 2454 3533 2522 ostendit;
3566 2451 3741 2526 quasi

2119 2545 2263 2601 dicat
2290 2562 2391 2617 per
2419 2547 2536 2602 haec
2554 2545 2819 2617 probatur
2849 2564 2862 2601 :
2897 2547 2995 2602 sed
3023 2554 3200 2602 tamen
3221 2544 3415 2617 aliquis
3443 2545 3736 2615 deprava-

2120 2641 2207 2688 tus
2237 2634 2320 2689 sic
2372 2634 2520 2706 loqui
2567 2642 2772 2705 posset,
2821 2635 2977 2707 quasi
3022 2642 3361 2690 mortuorum
3389 2633 3738 2689 resurrectio

2122 2739 2222 2793 per
2250 2731 2503 2778 naturam
2534 2722 2654 2779 ﬁeri
2682 2739 2792 2779 non
2820 2724 2993 2795 possit
3023 2742 3036 2777 :
3068 2725 3137 2780 Et
3167 2726 3216 2779 si
3236 2727 3555 2795 resurgant,
3587 2738 3740 2795 qua-

2125 2813 2233 2867 live
2278 2828 2524 2884 corpore,
2576 2812 2732 2884 quasi
2778 2811 2920 2867 dicat
2956 2828 2968 2868 :
3000 2812 3122 2867 Non
3152 2812 3353 2883 poterit
3397 2810 3549 2866 aliud
3600 2826 3741 2866 esse

2122 2916 2286 2973 quam
2317 2901 2499 2970 modo,
2534 2900 2589 2954 id
2619 2909 2702 2955 est
2729 2900 2989 2972 passibile
3016 2909 3070 2957 et
3106 2900 3349 2957 mortale.
3399 2899 3734 2971 Respondet

2122 2989 2419 3060 Apostolus
2452 3007 2466 3044 :
2498 2990 2796 3062 Insipiens,
2828 2989 2886 3045 id
2933 2997 3017 3045 est
3048 2989 3140 3062 qui
3164 3004 3274 3045 non
3303 2988 3543 3044 attendis
3570 2985 3735 3060 quod

2045 3105 2095 3169 α
2123 3078 2368 3149 quotidie
2397 3078 2552 3165 vides
2581 3078 2638 3133 in
2677 3092 2871 3151 grano.

2264 3194 2435 3249 Vens.
2460 3197 2548 3248 36.
2574 3193 2941 3265 —Insipiens
2973 3196 3039 3248 tu
3071 3208 3086 3246 :
3117 3190 3260 3264 quod
3305 3190 3583 3246 seminus.
3654 3189 3737 3244 Ita

2121 3289 2368 3339 mortuus
2396 3281 2596 3352 poterit
2621 3281 2828 3350 vivere,
2857 3288 2910 3337 et
2935 3278 3151 3337 meliori
3176 3293 3412 3351 corpore
3436 3293 3451 3333 :
3481 3286 3543 3332 ut
3569 3276 3730 3349 quod

2125 3371 2384 3440 seminas,
2414 3370 2609 3426 melius
2640 3369 2830 3441 surgit.

2197 3511 2369 3567 Vens.
2402 3513 2489 3566 38.
2521 3540 2591 3550 —
2618 3511 2762 3566 Deus
2793 3496 2989 3566 autem
3015 3509 3132 3564 dat.
3165 3506 3310 3563 Sicut
3341 3521 3475 3581 ergo
3525 3505 3739 3561 nudum

2130 3614 2363 3673 granum
2393 3598 2712 3664 seminatur,
2746 3605 2799 3652 et
2829 3596 2930 3652 Dei
2972 3603 3104 3651 nutu
3154 3594 3565 3666 quodammodo
3597 3590 3735 3650 ves-

2126 3688 2285 3742 titum
2314 3686 2555 3759 resurgit
2602 3685 2776 3741 multa
2819 3700 3007 3741 secum
3034 3683 3245 3739 habens
3275 3683 3632 3747 incrementa,
3660 3682 3740 3736 ita

2126 3784 2377 3831 mortuus
2406 3776 2508 3831 Dei
2536 3774 2734 3830 virtute
2783 3773 2981 3845 poterit
3028 3773 3233 3838 vivere,
3270 3780 3323 3827 et
3352 3770 3574 3827 meliori
3604 3786 3741 3826 cor-

2126 3880 2258 3935 pore
2309 3879 2621 3934 resurgere.
2679 3863 2983 3934 Unicuique
3021 3863 3326 3917 seminum.
3351 3860 3432 3914 Ita
3477 3866 3532 3914 et
3572 3858 3735 3913 nobis

2132 3952 2449 4007 reformabit
2476 3965 2712 4023 corpora
2740 3957 2926 4006 nostra
2945 3949 3181 4022 antiqua,
3217 3956 3276 4003 ut
3293 3948 3394 4003 Job
3414 3947 3525 4002 ait:
3558 3947 3737 4016 Quem

2131 4042 2356 4096 visurus
2387 4058 2514 4095 sum
2543 4056 2636 4111 ego
2666 4041 2804 4112 ipse,
2840 4043 2897 4095 et
2924 4056 3039 4096 non
3086 4037 3257 4094 alius.
3291 4035 3400 4092 Sed
3428 4035 3537 4091 erit
3567 4032 3733 4089 diﬁ'e-

2129 4129 2305 4184 rentia
2332 4128 2385 4183 in
2416 4128 2591 4201 gloria
2622 4136 2675 4183 et
2710 4127 2996 4199 dignitate,
3022 4124 3268 4198 quamvis
3298 4124 3367 4180 de
3395 4124 3590 4179 eadem
3623 4122 3732 4177 sint

2129 4224 2344 4273 natura.
2380 4217 2527 4273 Sicut
2557 4231 2665 4272 non
2696 4215 2875 4271 omnis
2914 4231 3038 4271 caro
3066 4221 3150 4271 est
3195 4213 3441 4283 ejusdem
3487 4211 3734 4286 dignita-

2130 4306 2217 4374 tis,
2250 4306 2378 4363 licet
2407 4306 2477 4361 de
2507 4304 2715 4360 eisdem
2744 4303 3050 4372 elementis,
3081 4311 3137 4360 et
3181 4304 3288 4359 hoc
3316 4310 3401 4359 est
3438 4300 3588 4374 quod
3617 4300 3729 4355 ait:

2045 4461 2100 4523 Β
2202 4430 2375 4523 Vens.
2407 4432 2494 4484 39.
2524 4460 2590 4474 —
2608 4430 2682 4485 Et
2709 4429 3078 4523 eadem-caro.
3112 4424 3305 4483 Omnis
3346 4438 3480 4482 caro
3509 4438 3733 4495 corpus,

2129 4518 2229 4575 sed
2254 4534 2365 4574 non
2393 4534 2425 4574 e
2445 4532 2712 4574 converso
2746 4534 2760 4571 :
2791 4524 2852 4573 ut
2895 4516 3125 4589 lignum.

2198 4633 2370 4688 Vens.
2423 4634 2511 4687 40.
2563 4661 2633 4671 -
2686 4631 2963 4688 σωιθειὶα.
3024 4625 3443 4701 Resurgentium
3502 4639 3733 4698 corpora

2129 4729 2255 4777 sunt
2284 4719 2568 4787 coelestia;
2597 4719 2878 4775 terrestria
2924 4725 3214 4789 antequam
3242 4715 3567 4781 moriantur,
3604 4714 3736 4786 quia

2131 4827 2196 4867 ex
2221 4810 2415 4865 Adam.
2445 4809 2515 4863 Et
2565 4808 2693 4879 quia
2726 4807 2977 4863 Christus
3024 4806 3264 4862 caelestis
3292 4812 3395 4871 est,
3425 4821 3493 4860 ex
3521 4819 3591 4859 eo
3630 4817 3746 4858 eor-

2128 4913 2264 4970 pora
2292 4897 2539 4954 coelestia
2576 4896 2847 4962 dicuntur,
2882 4904 2936 4951 et
2964 4909 3076 4951 non
3112 4894 3230 4964 jam
3261 4909 3393 4950 caro
3443 4891 3723 4949 dicuntur.

2130 4988 2213 5043 Ex
2239 4987 2414 5041 Adam
2442 5001 2594 5051 vero,
2630 4984 2759 5056 quia
2808 4983 3084 5040 terrestris
3133 4990 3236 5050 est,
3283 4981 3573 5038 terrestria
3603 4994 3732 5037 cor-

2131 5091 2267 5147 pora
2312 5073 2755 5130 denominantur.

2206 5209 2377 5264 Vens.
2410 5209 2496 5263 41.
2524 5237 2594 5249 -
2614 5208 2794 5265 Stella
2821 5206 2977 5263 enim
3009 5223 3045 5262 a
3076 5206 3249 5261 stella
3283 5202 3494 5275 differt,
3532 5210 3643 5259 etc.
3674 5200 3738 5257 In

2136 5299 2295 5355 domo
2324 5297 2515 5354 Patris
2547 5298 2662 5353 mei
2680 5296 3005 5352 mansiones
3043 5295 3245 5351 multa:
3275 5296 3431 5358 sunt,
3457 5291 3563 5347 etsi
3595 5290 3739 5346 idem

2135 5386 2416 5453 denarius,
2447 5385 2505 5441 id
2534 5392 2618 5441 est
2645 5385 2762 5441 vita
2791 5392 2997 5441 aeterna
3026 5383 3309 5439 omnibus.
3341 5382 3463 5437 Una
3490 5386 3575 5436 est
3596 5379 3740 5435 enim

2137 5476 2432 5542 beatitudo,
2476 5491 2639 5547 quam
2662 5474 2794 5544 justi
2833 5472 3179 5546 percipiunt;
3212 5471 3312 5527 sed
3352 5469 3547 5542 dispar
3576 5467 3740 5525 retri-

2136 5564 2376 5620 butionis
2404 5563 2656 5636 qualitas.
2715 5563 2850 5619 Cum
2882 5562 2987 5617 sint
3020 5569 3202 5617 autem
3252 5565 3613 5632 resurgentes
3642 5557 3740 5611 im-

2138 5652 2290 5726 paris
2318 5652 2601 5722 claritatis,
2661 5659 2846 5709 tamen
2872 5652 3022 5708 Deus
3050 5658 3136 5708 est
3153 5648 3338 5706 omnia
3365 5647 3423 5703 in
3463 5645 3742 5713 omnibus,
