3948 6178
162 274 240 327 549

970 258 1243 315 GLOSSA
1271 258 1681 315 ORDINARIA.
1715 289 1785 299 —
1811 258 2040 319 EPIST.
2075 260 2098 314 Ι
2126 260 2221 314 AD
2243 258 2401 316 COR.

3303 263 3406 316 550

166 393 268 464 quia
292 391 430 444 Deus
464 386 702 442 charitas
748 392 852 452 est,
900 390 955 439 et
1000 400 1100 454 per
1129 383 1453 440 charitatem
1482 382 1573 438 fiet
1605 401 1620 451 ;
1652 391 1710 438 ut
1728 384 1785 445 A
1816 383 1943 455 quia
1972 383 2253 456 curruptio
2272 381 2631 450 mortalitatis,
2693 399 2814 455 qua:
2847 384 3068 439 nomine
3087 384 3285 441 carnis
3315 384 3405 441 hic

160 479 281 553 quod
307 476 500 532 habent
527 473 749 548 singuli,
782 472 1149 529 communiter
1181 471 1250 527 sit
1279 471 1541 527 omnium.

214 585 364 640 Vsus.
385 583 471 637 42.
502 611 572 621 -
629 581 980 637 Seminatur.
1034 578 1094 632 Id
1140 585 1241 643 est,
1277 577 1527 648 quamvis
1548 578 1713 633 homo

155 693 206 731 ex
229 687 324 744 quo
343 668 639 740 concipitur
668 684 842 739 usque
863 667 934 722 ad
963 666 1383 721 dissolutionem
1414 666 1482 719 sit
1517 665 1572 719 in
1589 680 1712 721 cor-

156 761 369 832 ruptione
398 766 449 813 et
475 766 600 829 post
633 756 912 813 vermibus
969 762 1198 824 scateat,
1234 762 1418 810 tamen
1447 761 1635 827 surget
1655 754 1713 809 in

154 847 547 919 incorruptione.

211 957 359 1010 Vens.
390 955 476 1008 44.
500 982 570 994 —-
601 953 807 1024 Corpus
836 950 1108 1006 animale.
1168 950 1228 1003 Id
1275 938 1357 1004 est
1385 948 1532 1019 quod
1578 947 1711 1002 nihil

153 1044 289 1100 habet
307 1042 373 1097 ab
401 1040 602 1105 anima,
635 1039 740 1094 nisi
771 1039 918 1109 quod
956 1036 1299 1093 sensificetur
1329 1054 1431 1107 per
1461 1053 1599 1104 eam,
1638 1036 1709 1090 si-

157 1140 231 1190 cut
246 1129 501 1186 animalia.
534 1130 735 1200 Surget
760 1128 1083 1200 spirituale.
1114 1126 1410 1182 Transiens
1441 1126 1497 1181 in
1545 1133 1709 1180 natu-

155 1237 251 1277 ram
294 1219 527 1291 spiritus,
589 1217 644 1271 id
692 1224 776 1271 est
822 1216 1030 1271 habens
1093 1215 1343 1287 quaedam
1388 1213 1706 1285 spiritualia,

155 1310 259 1381 quia
282 1306 439 1380 agile,
462 1306 604 1371 leve,
629 1305 767 1361 cibis
822 1320 932 1360 non
962 1303 1233 1376 indigens.
1264 1304 1398 1359 Cum
1426 1302 1561 1357 dixit
1579 1317 1709 1357 cor-

151 1415 234 1471 pus
273 1395 620 1461 transiturum
667 1394 738 1449 ad
800 1392 1284 1463 incorruptionem,
1344 1390 1711 1461 corruptionis

151 1486 443 1541 mentionem
472 1482 619 1551 facit,
669 1489 728 1536 ut
776 1481 1093 1537 ostendatur
1134 1480 1309 1549 major
1364 1479 1603 1551 dignitas
1629 1495 1714 1534 re-

153 1572 487 1631 surrectionis.
508 1572 568 1627 Si
606 1575 694 1627 est
721 1586 943 1641 corpus.
970 1571 1109 1625 Vere
1139 1576 1327 1641 surget
1359 1584 1561 1639 corpus
1591 1567 1707 1638 spi-

149 1662 329 1728 rituale,
360 1660 486 1731 quia
504 1661 556 1715 si
578 1659 751 1713 modo
783 1666 884 1726 est,
918 1659 1169 1713 animale
1191 1661 1294 1723 est,
1338 1657 1393 1711 id
1415 1664 1499 1712 est
1543 1671 1707 1712 cons-

151 1758 208 1804 tat
231 1765 376 1815 esse;
403 1747 734 1819 quandoque
755 1748 866 1802 erit
886 1747 1206 1818 spirituale.
1239 1746 1389 1801 Sicut
1407 1746 1553 1800 enim
1584 1744 1705 1799 ani-

148 1838 294 1893 males
316 1852 499 1891 sumus
533 1835 659 1907 quia
715 1841 870 1906 pater
897 1842 1085 1889 noster
1140 1832 1376 1889 carnalis
1425 1832 1597 1888 factus
1630 1840 1713 1888 est

148 1926 419 1981 inanimam
439 1924 720 1980 viventem
752 1940 765 1976 :
817 1923 899 1979 sic
956 1922 1160 1978 erimus
1217 1922 1273 1976 in
1309 1921 1711 1977 resurrectione

147 2013 459 2085 spirituales:
494 2012 628 2084 quia
656 2013 819 2066 Pater
848 2018 1034 2068 noster
1082 2011 1375 2081 spiritualis
1423 2009 1598 2066 factus
1630 2019 1713 2066 est

148 2103 190 2157 in
216 2117 300 2157 sua
328 2099 737 2157 resurrectione
766 2100 823 2154 in
843 2099 1087 2171 Spiritum
1111 2097 1493 2154 viviﬁcantem.

200 2204 347 2258 Vsus.
370 2205 457 2258 45.
488 2232 565 2244 ——
583 2204 773 2258 Homo.
807 2201 1007 2256 Totum
1036 2217 1211 2273 genus
1260 2200 1558 2255 humanum
1588 2207 1713 2255 sunt

149 2291 514 2363 quodammodo
539 2290 617 2345 illi
636 2290 746 2345 duo
775 2289 1049 2359 homines,
1082 2289 1291 2361 primus
1312 2296 1365 2343 et
1396 2288 1669 2345 secundus
1694 2306 1707 2343 :

146 2397 195 2435 ex
211 2379 289 2436 illo
315 2379 440 2445 nati,
475 2396 548 2435 ex
578 2380 686 2435 hoc
738 2378 932 2433 renati.
989 2377 1237 2433 Christus
1286 2377 1483 2433 dicitur
1512 2378 1706 2446 Adam,

146 2468 242 2539 quia
259 2468 328 2523 de
348 2468 549 2524 eadem
576 2466 804 2522 materia
836 2485 851 2533 ;
887 2464 1235 2535 novissimus,
1282 2465 1408 2538 quia
1437 2474 1560 2538 post
1586 2482 1711 2521 eum

146 2572 230 2613 non
255 2556 487 2612 succedit
539 2557 707 2612 homo
762 2555 920 2625 alius,
956 2554 1046 2627 qui
1079 2555 1148 2610 sit
1186 2563 1349 2626 caput
1388 2555 1475 2610 vel
1520 2562 1711 2610 auctor

146 2645 331 2699 humani
350 2644 605 2717 corporis
621 2684 636 2699 .

205 2751 295 2808 Sed
321 2768 453 2808 non.
488 2750 642 2805 Dixit
672 2764 905 2821 corpora
934 2756 1124 2805 nostra
1153 2748 1334 2804 futura
1362 2748 1662 2820 spiritualia
1692 2766 1706 2802 :

152 2840 227 2894 sed
244 2856 305 2895 ne
325 2840 442 2912 quis
463 2839 683 2895 dubitet
710 2855 779 2893 an
807 2838 1041 2893 animale
1070 2839 1242 2909 possit
1265 2837 1383 2893 fieri
1406 2836 1705 2908 spirituale,

148 2928 309 2998 probat
330 2944 425 2999 per
452 2927 870 2983 similitudinem
917 2926 1118 2981 Christi
1151 2944 1165 2981 :
1200 2925 1357 2998 quasi
1402 2926 1566 2992 dicat,
1591 2925 1711 2983 fac-

148 3026 214 3071 tus
230 3025 302 3072 est
327 3017 381 3071 in
411 3016 671 3088 spiritum
698 3014 1080 3073 viviﬁcantem.
1127 3015 1232 3072 Sed
1276 3032 1393 3073 non
1433 3016 1592 3087 prius
1611 3013 1712 3069 fuit

149 3103 190 3157 in
213 3105 406 3160 eoillud
430 3106 578 3179 quod
594 3105 1019 3177 estspirituale,
1050 3103 1149 3160 sed
1165 3104 1309 3176 quod
1330 3108 1417 3159 est
1433 3104 1707 3170 animale,
1731 3089 1781 3152 Ο

142 3193 311 3261 deinde
337 3195 668 3267 spirituale.
694 3194 784 3250 Sic
800 3201 855 3249 et
882 3193 951 3249 de
981 3191 1141 3249 nobis
1170 3192 1369 3264 poterit
1397 3190 1536 3248 ﬁeri.

199 3325 345 3381 Vens.
373 3327 458 3381 47.
492 3357 566 3367 —
596 3326 825 3382 Primus
873 3325 1051 3383 homo.
1105 3326 1250 3381 Vere
1294 3324 1505 3396 primus
1526 3331 1609 3379 est
1653 3324 1710 3379 in

148 3414 343 3469 annnam
371 3415 655 3470 viventem
686 3432 701 3482 ;
739 3412 866 3487 quia
895 3414 964 3470 de
994 3414 1220 3486 pulvere
1259 3421 1422 3470 terrae
1443 3413 1709 3469 formatus

143 3508 206 3555 est
228 3502 464 3559 animalis
495 3511 552 3558 et
572 3502 852 3573 passibilis
882 3518 947 3558 ex
979 3510 1193 3557 natura.
1218 3502 1507 3558 Secundus
1526 3504 1705 3568 homo,

148 3590 246 3659 quia
263 3591 322 3647 de
338 3592 490 3657 creto,
515 3591 574 3646 id
598 3600 684 3645 est
711 3590 835 3662 quia
883 3590 1062 3646 divina
1101 3598 1295 3645 natura
1323 3590 1423 3645 fuit
1458 3591 1711 3646 humanae

145 3676 279 3743 unita,
301 3678 420 3735 ideo
468 3680 737 3746 caelestis,
765 3677 819 3733 id
868 3685 952 3734 est
989 3678 1286 3749 spiritualis
1340 3679 1397 3732 in
1434 3693 1711 3734 resurrec-

143 3764 258 3821 tione
286 3775 372 3831 ;et
391 3768 516 3839 quia
544 3766 758 3839 primus
787 3774 948 3839 pater
979 3766 1079 3821 fuit
1108 3775 1381 3833 terrenus,
1405 3767 1540 3821 tales
1586 3774 1711 3821 sunt

144 3866 318 3909 omnes.
353 3856 631 3912 Calcatis.
654 3855 863 3912 Dicitur
889 3871 1012 3911 esse
1029 3855 1295 3923 Christus,
1328 3854 1450 3927 quia
1471 3870 1581 3911 non
1610 3854 1710 3909 hu-

144 3956 278 3997 mano
296 3943 418 4011 ritu,
434 3945 538 4000 sed
553 3943 742 4000 divino
763 3952 895 3999 nutu
925 3951 1220 4015 conceptus
1240 3951 1324 3999 est
1351 3951 1403 3999 et
1422 3951 1600 3999 natus.

199 4055 351 4111 Vnus.
378 4060 565 4114 50.—
594 4059 706 4115 Hoc
754 4062 947 4115 autem
996 4059 1136 4114 dico.
1194 4058 1366 4114 Judaei
1412 4058 1710 4114 credebant

136 4141 343 4200 futuram
371 4145 862 4213 resurrectionem,
910 4145 1010 4202 sed
1036 4162 1191 4202 more
1248 4147 1410 4216 hujus
1447 4146 1590 4215 vitm,
1651 4153 1711 4201 ut

140 4231 371 4287 nuberent
418 4242 473 4289 et
532 4241 915 4308 generarent:
949 4234 1077 4290 inde
1136 4235 1438 4292 sadducais
1488 4235 1710 4307 quidam

140 4332 226 4372 non
251 4329 496 4390 poterant
526 4322 867 4393 respondere
899 4323 969 4378 de
1001 4323 1333 4395 septemvira
1354 4323 1603 4392 muliere,
1640 4324 1709 4380 de
1742 4355 1751 4361 -

141 4411 500 4466 resurrectione
533 4411 685 4467 enim
740 4418 895 4466 erant
921 4411 979 4466 hi
1009 4411 1302 4468 carnaliter
1343 4413 1647 4486 cogitantes
1681 4430 1694 4467 :

139 4494 217 4549 sed
238 4497 335 4554 hoc
364 4499 667 4570 Apostolus
696 4506 959 4569 removet,
994 4499 1217 4557 dicens:

196 4601 319 4669 Quia
347 4621 496 4661 caro.
528 4605 639 4661 Per
667 4620 890 4663 carnem
918 4613 972 4661 et
989 4606 1334 4680 sanguinem,
1368 4614 1615 4663 ventrem
1646 4615 1700 4663 et

134 4684 399 4761 libidinem,
432 4694 491 4749 id
519 4702 610 4750 est
649 4709 815 4766 opera
863 4694 1044 4752 carnis
1073 4698 1218 4766 (quae
1276 4695 1350 4750 ibi
1379 4711 1491 4752 non
1519 4697 1699 4767 erunt)

135 4773 388 4847 signiﬁcat.

193 4893 353 4967 Neque
378 4897 678 4970 corruptio
703 4899 1150 4973 incorruptelam
1163 4899 1483 4972 possidebit.
1503 4900 1585 4956 Ne
1599 4917 1701 4973 pu-

139 4983 258 5035 tares
283 4986 587 5041 secundum
611 4986 973 5043 substantiam
988 4987 1171 5043 carnis
1196 4989 1302 5044 hoc
1321 4988 1450 5056 dici,
1467 4989 1701 5061 aperuit.

136 5065 239 5124 Ideo
262 5071 387 5129 dixit
414 5075 569 5146 quod
597 5090 729 5132 caro
768 5091 879 5133 non
932 5075 1236 5149 possidebit
1281 5093 1515 5151 regnum
1554 5077 1655 5135 Dei
1687 5096 1701 5135 :

1813 465 2133 539 ostenditur,
2165 487 2275 527 non
2303 471 2603 542 possidebit
2630 470 3214 543 ineorruptibilitatem.

1882 560 2051 615 Vens.
2085 562 2174 614 51.
2206 590 2276 601 -
2296 559 2499 616 Omnes
2524 561 2766 631 quidem.
2801 560 2900 617 Vel
2930 561 3253 633 (secundum
3283 560 3405 617 Hie-

1808 662 2099 718 ronymum
2131 647 2222 720 qui
2250 648 2408 704 vivos
2437 656 2684 719 repertos
2703 664 2816 704 non
2860 650 3157 705 morituros
3184 649 3401 717 asserit,

1811 736 1881 790 ad
1901 735 2219 791 Marcellam
2249 736 2518 806 scribens)
2548 752 2738 791 omnes
2758 738 2958 792 mortui
2987 745 3296 809 resurgant,
3354 745 3410 796 et

1810 839 1919 878 non
1967 840 2157 879 omnes
2212 824 2319 881 vivi
2394 825 2595 895 reperti
2650 824 3092 892 immutabuntur,
3152 827 3252 881 sed
3303 825 3407 882 soli

1811 912 2000 968 sancti.

1882 1002 2051 1057 Vsas.
2087 1003 2174 1057 52.
2208 1030 2277 1044 --
2308 1003 2373 1057 In
2391 1003 2714 1059 novissimo.
2765 1003 2825 1059 Id
2880 1010 2960 1058 est
2997 1002 3054 1057 in
3108 1002 3406 1059 novissimo

1810 1089 1989 1161 signo,
2024 1090 2170 1160 quod
2190 1089 2427 1156 dabitur,
2474 1098 2533 1145 ut
2584 1090 2691 1145 ista
2719 1091 3062 1163 impleantur.
3122 1092 3251 1148 Haec
3280 1091 3410 1146 tuba

1810 1185 1893 1233 est
1939 1177 2146 1233 clamor
2199 1178 2270 1233 de
2318 1194 2427 1249 quo
2473 1178 2718 1235 dicitur:
2776 1180 2952 1236 Media
2979 1184 3143 1236 nocte
3193 1182 3409 1237 clamor

1809 1268 2000 1337 factus
2021 1271 2106 1322 est
2137 1286 2155 1322 :
2204 1283 2328 1322 ecce
2362 1283 2599 1339 sponsus
2662 1268 2834 1322 venit.
2868 1268 3034 1322 Tuba:
3063 1267 3282 1324 nomine
3301 1268 3407 1324 ali-

1811 1354 1957 1425 quod
2006 1354 2229 1410 evidens
2279 1361 2332 1410 et
2369 1356 2695 1426 praeclarum
2744 1356 2960 1427 signum
3007 1356 3225 1423 dicitur,
3260 1357 3407 1429 quod

1808 1459 1914 1497 vox
1934 1443 2247 1516 archangeli
2270 1451 2322 1499 et
2355 1443 2481 1499 tuba
2515 1443 2615 1499 Dei
2654 1444 2783 1498 alibi
2813 1444 3028 1511 dicitur,
3063 1452 3118 1499 et
3144 1444 3200 1498 in
3229 1446 3411 1501 Evan-

1810 1531 1957 1603 gelio
1976 1531 2279 1602 appellatur
2298 1549 2401 1588 vox
2433 1549 2593 1604 quam
2613 1531 2833 1587 audient
2854 1532 3053 1588 mortui
3071 1532 3162 1604 qui
3191 1532 3246 1587 in
3283 1550 3406 1590 m0-

1808 1619 2080 1674 numentis
2102 1628 2226 1674 sunt
2258 1628 2312 1674 et
2342 1622 2664 1691 procedent,
2700 1629 2804 1676 etc.

1726 1738 1781 1798 B
1884 1708 2631 1798 IrnmtttabimursExponit
2680 1708 2952 1782 quomodo
3002 1708 3108 1766 hoc
3145 1706 3258 1777 fiat,
3316 1709 3402 1765 vel

1813 1796 1986 1868 qualis
2008 1796 2076 1851 sit
2105 1797 2431 1852 immutatio.

1883 1885 2257 1940 Vsas.5&.—
2304 1886 2573 1958 Absorpta
2629 1891 2732 1941 est.
2794 1886 2855 1941 Id
2895 1893 2978 1941 est
3034 1886 3309 1942 destructa
3351 1885 3408 1941 in

1812 1972 2039 2029 victoria
2070 1973 2308 2039 Christi;
2341 1974 2428 2029 vel
2457 1974 2514 2028 in
2542 1973 2648 2030 hoc
2678 1974 2823 2046 quod
2880 1974 3104 2030 modum
3154 1974 3410 2031 vincendi

1812 2061 2064 2130 excessit,
2100 2062 2372 2117 Christum
2402 2062 2708 2118 invadendo
2746 2081 2759 2129 ;
2820 2063 2907 2119 vel
2944 2079 3095 2119 mors
3152 2071 3235 2118 est
3270 2078 3408 2134 pec-

1812 2148 1918 2205 cati
1940 2149 2227 2206 delectatio
2257 2166 2380 2208 cum
2409 2167 2697 2218 consensu,
2751 2169 2871 2222 qua:
2920 2152 3060 2208 victa
3090 2160 3173 2207 est
3214 2151 3270 2205 in
3302 2152 3406 2208 hoe

1813 2238 1958 2310 quod
1988 2238 2131 2293 servi
2156 2239 2258 2294 Dei
2312 2238 2529 2295 vincent
2567 2240 3035 2311 concupiscentias
3066 2239 3252 2296 carnis
3268 2256 3402 2296 suae.

1883 2326 2053 2381 Vnus.
2090 2328 2177 2381 57.
2202 2357 2271 2367 -—
2305 2329 2399 2384 Ubi
2428 2332 2533 2394 est,
2552 2344 2723 2395 mors,
2776 2329 3016 2385 victoria
3077 2332 3204 2384 tuas
3228 2333 3251 2384 ἵ
3278 2329 3408 2384 Haec

1813 2422 1935 2469 sunt
1964 2414 2134 2469 verba
2161 2416 2463 2485 prophetas,
2494 2415 2579 2471 vel
2610 2415 2854 2487 Apostoli
2907 2415 3140 2471 laetantis
3157 2423 3208 2471 et
3236 2416 3405 2471 morti

1810 2501 2121 2557 insultantis
2151 2502 2206 2556 in
2234 2519 2469 2573 persona
2524 2505 2952 2576 resurgentium,
3000 2511 3059 2561 ut
3107 2503 3309 2559 certior
3337 2503 3407 2558 sit

1811 2590 2185 2646 resurrectio:
2236 2590 2389 2662 quasi
2432 2591 2622 2647 dicat:
2671 2592 2861 2648 Vicisti
2908 2593 2964 2646 in
3019 2591 3400 2658 morientibus,

1811 2678 1955 2735 victa
1986 2696 2045 2734 es
2091 2678 2148 2732 in
2177 2680 2611 2750 resurgentibus.
2662 2680 2899 2736 Victoria
2955 2688 3044 2735 tua
3083 2697 3191 2753 qua
3222 2680 3405 2735 absor-

1810 2767 2010 2821 bueras
2031 2782 2259 2838 corpora
2282 2766 2647 2834 morientium,
2683 2767 2997 2838 temporalis
3028 2767 3128 2824 fuit
3156 2787 3169 2823 :
3204 2783 3313 2840 qua
3351 2768 3407 2823 in

1811 2855 2134 2926 corporibus
2164 2856 2564 2928 resurgentium
2590 2857 2851 2928 absorpta
2880 2873 2942 2912 es
2969 2876 2984 2924 ;
3016 2865 3220 2914 aeterna
3248 2873 3409 2914 cons-

1812 2943 1963 2998 tabit.

2416 3032 2641 3089 CAPUT
2678 3033 2825 3088 XVI.

1881 3150 2049 3206 Vnns.
2084 3154 2137 3206 l.
2168 3180 2240 3192 —
2264 3153 2341 3208 De
2371 3152 2641 3209 collectis.
2692 3153 2822 3208 Post
2881 3151 3006 3222 alia,
3067 3152 3136 3209 de
3166 3152 3410 3210 collectis

1808 3237 2070 3295 faciendis
2115 3238 2171 3294 in
2218 3248 2440 3296 sanctos
2490 3240 2583 3311 qui
2632 3248 2788 3295 erant
2842 3240 3236 3312 Hierosolymis
3283 3242 3410 3299 bre-

1807 3325 1945 3381 viter
1973 3334 2180 3383 monet.
2213 3326 2372 3396 Quod
2403 3344 2514 3383 non
2543 3337 2627 3383 est
2671 3336 2859 3385 contra
2902 3328 3071 3384 illud:
3111 3331 3296 3386 Nolite
3319 3346 3409 3387 co-

1806 3417 1988 3486 gitare
2011 3416 2077 3472 de
2106 3417 2378 3473 crastino.
2410 3417 2534 3472 Non
2565 3424 2648 3472 est
2677 3417 2824 3472 enim
2845 3417 3092 3490 cogitare
3110 3418 3180 3472 de
3219 3417 3411 3474 crasti-

1807 3519 1899 3569 no,
1933 3503 1979 3558 si
2001 3503 2124 3575 quis
2154 3504 2394 3560 humano
2438 3520 2595 3560 more
2641 3505 2748 3561 ista
2787 3505 2993 3578 cogitet
3025 3523 3038 3560 :
3071 3507 3171 3562 sed
3202 3506 3250 3561 si
3282 3507 3407 3577 quis

1808 3599 2032 3662 propter
2084 3592 2187 3647 ista
2225 3593 2341 3648 Deo
2372 3592 2583 3662 militet,
2647 3601 2708 3648 ut
2742 3593 2799 3647 in
2845 3593 3102 3663 operibus
3147 3593 3258 3649 suis
3295 3609 3407 3649 non

1808 3695 2042 3752 regnum
2071 3679 2192 3746 Dei,
2215 3681 2313 3735 sed
2340 3679 2571 3736 istorum
2590 3680 3004 3753 acquisitionem
3032 3683 3332 3737 intueatur.

1875 3768 1962 3822 Ita
1985 3771 2168 3824 etvos.
2210 3768 2509 3839 (AMBR08.)
2559 3769 2807 3839 Praecipit
2835 3768 3130 3840 Apostolus
3186 3784 3405 3824 omnem

1808 3854 2027 3926 plebem
2054 3856 2144 3912 die
2173 3856 2458 3913 Dominico
2476 3856 2788 3926 convenire,
2833 3865 2961 3927 etc.,
2994 3873 3168 3931 usque
3194 3858 3269 3914 ad
3300 3871 3406 3914 nec

1810 3960 1983 4017 grave
2013 3952 2115 4011 est,
2149 3952 2204 4001 et
2222 3945 2452 4000 multum
2481 3945 2771 4002 invenitur.

1882 4032 2051 4088 Vens.
2081 4037 2135 4091 2.
2166 4064 2236 4074 —
2263 4036 2392 4103 Per,
2424 4042 2553 4100 etc.,
2590 4034 2652 4089 Id
2680 4042 2764 4089 est
2790 4034 3082 4091 Dominico.
3108 4034 3217 4091 die.
3254 4033 3398 4104 Quia

1808 4136 1917 4176 una
1938 4121 2055 4178 dies
2116 4122 2322 4177 sabbati
2370 4123 2459 4179 vel
2513 4138 2624 4178 una
2667 4123 3036 4191 sabbatorum,
3087 4124 3174 4181 vel
3220 4123 3402 4195 primo

1809 4210 2020 4266 sabbati
2047 4219 2274 4267 vocatur
2302 4212 2447 4283 apud
2491 4212 2711 4267 Iudaeos
2758 4212 2877 4268 dies
2901 4212 3022 4281 iste,
3056 4229 3220 4285 quem
3256 4212 3404 4268 Chri-

1809 4298 1967 4353 stiani
1987 4299 2331 4356 Dominicum
2360 4300 2719 4371 appellamus.

1882 4387 2052 4444 Vnus.
2087 4391 2222 4444 6.—
2257 4390 2481 4447 Manebo
2538 4391 2625 4447 vel
2655 4391 2831 4446 etiam
2862 4390 3134 4456 hiemabo,
3185 4397 3290 4446 etc.
3320 4389 3403 4445 Ibi

1681 4456 1694 4467 ’
1718 4448 1778 4511 D
1815 4482 2073 4548 tanquam
2098 4477 2365 4545 medicus,
2396 4493 2610 4534 moram
2665 4478 2874 4546 habuit,
2904 4478 2997 4534 ubi
3044 4448 3196 4533 multi
3226 4494 3406 4551 aegro-

1807 4564 2016 4621 tabant.

1880 4654 2049 4710 Vnus.
2077 4658 2164 4711 t5.
2197 4686 2267 4696 —
2297 4656 2527 4713 Obsecro
2567 4659 2763 4711 autem
2807 4670 2918 4723 vos,
2968 4656 3201 4728 fratres,
3253 4658 3406 4714 notis

1809 4743 2037 4800 domum
2063 4744 2363 4817 Stephants
2383 4748 2439 4801 et
2476 4745 2798 4812 Fortunati,
2820 4751 2922 4800 etc.
2956 4742 3106 4799 Ordo
3132 4744 3294 4813 hujus
3321 4744 3409 4801 lib-

1810 4838 1944 4887 terae
1971 4831 2192 4904 respicit
2219 4839 2272 4889 et
2285 4832 2490 4904 pendet
2507 4848 2682 4905 usque
2719 4832 2868 4902 illuc,
2899 4836 2967 4890 ut
2995 4836 3053 4889 et
3083 4849 3177 4891 vos
3194 4833 3406 4890 subditi

1810 4920 1958 4976 sitis.

1874 5009 2044 5084 Vnus:
2071 5012 2260 5084 18_._—
2306 5009 2823 5084 Spiritumqmeum
2873 5014 2929 5067 et
2969 5015 3247 5084 vestrum,
3289 5018 3397 5069 etc.

1802 5081 1996 5146 Meum,
2029 5078 2212 5136 laztitia
2246 5078 2548 5149 :vestrum,
2574 5081 2855 5138 charitate.
