3964 6180
501 233 598 285 551

967 226 1370 282 WALAFRIDI
1409 224 1650 280 STRABI
1688 223 1897 298 FULD._
1927 221 2100 278 MON.
2141 220 2294 276 OPP.
2337 219 2512 276 PARS
2551 221 2592 274 Ι.
2633 249 2702 262 -
2738 219 3206 277 THEOLOGICA.

3688 227 3779 280 552

1459 482 1912 554 EPISTOLA
1965 482 2032 552 II
2093 481 2224 552 AD
2288 479 2879 553 CORINTHIOS.

1047 763 1560 820 ARGUMENTUM.

577 895 702 948 Post
731 900 908 948 actam
935 909 967 946 a
999 893 1292 947 Corinthiis
1340 891 1734 962 ptrnitentiam,
1798 891 2098 947 consolato-

505 982 642 1036 riam
673 981 860 1037 scribit
889 982 968 1036 eis
995 982 1300 1051 Epistolam
1358 981 1652 1050 Apostolus
1681 996 1715 1034 a
1753 981 1965 1034 Troade
2001 996 2098 1050 per

501 1070 679 1124 Titum
713 1089 726 1136 ;
760 1078 812 1124 et
841 1070 1162 1125 collaudans
1194 1087 1288 1125 eos
1319 1071 1566 1124 hortatur
1585 1069 1655 1123 ad
1685 1069 1934 1134 meliora,
1967 1084 2098 1125 con-

501 1158 740 1215 tristatos
769 1159 988 1230 quidem
1017 1175 1131 1226 eos,
1167 1159 1263 1213 sed
1293 1158 1614 1214 emundatos
1645 1157 1961 1214 ostendens.

969 1328 1195 1383 CAPUT
1225 1327 1516 1382 PRIMUM.

572 1472 740 1526 Vnns.
776 1474 900 1525 1.-
933 1471 1144 1525 Paulus
1175 1473 1477 1542 apostolus.
1500 1469 1891 1524 Salutationem
1919 1467 2099 1539 primo

500 1577 654 1616 more
684 1560 843 1614 solito
892 1559 1182 1629 prazmittit.
1243 1560 1374 1613 Inde
1413 1559 1482 1612 de
1541 1559 1697 1612 bonis
1727 1574 1824 1627 per
1863 1556 2099 1630 gratiam

500 1649 714 1705 collatis
744 1648 954 1720 gratias
994 1650 1110 1702 Deo
1129 1647 1240 1719 agit
1276 1647 1506 1718 loquens
1549 1646 1808 1717 perfectis
1843 1662 1855 1700 :
1890 1653 2013 1716 post
2028 1645 2099 1699 ad

501 1738 771 1809 passionis
805 1737 1152 1792 tolerantiam
1184 1736 1266 1790 sui
1316 1735 1565 1806 exemplo
1618 1735 1808 1789 invitat
1843 1754 1856 1800 ;
1908 1742 2101 1804 postea

498 1825 990 1898 pseudoapostolos
1053 1825 1410 1895 deprimendo
1481 1824 1760 1894 redarguit
1835 1823 2100 1893 detegens

501 1915 777 1970 versutias
810 1930 1021 1969 eorum.
1054 1914 1123 1968 Et
1153 1929 1211 1968 se
1267 1913 1451 1966 multis
1497 1913 1676 1967 modis
1733 1911 2096 1967 commendat.

498 2003 743 2058 Tandem
772 2003 996 2057 moralis
1030 2002 1324 2056 admonitio
1355 2018 1478 2056 cum
1510 2001 1797 2056 iteratione
1851 1999 2104 2055 benedic-

495 2100 680 2200 9ῩῖἾῖ
719 2093 1024 2200 ,δΡῘῗῗίὶῗίῗῖζ
1043 2092 1675 2200 ἕὲῗῖῗ¹¹ἶ¹ἶίῗῗῖῗηῗε¹ίῗῗ
1703 2097 2096 2200 ,Ρῖῗτῗῗξῗῗῗζ
2128 2119 2337 2184 Baetis
2369 2129 2496 2199 quia
2527 2128 2719 2200 gloria,

497 2187 688 2234 contra
719 2179 1262 2250 pseudosuperbiam,
1296 2180 1580 2245 Paulum;
1613 2186 1667 2232 et
1699 2186 1897 2233 contra
1916 2176 2099 2232 cordis

495 2267 999 2337 praesumptionem,
1050 2269 1364 2339 apostolum
1431 2282 1490 2321 se
1559 2265 1798 2320 nominat
1855 2265 2094 2321 dicens:

499 2357 734 2425 Paulus,
770 2365 876 2412 etc.

570 2444 740 2500 Vnns.
774 2448 828 2502 2.
863 2475 931 2485 -
960 2445 1316 2500 Benedictus.
1350 2443 1591 2497 Primum
1621 2441 1881 2514 perfectis
1910 2440 2094 2513 loqui—

491 2541 581 2587 tur
609 2534 677 2587 de
707 2532 1076 2598 tribulatione,
1137 2548 1449 2603 proponens
1504 2548 1562 2586 se
1622 2531 1937 2600 exemplum
2008 2545 2100 2599 pa-

489 2621 696 2676 tientia:
731 2630 782 2676 et
818 2621 1205 2676 consolationis
1237 2638 1265 2673 a
1302 2622 1417 2674 Deo
1438 2628 1694 2689 acceptae,
1729 2620 1934 2673 ducens
1955 2617 2098 2671 laudi

493 2710 639 2780 quod
669 2710 756 2763 alii
775 2709 1109 2782 ignominia
1194 2711 1360 2764 Deus.
1406 2709 1632 2762 Creator
1661 2707 2108 2762 omnium.Pater

501 2799 747 2854 Domini.
774 2799 877 2866 Per
907 2814 1070 2868 quem
1103 2805 1184 2851 est
1224 2803 1275 2850 et
1326 2795 1505 2850 nobis.
1569 2798 1742 2850 Pater
1769 2797 2097 2851 misericor-

497 2888 743 2942 diarum.
769 2887 1002 2941 Paterne
1025 2885 1161 2940 dans
1199 2883 1414 2939 veniam
1462 2891 1829 2954 peccatorum,
1863 2892 1915 2938 et
1954 2885 2099 2938 bona

498 2991 684 3046 opera,
719 2975 845 3030 etin
866 2974 1216 3028 tribulatione
1267 2973 1645 3028 constantiam.
1694 2974 1764 3026 Et
1791 2975 1957 3028 Deus.
1991 2973 2097 3026 Da-

500 3071 584 3118 tor
625 3065 800 3119 totius
830 3062 1086 3134 perfectae
1146 3062 1578 3118 consolationis:
1621 3068 1879 3131 quantam
1936 3061 2098 3115 decet

497 3151 625 3206 dare
647 3152 821 3206 Deum
870 3151 974 3214 his,
1011 3150 1102 3221 qui
1158 3166 1259 3220 pro
1319 3149 1534 3204 Christo
1591 3149 1885 3220 patiuntur.
1937 3148 2096 3216 Quod

495 3239 643 3294 Deus
664 3240 732 3294 sit
760 3238 1171 3308 consolationis,
1208 3253 1279 3294 ex
1327 3239 1433 3295 hoc
1462 3246 1610 3309 patet
1652 3238 1796 3309 quod
1842 3238 2096 3294 consola-

497 3335 604 3384 tur.

568 3417 737 3472 VEns.
773 3419 826 3471 4.
863 3448 931 3457 -
967 3417 1086 3484 Qua
1117 3417 1508 3472 exhortamur.
1536 3415 1593 3470 Id
1624 3423 1726 3482 est,
1760 3431 1920 3487 quam
1949 3416 2096 3470 Deus

496 3505 564 3560 ad
593 3506 698 3560 hoc
727 3506 893 3572 dedit,
924 3521 1033 3560 non
1056 3506 1232 3560 solum
1265 3515 1321 3559 ut
1357 3505 1756 3573 consolaretur,
1799 3505 1896 3559 sed
1928 3505 2092 3558 etiam

500 3596 879 3650 exhortaretur
912 3612 925 3649 :
958 3603 1011 3648 et
1050 3595 1123 3648 ita
1161 3602 1346 3648 nostra
1395 3593 1696 3649 consolatio
1742 3593 1887 3647 valet
1937 3592 2095 3647 etiam

494 3683 566 3738 ad
594 3683 729 3739 alios
759 3683 1050 3749 exhortari,
1087 3691 1144 3737 ut
1172 3699 1302 3738 vere
1331 3683 1605 3753 possimus
1637 3681 1932 3738 consolari.

568 3773 736 3826 Vens.
773 3776 825 3826 9.
860 3801 930 3814 —
971 3773 1102 3843 Ipsi.
1151 3772 1274 3826 Non
1323 3771 1500 3825 solum
1551 3771 1642 3825 alii
1702 3771 1772 3825 de
1793 3770 1969 3836 nobis,
1999 3769 2098 3825 sed

495 3869 549 3915 et
577 3862 640 3915 in
667 3862 842 3930 nobis,
876 3867 1006 3924 etc.,
1040 3859 1168 3930 quia
1195 3867 1386 3913 natura
1408 3867 1587 3914 nostra
1619 3859 1692 3912 nil
1722 3859 1824 3911 nisi
1864 3866 2096 3913 mortem

495 3948 851 4019 promittebat
882 3948 968 4003 vel
988 3948 1280 4003 defectum.
1314 3949 1542 4002 Tantam
1590 3947 1941 4001 insolentiam
1989 3947 2096 4001 im-

494 4036 710 4107 piorum
739 4035 1011 4109 significat
1067 4035 1435 4091 insurrexisse
1480 4043 1673 4090 contra
1731 4034 1859 4089 fidei
1890 4035 2093 4106 praedi-

497 4133 731 4190 catores,
793 4132 850 4178 ut
905 4132 1139 4179 mortem
1196 4139 1382 4179 coram
1438 4123 1610 4178 oculis
1669 4123 1956 4178 haberent.
2008 4124 2097 4180 Sic

497 4213 643 4268 enim
673 4212 856 4267 afflicti
898 4212 1130 4280 fuerant,
1193 4221 1246 4266 ut
1307 4213 1667 4283 desperarent
1724 4212 1793 4266 de
1840 4213 2098 4282 praesenti

495 4302 622 4357 vita.
659 4301 766 4356 Sed
797 4301 924 4372 quia
946 4302 1103 4355 Deus’
1120 4300 1377 4371 praesidia
1409 4318 1502 4354 sua
1543 4317 1651 4355 non
1711 4308 1872 4371 negat
1913 4301 1968 4356 in
2001 4302 2097 4356 de—

497 4390 808 4462 speratione
836 4389 1048 4461 positis,
1073 4389 1306 4443 maxime
1351 4390 1481 4455 suis,
1516 4389 1712 4460 eripuit
1749 4389 1872 4444 illos
1899 4391 2096 4460 despe-

496 4487 684 4534 rantes
715 4479 783 4533 de
812 4478 1140 4548 semetipsis,
1175 4477 1403 4532 fidentes
1432 4488 1617 4533 autem
1648 4479 1716 4533 de
1748 4479 1881 4532 Deo.
1917 4479 2098 4533 Nimia

497 4569 642 4622 enim
664 4583 919 4638 pressura
942 4566 1179 4624 deiicere
1221 4583 1280 4622 se
1309 4565 1708 4637 profitebantur
1739 4567 1843 4621 nisi
1876 4567 2097 4622 adesset

502 4657 670 4711 Deus.

533 4775 536 4777 -
572 4745 740 4800 Vens.
773 4749 858 4800 10.
886 4777 954 4786 -
985 4748 1056 4801 Et
1102 4747 1274 4801 eruit.
1336 4746 1482 4800 Deus
1541 4745 1799 4816 prmsidia
1859 4760 1956 4799 sua
1986 4759 2097 4799 non

498 4842 664 4907 negat
693 4834 808 4890 suis
839 4835 895 4888 in
915 4835 1240 4891 necessitate
1270 4834 1484 4905 positis.

570 4951 740 5006 Vnns.
778 4954 864 5005 11.
888 4981 957 4990 -
1013 4953 1154 5006 Nam
1179 4952 1359 5021 gloria
1407 4955 1623 5006 nostra.
1676 4950 1804 5005 Ideo
1835 4957 1888 5005 et
1913 4965 2011 5006 vos
2043 4956 2099 5006 et

509 5038 599 5093 alii
631 5038 845 5094 debetis
876 5054 1034 5094 orare
1062 5054 1162 5108 pro
1194 5039 1372 5092 nobis.
1404 5039 1503 5093 Vel
1535 5039 1658 5094 ideo
1691 5039 1973 5095 orationes
2010 5055 2101 5094 ve-

499 5135 548 5180 st
561 5143 633 5181 rae
659 5135 915 5196 poterunt
944 5143 1045 5181 nos
1062 5128 1256 5195 juvare
1291 5145 1303 5180 :
1337 5127 1462 5197 quia
1482 5129 1586 5182 hoc
1615 5128 1758 5183 unde
1791 5127 2095 5200 gloriamur

500 5221 608 5268 tam
656 5216 944 5270 honestum
999 5224 1100 5283 est,
1151 5214 1358 5270 scilicet
1401 5233 1414 5269 :
1475 5219 1897 5273 Testimonium.
1957 5216 2093 5270 Sunt

500 5303 641 5357 bona
669 5319 858 5374 opera,
885 5320 1005 5373 quae
1035 5311 1304 5358 testantur
1335 5304 1572 5359 exterius
1595 5306 1724 5376 quid
1755 5306 1825 5359 sit
1855 5305 1910 5359 in
1939 5320 2096 5360 cons-

498 5391 712 5448 cientia.
740 5393 1161 5460 Testimonium,
1197 5393 1251 5447 id
1283 5401 1364 5447 est
1385 5394 1716 5448 conscientia
1737 5410 1846 5448 non
1878 5409 2093 5449 remor-

497 5481 653 5548 dens,
690 5481 785 5535 sed
816 5479 1129 5546 testificans,
1153 5481 1297 5552 quod
1330 5482 1384 5535 in
1406 5482 1769 5554 simplicitate,
1803 5490 1912 5538 etc.

570 5571 910 5627 Sinceritate
929 5571 1047 5626 Dei.
1074 5569 1230 5626 Sicut
1246 5570 1428 5642 impiis
1463 5579 1546 5626 est
1575 5587 1770 5644 magna
1789 5587 1950 5642 poma
1969 5587 2097 5628 con-

2115 765 2172 825 Α
2202 762 2445 829 scientia,
2481 762 2555 816 ita
2586 761 2692 833 piis
2723 760 3002 833 gaudium.
3035 761 3157 816 Non
3187 761 3343 833 quasi
3402 761 3530 816 inde
3561 763 3782 833 superbe

2195 850 2581 921 gloriantibus,
2622 851 2720 904 sed
2751 851 2866 904 Deo
2925 857 3094 904 totum
3153 850 3406 905 dantibus
3440 869 3454 917 ;
3490 851 3618 905 ideo
3651 859 3782 907 recte

2197 955 2306 994 non
2337 939 2413 993 ait
2446 957 2459 994 :
2513 939 2704 994 Gloria
2732 947 2919 994 nostra
2947 947 3031 993 est
3059 939 3428 994 testimonium
3455 939 3655 995 alienae
3684 955 3784 994 ma-

2195 1027 2324 1082 litim
2353 1027 2438 1082 vel
2468 1027 2696 1082 minoris
2752 1028 2967 1100 gratiae,
3002 1029 3101 1083 sed
3161 1029 3512 1084 conscientiae
3570 1037 3783 1084 nostrae.

2199 1115 2332 1185 Quae
2354 1117 2482 1189 quia
2503 1116 2739 1183 occulta,
2776 1133 2884 1172 non
2914 1125 3002 1172 est
3066 1117 3306 1186 subjecta
3358 1117 3539 1173 alieno
3562 1118 3781 1186 judicio,

2199 1214 2252 1260 et
2280 1206 2404 1260 ideo
2423 1205 2604 1260 nullus
2661 1213 2954 1276 praasumat
3002 1214 3197 1262 contra
3254 1222 3373 1261 eam
3403 1206 3491 1262 vel
3521 1207 3781 1279 cogitare,

2199 1295 2286 1349 vel
2314 1294 2560 1365 proferre
2591 1295 2937 1350 sententiam.
2973 1296 3092 1351 Non
3125 1296 3189 1350 in
3232 1296 3457 1351 carnali
3485 1296 3784 1368 sapientia.

2199 1384 2448 1438 Carnalis
2479 1384 2762 1454 sapientiae
2791 1393 2875 1439 est
2924 1385 3227 1454 voluptates
3269 1385 3518 1456 diligere,
3581 1385 3786 1438 labores

2198 1472 2392 1538 vitare,
2426 1473 2512 1527 vel
2543 1473 2846 1528 secundum
2894 1481 3118 1527 naturas
3149 1490 3330 1528 rerum
3359 1482 3413 1528 et
3439 1489 3550 1528 non
3581 1480 3785 1540 contra,

2198 1562 2514 1630 praedicare,
2575 1570 2632 1615 ut
2689 1563 2898 1631 pseudo
2948 1562 3222 1618 faciebant
3277 1577 3505 1634 quorum
3562 1560 3787 1618 fucatam

2199 1650 2642 1720 praedicationem
2671 1652 2879 1723 arguit.

2271 1747 2442 1801 VEns.
2478 1751 2563 1802 13.
2596 1779 2665 1788 -
2689 1750 2859 1820 Spero
2879 1752 3092 1803 autem.
3125 1747 3399 1803 Proficere
3428 1747 3551 1802 illos
3594 1755 3788 1818 sperat,

2200 1835 2324 1906 quia
2355 1843 2638 1905 coeperant
2666 1837 2920 1891 meliores
2967 1835 3106 1892 efﬁci
3135 1837 3360 1909 cognito
3389 1836 3642 1908 Apostoli
3673 1834 3790 1891 affe-

2201 1931 2290 1979 ctu
2320 1924 2469 1980 circa
2499 1941 2578 1990 se,
2613 1933 2666 1980 et
2695 1924 3070 1997 gloriabantur
3101 1925 3156 1978 in
3175 1940 3262 1980 eo.

2275 2041 2444 2094 Vnns.
2481 2042 2567 2094 14.
2599 2070 2669 2080 -
2712 2041 2851 2108 Quia
2875 2041 3055 2111 gloria
3077 2045 3264 2095 vestra
3296 2056 3510 2095 sumus.
3549 2039 3788 2113 Cognos-

2753 2129 2810 2182 id
2840 2137 2923 2183 est
2951 2145 3052 2198 per
3107 2144 3208 2183 nos
3262 2129 3523 2200 consequi
3566 2129 3792 2201 gloriam

2200 2226 2460 2272 teternam
2490 2216 2720 2281 debetis,
2757 2225 2808 2271 et
2839 2233 2940 2273 nos
2986 2233 3082 2287 per
3138 2233 3236 2271 vos
3292 2217 3432 2271 bene
3471 2218 3788 2284 instructos,

2199 2307 2344 2378 quod
2374 2323 2482 2360 non
2513 2313 2680 2374 esset,
2716 2306 2776 2359 si
2799 2304 3123 2360 offendicula
3145 2321 3178 2359 a
3206 2306 3362 2361 vobis
3393 2307 3786 2377 acciperemus.

2270 2395 2440 2449 Vnns.
2479 2397 2562 2449 15.
2599 2427 2665 2436 -
2694 2395 2806 2450 Hac
2828 2395 3192 2462 conﬁdentia.
3227 2393 3364 2463 Quia
3395 2396 3501 2450 vita
3533 2411 3787 2466 quorum-

2199 2483 2323 2537 dam
2353 2483 2552 2537 munda
2582 2482 2668 2537 vel
2701 2483 2988 2537 emendata
3047 2491 3184 2548 erat,
3221 2483 3392 2538 voluit
3438 2483 3628 2538 videre
3661 2499 3789 2555 quos

2197 2580 2320 2626 ante
2350 2571 2633 2642 indignum
2669 2580 2783 2625 erat
2829 2571 3035 2626 videre.
3069 2571 3126 2625 Si
3158 2587 3292 2644 ergo
3329 2587 3438 2626 non
3479 2571 3596 2637 ivit,
3631 2571 3795 2627 voluit

2197 2660 2424 2730 intelligi
2463 2677 2585 2715 esse
2615 2659 2829 2731 aliquos
2860 2660 3000 2714 inter
3029 2676 3124 2715 eos
3155 2669 3376 2730 propter
3432 2677 3568 2731 quos
3597 2661 3790 2715 volun-

2203 2756 2368 2804 tatem
2403 2765 2556 2803 suam
2613 2765 2722 2804 non
2762 2749 3007 2819 implevit
3066 2750 3378 2819 Apostolus,
3438 2750 3529 2820 qui
3570 2764 3789 2820 operam

2197 2839 2457 2893 adhibere
2489 2838 2688 2893 debent
2716 2846 2775 2892 ut
2806 2839 2968 2892 modo
3008 2853 3068 2893 se
3113 2847 3371 2911 purgent.
3431 2839 3584 2894 Volui
3634 2840 3791 2910 prius

2197 2928 2388 2982 venire
2418 2927 2489 2982 ad
2519 2944 2626 2993 vos,
2659 2931 2723 2982 ut
2779 2927 3085 2983 secundam
3135 2929 3401 2997 gratiam,
3447 2935 3552 2982 etc.
3603 2929 3786 2988 Prius,

2199 3016 2327 3087 quia
2356 3015 2409 3069 in
2441 3016 2608 3086 priori
2641 3015 2886 3086 Epistola
2942 3015 3266 3086 promiserat
3321 3032 3381 3070 se
3406 3023 3706 3083 venturum,
3736 3021 3786 3069 et

2195 3120 2306 3159 non
2338 3113 2606 3159 venerat:
2658 3112 2711 3158 et
2763 3105 2887 3159 ideo
2936 3104 3169 3159 mendax
3199 3111 3254 3159 et
3302 3103 3437 3159 levis
3477 3104 3782 3166 videbatur,

2197 3193 2341 3264 quod
2372 3192 2534 3247 modo
2575 3200 2815 3248 excusat.
2853 3193 2976 3248 Non
3033 3193 3178 3247 enim
3227 3191 3353 3248 fecit
3401 3193 3524 3261 hoc,
3558 3192 3662 3246 nisi
3690 3206 3785 3262 pro

2196 3297 2386 3337 eorum
2418 3282 2592 3352 culpa.
2627 3282 2750 3337 Non
2780 3289 2863 3336 est
2885 3281 3206 3351 judicandus
3225 3281 3479 3347 mendax,
3544 3282 3632 3352 qui
3662 3280 3788 3335 dicit

2195 3369 2390 3425 falsum
2422 3370 2564 3442 quod
2595 3378 2746 3442 putat
2779 3387 2965 3425 verum
3001 3388 3015 3425 :
3067 3371 3195 3442 quia
3253 3379 3512 3442 quantum
3542 3370 3599 3424 in
3619 3386 3678 3423 se
3707 3377 3786 3424 est

2117 3478 2166 3541 ρ
2197 3475 2306 3514 non
2338 3458 2474 3514 fallit
2506 3459 2645 3529 ipse,
2680 3459 2779 3513 sed
2807 3458 3028 3514 fallitur.
3062 3461 3304 3514 Econtra
3350 3459 3614 3513 mentitur
3673 3458 3781 3525 ille,

2199 3548 2288 3619 qui
2317 3548 2450 3603 dicit
2479 3564 2671 3603 verum
2701 3547 2845 3618 quod
2875 3555 3026 3618 putat
3053 3547 3269 3613 falsum,
3300 3562 3404 3603 nec
3451 3555 3534 3602 est
3566 3547 3698 3602 liber
3753 3561 3785 3599 a

2196 3636 2500 3704 mendacio,
2533 3636 2625 3708 qui
2654 3653 2750 3690 ore
2782 3636 3034 3692 nesciens
3081 3653 3271 3691 verum
3318 3636 3576 3708 loquitur,
3611 3635 3784 3691 sciens

2198 3733 2379 3780 autem
2407 3741 2515 3780 non
2546 3741 2670 3780 esse
2698 3741 2906 3791 verum,
2942 3725 3215 3780 voluntate
3244 3726 3520 3780 mentitur.

2270 3833 2439 3887 Vens.
2476 3833 2563 3886 17.
2595 3861 2664 3870 -
2698 3833 2761 3888 Ut
2791 3833 2868 3886 sit
2897 3831 3048 3902 apud
3079 3847 3188 3897 me,
3223 3835 3308 3886 est
3335 3836 3393 3887 et
3430 3847 3565 3886 non.
3614 3830 3674 3884 Id
3699 3837 3781 3884 est

2198 3929 2256 3976 ut
2301 3936 2611 3991 prmponam
2669 3919 3008 3974 voluntatem
3047 3919 3262 3974 utilitati
3312 3939 3326 3985 ;
3389 3919 3544 3990 quasi
3597 3919 3778 3972 dicat:

2196 4012 2318 4065 Non
2343 4010 2442 4074 sic,
2477 4009 2601 4080 quia
2630 4017 2688 4063 ut
2706 4007 2909 4064 utilitas
2937 4009 3307 4079 praeponenda
3325 4015 3409 4063 est
3427 4007 3701 4071 voluntati,
3733 4012 3784 4060 et

2198 4099 2281 4155 sic
2311 4097 2437 4154 feci.

2270 4197 2440 4252 Vnns.
2485 4201 2570 4252 18.
2603 4227 2672 4237 -
2704 4198 2908 4254 Fidelis
2928 4202 3122 4253 autem
3148 4200 3313 4267 Deus,
3339 4199 3472 4271 quia
3487 4214 3661 4254 sermo
3677 4211 3776 4252 no-

2196 4290 2332 4352 ster,
2365 4287 2496 4358 quia
2525 4289 2642 4357 fuit
2660 4287 2807 4354 apud
2827 4303 2919 4342 vos
2941 4303 3054 4342 non
3091 4292 3194 4353 est,
3227 4293 3330 4342 etc.
3393 4286 3560 4356 Quasi
3597 4286 3730 4340 dicat
3762 4301 3775 4336 :

2198 4375 2257 4429 In
2288 4375 2392 4429 hoc
2419 4389 2525 4429 non
2558 4391 2679 4429 sum
2735 4375 2949 4430 mentiri
3005 4375 3332 4444 credendus,
3387 4375 3512 4447 quia
3560 4375 3608 4429 in
3638 4372 3777 4427 nullo

2197 4464 2303 4518 alio
2335 4479 2454 4517 sum
2476 4463 2631 4518 vobis
2659 4463 2933 4518 mentitus.
2993 4464 3064 4518 Et
3096 4465 3202 4520 hoc
3254 4465 3407 4520 credi
3436 4472 3628 4535 potest,
3661 4461 3779 4533 quia

2197 4551 2346 4606 Deus
2375 4559 2456 4606 est
2486 4551 2681 4618 fidelis,
2717 4552 2808 4623 qui
2826 4552 3073 4622 promisit
3105 4553 3360 4608 doctores
3384 4551 3641 4607 veritatis.

2269 4659 2439 4712 Vnns.
2459 4661 2549 4714 20.
2582 4689 2652 4698 —
2684 4659 2766 4714 Ad
2795 4659 3034 4730 gloriam
3062 4663 3338 4715 nostram.
3391 4658 3529 4727 Quia
3557 4673 3651 4728 per
3678 4657 3780 4710 hoc

2199 4747 2495 4818 probamur
2525 4763 2658 4802 vera
2685 4747 3008 4817 praedicare.
3039 4748 3300 4803 Nostram
3329 4747 3476 4816 dico,
3509 4763 3613 4802 non
3640 4744 3777 4800 enim

2106 4832 2160 4894 D
2189 4843 2397 4890 tantum
2437 4835 2597 4890 nobis
2625 4835 2826 4902 tribuo,
2859 4836 2958 4891 sed
3004 4836 3140 4905 Deo,
3183 4836 3314 4909 quia
3363 4836 3457 4908 qui
3497 4832 3770 4892 conﬁrmat

2203 4933 2287 4980 est
2316 4927 2484 4980 Deus.

2271 5013 2444 5069 Vnns.
2467 5018 2556 5070 21.
2591 5041 2661 5055 -—
2697 5014 2978 5070 Vobiscum
3014 5015 3079 5069 in
3133 5015 3374 5072 Christo.
3409 5013 3560 5070 Tunc
3605 5011 3647 5067 si
3684 5024 3783 5065 vos

2198 5102 2330 5158 estis
2359 5102 2496 5156 firmi
2531 5103 2584 5157 in
2613 5103 2854 5168 Christo,
2888 5104 3067 5176 magis
3121 5110 3336 5160 constat
3374 5103 3443 5158 de
3473 5101 3646 5171 nobis,
3680 5115 3778 5172 per

2196 5206 2334 5262 quos
2363 5207 2461 5246 vos
2491 5191 2796 5247 confirmati
2827 5192 2980 5247 estis.

2266 5305 2545 5363 Vnns.23.
2578 5308 2766 5378 -Ego
2823 5311 3036 5373 autem,
3089 5314 3194 5362 etc.
3245 5305 3412 5375 Quasi
3469 5305 3652 5362 dicat:
3681 5304 3780 5357 Pro

2194 5393 2412 5450 levitate
2442 5394 2528 5449 vel
2564 5402 2780 5450 terreno
2809 5395 3098 5450 commodo
3127 5411 3238 5450 non
3285 5394 3492 5461 dimisi,
3526 5393 3623 5449 sed
3662 5405 3783 5463 par-

2194 5499 2344 5539 cens.
2381 5483 2689 5553 Spiritualis
2712 5491 2838 5539 tunc
2858 5484 3181 5554 dispositum
3204 5500 3312 5538 non
3341 5483 3548 5554 implet,
3573 5478 3779 5555 quando

2195 5571 2571 5643 providentius
2592 5571 2799 5644 aliquid
2827 5573 2896 5628 ad
2927 5572 3159 5630 salutem
3187 5572 3506 5629 meditatur.
