3948 6178
267 306 368 358 553

1273 298 1542 356 GLOSSA
1573 298 1984 355 ORDINARIA.
2016 328 2084 338 —
2114 299 2329 356 EPIST.
2366 301 2412 355 II
2442 301 2536 356 ΑΙ)
2568 300 2726 357 COR.

3465 308 3569 360 554

345 427 512 482 Vsns.
544 428 634 482 23.
665 455 734 466 —
756 427 879 480 Non
912 426 1043 496 quia
1073 424 1454 480 dominamur.
1486 425 1569 479 Ne
1615 412 1872 494 indigna-
1902 423 1957 483 A
1979 424 2076 477 Vel
2106 424 2367 479 miracula
2414 425 2500 479 vel
2550 425 2815 480 doctrinae
2861 425 3026 480 verba
3067 425 3260 497 quibus
3309 427 3378 481 ad
3425 427 3570 482 noti-

275 524 457 570 rentur
481 513 635 586 quasi
664 513 734 568 de
783 513 1056 578 dominio,
1091 528 1157 567 eo
1185 513 1327 583 quod
1375 513 1608 576 dixerat,
1637 529 1878 584 parcens

271 604 414 660 vobis
447 620 564 660 non
601 603 751 668 veni,
786 602 972 658 subdit
1005 617 1016 656 :
1052 601 1172 656 Non
1197 602 1329 673 quia
1360 601 1737 666 dominamur,
1769 607 1873 655 etc.

905 780 1130 835 CAPUT
1168 780 1235 834 II.

343 949 516 1003 Vens.
550 951 601 1004 1.
623 978 693 989 -
724 949 914 1004 Statui
950 953 1161 1004 autem.
1199 950 1430 1004 Parcens
1468 963 1577 1002 non
1604 947 1748 1014 veni,
1779 948 1876 1003 sed

269 1039 453 1094 statui
500 1039 600 1094 hoc
649 1038 801 1093 idem
832 1053 844 1092 :
877 1037 1019 1108 quod
1067 1037 1314 1109 promisi,
1343 1053 1467 1092 cum
1497 1036 1723 1107 primam
1753 1035 1875 1090 misi

271 1126 557 1197 epistolam
579 1167 594 1193 ,
645 1126 850 1182 scilicet
878 1142 952 1181 ne
979 1127 1192 1181 iterum
1231 1127 1483 1182 venirem
1524 1143 1536 1179 :
1566 1126 1653 1180 vel
1681 1125 1874 1182 iterum

273 1222 420 1270 esset
443 1215 656 1269 tristitia
689 1213 826 1270 sicut
853 1213 969 1279 fuit,
1001 1213 1198 1268 auditis
1241 1229 1426 1269 eorum
1453 1213 1708 1284 peccatis.

338 1331 518 1385 Vens.
554 1334 609 1388 2.
642 1360 712 1370 —
745 1330 807 1387 Si
853 1330 1007 1386 enim
1045 1347 1138 1402 ego
1172 1330 1462 1386 contristo.
1507 1329 1869 1400 Corrigendo,

275 1420 614 1489 increpando
643 1435 963 1491 quocunque
992 1419 1171 1485 modo,
1224 1418 1310 1475 vel
1347 1435 1446 1490 per
1479 1419 1763 1490 epistolam
1788 1418 1874 1474 vel

276 1509 654 1580 praesentiam.

342 1624 522 1678 Vnus.
557 1624 608 1676 4.
632 1623 842 1679 -Νοη
889 1627 954 1678 ut
996 1624 1440 1680 contristemini.
1483 1623 1566 1676 Ad
1594 1623 1699 1677 hoc
1727 1621 1872 1677 enim

269 1712 596 1782 corripiebat
625 1711 944 1782 Apostolus,
973 1720 1031 1765 ut
1058 1711 1365 1767 ostenderet
1395 1727 1502 1782 quo
1544 1726 1726 1765 amore
1752 1711 1874 1764 illos

270 1777 548 1872 diligeret,
578 1801 647 1854 de
674 1777 919 1871 tquorum
966 1800 1204 1870 peccatis
1231 1800 1353 1870 plus
1380 1777 1485 1853 illis
1515 1798 1750 1866 dolebat,
1781 1777 1944 1870 quiB

269 1906 377 1946 non
412 1889 524 1943 hoc
572 1887 766 1943 affectu
813 1887 1050 1958 corripit,
1100 1887 1397 1943 contristat.
1448 1888 1672 1942 Insultat
1707 1887 1875 1954 enim,

268 1979 355 2051 qui
383 1994 501 2034 non
533 1977 786 2033 condolet
827 1975 991 2031 fratri.

337 2095 520 2149 Vsus.
554 2097 608 2148 5.
631 2093 778 2148 -—-Si
807 2093 929 2166 quis
960 2096 1153 2147 autem
1190 2093 1575 2148 contristavit.
1630 2091 1880 2162 Praecipit

273 2181 666 2238 fornicatorem
709 2181 857 2235 illum
879 2225 891 2246 ,
925 2196 1085 2252 quem
1131 2180 1283 2250 prius
1311 2181 1521 2236 Satanae
1564 2180 1878 2234 tradendum

276 2271 638 2336 indicaverat,
662 2268 850 2342 recipi,
876 2269 1000 2340 quia
1033 2277 1306 2323 correctus
1324 2277 1457 2323 erat.
1481 2269 1585 2324 Sed
1605 2285 1679 2324 ea:
1695 2272 1878 2341 parte,

272 2364 336 2416 ut
366 2376 492 2416 non
521 2374 771 2425 onerem,
804 2366 907 2412 etc.
942 2357 1063 2412 Non
1086 2357 1336 2411 omnibus
1363 2373 1500 2411 onus
1528 2355 1754 2412 tristitiae
1773 2355 1880 2410 im-

281 2464 450 2519 pono,
489 2455 713 2518 prOpter
746 2445 868 2501 illos
900 2445 990 2517 qui
1019 2445 1086 2500 de
1106 2445 1342 2516 peccatis
1374 2445 1677 2500 doluerunt.

341 2563 526 2616 Vnus.
551 2565 603 2615 6.
630 2592 699 2601 —
724 2561 1043 2632 Objurgatio
1076 2561 1212 2625 haec,
1235 2577 1357 2632 qua:
1379 2560 1446 2629 ﬁt
1468 2577 1501 2614 a
1518 2559 1779 2631 pluribus
1801 2561 1885 2614 ita

277 2655 339 2706 ut
369 2668 399 2706 e
444 2651 741 2706 contrario
792 2649 989 2720 magis.
1014 2647 1147 2716 Quae
1180 2648 1279 2702 etsi
1307 2664 1406 2718 pro
1427 2649 1686 2719 temporis
1707 2664 1884 2719 quan-

273 2740 419 2794 titate
473 2738 565 2793 vel
608 2737 713 2792 alio
760 2737 924 2792 modo
953 2751 1062 2791 non
1110 2735 1243 2790 satis
1272 2737 1436 2808 digna
1466 2751 1625 2806 paena
1656 2735 1884 2804 videtur,

273 2827 327 2880 in
365 2829 482 2882 hoc
530 2834 715 2881 tamen
742 2841 850 2879 non
895 2833 975 2879 est
1020 2841 1185 2894 parva
1212 2824 1550 2891 aestimanda,
1584 2825 1727 2895 quod
1774 2824 1828 2878 fit
1857 2841 1888 2879 a

280 2915 535 2986 pluribus
563 2915 756 2987 quibus
773 2912 1120 2986 congregatis
1143 2913 1354 2968 Satanae
1374 2912 1596 2967 traditus
1617 2921 1718 2968 est.
1776 2914 1891 2968 Ma—

270 3021 451 3078 gnum
487 3004 674 3075 utique
701 3002 941 3057 dolorem
974 3002 1184 3072 patitur,
1209 3002 1296 3072 qui
1310 3001 1568 3056 delictum
1601 3019 1754 3056 suum
1770 3002 1889 3073 plu-

279 3110 366 3148 res
398 3092 560 3148 videt
590 3092 836 3147 horrere.
869 3092 937 3145 Et
966 3090 1041 3144 ita
1062 3089 1276 3157 sufﬁcit,
1310 3090 1454 3162 quod
1475 3106 1509 3145 a
1537 3090 1779 3162 pluribus
1801 3091 1890 3146 ob-

271 3182 554 3256 jurgetur.

340 3300 527 3353 Vens.
563 3299 615 3351 7.
650 3325 719 3337 --
749 3297 978 3353 Donetis
1023 3298 1081 3351 et
1144 3295 1536 3352 consolemini.
1587 3296 1753 3351 Recte
1797 3296 1888 3350 ho-

277 3388 409 3443 mini
440 3403 552 3458 pro
595 3393 821 3458 peccato
847 3384 1044 3440 afﬂicto
1081 3384 1372 3457 ignoscere
1394 3392 1448 3439 et
1475 3383 1766 3440 subvenire
1794 3400 1891 3454 per

276 3474 686 3532 consolationes
713 3473 978 3544 praecipit.
1017 3472 1074 3528 Si
1103 3473 1249 3527 enim
1299 3480 1582 3528 correctus
1613 3473 1667 3525 in
1707 3473 1890 3527 animo

277 3565 449 3632 dolet,
485 3580 614 3618 mox
643 3563 808 3617 habet
835 3562 1086 3617 fructum.
1129 3563 1258 3618 Haec
1285 3570 1365 3616 est
1389 3560 1534 3617 enim
1562 3577 1688 3617 vera
1716 3561 1891 3632 paeni-

280 3654 474 3718 tentia,
517 3667 739 3709 cessare
765 3667 798 3706 a
825 3660 1073 3722 peccato.

353 3771 534 3825 Vens.
589 3773 640 3822 9.
683 3798 753 3808 —
793 3768 918 3824 Ideo
951 3768 1108 3822 enim
1135 3770 1193 3824 et
1241 3767 1462 3838 scripsi.
1504 3767 1636 3822 Cum
1671 3774 1893 3838 prOpter

281 3874 409 3914 eum
485 3855 862 3927 recipiendum
925 3855 1236 3926 scripserim
1261 3899 1273 3920 ,
1298 3863 1522 3925 propter
1580 3857 1685 3912 hoc
1731 3855 1892 3910 etiam

283 3945 506 4017 scripsi,
531 3953 591 3999 ut
611 3960 750 4016 quos
770 3952 1024 4014 expertus
1044 3959 1162 3997 sum
1178 3943 1310 3997 mihi
1332 3943 1649 3998 obedientes
1669 3943 1723 3997 in
1745 3943 1892 4012 ejec-

283 4035 456 4104 tione,
477 4048 810 4105 cognoscam
828 4048 895 4088 an
918 4032 974 4086 in
990 4031 1239 4086 omnibus
1259 4031 1574 4086 obedientes
1591 4032 1695 4085 sint
1709 4031 1889 4086 futuri.

359 4125 536 4178 Vnus.
577 4125 662 4176 11.
693 4152 765 4163 —
798 4123 863 4178 Ut
890 4137 1005 4176 non
1020 4121 1555 4177 circumveniamur.
1580 4120 1709 4175 Ideo
1729 4120 1897 4174 debe-

293 4230 414 4267 mus
444 4211 782 4275 condonare,
813 4227 883 4264 ne
915 4207 1250 4279 decipiamur
1267 4224 1298 4262 a
1315 4209 1525 4275 Satana,
1552 4224 1649 4278 per
1677 4208 1895 4263 nimiam

286 4301 661 4374 asperitatem.
726 4299 881 4369 Saepe
934 4297 1077 4352 enim
1113 4305 1336 4368 propter
1379 4297 1684 4368 asperiores
1715 4297 1896 4352 anim-

285 4389 650 4444 adversiones
679 4386 735 4439 in
777 4385 1209 4456 desperationem
1238 4383 1483 4439 inﬁrmus
1513 4385 1892 4456 praecipitatur.

1976 512 2104 566 tiam
2127 514 2244 582 ejus
2275 513 2488 568 venitur
2516 513 2733 568 nomine
2763 514 2946 568 odoris
2985 513 3244 586 intellige.

2046 602 2218 656 Vsus.
2255 605 2341 656 15.
2374 633 2442 640 -
2478 604 2657 658 Bonus
2697 603 2846 658 odor.
2893 601 3108 657 Scilicet
3139 611 3196 656 ut
3239 602 3366 657 olim
3396 602 3575 658 hostia

1974 688 2188 760 legalis,
2221 689 2294 744 ita
2321 690 2485 744 modo
2538 690 2854 760 praedicatio
2903 706 3049 756 vera,
3094 699 3145 745 et
3188 691 3396 747 sincera
3429 689 3572 746 fama

1971 777 2361 847 apostolorum.
2395 778 2494 831 Dei
2523 779 2691 848 patris
2712 778 2867 847 odor,
2913 778 3162 834 Christus
3195 795 3208 833 :
3241 779 3379 834 odor
3412 779 3574 834 Chri-

1975 864 2042 920 sti
2073 873 2196 919 sunt
2215 867 2444 936 apostoli
2473 865 2527 919 in
2549 883 2776 937 quorum
2807 867 2914 921 vita
2935 874 2987 922 et
3005 867 3390 938 praedicatione
3419 868 3574 923 Chri-

1977 962 2091 1008 stus
2138 955 2459 1022 ostenditur,
2492 970 2600 1010 non
2650 955 3072 1026 blasphematur.
3126 956 3274 1011 Sicut
3318 956 3386 1010 de
3415 956 3574 1012 malis

1975 1041 2174 1097 dicitur
2207 1059 2218 1096 :
2255 1044 2466 1099 Nomen
2505 1045 2731 1099 Domini
2767 1060 2870 1115 per
2900 1061 2990 1100 vos
3022 1045 3448 1116 blasphematur
3473 1047 3572 1101 in-

1976 1134 2062 1186 ter
2078 1135 2290 1202 gentes.

2045 1220 2215 1274 Vnus.
2249 1223 2334 1274 16.
2369 1250 2438 1259 -
2469 1221 2612 1277 Odor
2640 1223 2859 1276 mortis.
2894 1222 2961 1276 Ut
2990 1222 3059 1276 de
3089 1229 3277 1276 nostra
3305 1221 3574 1293 praedica-

1975 1307 2118 1362 tione
2165 1309 2426 1378 procedat
2469 1325 2648 1376 mors,
2697 1310 2824 1364 inde
2872 1310 3151 1364 ruentibus
3212 1310 3267 1364 in
3318 1319 3575 1366 aeternam

1972 1396 2397 1453 damnationem.

2046 1486 2214 1540 Vens.
2251 1488 2424 1540 1’7.—
2455 1486 2611 1541 Sicut
2637 1488 2899 1558 plurimi.
2949 1487 3047 1542 Hic
3085 1487 3574 1558 pseudoapostolos

1973 1573 2164 1645 tangit,
2198 1574 2289 1645 qui
2318 1582 2573 1645 corrupta
2605 1575 2851 1630 doctrina
2873 1575 3155 1631 veritatem
3185 1576 3474 1646 violabant,
3507 1578 3576 1632 de

1973 1662 2166 1733 quibus
2216 1663 2384 1717 Isaias
2432 1663 2505 1718 ait
2538 1681 2550 1717 :
2583 1665 2870 1736 Caupones
2919 1665 3006 1720 tui
3047 1664 3175 1722 vino
3220 1682 3426 1737 aquam
3457 1667 3573 1720 mi-

1973 1755 2131 1806 scent
2142 1791 2156 1805 .

2652 1885 2878 1941 CAPUT
2915 1886 3005 1940 III.

2049 2017 2220 2072 Vens.
2263 2020 2314 2070 l.
2351 2047 2421 2056 —
2449 2018 2758 2090 Incipi-mus
2799 2019 3028 2074 iterum.
3077 2016 3218 2086 Quia
3248 2018 3455 2076 sciebat
3483 2037 3580 2077 eos

1979 2104 2198 2161 sinistre
2225 2104 2476 2175 accipere
2506 2122 2658 2159 suam
2688 2106 3236 2173 commendationem,
3269 2108 3404 2163 sicut
3439 2117 3492 2164 et
3519 2109 3577 2164 in

1978 2193 2153 2263 prima
2180 2192 2444 2263 Epistola,
2479 2195 2634 2265 quasi
2665 2211 2820 2248 suam
2849 2193 3079 2265 gloriam
3112 2203 3415 2267 quaereret;
3445 2196 3582 2252 inci-

1979 2281 2056 2351 pit
2085 2288 2275 2336 contra
2306 2297 2495 2337 eorum
2533 2282 2843 2354 opinionem
2877 2283 3166 2338 ostendere
3199 2300 3258 2340 se
3288 2300 3398 2339 non
3429 2301 3583 2340 suam

1981 2369 2232 2442 gloriam,
2264 2370 2363 2424 sed
2392 2370 2491 2424 Dei
2535 2387 2797 2442 quaerere.

2053 2459 2224 2513 Vens.
2259 2462 2310 2513 3.
2342 2489 2411 2498 —
2429 2459 2652 2531 Scripta
2670 2476 2806 2515 non.
2830 2459 2977 2513 Estis
2998 2459 3407 2530 reprasentatio
3429 2460 3584 2516 Chri-

1984 2546 2053 2600 sti
2081 2554 2134 2600 et
2161 2561 2303 2612 mea,
2334 2547 2438 2601 hoc
2480 2555 2655 2601 autem
2687 2554 2770 2601 est
2813 2546 3040 2601 ﬁrmiter
3085 2547 3340 2619 scriptum
3367 2548 3426 2602 in
3455 2563 3585 2604 cor-

1985 2634 2143 2688 dibus
2191 2635 2418 2701 nostris,
2448 2652 2556 2689 non
2622 2635 2944 2701 delibiliter,
2975 2643 3032 2691 ut
3075 2637 3222 2706 quod
3279 2643 3582 2694 atramento

1988 2721 2278 2778 scribitur:
2304 2723 2391 2777 vel
2430 2740 2539 2777 non
2590 2725 2743 2778 tetris
2803 2724 2944 2779 notis
2990 2723 3257 2779 baereticae
3300 2724 3582 2795 pravitatis

1989 2811 2077 2882 qui
2107 2812 2348 2866 haereses
2392 2810 2739 2866 interserunt.
2782 2813 2903 2868 Non
2933 2813 2996 2867 in
3019 2813 3253 2867 tabulis.
3289 2813 3446 2883 Lapis
3475 2829 3586 2868 non

1989 2899 2167 2970 signat
2195 2898 2299 2953 nisi
2315 2899 2660 2953 durissimam
2683 2899 3031 2969 voluntatem,
3054 2907 3106 2955 et
3124 2900 3389 2955 adversus
3410 2901 3586 2956 Deum

1990 2987 2362 3042 inﬂexibilem.
2407 2988 2765 3044 Carnalibus.
2817 2988 2876 3042 Id
2915 2996 3014 3059 est,
3067 3005 3307 3055 sensum,
3334 2989 3589 3045 habenti-

1973 3075 2123 3146 ~bus,
2157 3091 2267 3131 non
2307 3075 2538 3146 lapideis
2569 3077 2684 3130 sine
2732 3091 2915 3130 sensu.

2061 3165 2232 3220 Vnus.
2275 3167 2327 3218 4.
2361 3195 2430 3204 -—
2459 3165 2772 3221 Fiduciam.
2805 3164 2950 3219 Dixit
2980 3180 3040 3219 se
3069 3180 3180 3220 non
3213 3181 3380 3237 egere
3401 3164 3601 3235 episto-

1987 3252 2076 3320 lis,
2100 3253 2264 3308 modo
2291 3252 2441 3319 dicit,
2486 3253 2633 3324 quod
2669 3269 2776 3308 non
2808 3270 2867 3307 se
2915 3253 3276 3320 commendat,
3310 3255 3408 3310 sed
3438 3253 3598 3309 Chri-

1991 3349 2133 3396 stum
2159 3360 2172 3406 ;
2209 3341 2365 3413 quasi
2396 3341 2542 3397 dicat
2579 3360 2590 3396 :
2622 3342 2866 3412 Epistola
2896 3341 3114 3412 Christi,
3140 3349 3195 3397 et
3230 3349 3421 3398 nostra
3441 3342 3593 3412 estis,

1991 3431 2089 3485 sed
2121 3429 2378 3486 ﬁduciam
2409 3430 2623 3486 dicendi
2652 3430 2780 3485 talia
2807 3446 2918 3486 non
2946 3430 3016 3485 ad
3047 3445 3163 3496 vos,
3199 3431 3298 3486 sed
3324 3431 3394 3486 ad
3423 3433 3597 3487 Deum

1992 3518 2295 3574 referimus.

2065 3607 2234 3662 Vens.
2260 3609 2310 3660 5.
2344 3637 2412 3648 —-
2443 3608 2563 3663 Non
2592 3606 2735 3678 quod
2775 3607 3138 3677 sufﬁcientes.
3173 3607 3359 3676 (AUG.,
3395 3608 3490 3663 lib.
3525 3623 3585 3678 ιι,

1998 3700 2201 3752 contra
2232 3695 2372 3750 duas
2402 3695 2565 3766 epist.
2617 3696 2832 3766 Pelag.,
2883 3709 2932 3748 c.
2971 3693 3050 3765 8.)
3099 3693 3233 3762 Quis
3257 3711 3369 3749 non
3415 3695 3598 3751 videat

1991 3784 2145 3854 prius
2203 3799 2326 3837 esse
2374 3781 2618 3855 cogitare
2648 3798 2808 3852 quam
2846 3782 3113 3837 credere?
3156 3781 3348 3837 Nullus
3397 3781 3598 3855 quippe

1995 3871 2164 3927 credit
2194 3870 2397 3943 aliquid
2429 3870 2532 3925 nisi
2560 3871 2709 3942 prius
2739 3869 3068 3943 cogitaverit
3096 3885 3218 3925 esse
3238 3870 3590 3926 credendum.

1995 3959 2315 4030 Quanquam
2364 3968 2416 4013 et
2443 3959 2620 4029 ipsum
2664 3959 2892 4014 credere
2937 3958 3070 4012 nihil
3104 3966 3188 4013 est
3215 3958 3383 4030 aliud,
3436 3975 3596 4031 quam

1995 4065 2119 4104 cum
2157 4048 2474 4102 assensione
2517 4047 2778 4120 cogitare.
2833 4047 2899 4102 Si
2945 4063 3080 4119 ergo
3129 4047 3370 4119 cogitare
3399 4048 3602 4106 bonum

1996 4153 2104 4191 non
2136 4144 2219 4190 est
2247 4153 2313 4192 ex
2342 4136 2520 4202 nobis,
2550 4151 2653 4190 nec
2673 4136 2920 4191 credere.

2066 4225 2170 4280 Sed
2198 4225 2561 4296 sufﬁcientia.
2612 4225 2906 4280 Attendant
2945 4225 3033 4280 hic
3076 4233 3128 4280 et
3157 4225 3326 4282 verba
3350 4224 3450 4280 ista
3479 4241 3602 4296 per-

1997 4313 2257 4385 pendant,
2301 4314 2392 4385 qui
2451 4320 2637 4384 putant
2686 4329 2752 4368 ex
2797 4313 2953 4368 nobis
3001 4330 3124 4369 esse
3169 4312 3297 4368 ﬁdei
3343 4320 3597 4384 emptum,

1997 4411 2050 4457 et
2079 4418 2144 4456 ex
2175 4403 2290 4457 Deo
2321 4402 2435 4471 ejus
2463 4402 2912 4474 supplementum.
2939 4401 3295 4457 Commendat
3312 4399 3456 4456 enim
3471 4415 3597 4473 gra-

359 4479 536 4533 VERS-
575 4480 660 4532 '12-
680 4505 750 4515 -
772 4475 910 4531 cum
941 4475 1218 4562 υθπίδεετη
1248 4477 1442 4562 ααίθηι
1477 4474 1891 4562 Τῖθαάθπῑνθίθ·
1927 4485 1980 4546 D
2003 4490 2152 4558 tiam,
2188 4507 2310 4562 qum
2357 4505 2466 4544 non
2512 4490 2669 4544 datur
2703 4491 3004 4546 secundum
3051 4489 3229 4560 aliqua
3257 4488 3468 4558 merita,
3502 4489 3600 4544 sed

287 4569 423 4623 Post
450 4564 923 4635 interpositionem
953 4562 1021 4617 de
1049 4561 1364 4633 recipiendo
1394 4560 1737 4628 fornicatore,
1763 4563 1902 4618 redit

288 4656 361 4711 ad
390 4655 568 4727 ipsos,
626 4652 922 4709 ostendens
969 4651 1117 4723 quod
1163 4650 1303 4706 sicut
1349 4649 1508 4720 culpa
1554 4665 1743 4706 eorum
1781 4651 1896 4720 fuit,

289 4744 442 4817 quod
474 4757 586 4800 non
624 4740 772 4796 venit
801 4739 1133 4805 Corinthum,
1170 4738 1249 4794 sic
1279 4738 1424 4810 quod
1454 4754 1562 4793 non
1593 4737 1819 4810 profecit
1847 4741 1904 4794 in

288 4831 528 4895 Troade,
559 4831 687 4884 dum
718 4830 860 4899 apud
884 4844 979 4884 eos
1006 4825 1296 4898 impeditus
1327 4834 1569 4882 moratur
1595 4826 1765 4897 Titus,
1786 4827 1902 4884 sine

292 4936 404 4992 quo
451 4935 562 4974 non
610 4925 821 4989 poterat
853 4917 926 4971 ibi
972 4914 1276 4987 proﬁcere,
1311 4915 1436 4986 quia
1487 4914 1670 4970 forsan
1715 4915 1904 4990 lingua

291 5023 487 5064 eorum
514 5007 667 5062 Titus
695 5004 1009 5077 expressius
1050 5005 1127 5060 uti
1173 5011 1402 5076 poterat.

364 5127 545 5182 Vens.
582 5129 668 5180 13.
691 5154 761 5164 —-
790 5125 864 5180 Eo
897 5123 1039 5196 quod
1059 5139 1194 5179 non.
1221 5120 1357 5190 Quia
1389 5120 1538 5176 solus
1563 5137 1674 5177 non
1691 5128 1907 5193 poterat

292 5213 491 5271 ﬁdeles
517 5213 806 5282 instruere,
840 5219 894 5267 et
941 5209 1102 5266 simul
1149 5209 1620 5281 perstrepentibus
1650 5209 1906 5265 incredu-

293 5302 364 5359 lis
401 5318 733 5376 repugnare.

369 5411 546 5465 Vnus.
583 5411 746 5463 14.-
764 5408 996 5465 Odorem
1016 5406 1258 5470 notitiis,
1284 5412 1391 5460 etc.
1416 5405 1475 5458 Id
1507 5412 1590 5460 est
1613 5403 1904 5469 Christum,

299 5494 394 5567 qui
426 5494 575 5550 velut
604 5493 742 5548 odor
769 5491 1073 5562 procedens
1101 5504 1135 5543 a
1163 5489 1322 5544 Patre
1355 5487 1600 5543 notiﬁcat
1629 5504 1751 5542 eum
1781 5486 1908 5541 invi-

300 5583 521 5638 sibilem
555 5599 566 5637 :
601 5582 742 5637 sicut
770 5580 952 5651 aliqua
980 5595 1066 5633 res
1093 5595 1214 5651 quae
1244 5593 1352 5632 non
1385 5577 1618 5642 videtur,
1651 5593 1752 5646 per
1779 5575 1913 5631 odo-

299 5687 425 5729 rem
455 5670 825 5743 cognoscitur,
859 5675 914 5724 et
943 5667 999 5722 in
1025 5681 1133 5740 quo
1164 5666 1286 5723 loco
1316 5665 1406 5737 sit,
1426 5665 1765 5737 intelligitur.

521 5787 765 5842 Ρλοηιοι..
806 5783 996 5842 CXIV.

2002 4578 2166 4634 eﬁicit
2192 4578 2376 4634 omnia
2405 4578 2545 4633 bona
2572 4578 2779 4633 merita.

2073 4694 2243 4749 Vnus.
2296 4697 2346 4748 6.
2398 4724 2466 4734 —
2498 4693 2603 4760 Qui
2630 4697 2685 4747 et
2732 4693 2974 4750 idoneos.
3025 4691 3123 4747 Hic
3170 4691 3511 4748 commendat
3541 4707 3601 4748 se

2002 4798 2099 4854 per
2129 4781 2446 4853 dignitatem
2468 4780 2647 4848 ofﬁcii,
2673 4780 2878 4836 scilicet
2907 4779 3191 4852 Evangelii
3221 4779 3520 4851 praeferens
3541 4794 3600 4834 se

2004 4886 2112 4926 non
2144 4870 2317 4924 solum
2345 4869 2813 4941 pseudoapostolis
2844 4867 2935 4939 qui
2965 4867 3211 4924 carnales
3227 4867 3598 4924 observantias

2005 4958 2316 5030 praedicant,
2351 4957 2450 5012 sed
2481 4965 2534 5011 et
2563 4957 2665 5027 ipsi
2713 4956 2889 5026 Moysi
2945 4956 3196 5011 ministro
3225 4955 3384 5028 legis.

2023 5057 2025 5059 ‘
2076 5047 2245 5101 Vsus.
2280 5049 2330 5099 9.
2365 5076 2434 5086 —
2463 5046 2634 5101 Multo
2654 5046 2834 5117 magis
2865 5045 3135 5102 abundat.
3156 5045 3216 5098 Id
3247 5051 3330 5100 est
3357 5043 3416 5100 in
3440 5044 3602 5102 laude

2010 5150 2170 5207 quam
2203 5142 2356 5188 vetus
2389 5151 2402 5188 :
2439 5133 2568 5205 quia
2604 5133 2780 5204 magis
2824 5133 2998 5205 gloria
3035 5133 3135 5187 Dei
3184 5140 3268 5189 est
3312 5133 3369 5188 in
3434 5133 3604 5189 salute

2009 5239 2170 5295 quam
2207 5222 2264 5276 in
2293 5230 2490 5277 morte.
2527 5220 2788 5291 Quamvis
2828 5222 2972 5276 enim
3005 5223 3150 5291 juste
3198 5221 3416 5278 damnet
3461 5221 3608 5294 quod

2017 5312 2282 5385 agebatur
2311 5311 2414 5366 sub
2442 5311 2585 5382 lege,
2618 5319 2802 5366 tamen
2820 5311 2997 5383 magis
3029 5313 3097 5366 ad
3137 5311 3357 5367 laudem
3393 5309 3606 5382 proficit

2013 5399 2060 5455 si
2092 5400 2344 5472 indulget
2372 5443 2388 5466 ,
2423 5408 2481 5455 ut
2502 5399 2676 5470 possit
2713 5416 2774 5454 se
2803 5416 2928 5455 reus
2961 5400 3276 5471 corrigere;
3310 5399 3453 5470 quod
3507 5411 3608 5466 per

2010 5489 2240 5561 gratiam
2268 5488 2322 5542 in
2362 5488 2522 5543 Novo
2551 5489 2899 5542 Testamento
2928 5495 3232 5558 prmstatur.

2153 5578 2322 5631 Vens.
2343 5579 2427 5630 10.
2453 5607 2522 5615 -
2538 5577 2680 5631 Nam
2697 5593 2819 5632 nec.
2855 5575 2992 5630 Vere
3013 5575 3269 5640 abundat,
3297 5571 3432 5626 adeo
3462 5569 3611 5642 quod

2021 5666 2092 5722 ad
2121 5665 2237 5734 ejus
2269 5664 2736 5736 comparationem
2780 5663 2874 5720 illa
2909 5677 3013 5718 nec
3050 5661 3281 5717 dicenda
3323 5666 3406 5717 est
3431 5657 3610 5733 gloria

3259 5779 3326 5831 18
