3948 6178
379 300 485 356 555

913 298 1319 357 WALAFRIDI
1345 297 1591 356 STRABI
1625 296 1829 354 FULD.
1860 291 2034 351 MON.
2067 288 2219 351 OPP.
2254 295 2430 354 PARS
2459 292 2502 353 Ι.
2534 326 2605 341 -
2631 295 3119 354 THEOLOGICA.

3567 295 3681 352 556

459 422 612 491 Quod
629 424 861 481 claruit.
882 424 1099 482 Scilicet
1115 422 1510 495 Moysesinhac
1523 421 1783 493 praedicta
1793 418 2052 494 parte,A
2079 419 2148 475 de
2190 420 2369 492 gloria
2412 420 2573 489 fidei,
2607 422 2701 477 ubi
2745 420 2840 477 filii
2887 421 3022 488 Dei;
3055 420 3110 476 in
3159 418 3399 492 gloriam
3447 417 3678 489 speciei,

380 512 437 566 id
470 519 551 566 est
584 511 741 568 facie.
780 512 875 568 Vel
896 529 1006 568 non
1035 521 1117 568 est
1163 512 1465 584 gloriosum
1495 512 1553 565 in
1582 511 1686 566 hac
1715 518 1890 580 parte,
1922 508 1979 563 id

382 613 465 656 est
494 608 749 673 respectu
778 602 940 670 hujus
969 609 1173 655 nostra:
1189 600 1379 671 partis.
1405 600 1505 654 Illa
1521 599 1665 654 enim
1685 606 1837 653 tanta
1857 597 1974 663 fuit,

384 697 587 760 quanta
619 706 780 745 servo
810 689 961 745 credi
1000 688 1203 744 debuit.
1238 689 1366 745 Haec
1414 704 1545 744 vero
1595 695 1744 743 tanta
1775 693 1979 758 quanta

380 784 465 833 est
511 776 776 851 genitoris
822 776 1022 832 Christi
1056 793 1069 833 :
1103 776 1230 848 quia
1279 776 1525 832 Christus
1570 775 1626 830 in
1672 775 1849 848 gloria
1896 782 1978 829 est

276 884 287 892 “
381 864 484 921 Dei
511 865 706 933 Patris,
740 872 799 920 ut
844 873 1053 921 tantum
1100 865 1315 921 intersit
1362 864 1505 920 inter
1543 864 1777 939 gloriam
1804 860 1977 934 Moysi

380 961 434 1009 et
462 952 679 1021 Christi,
704 960 967 1025 quantum
996 953 1139 1010 inter
1166 952 1467 1026 imaginem
1488 961 1541 1009 et
1558 952 1864 1010 veritatem.

451 1068 623 1124 Vens.
663 1071 751 1127 i2.
787 1099 857 1109 —
891 1070 1185 1126 Habentes.
1218 1070 1281 1125 Id
1328 1077 1413 1125 est
1460 1075 1682 1124 ostensa
1708 1065 1975 1140 dignitate

373 1155 516 1212 Novi
546 1163 599 1210 et
616 1156 830 1212 Veteris
859 1157 1191 1213 Testamenti
1211 1156 1447 1213 ostendit
1476 1173 1638 1211 usum
1665 1155 1971 1227 utriusque.

375 1244 554 1301 Multa
582 1245 813 1314 ﬁducia.
838 1246 952 1302 Usu
973 1260 1297 1302 exercemus
1325 1262 1426 1301 nos
1456 1245 1511 1299 in
1533 1244 1691 1300 bonis
1712 1243 1974 1315 operibus

375 1331 520 1388 unde
549 1333 749 1390 crescit
779 1333 938 1389 nobis
967 1334 1187 1391 fiducia.
1228 1335 1461 1390 Tantum
1491 1333 1637 1388 enim
1667 1332 1973 1392 videbimus

373 1425 637 1488 quantum
684 1416 980 1483 credimus,
1019 1426 1071 1473 et
1124 1417 1252 1489 quia
1300 1426 1491 1489 aperta
1521 1424 1603 1473 est
1632 1415 1830 1488 gloria,
1863 1426 1974 1470 non

369 1504 619 1562 celamus
646 1522 869 1562 sensum
898 1514 1168 1575 nostrum,
1204 1506 1346 1563 sicut
1374 1507 1611 1578 Moyses,
1655 1505 1753 1561 sed
1784 1512 1972 1577 aperte

372 1592 627 1651 dicimus.

440 1710 613 1767 Vens.
639 1710 726 1765 14.
759 1739 828 1749 -
855 1709 1126 1783 Idipsum.
1160 1708 1303 1779 Quia
1344 1725 1455 1765 non
1493 1708 1651 1764 aliter
1688 1707 1852 1764 modo
1880 1706 1970 1761 in-

370 1798 627 1870 telligunt
672 1814 837 1871 quam
885 1807 1011 1854 ante
1058 1798 1354 1855 adventum
1414 1796 1633 1853 Christi.
1710 1796 1860 1867 Quod
1905 1798 1968 1852 in

376 1888 596 1945 Christo
627 1891 954 1945 evacuatur.
986 1887 1141 1944 Unde
1171 1887 1227 1942 in
1270 1886 1526 1958 passione
1557 1885 1757 1942 Christi
1786 1884 1969 1941 velum

372 1973 562 2048 templi
590 1975 826 2032 scissum
855 1984 957 2043 est,
992 1983 1051 2031 ut
1098 1975 1438 2048 significetur
1465 1992 1566 2047 per
1611 1974 1813 2031 Christi
1833 1989 1966 2045 pas-

370 2064 581 2120 sionem
613 2064 849 2121 revelari
879 2073 1229 2122 sacramenta
1259 2064 1401 2136 legis
1432 2071 1485 2119 et
1514 2063 1835 2135 pr0phetiae.
1868 2064 1969 2119 Ve-

368 2152 554 2209 lamen
583 2153 729 2209 enim
758 2153 889 2210 dicit
932 2153 1005 2209 ad
1052 2153 1522 2226 comparationem
1572 2152 1877 2225 prophetiae
1905 2158 1964 2207 ut

366 2258 478 2299 nou
506 2242 922 2315 intelligeretur.

442 2356 615 2413 Vens.
651 2357 943 2413 iii—Sed
963 2371 1158 2430 usque,
1184 2364 1289 2414 etc.
1325 2355 1421 2412 His
1452 2355 1545 2429 qui
1574 2363 1699 2411 sunt
1730 2355 1786 2410 in
1815 2354 1966 2411 Chri-

371 2452 457 2502 sto
504 2453 801 2503 evacuatur
832 2462 844 2501 :
877 2446 973 2502 sed
1015 2462 1188 2519 super
1215 2463 1310 2503 cor
1340 2462 1533 2502 eorum
1568 2450 1655 2502 est
1685 2446 1959 2511 velamen,

366 2534 424 2591 id
455 2542 538 2591 est
565 2534 782 2591 caecitas
812 2534 1127 2605 deprimens
1159 2534 1428 2590 rationem
1459 2551 1651 2590 eorum
1686 2550 1699 2590 :
1725 2551 1875 2601 cum,
1909 2533 1966 2589 id

368 2630 452 2680 est
501 2623 779 2696 quamvis,
827 2624 1055 2695 legitur,
1087 2622 1144 2678 id
1172 2631 1256 2678 est
1286 2622 1594 2693 exponitur,
1625 2621 1705 2678 eis
1733 2624 1961 2694 Moyses.

366 2713 435 2768 Et
463 2711 535 2767 ita
564 2712 673 2768 duo
703 2712 919 2779 obsunt,
952 2728 1051 2768 cur
1088 2728 1199 2767 non
1225 2711 1551 2782 intelligant,
1606 2719 1660 2766 et
1689 2710 1960 2780 velamen,

368 2799 426 2855 id
478 2808 560 2856 est
589 2800 898 2857 obscuritas
937 2808 1021 2855 est
1048 2800 1105 2855 in
1142 2799 1397 2867 lectione,
1440 2807 1492 2854 et
1530 2798 1750 2856 caecitas
1794 2815 1964 2871 super

365 2889 557 2961 corda,
591 2896 645 2945 et
671 2890 777 2945 hoc
804 2905 978 2961 usque
999 2888 1056 2944 in
1082 2888 1409 2944 hodiernum
1439 2896 1674 2960 tempus.

438 3004 609 3061 Vens.
644 3006 731 3059 16.
764 3032 835 3045 --
882 3004 1021 3060 Cum
1077 3007 1271 3059 autem
1315 3019 1614 3060 conversus
1660 3003 1858 3073 fuerit.
1902 3000 1963 3055 Id

376 3100 459 3148 est
471 3107 596 3148 cum
624 3107 815 3147 eorum
835 3091 1050 3146 animus
1067 3091 1315 3162 deposita
1330 3091 1514 3148 cordis
1534 3090 1733 3146 duritia
1753 3097 1805 3145 et
1824 3105 1959 3160 pro-

361 3179 484 3253 pria
518 3179 759 3235 caecitate
788 3178 950 3234 fuerit
979 3195 1278 3235 conversus
1328 3180 1623 3236 credendo.
1654 3180 1960 3250 Auferetur

366 3269 645 3325 velamen.
679 3268 748 3323 Ut
775 3268 832 3322 in
861 3283 1003 3339 aqua
1031 3267 1202 3323 latere
1232 3269 1419 3325 vinum
1448 3268 1805 3339 intelligatur,
1840 3283 1958 3324 om-

360 3356 447 3411 nis
473 3355 619 3412 enim
645 3356 931 3428 prophetia
950 3373 1059 3412 non
1114 3356 1390 3414 intellecto
1421 3358 1636 3413 Christo
1664 3356 1959 3428 insipidum

366 3452 420 3501 et
445 3443 654 3501 fatuum
698 3445 960 3518 quiddam
1001 3452 1104 3502 est.

432 3577 603 3634 Vens.
639 3580 725 3634 17.
757 3608 829 3620 --
858 3580 1131 3635 Dominus
1162 3583 1356 3635 autem
1395 3580 1636 3653 spiritus
1667 3583 1772 3635 est.
1806 3577 1955 3635 Ordo

360 3666 656 3723 verborum
676 3673 757 3722 est
789 3682 802 3722 :
838 3666 1073 3738 Spiritus
1103 3675 1325 3724 sanctus
1346 3675 1428 3723 est
1456 3667 1741 3734 Dominus,
1776 3667 1832 3722 id
1868 3675 1951 3722 est

361 3762 541 3827 potest
593 3755 813 3827 operari
861 3756 1008 3828 quod
1055 3756 1188 3823 vult,
1250 3764 1302 3811 et
1333 3756 1456 3812 ideo
1488 3757 1636 3828 quod
1684 3756 1816 3823 vult,
1842 3756 1960 3810 illu-

366 3843 571 3911 minat;
625 3852 678 3900 et
725 3844 871 3917 quod
902 3845 1016 3900 vult
1061 3845 1118 3900 in
1163 3846 1406 3900 tenebris
1452 3845 1676 3901 deserit.
1723 3847 1958 3903 Ubicun-

365 3946 471 4003 que
499 3936 691 3989 aute-m
712 3937 798 3989 est
811 3935 1050 4005 spiritus
1068 3935 1312 4001 Domini,
1335 3933 1391 3989 id
1413 3943 1495 3989 est
1515 3933 1655 4001 Filii,
1677 3950 1775 4004 per
1795 3949 1960 4005 quem

364 4018 527 4074 datur
557 4020 788 4091 Spiritus
837 4029 1090 4088 sanctus,
1123 4024 1198 4077 ibi
1248 4024 1515 4078 libertas:
1542 4030 1594 4077 et
1633 4021 1758 4077 ideo
1787 4022 1959 4078 Judaei

365 4106 459 4179 qui
478 4123 590 4163 non
618 4108 822 4164 habent
842 4108 1112 4179 spiritum,
1146 4126 1257 4164 non
1286 4118 1515 4181 possunt
1542 4109 1715 4165 libere
1754 4109 1956 4165 intelli-

365 4211 501 4268 gere
530 4202 590 4250 ut
617 4212 738 4252 nos.
781 4196 901 4263 Vel,
960 4198 1225 4252 Dominus
1253 4199 1324 4253 ad
1376 4215 1538 4269 quem
1568 4205 1958 4255 convertuntur

366 4290 450 4339 est
470 4283 711 4355 spiritus,
763 4284 819 4340 id
864 4293 946 4339 est
989 4284 1288 4358 spiritualis
1337 4287 1595 4355 essentia,
1628 4294 1682 4343 et
1707 4287 1783 4342 ita
1830 4286 1959 4344 facit

364 4371 714 4445 spiritualiter
742 4373 1070 4445 intelligere.

2076 509 2169 565 ubi
2200 518 2254 566 et
2280 510 2490 567 similes
2517 510 2744 579 erimus,
2764 527 2890 568 cum
2907 509 3213 567 videbimus
3234 525 3359 566 eum
3379 508 3537 565 sicuti
3566 516 3677 564 est.

2679 695 2907 751 CAPUT
2963 695 3053 750 IV.

2147 852 2317 907 Vens.
2348 855 2401 909 2.
2426 882 2495 893 -—
2528 852 3013 909 Commendantes.
3063 853 3129 908 Ut
3158 851 3338 909 luceat
3369 851 3461 906 lux
3491 859 3686 907 vestra

2076 963 2265 1005 coram
2294 948 2625 1006 hominibus.
2661 951 2859 1007 Coram
2887 952 3017 1007 Deo.
3044 950 3169 1007 Non
3195 958 3256 1005 ut
3281 949 3577 1007 videantur
3608 948 3684 1005 ab

2074 1037 2406 1094 hominibus.

2146 1126 2315 1182 Vens.
2348 1129 2403 1183 4.
2435 1157 2505 1168 -
2533 1128 2599 1183 In
2627 1127 2844 1201 quibus.
2874 1127 3023 1183 Talis
3051 1134 3229 1199 potest
3249 1141 3375 1183 esse
3389 1124 3534 1183 ordo
3553 1141 3686 1182 ver-

2073 1214 2267 1271 borum
2299 1231 2311 1271 :
2346 1216 2408 1271 In
2437 1216 2634 1286 quibus
2664 1216 3023 1288 pereuntibus
3054 1217 3201 1272 Deus
3230 1231 3400 1271 verus
3428 1223 3484 1271 et
3496 1215 3687 1285 justus

2074 1304 2367 1361 excaecavit
2394 1312 2605 1359 mentes
2634 1304 2929 1360 inﬁdelium
2972 1305 3129 1374 hujus
3176 1304 3383 1360 saeculi.

2144 1395 2287 1449 Deus
2316 1394 2486 1465 hujus
2506 1395 2723 1450 saeculi.
2756 1394 2817 1448 Id
2846 1402 2929 1449 est
2959 1394 3107 1449 Deus
3139 1393 3230 1466 qui
3251 1410 3360 1449 non
3381 1391 3562 1448 solum
3582 1392 3686 1448 bo-

2074 1497 2175 1537 nos
2204 1482 2367 1553 regit,
2391 1481 2489 1538 sed
2518 1490 2571 1537 et
2600 1481 2777 1538 malos
2805 1499 2908 1554 pro
2950 1483 3147 1538 merito
3176 1482 3502 1554 pracipitat,
3536 1482 3683 1536 dans

2073 1569 2153 1625 eis
2200 1570 2345 1642 quod
2376 1571 2579 1639 volunt,
2613 1571 2668 1626 id
2719 1578 2801 1626 est
2827 1579 2887 1626 ut
2922 1587 3034 1627 non
3076 1571 3302 1627 credant
3338 1589 3351 1625 :
3385 1570 3538 1642 quod
3568 1586 3685 1625 non

2072 1658 2200 1715 facit
2228 1658 2456 1726 malitia,
2490 1659 2587 1715 sed
2613 1659 2836 1729 iustitia.
2870 1660 2991 1727 Vel,
3024 1659 3171 1715 Deus
3188 1658 3393 1727 saeculi,
3414 1657 3687 1731 superbia

1988 1777 2043 1838 Β
2071 1748 2159 1838 vel
2189 1748 2482 1838 ingluvies,
2513 1748 2599 1838 vel
2629 1747 2881 1805 diabolus
2910 1749 3168 1820 princeps
3196 1748 3406 1816 mundi,
3442 1748 3540 1820 qui
3570 1764 3684 1804 sas-

2072 1836 2349 1895 cularibus
2377 1837 2734 1909 principatur.

2142 1944 2315 2000 Vens.
2336 1947 2463 1999 5.-
2492 1946 2613 2001 Non
2633 1945 2807 2000 enim.
2841 1942 3007 2013 Quasi
3026 1942 3171 2001 dicat
3202 1962 3215 1999 :
3250 1943 3396 1999 Bene
3417 1943 3548 2001 dico
3566 1944 3687 2016 glo-

2070 2032 2165 2088 riae
2222 2032 2443 2101 Christi,
2477 2032 2564 2089 vel
2598 2048 2609 2088 :
2644 2032 3157 2090 Commendavimus
3203 2047 3303 2088 nos
3334 2048 3527 2089 coram
3560 2034 3681 2089 Deo

2070 2121 2127 2176 in
2153 2119 2595 2177 manifestatione
2624 2121 2901 2189 veritatis,
2935 2129 2988 2177 et
3015 2128 3216 2179 caetera
3244 2121 3370 2177 talia
3400 2121 3679 2191 facimus;

2068 2217 2122 2267 et
2150 2210 2253 2266 hoc
2284 2218 2509 2281 propter
2555 2209 2850 2267 Christum.

2140 2325 2313 2382 Vens.
2334 2328 2387 2381 6.
2410 2327 2701 2383 —Lucem
2729 2325 3133 2399 splendescere.
3167 2324 3328 2395 Quod
3357 2323 3456 2381 fuit
3488 2324 3549 2380 in
3579 2340 3679 2381 se-

2069 2415 2356 2486 paratione
2387 2413 2800 2470 elementorum.
2852 2416 3146 2485 Ctnperunt
3191 2415 3339 2470 enim
3383 2414 3639 2470 tenebrae
3661 2456 3677 2482 ,

2068 2520 2134 2559 ex
2163 2519 2271 2576 quo
2303 2502 2531 2559 confusa
2559 2503 2733 2560 moles
2763 2503 2888 2560 οωιί
2917 2511 2968 2559 et
2984 2513 3145 2559 terra:
3174 2504 3340 2574 carpit
3364 2519 3525 2559 esse:
3550 2510 3682 2574 post

2067 2592 2365 2649 accedente
2394 2592 2517 2648 luce
2546 2593 2693 2663 quod
2715 2591 2915 2649 factum
2946 2600 3029 2647 est
3053 2611 3067 2660 ;
3098 2592 3295 2647 melius
3312 2591 3587 2647 redditur.
3616 2593 3681 2646 In

2070 2696 2179 2752 quo
2224 2679 2562 2751 proﬁcientis
2600 2679 2836 2736 hominis
2865 2679 3079 2737 affectio
3128 2678 3488 2752 signiﬁcatur,
3520 2680 3677 2736 unde

2063 2770 2261 2841 fuistis
2292 2769 2597 2842 aliquando
2627 2770 2891 2836 tenebrae,
2922 2786 3078 2826 nunc
3103 2772 3298 2825 autem
3334 2770 3441 2825 lux
3472 2771 3535 2825 in
3564 2770 3677 2827 Do-

2060 2856 2445 2930 mino(Ephes.
2462 2859 2542 2927 v).
2560 2859 2622 2912 In
2634 2859 2842 2929 faciem
2852 2860 3012 2914 Iesu:
3034 2859 3186 2913 Hunc
3206 2858 3371 2913 habet
3390 2874 3659 2914 sensum:

2065 2945 2335 3013 Quoniam
2356 2945 2541 3001 divina
2566 2954 2760 3001 natura
2790 2947 2891 3001 sub
2915 2954 3196 3019 aspectum
3215 2962 3326 3001 non
3369 2946 3535 3013 cadit,
3569 2962 3678 3018 per

2064 3041 2335 3106 sumptam
2347 3033 2731 3090 humanitatem
2761 3034 2948 3091 divina
2974 3034 3095 3093 luce
3117 3035 3587 3107 resplendentem,
3624 3043 3680 3091 et

1984 3128 2035 3192 α
2072 3122 2294 3195 fulgura
2324 3123 2656 3178 emittentem
2671 3123 2951 3195 aspicitur,
2997 3131 3055 3179 ut
3096 3124 3243 3180 licet.
3295 3124 3433 3181 Hinc
3494 3132 3688 3181 autem

2059 3210 2573 3284 etiamlmanifestum
2602 3219 2703 3279 est,
2763 3212 2910 3284 quod
2939 3213 3087 3268 Deus
3107 3212 3545 3269 incredulitatem
3576 3229 3691 3269 non

2058 3299 2300 3367 immisit,
2334 3300 2427 3371 qui
2456 3299 2806 3371 intelligentis
2836 3300 2977 3357 lucis
3022 3301 3371 3372 splendorem
3414 3302 3678 3358 omnibus

2063 3389 2282 3444 abunde
2312 3388 2545 3459 praebuit
2577 3406 2591 3444 :
2625 3388 2725 3443 sed
2753 3388 2858 3460 ipsi
2886 3389 3109 3462 quidem
3138 3390 3443 3446 dilexerunt
3470 3390 3679 3447 incre-

2061 3477 2366 3545 dulitatem,
2396 3477 2515 3549 ipse
2545 3486 2731 3534 autem
2759 3476 2840 3534 eis
2869 3494 2994 3534 cum
3034 3479 3241 3534 nollent
3285 3478 3531 3551 aspicere
3560 3496 3665 3536 ra-

2062 3565 2212 3621 dium
2240 3582 2351 3622 non
2379 3566 2630 3637 praebuit.
2662 3567 2926 3624 Scientia:
2954 3568 3262 3624 claritatis.
3286 3566 3531 3624 Scientia
3552 3568 3672 3640 glo-

2057 3654 2154 3710 ria:
2211 3654 2313 3710 Dei
2357 3662 2439 3709 est
2485 3671 2591 3725 qua
2632 3655 2837 3710 scimus
2885 3656 3070 3712 lumen
3095 3672 3219 3713 esse
3267 3672 3376 3728 quo
3423 3657 3674 3714 tenebre

2058 3750 2261 3798 nostra;
2298 3742 2691 3800 illuminantur.

2136 3860 2300 3915 Vens.
2352 3862 2405 3916 '7.
2454 3890 2525 3901 —
2570 3861 2866 3917 Habemus.
2918 3861 3195 3917 Hactenus
3250 3859 3320 3916 de
3377 3857 3672 3917 altitudine

2061 3946 2302 4004 scientiae
2322 3948 2435 4020 egit
2464 3965 2478 4003 :
2509 3948 2599 4005 hic
2637 3949 2706 4004 de
2751 3948 3047 4021 fragilitate
3078 3948 3277 4017 carnis,
3311 3965 3432 4021 qum
3461 3957 3547 4005 est
3574 3949 3651 4005 ad

2059 4036 2313 4107 gloriam,
2363 4035 2465 4091 etsi
2494 4045 2683 4093 contra
2729 4036 2998 4093 videatur.
3037 4037 3403 4094 Thesaurum.
3458 4038 3669 4094 Sacra-

2059 4133 2301 4180 mentum
2330 4125 2452 4191 Dei,
2484 4126 2632 4197 quod
2660 4124 2914 4181 fidelibus
2961 4134 3243 4199 erogatur,
3274 4125 3508 4198 perﬁdis
3536 4127 3670 4182 abs-

2058 4213 2343 4280 conditur;
2377 4230 2501 4270 esse
2530 4215 2844 4270 thesaurum
2869 4214 3123 4270 affirmat.

2128 4319 2300 4375 Vens.
2337 4323 2423 4374 10.
2453 4350 2525 4362 -
2570 4322 2801 4393 Semper
2845 4321 3368 4390 mortiﬁcationem,
3401 4328 3508 4378 etc.
3542 4321 3668 4377 Du-

2055 4406 2207 4462 bium
2234 4424 2345 4463 non
2374 4416 2474 4471 est,
2510 4408 2638 4480 quia
2667 4409 2725 4464 in
2752 4410 3080 4481 martyribus
3101 4410 3350 4465 Christus
3366 4409 3660 4477 occiditur,

436 4506 606 4563 Vens.
642 4510 727 4562 18.
760 4536 831 4547 -
860 4508 966 4564 Nos
1003 4508 1254 4564 revelata
1290 4510 1459 4579 facie.
1512 4509 1573 4563 In
1605 4524 1714 4580 qua
1758 4509 1961 4565 Iudaeis

2078 4500 2113 4547 et
2139 4492 2197 4547 in
2221 4492 2306 4547 his
2337 4491 2429 4564 qui
2452 4508 2556 4563 pro
2588 4492 2694 4549 fide
2722 4494 3020 4565 patiuntur,
3049 4501 3139 4548 aut
3177 4495 3373 4561 exitus,
3409 4502 3504 4549 aut
3533 4494 3658 4550 vin-

366 4601 452 4650 est
471 4595 738 4650 velamen.
763 4598 824 4650 In
844 4596 1069 4666 speculo
1090 4612 1201 4651 non
1234 4596 1339 4651 nisi
1359 4597 1544 4670 imago
1566 4598 1827 4654 cernitur.
1852 4600 1970 4655 Hoc
2069 4581 2225 4670 0018»,
2259 4588 2351 4636 δαί
2389 4582 2625 4637 verbera
2654 4580 2853 4637 Christi
2896 4583 3185 4670 PaSSiQDBS
3216 4589 3358 4649 sum»
3392 4591 3452 4639 ιιι
3469 4590 3525 4638 εἴ
3553 4583 3668 4639 Vi“

371 4698 509 4753 ergo
537 4698 801 4739 conamur
822 4692 878 4739 ut
899 4700 997 4755 per
1016 4686 1157 4742 hanc
1177 4684 1495 4758 imaginem,
1520 4686 1575 4741 id
1597 4694 1680 4741 est
1700 4687 1967 4742 rationem

2069 4671 2185 4739 ejus
2213 4669 2270 4724 in
2313 4685 2546 4741 corpore
2583 4686 2773 4726 eorum
2820 4671 3005 4742 palam
3048 4669 3159 4727 ﬁat.
3194 4672 3488 4727 Passiones
3519 4672 3665 4727 enim

374 4770 521 4841 quod
550 4785 651 4825 nos
672 4787 860 4826 sumus
881 4772 1163 4827 videamus
1183 4781 1460 4846 utcunque
1481 4774 1633 4830 illum
1661 4790 1824 4846 aquo
1842 4775 1969 4832 facti
2069 4765 2194 4814 sunt
2250 4775 2371 4829 qua?
2426 4759 2718 4815 οείθηάιωῑ
2774 4760 3027 4815 meritum
3083 4760 3156 4815 ad
3193 4759 3433 4815 futuram
3469 4761 3662 4829 Vim.

371 4874 561 4913 sumus
577 4865 838 4930 tanquam
848 4877 947 4930 per
967 4862 1268 4932 speculum.
1284 4864 1347 4917 In
1368 4864 1621 4919 eamdem
1640 4866 1965 4936 imaginem.

374 4944 516 5013 Quia
543 4948 734 5003 eadem
778 4948 961 5020 imago
992 4950 1090 5004 Dei
1121 4958 1203 5005 est
1230 4950 1410 5023 gloria
1439 4952 1553 5019 Dei,
1592 4951 1731 5008 sicut
1750 4969 1915 5023 supra
1949 4971 1963 5008 :

379 5034 469 5091 Vir
496 5036 719 5107 quidem
746 5038 929 5108 imago
962 5038 1063 5093 Dei
1083 5042 1187 5105 est,
1210 5044 1266 5095 et
1291 5040 1472 5111 gloria
1500 5042 1620 5097 Dei.
1651 5070 1722 5082 —
1756 5044 1964 5098 Trans-

369 5122 674 5192 formatur.
705 5124 1026 5179 Transimus
1054 5125 1121 5181 de
1149 5124 1327 5183 forma
1373 5127 1430 5182 in
1474 5128 1728 5197 formam,
1761 5130 1831 5185 de
1858 5130 1964 5185 ob-

367 5224 531 5265 scura
575 5210 632 5264 in
678 5211 911 5266 lucidam
946 5230 959 5268 :
995 5212 1118 5283 quia
1149 5222 1201 5269 et
1226 5214 1348 5285 ipsa
1366 5216 1601 5273 obscura
1646 5218 1831 5291 imago
1862 5217 1964 5274 Dei

365 5304 448 5352 est
476 5295 531 5351 in
563 5313 671 5369 qua
700 5299 948 5355 homines
978 5301 1147 5357 creati
1176 5311 1301 5357 sunt
1332 5321 1441 5375 qua
1470 5305 1799 5361 animalibus
1820 5322 1961 5378 prae-

363 5392 504 5440 sunt.
540 5383 675 5454 Quae
702 5395 898 5443 natura
928 5389 1219 5458 excellens,
1252 5392 1382 5447 dum
1412 5408 1445 5449 a
1479 5394 1958 5465 Deojustiﬁcatur,

363 5488 397 5529 a
426 5473 660 5529 deformi
691 5474 869 5531 forma
898 5476 956 5531 in
1002 5477 1293 5535 formosam
1321 5481 1552 5538 formam
1581 5492 1837 5539 mutatur.
1860 5485 1961 5540 Est

363 5562 510 5619 enim
538 5571 592 5619 et
619 5562 764 5620 inter
794 5564 925 5620 vitia
953 5573 1150 5622 natura
1180 5568 1341 5624 bona.
1376 5571 1476 5626 Vel
1504 5572 1607 5629 hoc
1637 5572 1959 5647 intelligitur

359 5648 429 5707 de
475 5650 656 5724 gloria
702 5653 995 5712 creationis
1023 5654 1081 5711 in
1128 5655 1362 5730 gloriam
1402 5658 1824 5728 jnstiﬁcationis.
1856 5661 1960 5721 Vel

2069 4863 2232 4919 quam
2259 4847 2512 4917 promisit
2539 4848 2804 4915 Christus,
2837 4850 2982 4905 unde
3011 4849 3119 4904 alio
3149 4848 3271 4905 loco
3300 4849 3433 4905 dicit
3466 4866 3482 4904 :
3521 4851 3661 4907 Cum

2066 4936 2342 5005 inﬁrmor,
2379 4940 2514 4993 tunc
2540 4942 2742 5009 potens
2789 4955 2936 5005 sum,
2971 4946 3023 4993 et
3068 4938 3263 4993 iterum
3296 4956 3312 4993 :
3344 4941 3455 4994 Per
3483 4941 3665 4996 tribu-

2068 5025 2328 5090 lationes,
2348 5032 2451 5081 etc.
2489 5025 2902 5098 Manifestetur.
2926 5025 3162 5095 Quidam
3192 5025 3340 5083 enim
3368 5027 3440 5083 de
3469 5043 3664 5083 resur-

2064 5112 2306 5169 rectione
2329 5112 2668 5170 dubitabant.

2133 5229 2308 5285 Vens.
2340 5232 2426 5287 12.
2471 5260 2543 5271 --
2588 5233 2727 5304 Ergo
2759 5247 2931 5303 mors,
2964 5239 3068 5289 etc.
3100 5230 3241 5302 Quia
3291 5249 3395 5304 per
3423 5240 3660 5289 mortem

2062 5316 2224 5372 vitam
2252 5316 2380 5371 Jesu
2406 5319 2795 5391 consequimur
2826 5336 2840 5374 :
2874 5336 3010 5392 ergo
3030 5335 3180 5375 mors
3200 5336 3309 5376 non
3331 5328 3415 5376 est
3432 5320 3658 5388 inutilis,

2062 5404 2161 5460 sed
2199 5413 2458 5475 operatur
2503 5423 2763 5481 magnum
2804 5408 2937 5480 quid
2966 5409 3023 5462 in
3056 5409 3235 5466 nobis.
3266 5410 3376 5465 Sed
3407 5410 3521 5466 vita
3550 5426 3658 5483 qua

2059 5493 2408 5550 delectamini
2446 5495 2504 5550 in
2548 5497 2804 5564 terrenis,
2851 5505 3113 5569 operatur
3140 5498 3197 5553 in
3228 5498 3386 5553 vobis
3417 5507 3654 5555 mortem

2058 5589 2339 5639 aeternam.
2374 5584 2474 5639 Vel
2501 5585 2724 5655 passive
2752 5602 2908 5661 ergo,
2942 5586 2997 5642 id
3028 5593 3109 5651 est
3153 5596 3380 5658 propter
3403 5604 3564 5660 spem
3583 5587 3659 5644 vi-

2057 5676 2127 5726 tae
2139 5672 2169 5727 ,Ι
2173 5687 2271 5729 esu
2286 5687 2439 5729 mors
2457 5682 2740 5747 operatur,
2762 5676 2821 5733 id
2847 5681 2933 5734 est
2950 5690 2985 5732 a
3005 5674 3285 5748 prmdictis
3301 5677 3651 5750 passionibus
