3948 6178
321 221 431 276 557

1170 217 1445 278 GLOSSA
1471 219 1881 278 ORDINARIA.
1908 251 1974 266 —
2009 218 2228 277 EPIST.
2271 220 2319 276 II
2347 220 2442 277 AD
2474 220 2632 280 COR.

3526 231 3630 286 558

313 342 551 399 edicitur
577 342 634 399 in
661 342 840 413 nobis,
888 342 945 398 id
977 349 1061 398 est
1086 343 1447 414 permittimus
1477 344 1615 401 eﬂici
1652 364 1665 400 :
1696 346 1795 401 sed
1823 361 1920 417 per
1945 346 2003 407 A
2029 344 2152 400 Non
2180 344 2338 413 infra,
2371 362 2481 402 non
2527 362 2714 418 supra,
2744 363 2855 403 non
2882 346 3040 415 intra,
3070 362 3180 406 non
3214 356 3386 407 extra.
3419 351 3630 408 Absor-

314 432 426 488 hoc
452 433 568 488 vita
595 431 828 488 efﬁcitur
856 431 914 485 in
941 431 1119 499 vobis,
1151 432 1206 487 id
1237 442 1320 488 est
1357 430 1495 488 fides
1524 433 1819 502 plantatur.

394 521 568 577 Vnus.
594 523 680 576 14.
703 550 774 562 -
803 521 1106 577 Vobiscum.
1131 522 1255 576 Non
1274 538 1372 578 vos
1394 523 1699 593 nobiscum,
1724 531 1779 577 ut
1799 521 1931 577 infe-

312 609 521 676 riores,
547 609 648 665 sed
674 624 840 680 pares
861 608 1020 663 nobis
1042 608 1179 678 sitis,
1207 610 1251 664 si
1273 611 1571 668 volueritis.
1602 613 1670 666 Et
1701 612 1839 666 bene
1859 612 1928 667 de

311 698 481 753 vobis
511 713 703 753 assero
731 697 857 768 quia
885 698 1068 752 omnia
1088 697 1192 752 ista
1212 696 1442 754 facimus
1456 708 1679 771 pr0pter
1698 715 1795 754 vos
1816 700 1928 753 ins-

310 786 582 841 truendos
613 794 800 841 nostro
831 785 1101 856 exemplo.
1122 787 1204 841 Ita
1224 788 1405 843 omnia
1426 789 1495 844 ad
1514 804 1611 845 vos
1640 796 1883 859 spectant
1909 804 1921 844 :

308 881 377 927 ut
404 875 587 946 gratia
616 875 716 929 Dei
749 873 1035 928 abundans
1064 874 1120 927 in
1140 875 1299 930 nobis
1320 877 1561 932 abundet
1578 878 1634 930 in
1662 877 1838 942 vobis,
1873 885 1928 932 et

310 977 417 1032 per
444 978 547 1019 vos
574 962 631 1016 in
658 962 798 1032 aliis,
824 970 878 1017 et
898 978 997 1032 per
1017 978 1114 1018 vos
1132 963 1331 1019 multos
1362 965 1601 1021 abundet
1631 965 1924 1038 gratiarum

306 1050 549 1120 actione,
583 1059 640 1105 ut
668 1066 767 1106 vos
798 1058 851 1105 et
880 1050 958 1105 illi
990 1051 1107 1106 Deo
1135 1052 1341 1123 gratias
1367 1055 1565 1126 agatis.
1598 1055 1661 1109 In
1688 1054 1924 1127 gloriam

310 1138 439 1206 Dei,
464 1138 524 1195 id
550 1146 634 1195 est
659 1139 734 1195 ad
759 1139 1157 1196 ostendendum
1184 1141 1361 1197 Deum
1389 1143 1707 1216 gloriosum.

956 1314 1183 1371 CAPUT
1220 1315 1287 1371 γ.

405 1458 583 1513 Vens.
608 1460 737 1511 1.-
756 1457 975 1513 Scimus
994 1458 1149 1513 enim
1170 1458 1437 1530 quoniam
1455 1459 1506 1514 si
1524 1458 1813 1514 terrestris
1832 1458 1922 1515 do-

310 1564 445 1603 mus
467 1550 668 1602 nostra
690 1547 857 1617 hujus
880 1545 1246 1601 habitationis
1267 1546 1610 1602 dissolvatur
1628 1548 1769 1619 quod
1784 1547 1917 1603 aedi-

310 1636 664 1705 ﬁcationem,
697 1642 802 1689 etc.
836 1633 896 1687 Id
916 1640 1000 1688 est
1021 1649 1219 1705 corpus
1238 1634 1543 1691 immortale
1563 1636 1907 1703 habebimus,

2027 439 2123 504 pta
2147 441 2230 489 est
2258 434 2405 489 enim
2434 451 2586 491 mors
2614 435 2670 490 in
2698 435 2938 492 victoria.

2101 521 2270 578 Vens.
2304 525 2356 578 6.
2388 553 2458 564 —
2488 524 2791 580 Audentes.
2825 525 2973 580 Deus
3016 523 3142 581 facit
3182 541 3286 581 nos
3331 526 3470 583 velle
3518 528 3626 583 im-

2026 609 2430 681 mortalitatem,
2482 611 2610 667 facit
2651 620 2704 667 et
2751 621 2932 668 certos
2979 630 3081 685 per
3110 614 3379 685 spiritum,
3420 625 3473 671 et
3501 616 3627 673 ideo

2027 698 2292 753 audentes
2340 715 2545 754 sumus.
2596 703 3035 772 Peregrinamur
3080 720 3115 758 a
3162 705 3418 760 Domino.
3471 703 3626 772 Quo-

2025 786 2239 841 modo?
2277 802 2399 843 cum
2446 788 2575 841 alibi
2618 788 2881 859 scriptum
2929 790 2997 844 sit
3039 807 3050 846 :
3085 791 3150 845 In
3198 792 3315 864 ipso
3364 794 3623 861 vivimus,

2024 890 2314 931 movemur
2349 880 2407 931 et
2453 882 2695 932 sumus?
2724 877 2868 948 (Aet.
2903 878 3071 949 xvn.)
3118 879 3256 948 Quia
3295 880 3393 935 etsi
3425 881 3624 953 ubique
3700 885 3707 893 ’

2024 960 2191 1029 Deus,
2223 978 2333 1017 non
2364 971 2544 1018 tamen
2573 964 2661 1021 hic
2687 965 2899 1019 videtur
2922 966 3057 1021 sicut
3078 966 3139 1021 in
3165 968 3338 1023 caelis.
3364 970 3623 1042 Peregri-

2024 1064 2219 1104 namur
2238 1067 2371 1124 ergo
2401 1068 2511 1107 non
2540 1050 2666 1119 ﬁde,
2702 1053 2797 1108 sed
2830 1055 3032 1124 specie.

2093 1164 2265 1220 Vens.
2294 1136 2387 1221 10.
2407 1196 2477 1206 -
2501 1168 2565 1224 Ut
2585 1170 2801 1238 referat
2823 1169 3224 1243 unusquisque.
3246 1170 3424 1226 Etiam
3442 1171 3610 1243 pueri,

2022 1251 2133 1324 qui,
2158 1252 2205 1307 si
2232 1268 2341 1308 non
2370 1270 2469 1325 per
2488 1270 2568 1323 se,
2598 1272 2699 1326 per
2727 1255 2863 1311 alios
2893 1265 3202 1328 gesserunt,
3235 1258 3364 1314 dum
3393 1276 3492 1331 per
3518 1277 3634 1316 eos.

2019 1340 2370 1396 crediderunt
2399 1341 2485 1397 vel
2514 1358 2625 1397 non
2655 1343 3017 1414 crediderunt,
3052 1346 3350 1401 secundum
3372 1348 3519 1419 quod
3543 1349 3625 1418 ju-

2018 1428 2286 1496 dicantur,
2332 1446 2444 1485 non
2486 1432 2788 1488 secundum
2819 1434 2964 1504 quod
2995 1434 3204 1507 gesturi
3234 1443 3408 1504 erant,
3448 1437 3496 1491 si
3524 1437 3616 1494 diu

2016 1516 2280 1572 viverent.
2306 1518 2447 1574 Dicit
2468 1519 2613 1575 enim
2634 1538 2646 1573 :
2669 1525 2844 1592 prout
2870 1524 3045 1593 gessit
3065 1524 3127 1577 in
3156 1539 3402 1596 corpore,
3433 1540 3543 1581 non
3564 1534 3624 1582 ut

2015 1612 2267 1675 gesturus
2299 1614 2415 1661 erat
2444 1607 2489 1661 si
2520 1608 2745 1675 viveret,
2781 1609 2985 1664 frustra
3014 1626 3149 1681 ergo
3176 1611 3339 1667 homo
3365 1622 3490 1683 post
3510 1615 3617 1674 hoc

308 1691 368 1779 si
387 1740 593 1794 corpus
622 1691 722 1792 per
749 1691 1136 1777 tribulationes‘
1151 1722 1499 1793 dissolvatur,
1523 1732 1576 1779 et
1603 1724 1749 1790 ideo,
1779 1691 1984 1795 quo;B
2013 1706 2212 1763 ⁰⁰¹Ῥ⁰⁸
2241 1691 2347 1795 δέω
2368 1695 2665 1795 Premit?”
2703 1697 2857 1795 ‘1“0‘1
2886 1697 2975 1795 hi?
3022 1698 3079 1752 in
3116 1714 3344 1795 ⁰⁰¹Ῥ⁰Ῐθ
3388 1717 3612 1795 ⁰⁰ΨΡ⁸’

310 1813 458 1867 niam
488 1811 572 1867 sic
618 1809 967 1879 dissolvetur,
1009 1818 1067 1864 ut
1109 1811 1348 1866 conditio
1395 1819 1449 1867 et
1476 1827 1642 1867 causa
1680 1812 1748 1866 sit
1775 1829 1915 1883 prie-

310 1901 506 1955 missa.
534 1900 655 1956 Non
684 1900 1100 1969 manu/actam,
1143 1899 1240 1954 sed
1268 1903 1563 1956 aeternam.
1606 1901 1666 1954 Id
1695 1909 1777 1955 est
1806 1917 1915 1956 non

308 1989 595 2045 hominum
615 1986 988 2057 complexione
1021 1985 1236 2057 factam,
1269 1988 1495 2056 scilicet,
1530 2005 1639 2045 non
1669 1990 1917 2045 humana:

309 2077 689 2150 generationis
723 2090 826 2145 ope
870 2075 1202 2144 productam-
1233 2091 1334 2131 nec
1370 2077 1624 2133 humanis
1662 2077 1916 2133 fomentis

309 2173 559 2232 auctam,
588 2164 688 2221 sed
717 2178 751 2219 a
798 2163 915 2217 Deo
942 2161 1291 2219 ineffabiliter
1329 2174 1691 2237 compactam.
1723 2169 1916 2223 diter-

309 2272 471 2311 nam.
505 2253 650 2323 Quia
674 2252 733 2310 in
760 2266 827 2307 ea
854 2250 972 2306 sine
1009 2249 1119 2307 ﬁne
1144 2252 1475 2310 manebitur.

377 2369 558 2424 Vnus.
590 2373 644 2426 2.
675 2400 746 2412 -
773 2373 932 2428 Nam.
966 2373 1091 2427 Non
1132 2371 1307 2427 solum
1336 2383 1434 2441 pro
1477 2367 1734 2439 praesenti
1763 2367 1917 2423 inha-

306 2457 597 2525 bitatione,
632 2458 729 2514 sed
759 2458 941 2531 etiam,
972 2463 1036 2516 in
1068 2461 1186 2526 hoc,
1220 2459 1275 2514 id
1296 2466 1380 2514 est
1401 2457 1456 2512 in
1476 2456 1917 2514 consideratione

305 2546 476 2615 hujus
503 2554 668 2602 tanta?
697 2548 907 2619 glorias,
938 2550 1383 2621 ingemiscimus.
1419 2548 1501 2601 Ex
1528 2545 1790 2601 dilatione
1813 2546 1916 2602 tle-

305 2635 501 2689 siderii
537 2653 552 2690 :
582 2636 728 2707 quod
756 2652 864 2692 non
892 2636 1218 2703 faceremus,
1261 2636 1366 2690 nisi
1395 2650 1641 2691 essemus
1671 2634 1825 2690 certi.
1856 2636 1918 2689 In

299 2724 461 2793 cujus
490 2724 571 2778 rei
598 2723 778 2797 ﬁgura
805 2728 922 2781 Axa
943 2724 1056 2781 tilia
1086 2726 1248 2781 Caleb
1268 2724 1423 2796 petiit
1453 2723 1719 2795 irriguum
1742 2740 1916 2794 supe-

302 2812 423 2867 rius
454 2821 508 2868 et
538 2812 801 2886 irriguum
829 2813 1075 2884 inferius,
1116 2822 1174 2869 ut
1203 2830 1305 2869 nos
1345 2813 1628 2883 lacrymas
1664 2811 1918 2868 effunda-

304 2918 453 2967 mus,
486 2916 599 2957 non
629 2902 803 2957 solum
822 2918 924 2973 pro
944 2903 1229 2974 praesentis
1256 2902 1526 2958 incolatus
1544 2900 1786 2967 miseria,
1821 2900 1918 2956 sed

306 3007 414 3062 pro
463 2989 721 3046 dilatione
770 3007 1016 3061 supernae
1073 2990 1280 3064 gloriae.
1320 2989 1755 3063 Ingemiscimus,
1794 2989 1918 3061 quia

2015 1797 2138 1836 rare
2165 1782 2425 1853 neglexit.
2456 1785 2787 1841 Suademus.
2823 1787 3061 1841 Suadent
3080 1789 3315 1858 apostoli
3334 1798 3390 1844 ut
3418 1792 3633 1864 reliqui

2013 1868 2154 1924 bene
2190 1870 2433 1926 viventes
2462 1873 2686 1928 credant
2714 1881 2767 1928 et
2794 1874 3118 1945 provideant
3154 1876 3277 1945 sibi,
3325 1878 3452 1949 quia
3482 1896 3631 1952 quos

2013 1957 2261 2012 rumdam
2306 1959 2643 2032 praviloquio
2687 1961 2806 2016 dies
2844 1962 3057 2017 Domini
3096 1962 3152 2017 in
3180 1964 3407 2020 dubium
3448 1968 3617 2027 venit.

2087 2064 2255 2119 Vnus.
2291 2067 2385 2119 11.
2421 2095 2492 2106 —-
2522 2069 2631 2123 Deo
2661 2071 2854 2123 autem
2890 2070 3190 2140 manifesti
3230 2086 3446 2141 sumus,
3496 2075 3617 2148 quia

2014 2150 2121 2207 hoc
2152 2152 2515 2222 praedicamus
2547 2155 2697 2226 quod
2721 2156 2879 2225 jubet
2908 2157 3076 2213 Deus.

2090 2248 2257 2304 Vnus.
2280 2253 2372 2305 13.
2407 2281 2478 2290 -
2503 2253 2628 2309 Sive
2665 2254 2822 2308 enim
2868 2258 3079 2311 mente.
3131 2254 3301 2324 Quasi
3337 2257 3513 2317 dicat:
3537 2260 3621 2319 De

2015 2336 2175 2391 nobis
2218 2337 2405 2410 utique
2456 2339 2681 2412 gloriari
2724 2343 2971 2411 potestis,
3024 2343 3150 2414 quia
3192 2344 3457 2419 quidquid
3499 2349 3621 2423 agi-

2015 2440 2156 2491 mus,
2191 2426 2280 2481 vel
2308 2433 2391 2481 est
2433 2428 2611 2483 honor
2648 2430 2769 2496 Dei,
2816 2429 2904 2486 vel
2950 2430 3153 2488 utilitas
3198 2434 3453 2505 proximi.
3495 2438 3622 2495 Sive

2017 2514 2366 2583 excedimus,
2397 2514 2454 2570 id
2485 2524 2587 2583 est,
2623 2517 2671 2572 si
2699 2533 2801 2573 nos
2827 2521 3283 2577 commendamus
3300 2524 3377 2594 (in
3400 2540 3507 2596 quo
3526 2543 3625 2598 pu-

2016 2607 2194 2657 tamur
2226 2602 2532 2674 insensati),
2553 2606 2670 2660 Deo
2701 2613 2801 2675 est,
2826 2606 2884 2661 id
2905 2615 2985 2663 est
3007 2609 3078 2664 ad
3099 2611 3364 2667 honorem
3383 2613 3503 2680 Dei,
3529 2615 3632 2686 qui

2018 2689 2096 2745 sic
2125 2706 2226 2745 nos
2254 2692 2524 2748 exaltavit.
2560 2693 2683 2749 Sive
2713 2696 2918 2752 sobrii:
2949 2704 3006 2752 ut
3044 2714 3154 2753 non
3193 2698 3300 2755 alta
3346 2700 3416 2755 de
3464 2701 3624 2757 nobis

2018 2777 2288 2848 dicamus,
2334 2780 2404 2836 ad
2442 2789 2685 2837 vestram
2728 2791 2810 2838 est
2838 2785 2943 2840 hoc
2980 2786 3285 2844 utilitatem.
3317 2789 3442 2847 Sive
3468 2792 3625 2847 enim

2019 2872 2211 2923 mente
2252 2869 2598 2926 excedimus.
2645 2871 2907 2943 Loquitur
2947 2876 3239 2945 Apostolus
3272 2876 3343 2934 de
3383 2879 3618 2950 quadam

2020 2955 2284 3011 ineffabili
2328 2959 2784 3030 contemplatione
2823 2968 2877 3017 et
2905 2970 3085 3034 raptu,
3119 2965 3212 3020 ubi
3239 2965 3442 3023 audivit
3470 2967 3619 3040 quod

310 3045 566 3150 cupimus
597 3095 760 3151 super
783 3045 1188 3137 invocatiogem
1225 3045 1437 3144 animi;
1484 3093 1649 3150 quam
1680 3045 1793 3147 jam
1812 3045 1922 3135 ‘ac-
1946 3058 1996 3122 C
2025 3045 2289 3151 P931?“
2316 3046 2524 3101 homini
2550 3047 2718 3121 loqui°
2755 3051 2865 3107 Deo
2894 3055 3017 3107 est:
3042 3068 3153 3109 non
3182 3053 3361 3124 vobis”
3393 3054 3487 3129 qui
3514 3072 3639 3133 non

312 3168 582 3239 cepimus.
617 3170 693 3223 De
724 3151 877 3224 cdelo.
910 3168 971 3223 Id
1001 3176 1105 3235 est,
1153 3176 1405 3239 optamus
1447 3168 1649 3222 habere
1687 3167 1920 3223 immor-

314 3256 421 3313 tale
451 3264 507 3313 et
533 3256 866 3329 impassibile
912 3273 1131 3329 corpus,
1172 3256 1243 3312 ad
1290 3255 1698 3312 similitudinem
1746 3255 1919 3320 coele-

322 3345 507 3401 stium.

384 3435 529 3490 Nam
558 3437 617 3489 et
643 3434 759 3506 qui,
805 3440 910 3490 etc.
961 3431 1130 3501 Quasi
1159 3432 1307 3488 dicat
1347 3449 1361 3487 :
1409 3431 1524 3487 Nos
1560 3431 1920 3502 perfectiores

319 3538 417 3594 pro
458 3522 719 3577 dilatione
764 3521 1052 3593 gemimus,
1101 3521 1227 3593 quia
1272 3520 1436 3576 etiam
1462 3520 1642 3575 minus
1669 3520 1916 3592 perfecti,

316 3611 407 3683 qui
441 3626 665 3667 carnem
708 3609 911 3666 fovent.
955 3611 1103 3666 Inter
1150 3610 1252 3665 hos
1296 3616 1477 3664 autem
1524 3625 1585 3664 se
1622 3609 1920 3680 Apostolus

319 3706 674 3755 connumerat
702 3713 770 3753 ne
798 3698 877 3752 illi
906 3698 976 3753 de
1005 3714 1066 3753 se
1095 3697 1278 3752 minus
1302 3697 1555 3752 sentiant.

388 3814 560 3869 Vnus.
594 3817 645 3867 3.
680 3813 826 3869 —Si
858 3817 1051 3868 tamen
1077 3813 1270 3868 vestiti
1290 3812 1470 3885 gloria
1500 3811 1918 3883 promissionis;

318 3902 430 3958 non
460 3901 623 3957 nudi.
657 3901 772 3957 Hoc
800 3900 1118 3956 desiderant
1137 3900 1331 3969 sancti,
1356 3916 1426 3956 ne
1454 3909 1805 3973 resurgentes
1832 3916 1922 3956 re-

317 4000 470 4062 cepto
501 4006 751 4061 corpore,
784 3990 935 4056 nudi,
972 3990 1026 4045 id
1060 3996 1143 4045 est
1172 3990 1334 4045 alieni
1364 4007 1394 4043 a
1438 3991 1709 4061 promissa
1742 3989 1922 4062 gloria

316 4078 679 4136 inveniantur.
699 4079 814 4134 Hoc
842 4079 987 4134 enim
1031 4094 1167 4149 opus
1196 4086 1280 4133 est
1314 4094 1328 4134 :
1362 4086 1421 4133 ut
1458 4079 1628 4133 induti
1668 4094 1917 4148 corpore,

314 4169 771 4240 superinduantur
790 4167 988 4241 gloria,
1013 4183 1134 4238 qua;
1154 4175 1238 4222 est
1255 4167 1560 4222 immutatio
1576 4168 1633 4221 in
1648 4167 1918 4223 claritate.

316 4258 546 4314 Gravati
565 4274 626 4314 eo
660 4273 885 4328 corpore
918 4273 932 4309 :
958 4272 1066 4328 quo
1085 4264 1269 4311 tamen
1293 4256 1544 4312 nolumus
1565 4263 1800 4310 mortem
1822 4270 1924 4310 no-

315 4347 397 4402 bis
425 4346 563 4413 tolli,
597 4346 695 4402 sed
724 4345 1065 4417 superindui,
1109 4344 1166 4399 id
1199 4351 1283 4399 est
1324 4360 1358 4398 a
1395 4345 1513 4399 Deo
1559 4344 1745 4400 vestiri
1784 4343 1924 4399 stola

2024 3134 2254 3204 potestis
2278 3150 2496 3205 capere.

2091 3224 2215 3279 Sive
2244 3226 2398 3280 enim
2428 3225 2600 3281 sobrii
2628 3242 2844 3283 sumus.
2878 3228 3403 3288 Condescendendo.
3454 3233 3627 3292 Vobis.

2019 3309 2161 3380 Quia
2188 3311 2268 3367 sic
2295 3311 2599 3384 loquimur;
2621 3320 2680 3368 ut
2709 3330 2907 3386 capere
2946 3317 3188 3388 possitis.
3245 3319 3340 3375 Isti
3374 3328 3501 3378 sunt
3531 3337 3629 3395 an-

2019 3399 2129 3473 geli
2157 3400 2227 3456 de
2246 3400 2441 3472 quibus
2472 3401 2736 3458 Dominus
2774 3403 2850 3458 ait
2879 3404 2934 3459 in
2978 3407 3315 3480 Evangelio:
3363 3409 3630 3468 Videbitis

2020 3488 2220 3545 coelum
2248 3497 2519 3560 apertum,
2567 3498 2620 3544 et
2648 3491 2877 3565 angelos
2906 3494 3269 3552 ascendentes
3302 3504 3358 3552 et
3387 3496 3629 3557 descen-

2020 3577 2209 3632 dentes
2252 3592 2417 3648 super
2450 3577 2648 3632 Filium
2689 3578 2954 3648 hominis;
3000 3583 3101 3637 hos
3139 3584 3368 3641 eosdem
3398 3588 3626 3660 angelos

2023 3664 2160 3720 vidit
2186 3665 2355 3721 Jacob
2385 3665 2441 3720 in
2469 3666 2635 3722 scalis
2660 3669 3022 3725 ascendentes
3051 3678 3105 3725 et
3132 3671 3556 3733 descendentes.

2094 3779 2265 3835 Vnus.
2301 3781 2387 3835 14.
2417 3781 2771 3838 —Charitas
2833 3785 2989 3839 enim
3040 3785 3269 3853 Christi,
3324 3794 3431 3845 etc.
3487 3788 3643 3859 Quia,

2022 3868 2269 3923 Christus
2307 3868 2572 3924 charitate
2608 3885 2707 3941 pro
2753 3870 2914 3927 nobis
2968 3881 3216 3929 mortuus
3260 3882 3362 3943 est,
3420 3885 3641 3951 constat,

2021 3972 2210 4012 omnes
2238 3965 2483 4014 mortuos
2510 3958 2680 4015 fuisse
2710 3959 2766 4014 in
2796 3960 3006 4029 Adam;
3026 3978 3127 4034 pro
3152 3963 3350 4035 quibus
3379 3974 3632 4024 mortuus

2021 4052 2103 4099 est
2133 4045 2401 4112 Christus,
2436 4053 2494 4100 ut
2523 4062 2620 4102 eos
2650 4062 2682 4102 a
2710 4055 2887 4103 morte
2945 4049 3224 4108 liberaret.
3267 4051 3402 4122 Quae
3449 4044 3642 4128 gratia

2020 4148 2089 4187 ne
2117 4133 2321 4188 inutilis
2352 4134 2424 4188 sit
2450 4135 2780 4203 hominibus,
2832 4138 3084 4209 apostoli,
3135 4148 3193 4194 ut
3239 4157 3335 4197 eos
3373 4141 3626 4214 illiciant,

2020 4222 2334 4278 necessario
2357 4240 2416 4278 se
2444 4223 2703 4292 laudant;
2736 4241 2838 4298 per
2857 4226 3093 4300 gloriam
3128 4229 3273 4284 enim
3294 4237 3349 4287 et
3367 4231 3628 4289 meritum

2022 4312 2397 4381 apostolorum
2425 4315 2745 4387 agnoscitur
2770 4316 2951 4386 gratia
2977 4324 3029 4372 et
3050 4316 3376 4375 beneﬁcium
3397 4320 3620 4378 Christi.

315 4400 745 4491 immortalitatis
775 4400 898 4506 quae
938 4400 1189 4489 destruat
1233 4432 1637 4498 mortalitatem,
1699 4446 1811 4488 non
1857 4438 1917 4487 ut

2031 4400 2085 4457 Si
2113 4417 2264 4457 unus
2287 4418 2390 4473 pro
2449 4404 2725 4460 omnibus.
2761 4404 2820 4459 Id
2842 4411 2943 4472 est,
2978 4404 3025 4459 si
3075 4405 3318 4462 Christus
3352 4423 3456 4480 pro
3499 4424 3626 4466 om-

320 4524 693 4596 superveniat.

385 4640 561 4696 Vnns.
587 4641 637 4694 4.
659 4668 731 4681 -
752 4639 859 4706 Qui
876 4653 1073 4695 sumus
1092 4637 1158 4692 in
1180 4635 1560 4693 tabernaculo.
1584 4633 1690 4704 Qui
1710 4634 1922 4690 habita-

316 4729 518 4786 tionem
545 4729 703 4798 hujus
730 4726 975 4798 corporis
1003 4725 1301 4798 diligimus,
1336 4725 1405 4779 de
1435 4740 1542 4795 quo
1563 4739 1673 4778 non
1702 4731 1787 4778 est
1817 4739 1918 4779 cu-

316 4819 562 4883 randum,
596 4832 719 4873 cum
744 4831 854 4871 non
904 4815 972 4870 sit
1004 4812 1414 4870 tabernaculum
1446 4812 1549 4866 nisi
1578 4812 1647 4867 ad
1680 4819 1916 4882 tempus,

314 4906 736 4979 ingemiscimus
765 4902 1037 4959 desiderio
1071 4901 1329 4957 caelestis.
1371 4900 1486 4955 Nos
1516 4900 1638 4955 dico
1678 4900 1916 4973 gravati,

317 4994 471 5066 quasi
499 4994 643 5048 dicat
674 5010 688 5047 :
720 4993 843 5047 Non
876 4991 1094 5058 mirum,
1146 4988 1194 5044 si
1238 4988 1648 5060 ingemiscimus
1681 5004 1693 5043 :
1730 4988 1859 5060 quia
1887 5003 1922 5043 a

320 5081 655 5138 beatitudine
683 5097 870 5135 sumus
895 5078 1111 5135 remoti.
1144 5078 1284 5133 Nam
1312 5077 1478 5132 etiam
1506 5077 1573 5133 de
1590 5077 1693 5133 hoc
1720 5076 1921 5132 minori

316 5170 611 5245 gemimus,
654 5169 783 5241 quia
814 5169 921 5225 hoc
968 5182 1200 5238 corpore
1247 5166 1515 5222 exuimur.
1565 5167 1659 5221 Eo.
1709 5164 1772 5220 Id
1813 5171 1917 5235 est,

313 5259 441 5316 ideo
485 5258 779 5332 gemimus.
832 5256 984 5325 Quod
1021 5257 1292 5313 nolumus
1332 5253 1662 5327 exspoliari,
1718 5252 1764 5307 si
1813 5252 1920 5309 hoc

313 5357 498 5421 posset
527 5346 668 5405 ﬁeri.
710 5346 823 5414 Vel,
874 5344 1301 5418 ingemiscimus,
1353 5340 1626 5397 desiderio
1656 5340 1916 5397 cmlestis.

317 5440 461 5495 Deus
490 5442 688 5495 autem
724 5436 823 5492 hoc
870 5434 1086 5506 effecit.
1130 5432 1246 5497 Vel,
1291 5431 1542 5487 nolumus
1580 5428 1868 5500 exspoliari
1902 5443 1917 5485 :

317 5530 460 5585 Deus
490 5532 687 5583 tamen
715 5524 913 5596 effecit
946 5530 1006 5577 ut
1033 5520 1491 5576 immortalitatem
1519 5518 1915 5575 desideremus.

324 5618 387 5675 Ut
413 5615 802 5682 absorbeatur,
833 5619 940 5670 etc.
970 5612 1054 5667 Ita
1081 5617 1142 5667 ut
1177 5624 1449 5682 nusquam
1485 5607 1555 5664 sit
1596 5606 1918 5665 mortalitas.

2017 4489 2178 4543 nibus
2232 4498 2493 4561 quantum
2537 4491 2608 4546 ad
2657 4508 2737 4558 se,
2785 4492 2886 4548 etsi
2931 4507 3055 4551 non.
3089 4494 3343 4551 omnibus
3394 4496 3616 4569 profuit,

2019 4592 2154 4649 ergo
2200 4585 2254 4633 et
2297 4595 2490 4636 omnes
2539 4580 2789 4636 homines
2837 4580 3036 4637 debent
3086 4582 3229 4639 mori
3270 4600 3371 4657 pro
3411 4586 3624 4644 honore

2019 4665 2185 4722 illius.

2091 4781 2261 4837 Vens.
2293 4764 2383 4836 15.
2416 4812 2486 4822 -
2520 4783 2623 4851 Qui
2651 4784 2849 4839 vivunt
2874 4782 2932 4838 in
2969 4798 3221 4856 corpore,
3253 4804 3367 4845 non
3396 4790 3503 4846 sibi
3531 4789 3621 4847 vi-

2020 4873 2177 4934 vant,
2209 4869 2305 4925 sed
2333 4869 2595 4949 voluntati
2627 4871 2745 4926 Dei.
2778 4870 2940 4940 Quod
2969 4872 3189 4945 quidem
3219 4874 3458 4933 debent:
3495 4878 3622 4951 quia

2019 4957 2121 5012 etsi
2143 4957 2390 5012 Christus
2412 4974 2583 5029 usque
2612 4959 2682 5013 ad
2709 4967 2941 5016 mortem
2972 4961 3071 5017 fuit
3101 4961 3371 5033 inﬁrmus,
3404 4965 3624 5037 injuria-
3657 4993 3663 5000 -

2018 5052 2125 5111 tus,
2150 5046 2265 5115 jam
2301 5053 2486 5101 tamen
2522 5053 2647 5117 post
2693 5049 3157 5107 resurrectionem
3210 5067 3322 5108 non
3359 5062 3461 5111 est.
3522 5054 3624 5112 sed

2020 5141 2244 5206 apparet
2288 5133 2435 5205 quod
2478 5149 2601 5190 esse
2658 5134 2962 5193 videbatur.
2998 5139 3187 5196 Unde:
3226 5140 3365 5199 Cum
3405 5145 3624 5203 exalta-

2019 5224 2213 5278 veritis
2244 5224 2456 5280 Filium
2486 5224 2751 5291 hominis,
2795 5230 2932 5284 tunc
2960 5231 3305 5300 cognoscetis
3347 5233 3480 5306 quia
3527 5248 3623 5305 ego

2018 5327 2147 5367 sum
2181 5310 2367 5382 (Ioan.
2394 5312 2539 5382 vm).
2576 5312 2767 5369 Vicem
2796 5329 2931 5388 ergo
2953 5315 3004 5371 ei
3032 5317 3268 5375 reddant
3296 5321 3454 5392 quasi
3470 5321 3618 5388 'Deo,

2018 5414 2131 5455 non
2157 5399 2363 5455 homini
2393 5400 2572 5456 solum
2600 5417 2703 5472 pro
2733 5401 2815 5458 eis
2844 5419 3033 5474 passo.

2091 5516 2446 5572 Vens.16.—
2473 5517 2768 5574 Neminem
2788 5520 3066 5577 novimus.
3092 5520 3153 5575 Id
3182 5527 3283 5588 est,
3315 5519 3623 5579 laudamus.

2019 5604 2343 5662 Secundum
2372 5621 2627 5664 carnem.
2659 5605 2720 5662 Id
2748 5614 2851 5674 est,
2874 5623 2974 5665 sua
2994 5613 3349 5681 quarentem,
3374 5623 3486 5665 non
3504 5625 3628 5682 qua
