3964 6180
361 214 464 305 $59

773 245 1179 304 WALAFRIDI
1231 244 1475 303 STRABI
1505 242 1707 303 FULD.
1741 242 1915 302 MON.
1950 243 2104 302 OPP.
2137 242 2316 302 PARS
2346 246 2389 301 Ι.
2422 275 2491 287 -
2519 242 2990 301 THEOLOGICA.

3547 248 3643 302 560

262 366 269 375 ’
354 371 585 439 Christi;
613 356 953 442 temporalia,
987 387 1095 427 non
1124 379 1342 427 aeterna.
1392 372 1506 427 Nec
1538 372 1644 426 hoc
1672 371 1833 426 debet
1861 369 2024 432 fa-A
2055 371 2533 427 tribulationibus.
2566 372 2629 424 In
2665 377 2737 425 tot
2777 369 2943 438 duris,
2994 369 3114 425 leve
3154 376 3238 424 est
3273 384 3412 425 onus
3450 369 3645 425 Christi

349 476 475 518 cere
506 460 720 532 aliquis,
768 461 892 532 quia
941 461 1041 516 etsi
1089 460 1335 515 Christus
1380 459 1478 513 fuit
1515 459 1762 514 mortalis
1807 459 1945 514 sicut

352 565 477 623 ego,
524 566 624 621 per
663 550 806 621 quod
842 566 964 605 eum
1003 548 1189 620 putavi
1232 547 1507 602 hominem
1554 564 1677 603 esse
1719 555 1939 613 tantum,

352 638 484 694 dum
513 655 662 693 eram
692 638 923 692 inlidelis
958 656 971 691 :
1014 646 1190 691 tamen
1228 637 1339 706 jam
1382 644 1465 691 est
1503 636 1841 702 immortalis,
1891 644 1944 691 et

349 727 422 782 ita
454 727 635 783 securi
664 742 850 781 sumus
880 726 948 780 de
969 726 1211 795 praemio.
1248 726 1304 779 Si
1336 726 1456 797 quis
1486 741 1620 799 ergo
1648 726 1705 779 in
1725 725 1943 780 Christo

349 824 432 871 est
462 824 680 871 renatus
708 830 899 880 novus,
934 813 1011 867 illi
1034 813 1149 881 jam
1179 830 1276 884 spe
1296 813 1511 868 transiit
1540 813 1858 879 mortalitas,
1891 820 1944 867 et

346 904 615 969 transibit,
649 910 701 957 et
730 902 940 957 dabitur
978 918 1116 957 nova
1158 902 1547 957 immortalitas.
1590 902 1710 968 Vel,
1744 902 1789 956 si
1819 901 1943 973 quis

346 1007 542 1059 novus,
576 998 728 1047 vetus
757 990 844 1045 lex
874 990 1087 1045 transiit
1115 990 1214 1058 illi,
1248 999 1300 1045 et
1330 1007 1526 1047 novam
1555 991 1738 1046 habet.
1762 991 1945 1046 Nemi-

342 1097 476 1138 nem
503 1096 620 1137 non
671 1080 983 1136 secundum
1041 1097 1291 1136 carnem.
1349 1080 1525 1135 Vitam
1584 1078 1815 1136 futuram
1871 1078 1943 1133 ita

342 1177 494 1226 certa
516 1184 613 1240 spe
641 1176 806 1234 tenet,
840 1168 994 1240 quasi
1012 1168 1125 1237 jam
1158 1169 1225 1222 sit
1252 1186 1499 1239 praesens
1523 1186 1536 1223 :
1560 1184 1681 1240 quas
1702 1168 1759 1222 in
1779 1167 1941 1222 Chri-

343 1266 427 1314 sto
456 1265 709 1330 surgente
738 1257 957 1328 impleta
988 1265 1089 1323 est,
1123 1274 1245 1329 quae
1273 1273 1380 1313 non
1402 1266 1484 1312 est
1505 1257 1806 1313 secundum
1828 1272 1945 1311 car-

337 1361 637 1403 nemznon
678 1345 808 1417 quin
854 1346 909 1399 in
956 1347 1147 1401 eadem
1195 1346 1375 1402 carnis
1422 1346 1720 1400 substantia
1760 1361 1945 1400 resur-

340 1435 542 1492 recturi
572 1434 759 1502 simus,
795 1435 893 1489 sed
924 1436 1071 1506 quod
1098 1451 1206 1490 non
1237 1429 1291 1489 in
1321 1435 1512 1490 eadem
1538 1434 1791 1506 qualitate
1820 1450 1943 1490 cor-

345 1523 631 1595 ruptionis,
665 1539 783 1595 quae
812 1524 1030 1579 nomine
1060 1524 1240 1579 carnis
1274 1524 1543 1595 signatur.
1574 1527 1645 1579 Et
1673 1525 1723 1579 si
1751 1540 1947 1595 cogno—

347 1615 532 1670 vimus
559 1613 873 1669 secundum
908 1630 1159 1669 carnem.
1205 1612 1345 1681 Quia
1376 1613 1625 1685 quamvis
1657 1613 1785 1667 dum
1816 1610 1942 1666 infi-

340 1702 479 1759 delis
528 1700 788 1757 intellexit
843 1701 1116 1757 Christum
1162 1702 1219 1756 in
1266 1702 1390 1775 lege
1432 1701 1765 1797 promissum
1814 1717 2011 1801 esseB

338 1791 635 1847 secundum
667 1806 907 1857 carnem,
948 1798 1007 1845 ut
1034 1789 1232 1863 legalis
1278 1786 1598 1846 obser'varet
1641 1798 1694 1846 et
1731 1789 1940 1846 servari

337 1879 689 1951 praeciperet:
724 1880 822 1934 sed
868 1886 1049 1934 tamen
1097 1894 1205 1935 non
1229 1879 1339 1947 jam
1376 1887 1496 1950 post
1526 1878 1939 1935 conversionem

336 1984 480 2023 nunc
510 1967 584 2022 ita
615 1984 738 2022 esse
768 1967 960 2033 credit,
995 1968 1093 2022 sed
1122 1968 1315 2023 umbra
1342 1967 1558 2038 penitus
1578 1975 1775 2023 cessat.

407 2081 576 2137 Vens.
613 2082 699 2137 1⁸7.
722 2111 792 2121 -
827 2082 1039 2137 Vetera.
1073 2079 1307 2136 Omnino
1342 2082 1508 2136 Vetus
1536 2082 1938 2137 Testamentum

333 2177 387 2225 et
415 2168 595 2225 omnia
625 2169 693 2223 ad
740 2177 983 2224 veterem
1042 2169 1319 2224 hominem
1349 2169 1693 2240 pertinentia,
1733 2177 1793 2223 ut
1835 2169 1932 2225 sic.

333 2259 502 2315 Nova.
537 2257 816 2314 Venerunt
844 2258 1059 2313 Novum
1080 2259 1506 2326 Testamentum,
1529 2266 1583 2314 et
1610 2257 1790 2314 omnia
1810 2257 1938 2313 novi

333 2345 590 2402 hominis.
631 2348 841 2403 Vetera.
874 2347 939 2402 Ut
978 2362 1137 2402 error
1177 2346 1521 2414 idololatria},
1567 2346 1654 2402 cui
1696 2345 1937 2418 cognitio

332 2434 491 2490 unius
519 2434 637 2491 veri
663 2434 764 2489 Dei
796 2435 1079 2491 successit.

398 2551 569 2606 Vens.
606 2554 692 2606 l9.
727 2552 957 2607 —Deus
988 2554 1135 2607 erat.
1164 2551 1268 2606 Per
1295 2551 1401 2607 hoc
1428 2549 1750 2622 intelligitur
1779 2550 1938 2605 Pater

331 2654 454 2697 esse
484 2638 540 2693 in
567 2638 724 2705 Filio,
758 2647 811 2695 et
844 2639 1011 2693 Filius
1045 2638 1101 2693 in
1129 2640 1306 2706 Patre,
1341 2639 1465 2711 quia
1496 2656 1602 2693 una
1630 2646 1712 2693 est
1743 2654 1935 2693 eorum

329 2728 645 2784 substantia.
698 2726 777 2782 Ibi
812 2735 897 2783 est
941 2727 1136 2795 unitas,
1186 2728 1273 2785 ubi
1323 2729 1467 2783 nulla
1512 2727 1838 2784 diversitas:
1881 2735 1935 2783 et
1976 2782 1983 2786 _

324 2815 450 2873 ideo
479 2817 615 2872 alter
634 2816 690 2870 in
719 2816 892 2872 altero
922 2823 1024 2884 est,
1059 2816 1185 2889 quia
1221 2823 1273 2872 et
1317 2816 1499 2890 imago
1544 2824 1600 2873 et
1641 2814 1934 2871 similitudo

330 2921 519 2961 eorum
547 2921 653 2960 una
683 2910 786 2961 est.

400 2992 572 3050 Vens.
604 2996 693 3051 20.
719 3023 789 3034 —
817 2992 1306 3050 Reconciliamini.
1334 2992 1775 3049 Reconciliamur
1803 3008 1933 3048 con-

2043 467 2095 514 et
2125 460 2361 531 requies,
2393 460 2534 513 intus
2565 458 2765 530 Spiritu
2788 466 2975 514 sancto
3005 456 3331 525 viviﬁcante,
3357 467 3410 513 et
3436 475 3535 529 spe
3564 458 3640 513 fu-

2042 549 2144 603 turi
2169 549 2348 603 omnia
2378 549 2681 621 mitigante,
2715 548 2898 603 omnia
2928 548 3073 603 enim
3104 563 3249 603 szeva
3279 556 3333 602 et
3362 548 3636 613 immania,

2041 636 2219 693 facilia
2246 646 2297 692 et
2321 654 2489 708 prope
2507 638 2655 692 nulla
2686 637 2814 693 facit
2838 638 3089 693 amor.Et
3119 636 3418 693 secundum
3441 638 3544 692 hoc
3565 636 3640 690 in-

2042 726 2226 799 tellige
2255 727 2398 798 quod
2424 726 2654 782 dicitur:
2698 728 2886 783 l’enite
2914 726 2985 781 ad
3015 742 3124 793 me,
3156 742 3351 782 omnes
3377 726 3473 799 qui
3505 726 3645 781 labo-

2040 818 2184 870 ratis
2206 818 2263 870 et
2280 817 2504 871 onerati
2524 818 2677 881 estis,
2703 818 2759 870 et
2780 831 2873 886 ego
2896 815 3149 883 reﬁciam
3176 831 3268 870 vos
3290 814 3511 885 (Matth.
3534 813 3638 884 xi).

2042 904 2109 958 Et
2138 904 2333 959 iterum
2360 919 2373 958 :
2404 905 2600 959 Tollite
2608 906 2813 976 jugum
2844 921 3034 959 meum
3052 920 3221 975 super
3237 920 3349 969 vos,
3392 907 3449 959 et
3482 905 3641 958 inve-

2040 994 2215 1048 nietis
2235 994 2484 1066 requiem
2504 994 2801 1049 animabus
2823 995 3045 1048 vestris.
3066 994 3272 1065 Iugum
3283 993 3437 1048 enim
3452 1007 3643 1047 meum
3680 1001 3686 1005 ‘

2041 1098 2209 1138 suave
2236 1085 2322 1137 est
2351 1081 2507 1154 (Ibid.
2514 1094 2556 1153 ),
2577 1088 2681 1136 etc.

2113 1171 2283 1225 Vens.
2309 1172 2360 1224 6.
2394 1201 2464 1210 —
2492 1171 2558 1225 In
2593 1172 2862 1226 castitate
2910 1169 3114 1236 habita,
3162 1171 3226 1226 in
3272 1171 3536 1235 scientia,
3583 1178 3645 1225 ut

2042 1266 2190 1313 caste
2219 1275 2410 1314 omnes
2438 1275 2604 1330 agere
2637 1259 2829 1325 sciant,
2863 1258 2995 1313 nihil
3023 1259 3340 1315 adulterina:
3369 1258 3641 1330 opinionis

2041 1348 2396 1402 admisceant.
2428 1349 2492 1403 In
2514 1350 2816 1412 suavitate,
2847 1348 3046 1416 habita,
3080 1349 3145 1402 in
3166 1349 3385 1420 Spiritu
3404 1353 3600 1404 sancto
3614 1368 3634 1403 :

2043 1444 2100 1491 ut
2131 1437 2358 1505 scilicet,
2390 1437 2690 1492 secundum
2720 1437 2896 1492 Deum
2924 1452 3121 1491 suaves
3149 1445 3203 1491 et
3232 1435 3497 1503 aﬁ‘abiles,
3529 1453 3639 1493 non

2042 1534 2099 1580 ut
2127 1526 2202 1580 illi
2233 1526 2321 1596 qui
2351 1542 2447 1596 per
2477 1525 2665 1581 dulces
2696 1541 2976 1580 sermones
3004 1526 3267 1581 seducunt
3294 1525 3456 1581 corda
3479 1524 3635 1580 inno-

2042 1614 2298 1670 centium.
2324 1615 2388 1669 In
2407 1614 2690 1670 charitate
2736 1631 2852 1670 non
2879 1614 3035 1683 ﬁcta.
3069 1614 3216 1669 Ficta
3253 1622 3354 1680 est,
3387 1631 3509 1686 qua;
3537 1614 3638 1669 de-

2043 1703 2171 1759 serit
2198 1703 2251 1757 in
2274 1702 2619 1758 adversitate.

2109 1793 2283 1848 Vens.
2315 1794 2368 1847 Ἰ.
2385 1822 2469 1870 ι-
2497 1794 2564 1848 In
2593 1793 2803 1848 virtute
2831 1793 2951 1848 Dei.
2982 1793 3105 1848 Non
3133 1808 3413 1864 speremus
3444 1791 3499 1846 in
3527 1791 3633 1847 bo»

2038 1880 2185 1936 mine
2214 1881 2300 1936 vel
2330 1880 2385 1935 in
2413 1880 2603 1947 bonis;
2638 1880 2684 1935 si
2704 1880 2835 1953 quid
2855 1880 2983 1936 boni
3005 1889 3106 1951 est,
3129 1882 3245 1937 Deo
3263 1881 3634 1936 attribuamus.
3656 1944 3675 1967 .

2021 1970 2137 2025 -Vel
2166 1970 2271 2026 hoc
2300 1969 2450 2035 dicit,
2484 1970 2611 2041 quia
2640 1969 2730 2040 qui
2758 1970 3021 2040 praedicta
3048 1971 3230 2037 habet,
3257 1970 3521 2027 miracula
3548 1969 3635 2026 fa-

2038 2058 2110 2114 cit
2136 2059 2204 2114 ad
2232 2057 2647 2115 conversionem
2674 2057 2991 2117 infidelium.

2104 2177 2271 2231 Vens.
2307 2178 2546 2231 8.—Per
2563 2178 2805 2247 gloriam
2828 2180 2885 2231 et
2924 2176 3352 2249 ignobilitatem.
3372 2176 3639 2231 Exhibea-

2035 2282 2154 2320 mus
2186 2280 2287 2320 nos
2317 2272 2374 2319 ut
2401 2264 2631 2319 ministri
2651 2265 2769 2319 Dei.
2803 2267 2910 2321 Per
2937 2266 3196 2337 gloriam.
3224 2265 3282 2320 Si
3298 2265 3525 2337 gloriosi
3552 2282 3639 2320 su-

2036 2371 2157 2409 mus
2184 2355 2330 2425 apud
2358 2354 2627 2421 homines,
2659 2355 2745 2410 vel
2772 2354 3043 2425 ignobiles
3070 2362 3125 2410 et
3169 2355 3483 2426 contempti,
3531 2370 3632 2410 nec

2036 2443 2164 2499 inde
2192 2442 2463 2513 inﬂemur,
2494 2459 2597 2499 nec
2626 2443 2753 2498 inde
2777 2444 3193 2499 succumbamus
3218 2444 3305 2499 vel
3325 2444 3629 2499 doleamus.

2034 2532 2246 2588 Eodem
2273 2532 2435 2588 modo
2467 2531 2513 2587 si
2542 2531 2866 2587 infamamur
2894 2533 2962 2587 de
2993 2532 3174 2604 aliquo
3195 2532 3401 2588 scelere
3421 2533 3510 2587 vel
3527 2533 3633 2587 bo-

2034 2639 2161 2678 nam
2194 2622 2392 2678 famam
2422 2622 2716 2677 habeamus
2750 2622 2818 2678 de
2845 2622 3026 2694 aliquo
3064 2639 3252 2693 opere.
3304 2624 3435 2677 ltem
3483 2622 3633 2678 exhi-

2036 2707 2264 2763 beamus
2285 2723 2385 2763 nos
2414 2708 2531 2763 Deo
2551 2707 2721 2762 habiti
2740 2712 2809 2762 ut
2826 2707 3144 2764 seductores
3166 2706 3309 2778 apud
3342 2707 3627 2779 quosdam,

2036 2796 2183 2868 quod
2209 2795 2403 2851 falsum
2423 2804 2524 2851 est.
2557 2797 2628 2851 Et
2653 2812 2762 2851 non
2789 2795 2919 2852 dicit
2948 2795 3281 2867 simpliciter,
3318 2796 3500 2852 habiti
3549 2811 3633 2851 se-

2034 2884 2313 2951 ductores,
2348 2885 2447 2940 sed
2474 2885 2622 2940 addit
2656 2903 2669 2940 :
2701 2889 2785 2953 ut,
2819 2893 2873 2940 et
2891 2884 3017 2940 inde
3034 2893 3118 2941 est
3134 2884 3379 2939 infamia.
3401 2885 3470 2939 Et
3488 2883 3632 2957 apud

2034 2973 2172 3029 alios
2203 2974 2368 3029 habiti
2388 2982 2447 3030 ut
2473 2990 2714 3031 veraces.
2750 2973 2920 3042 Quasi
2948 2973 3119 3030 dicat:
3150 2974 3254 3030 hoc
3291 2990 3484 3029 verum
3528 2981 3628 3042 est,

321 3077 523 3139 ﬁtendo
550 3087 796 3155 peccata,
829 3088 883 3137 et
900 3081 1214 3153 paenitendo
1244 3081 1295 3137 ei
1331 3081 1424 3154 qui
1456 3097 1560 3138 nos
1599 3081 1703 3136 sibi
1734 3096 1928 3138 recon—
1949 3097 2000 3163 α
2035 3071 2289 3163 διίξὶπιεξιξ
2323 3078 2426 3120 nec
2473 3063 2614 3163 1³09³
2659 3063 3016 3163 ωξιίιξιξξίοηθ
3066 3062 3481 3163 ἐυρ-θτδίθωξλθν
3532 3078 3630 3163 “fc

336 3170 505 3228 ciliat.

393 3259 565 3315 Vens.
600 3259 690 3314 51.
722 3288 793 3299 --
821 3260 931 3314 Pro
958 3257 1114 3314 nobis
1140 3262 1440 3330 peccatum
1468 3258 1626 3330 fecit.
1667 3260 1810 3315 Usus
1845 3267 1928 3315 est

322 3346 538 3405 Veteris
566 3346 898 3402 Testamenti
924 3354 1152 3418 peccata
1180 3345 1290 3402 dici
1319 3345 1584 3403 sacriﬁcia
1606 3363 1705 3419 pro
1731 3363 1927 3419 pecca-

318 3435 408 3504 tis,
441 3436 549 3503 vel,
581 3443 867 3506 peccatum
899 3434 1098 3491 dicitur
1127 3435 1419 3491 similitudo
1464 3436 1642 3492 carnis
1690 3436 1921 3508 peccati.

320 3524 478 3581 Unde
506 3523 737 3580 dicitur:
759 3526 837 3580 De
863 3528 1093 3598 peccato
1127 3523 1331 3580 delevit
1360 3526 1447 3581 vel
1476 3526 1771 3583 damnavit
1794 3543 1924 3599 pec-

327 3613 542 3680 catum,
575 3612 631 3668 id
652 3621 734 3668 est
753 3614 822 3668 de
842 3611 1191 3668 similitudine
1213 3613 1391 3669 carnis
1411 3614 1647 3684 peccati:
1672 3615 1803 3688 quia
1823 3615 1927 3671 mi-

329 3702 409 3757 sit
427 3703 576 3758 Deus
597 3703 810 3757 Filium
831 3718 999 3757 suum
1020 3703 1081 3757 in
1102 3702 1546 3757 similitudinem
1573 3704 1766 3758 carnis
1796 3720 1925 3776 pec-

314 3791 452 3847 cati.
494 3791 571 3845 Ita
609 3790 773 3847 etiam
805 3788 1157 3846 maledictum
1178 3806 1279 3861 pro
1299 3797 1473 3846 morte
1496 3790 1779 3862 accipitur,
1804 3807 1922 3863 quae

314 3876 385 3934 de
403 3878 690 3935 maledicto
709 3878 812 3934 Dei
832 3879 999 3948 venit,
1024 3887 1082 3933 ut
1101 3895 1230 3935 vere
1252 3879 1457 3935 dictum
1485 3879 1540 3933 in
1571 3879 1695 3951 lege
1722 3879 1923 3934 intelli-

313 3968 851 4039 gaturzllaledictus
874 3968 1058 4023 omnis
1080 3968 1177 4039 qui
1206 3968 1412 4039 pendet
1445 3969 1509 4022 in
1542 3969 1692 4039 ligno
1727 3969 1916 4038 (Deut.

310 4055 459 4126 ιιι).
485 4053 631 4122 Quid
651 4062 733 4109 est
752 4054 897 4126 quod
919 4054 1010 4121 ait,
1036 4055 1395 4110 maledictus?
1415 4055 1470 4109 id
1502 4063 1604 4122 est,
1648 4060 1803 4111 terra
1838 4072 1915 4122 es,

316 4143 382 4198 in
403 4146 622 4198 terram
642 4143 747 4198 ibis
769 4143 927 4211 (Gen.
948 4142 1051 4213 ιιι).
1076 4141 1220 4211 Quid
1247 4151 1329 4197 est
1363 4143 1507 4215 quod
1528 4142 1677 4209 dicit,
1701 4143 1920 4199 omnis?

316 4230 440 4302 quia
467 4229 732 4303 Christus,
758 4230 850 4302 qui
879 4230 1139 4301 pependit
1160 4230 1215 4285 in
1236 4229 1409 4303 ligno,
1448 4247 1570 4287 cum
1603 4240 1749 4289 esset
1790 4248 1920 4289 vera

312 4318 441 4388 vita,
463 4326 711 4377 mortuus
730 4326 814 4375 est
842 4333 976 4377 vera
1004 4326 1180 4375 morte
1207 4335 1318 4375 non
1350 4318 1490 4375 ﬁcta.

937 4487 1164 4545 CAPUT
1202 4490 1292 4544 VI.

392 4625 564 4686 Vens.
602 4629 652 4685 1.
683 4659 752 4671 -
782 4628 859 4686 Ne
878 4629 942 4686 in
972 4645 1234 4687 vacuum.
1260 4627 1447 4685 Gratia
1476 4629 1578 4687 Dei
1612 4638 1696 4687 est
1724 4630 1919 4687 remis-

320 4718 404 4775 sio
424 4725 788 4789 peccatorum,
822 4734 984 4790 quam
1013 4718 1070 4773 in
1099 4735 1299 4775 vanum
1327 4719 1536 4791 recipit,
1570 4720 1784 4793 quinon
1807 4719 1919 4775 vult

321 4821 383 4862 se
421 4820 680 4861 exercere
727 4805 783 4860 in
826 4806 1085 4876 Operibus
1116 4807 1294 4874 bonis,
1327 4808 1413 4864 vel
1443 4807 1537 4880 qui
1564 4808 1621 4863 in
1648 4807 1919 4882 legalibus

324 4890 564 4950 conﬁdit.

397 5005 569 5061 Vens.
599 5009 654 5065 2.
685 5036 756 5049 -
793 5007 954 5064 Nunc
989 5010 1230 5080 tempus.
1272 5007 1430 5077 Quod
1459 5026 1568 5066 non
1596 5010 1652 5066 in
1679 5010 1805 5085 lege
1835 5029 1924 5070 ve-

324 5092 449 5161 teri,
483 5094 571 5149 vel
599 5110 760 5161 nunc,
794 5110 905 5150 non
934 5110 1075 5163 cras,
1106 5111 1217 5151 non
1243 5105 1367 5168 post
1389 5114 1623 5156 annum:
1657 5097 1785 5173 quia
1811 5108 1923 5158 sta-

328 5180 425 5237 tim
454 5180 511 5236 in
540 5181 689 5238 obitu
716 5180 927 5238 fidelis:
961 5183 1109 5238 salus
1139 5184 1317 5239 datur.

400 5270 574 5325 Vens.
607 5274 659 5325 3.
691 5301 761 5312 —
794 5273 857 5329 Ut
886 5288 1003 5327 non
1032 5274 1406 5344 vituperetur.
1442 5273 1601 5343 Quod
1620 5277 1804 5350 utique
1834 5277 1925 5334 fie-

327 5365 428 5425 ret,
454 5358 520 5425 si,
540 5358 687 5430 quod
716 5359 885 5415 verbo
915 5359 1255 5428 doceremus,
1304 5363 1484 5434 operis
1516 5366 1767 5438 exemplo
1812 5381 1924 5423 non

331 5446 734 5503 exhiberemus.

398 5535 570 5591 Vens.
604 5536 658 5591 4.
690 5566 761 5577 -
788 5535 948 5593 Sicut
975 5537 1077 5593 Dei
1105 5538 1419 5596 ministros.
1466 5540 1534 5597 Hi
1557 5557 1668 5598 non
1696 5543 1925 5600 adulan-

318 5627 429 5691 tur,
452 5630 511 5680 ut
537 5625 747 5696 pseudo
758 5625 1039 5684 studentes
1053 5625 1224 5684 lucro.
1245 5628 1313 5685 In
1326 5629 1514 5687 multa
1538 5632 1845 5702 patientia,
1860 5633 1925 5690 in

2027 3151 2175 3208 mala
2201 3152 2502 3209 doleamus.
2541 3154 2678 3209 Item
2722 3152 2896 3209 habiti
2941 3152 3084 3225 apud
3131 3152 3289 3221 alios,
3337 3156 3406 3209 ut
3450 3154 3629 3209 casti-

2025 3244 2166 3315 gati,
2199 3250 2307 3299 etc.

2097 3357 2271 3412 Vens.
2305 3359 2391 3411 lo.
2425 3384 2495 3397 --
2526 3356 2699 3424 Quasi
2728 3357 2942 3413 tristes.
2973 3355 3183 3413 Inimici
3210 3356 3477 3428 putabant
3506 3372 3632 3429 apo-

2027 3444 2197 3500 stolos
2225 3460 2335 3500 non
2365 3445 2600 3501 evadere
2628 3445 2806 3500 minas
2837 3445 3164 3517 iniquorum.
3216 3445 3326 3516 Ipsi
3368 3461 3475 3517 ope
3522 3445 3620 3501 Dei

2025 3533 2121 3588 tuti
2151 3541 2275 3588 sunt
2304 3548 2337 3588 a
2364 3541 2539 3589 morte
2567 3534 2825 3604 praesenti
2852 3542 2904 3589 et
2954 3533 3150 3590 futura.
3201 3534 3407 3590 Omnia
3449 3536 3628 3607 possi-

2024 3621 2239 3677 dentes.
2270 3621 2427 3677 Tales
2459 3622 2711 3693 suntqui,
2744 3630 2991 3678 terrenas
3029 3623 3247 3678 divitias
3288 3623 3627 3692 abjicientes,

2021 3710 2273 3766 ccelestes
2300 3727 2401 3781 per
2422 3709 2585 3766 ﬁdem
2610 3711 2726 3780 jam
2755 3719 2958 3767 tenent.
2994 3710 3166 3781 Quasi
3200 3711 3332 3765 nihil
3361 3712 3630 3768 habentes

2022 3798 2202 3854 omnia
2230 3798 2531 3869 possident,
2566 3799 2678 3871 qui,
2713 3800 2947 3856 terrenis
2980 3800 3036 3854 in
3066 3817 3223 3855 usum
3252 3800 3339 3856 vel
3370 3815 3508 3872 opus
3536 3800 3635 3855 mi-

2023 3887 2331 3943 sericordiae
2361 3887 2607 3955 retentis,
2640 3888 2893 3944 caelestes
2940 3889 3157 3945 divitias
3197 3905 3257 3945 se
3303 3889 3629 3962 quandoque

2020 3975 2298 4032 habituros
2327 3985 2567 4048 sperant.
2603 3977 2794 4033 Gloria
2811 3977 3181 4049 apostolorum
3208 3977 3325 4045 fuit,
3344 3978 3479 4033 nihil
3509 3994 3620 4034 om-

2020 4063 2150 4119 nino
2178 4065 2483 4135 possidere,
2527 4066 2644 4122 sine
2685 4066 3044 4123 sollicitudine
3093 4083 3251 4123 esse:
3281 4074 3334 4123 et
3378 4074 3486 4122 tam
3532 4084 3625 4122 res

2021 4168 2182 4223 quam
2210 4153 2460 4209 dominos
2476 4170 2663 4210 earum
2689 4156 2994 4227 possidere,
3028 4156 3153 4228 quia
3182 4156 3366 4213 omnia
3405 4155 3475 4212 ad
3520 4172 3623 4228 pe-

2019 4239 2118 4296 des
2148 4257 2335 4296 eorum
2360 4243 2732 4313 ponebantur.

2091 4357 2261 4412 Vens.
2298 4360 2385 4412 11.
2415 4387 2486 4398 -
2508 4358 2577 4414 0s
2608 4363 2889 4415 nostrum.
2924 4360 3092 4429 Quasi
3111 4360 3287 4417 dicat:
3320 4358 3483 4415 Multa
3513 4360 3623 4416 dixi

1934 4453 1988 4516 1)
2018 4443 2088 4499 de
2118 4445 2296 4512 vobis,
2335 4446 2436 4501 sed
2466 4446 2584 4502 haec
2616 4447 2797 4502 omnia
2838 4447 3016 4518 ample
3059 4455 3113 4503 et
3141 4446 3337 4504 diﬂ’use
3363 4449 3527 4517 dicta,
3558 4449 3624 4504 ad

2017 4548 2116 4589 vos
2146 4534 2504 4608 corrigendos
2532 4543 2797 4606 spectant,
2814 4536 3140 4603 oCorinthii,
3156 4545 3206 4592 et
3222 4553 3330 4593 non
3357 4538 3425 4593 ad
3441 4553 3619 4594 meam

2019 4623 2368 4693 superbiam;
2424 4624 2604 4696 itaque
2659 4625 2810 4680 stulti
2861 4625 2992 4681 estis
3040 4625 3131 4698 qui
3185 4642 3274 4681 me
3320 4626 3616 4683 dimisistis.

2090 4708 2260 4766 Vens.
2296 4713 2382 4766 14.
2414 4742 2486 4753 --
2514 4714 2697 4771 Nolite
2725 4716 2948 4787 jugum,
2991 4721 3092 4770 etc.
3138 4715 3296 4771 Ratio
3342 4723 3444 4783 est,
3496 4717 3622 4789 quia

2018 4814 2117 4855 vos
2140 4799 2290 4869 justi,
2322 4799 2400 4855 illi
2430 4801 2602 4874 iniqui
2621 4818 2633 4857 :
2653 4810 2707 4859 et
2720 4803 2846 4860 ideo
2876 4802 2933 4858 in
2961 4804 3110 4861 nullo
3138 4805 3350 4862 debetis
3379 4805 3460 4861 eis
3477 4820 3623 4863 com-

2019 4901 2320 4944 mumcare.

2095 5003 2268 5059 Vens.
2303 5007 2391 5059 15.
2421 5034 2492 5046 -
2526 5006 2657 5075 Qua:
2693 5011 2887 5065 autem
2923 5012 3218 5067 conventio
3269 5010 3499 5068 Christi.
3551 5011 3617 5067 Ut

2023 5100 2271 5159 Christus
2300 5108 2353 5156 et
2383 5100 2552 5157 Belial
2596 5118 2707 5160 non
2752 5105 3097 5180 conveniunt,
3150 5106 3228 5163 sic
3276 5106 3614 5163 Christianus

2022 5196 2076 5245 et
2103 5189 2329 5262 quilibet
2357 5188 2611 5246 inﬁdelis.
2645 5193 2781 5248 Item
2817 5194 2950 5249 nihil
2996 5196 3162 5251 habet
3211 5196 3472 5269 templum
3519 5196 3619 5252 Dei

2022 5293 2149 5335 cum
2176 5277 2369 5346 idolis;
2404 5287 2457 5334 et
2472 5279 2601 5352 quia
2628 5297 2727 5337 vos
2758 5283 2888 5338 estis
2907 5284 3168 5356 templum
3196 5286 3315 5352 Dei,
3357 5286 3482 5342 ideo
3510 5301 3618 5341 non

2023 5375 2236 5432 debetis
2265 5377 2667 5435 communicare
2685 5393 2811 5436 cum
2836 5380 2922 5436 his
2952 5382 3045 5454 qui
3071 5391 3199 5439 sunt
3215 5383 3479 5456 templum
3498 5384 3615 5440 dia-

2022 5463 2154 5520 boli.

2094 5552 2264 5610 Vens.
2301 5556 2387 5609 16.
2420 5585 2490 5597 —-
2521 5556 2660 5613 Cum
2678 5557 2882 5615 idolis?
2907 5558 3058 5615 Idola
3075 5561 3325 5632 prohibet
3344 5561 3467 5628 coli,
3494 5560 3617 5634 quia

2024 5639 2096 5698 ab
2140 5657 2251 5699 uno
2294 5642 2411 5701 Deo
2451 5653 2725 5717 separant.
2773 5646 2871 5703 His
2907 5648 3159 5706 omnibus
3177 5649 3357 5708 modis
3384 5649 3619 5708 ostendit
