3964 6180
321 311 422 364 561

1128 296 1135 303 ’
1206 305 1479 364 GLOSSA
1515 305 1924 363 ORDINARIA.
1963 334 2034 349 -—
2068 307 2286 366 EPIST.
2328 309 2376 365 II
2404 310 2498 366 AD
2529 310 2690 367 COR.

2883 182 2902 226 I

3518 318 3624 375 562

323 430 774 487 communitatem
801 430 1011 503 pseudo
1032 446 1156 487 esse
1184 430 1483 487 vitandam.
1527 431 1803 498 Quoniam
1839 433 1931 487 in-
1948 431 2006 494 A
2036 435 2275 505 negotio,
2305 432 2363 489 id
2391 442 2474 489 est
2507 434 2667 507 gravi
2694 442 2922 506 peccato
2949 434 3095 492 illius
3124 437 3217 510 qui
3259 453 3488 496 uxorem
3525 453 3630 514 pa-

324 520 609 576 habitabo.
640 520 823 575 Potest
849 521 954 576 hoc
982 519 1306 592 intelligi'de
1333 519 1607 590 corporali
1635 515 1934 576 conversa-

323 607 476 664 tione
524 625 685 680 quam
724 609 967 664 Christus
1012 610 1155 663 inter
1208 608 1456 664 homines
1494 609 1623 682 egit.
1683 609 1750 663 Et
1806 608 1936 665 dicit

325 696 611 753 Christus:
661 699 924 754 Habitabo
986 699 1143 754 inter
1188 699 1318 754 illos
1361 704 1417 755 et
1461 700 1752 755 ambulabo
1799 699 1934 771 (Ba-

321 786 471 841 ruch
499 786 606 856 m),
636 785 692 840 id
721 793 821 853 est,
852 786 1215 857 corporaliter
1232 787 1374 843 inter
1394 788 1518 844 illos
1539 788 1929 844 conversabor.

322 874 491 947 Unde
512 873 678 930 alibi:
717 877 899 930 Terris
920 876 1072 931 visus
1099 879 1205 941 est,
1230 879 1436 932 etcum
1464 878 1782 933 hominibus
1802 894 1934 933 con-

321 967 591 1019 versatus
618 967 732 1031 est;
760 971 813 1020 et
846 964 1045 1020 Vebum
1071 980 1202 1021 caro
1231 967 1453 1036 factum
1483 970 1587 1032 est,
1618 970 1675 1022 et
1716 965 1933 1022 habita-

320 1054 405 1107 vit
454 1054 521 1107 in
568 1053 725 1107 nobis
772 1052 1037 1124 (Joan.1).
1072 1054 1139 1108 Et
1172 1052 1262 1109 hic
1292 1053 1537 1111 Christus
1572 1055 1720 1111 Deus
1750 1062 1934 1111 noster

319 1148 428 1208 est,
466 1147 521 1195 et
549 1140 793 1196 Ecclesia
822 1150 905 1196 est
930 1142 1166 1213 populus
1200 1143 1345 1212 ejus:
1378 1151 1431 1198 et
1470 1143 1594 1199 ideo
1640 1144 1932 1216 Apostolus

318 1228 438 1286 vult
468 1244 569 1285 eos
599 1229 846 1301 separari
875 1230 946 1285 ab
975 1230 1124 1286 omni
1153 1232 1634 1288 contaminatione.

956 1409 1182 1466 CAPUT
1210 1410 1325 1465 VII.

390 1571 572 1626 Vnns.
607 1574 657 1625 1.
688 1600 758 1612 -
786 1570 862 1627 Ab
890 1573 1048 1627 omni
1074 1573 1399 1645 iniquitate.
1434 1571 1653 1628 Scilicet
1678 1571 1877 1628 mentis
1912 1588 1926 1626 :

318 1659 477 1732 quod
498 1667 629 1716 tunc
658 1657 736 1728 fit,
760 1659 805 1714 si
825 1659 1073 1716 timorem
1105 1661 1205 1716 Dei
1234 1660 1532 1733 sequimur,
1557 1660 1679 1733 quia
1700 1660 1793 1733 qui
1813 1660 1929 1717 sine

2034 521 2133 575 tris
2162 522 2370 588 habuit,
2398 523 2486 579 cui
2515 524 2907 580 consentiendo
2937 526 3203 599 inquinati
3232 528 3419 583 eratis.

2106 610 2277 666 Vnus.
2310 615 2395 669 i2.
2429 642 2499 652 —
2535 614 2640 681 Qui
2665 616 2805 684 fecit
2834 615 3131 686 injuriam.
3165 616 3234 671 Ut
3253 614 3345 671 ille
3362 616 3456 688 qui
3474 616 3631 674 ince-

2035 705 2179 753 stum
2208 698 2353 755 fecit.
2388 700 2486 755 Vel
2515 700 2639 756 illos
2670 701 2843 772 tangit
2873 717 3011 774 quos
3050 703 3302 775 superius
3351 703 3408 760 in
3453 704 3634 777 prima

2032 786 2280 858 Epistola
2307 788 2534 858 injurias
2568 796 2621 844 et
2653 788 2876 845 fraudes
2921 790 3184 847 fratribus
3232 791 3430 850 fecisse
3476 793 3631 850 dixit.

2032 876 2103 930 Et
2133 876 2369 932 ostendit
2397 893 2508 932 non
2534 879 2713 950 magis
2742 893 2907 935 causa
2934 895 3127 936 eorum
3147 881 3240 953 qui
3262 890 3635 952 peccaverunt

2034 965 2321 1037 scripsisse
2363 966 2567 1021 remitti
2622 966 2718 1034 eis,
2773 984 2938 1039 quam
2989 984 3159 1025 causa
3203 970 3465 1029 Ecclesiae
3513 988 3634 1045 qua

2033 1054 2181 1109 omni
2210 1054 2597 1111 contumeliam
2626 1063 2716 1110 aut
2746 1054 2994 1112 fraudem
3032 1058 3257 1129 patienti
3305 1059 3634 1132 compatitur

2034 1150 2087 1198 et
2114 1142 2448 1216 indignatur.
2483 1145 2550 1198 Et
2577 1144 2683 1199 hoc
2711 1150 2792 1199 est
2823 1145 2967 1216 quod
2987 1145 3285 1219 ait:Igitur
3303 1150 3411 1203 etsi
3430 1150 3635 1221 scripsi

2032 1233 2199 1300 vobis,
2223 1248 2339 1288 non
2358 1239 2564 1286 tantum
2581 1236 2815 1305 pr0ptcr
2831 1250 2961 1289 eum
2982 1236 3077 1307 qui
3094 1237 3235 1306 fecit
3257 1237 3552 1307 injuriam,
3576 1236 3633 1293 id

2033 1329 2116 1376 est
2134 1319 2382 1376 fraudem
2400 1320 2650 1391 proximo
2664 1336 2782 1388 suo,
2805 1338 2909 1377 nec
2926 1327 3155 1395 prapter
3171 1339 3301 1379 eum
3317 1327 3412 1397 qui
3427 1341 3633 1398 passus

2031 1413 2117 1465 est
2138 1410 2421 1481 fraudem,
2447 1411 2541 1465 sed
2562 1410 2634 1466 ad
2669 1412 3156 1482 manifestandam
3186 1413 3632 1470 sollicitudinem

2031 1502 2307 1564 nostram,
2340 1515 2528 1570 quam,
2550 1506 2653 1555 etc.
2686 1498 2872 1554 Totius
2902 1499 3088 1571 populi
3118 1499 3542 1557 sollicitudinem
3571 1518 3633 1558 se

2030 1587 2237 1641 habere
2284 1586 2537 1656 ostendit,
2587 1594 2644 1641 ut
2691 1587 2899 1643 scilicet
2938 1588 3123 1657 injusti
3170 1590 3528 1645 emendentur
3575 1598 3630 1646 et

2030 1675 2222 1747 polluti
2252 1673 2677 1743 sanctiﬁcentur,
2712 1683 2765 1731 et
2793 1675 3058 1732 Ecclesiae
3088 1677 3529 1734 reconcilientur.

315 1749 439 1804 Deo
471 1749 592 1805 hrec
622 1748 753 1821 agit,
786 1757 1006 1805 sanctus
1034 1749 1219 1804 mundi
1244 1757 1345 1816 est,
1379 1765 1488 1805 non
1518 1749 1638 1805 Dei.
1670 1751 1748 1806 Ab
1776 1753 1933 1807 omni
1952 1791 2004 1851 B
2106 1760 2276 1814 Vens.
2312 1762 2398 1814 13.
2430 1789 2501 1799 -
2527 1760 2924 1817 Abundantius
2952 1763 3150 1833 magis.
3186 1760 3358 1829 Quasi
3386 1761 3533 1818 dicat
3560 1762 3631 1819 de

312 1840 762 1910 inquinamento
784 1840 997 1894 carnis.
1024 1839 1084 1892 Id
1106 1847 1188 1893 est
1216 1838 1451 1894 carnalis
1474 1838 1853 1909 observantia,
1880 1848 1934 1895 et

311 1924 676 1997 perﬁcientes
719 1924 1200 1983 sanctiﬁcationem
1244 1944 1365 2000 quae
1392 1935 1472 1984 est
1518 1934 1726 1984 tantum
1756 1928 1934 2000 Spiri-

310 2021 403 2070 tus
442 2014 642 2070 sancti.

385 2129 568 2184 Vens.
605 2133 657 2185 3.
684 2160 753 2171 —
770 2129 854 2185 Ad
880 2130 1379 2188 commoriendum.
1403 2130 1503 2187 Vel
1524 2137 1582 2186 ut
1600 2145 1815 2188 mecum
1834 2146 1933 2203 pa-

311 2216 551 2286 tiamini,
587 2218 675 2275 vel
703 2226 759 2274 ut
786 2234 1002 2275 mecum
1042 2219 1394 2276 coronemini.

386 2307 571 2364 Vnus.
603 2309 656 2362 4.
691 2339 759 2350 --
781 2308 1047 2382 Repletus
1093 2325 1221 2364 sum
1249 2309 1650 2366 consolatione.
1692 2310 1798 2364 Per
1816 2309 1932 2379 jam

311 2405 623 2463 correctos,
674 2396 861 2452 invitat
922 2396 1057 2453 alios
1105 2398 1176 2453 ad
1233 2397 1645 2455 correctionem.
1720 2399 1929 2471 Super-

312 2485 569 2551 abundo,
602 2493 702 2542 etc.
738 2487 854 2542 Hoc
899 2485 1165 2559 contingit
1212 2486 1473 2558 Apostolo
1501 2487 1631 2542 dum
1659 2486 1806 2543 videt
1835 2502 1931 2543 eos

312 2572 597 2646 proficere
626 2591 724 2646 pro
754 2574 948 2647 quibus
984 2574 1205 2646 patitur.
1741 2611 1745 2614 ν

383 2691 569 2746 Vnus.
594 2692 647 2745 5.
665 2720 736 2730 -
753 2692 891 2747 Caro
910 2694 1127 2747 nostra.
1158 2690 1301 2746 Dicit
1321 2707 1472 2758 caro,
1496 2690 1624 2763 quia
1643 2690 1699 2746 in
1728 2690 1928 2747 adver-

308 2778 389 2834 sis
421 2778 614 2834 anima
642 2795 762 2850 qua;
788 2786 871 2834 est
898 2778 953 2833 in
976 2794 1205 2849 corpore
1229 2780 1377 2850 quod
1402 2779 1624 2850 patitur,
1650 2796 1747 2851 spe
1764 2778 1930 2836 futuri

311 2867 579 2940 quiescit.
612 2868 787 2923 Foris.
820 2868 937 2923 Hoc
976 2867 1295 2939 intelligitur
1326 2868 1395 2923 de
1432 2868 1633 2938 apertis
1670 2868 1924 2938 inimicis,

309 2959 483 3013 intus
530 2956 603 3011 de
649 2955 800 3015 falsis
837 2954 1109 3024 fratribus,
1159 2957 1252 3028 qui
1298 2955 1571 3013 difﬁcilius
1608 2957 1923 3013 tolerantur.

310 3044 416 3101 Vel
467 3044 542 3099 ab
581 3044 667 3101 his
712 3044 805 3116 qui
852 3044 987 3100 foris
1030 3052 1173 3112 sunt,
1227 3053 1309 3101 est
1349 3045 1669 3101 tribulatio:
1701 3046 1770 3102 de
1816 3046 1922 3115 his,

309 3133 532 3191 scilicet
552 3131 803 3189 fidelibus
824 3133 915 3207 qui
936 3132 1100 3200 intus,
1123 3133 1179 3213 id
1199 3141 1284 3189 est
1311 3134 1367 3188 in
1386 3133 1660 3202 Ecclesia;
1680 3134 1923 3201 timores,
1947 3149 1997 3213 α

308 3239 381 3278 ne
413 3230 764 3279 moveantur.
818 3222 916 3278 Vel
957 3222 1026 3277 de
1054 3222 1139 3277 his
1164 3210 1273 3294 ‘qui
1318 3230 1445 3277 sunt
1471 3223 1636 3292 intus,
1670 3223 1725 3277 id
1756 3231 1837 3279 est
1866 3224 1923 3278 in

306 3311 591 3379 Ecclesia,
615 3326 860 3383 corpore,
893 3325 1003 3367 non
1022 3319 1203 3367 mente
1236 3328 1248 3367 :
1272 3311 1509 3380 nomine,
1541 3328 1651 3368 non
1679 3313 1920 3380 homme,

307 3400 367 3456 id
399 3408 490 3456 est
517 3400 588 3455 de
617 3399 768 3455 falsis
808 3398 1085 3469 fratribus,
1127 3407 1185 3454 ut
1211 3400 1379 3471 prius.

384 3515 566 3569 Vsus.
592 3515 721 3568 7.-
748 3515 863 3583 Qua
889 3515 1213 3571 consolatus
1242 3519 1326 3570 est
1354 3517 1418 3571 in
1444 3516 1613 3572 vobis.
1647 3514 1786 3584 Quia
1813 3514 1923 3571 vidi

307 3602 498 3659 Titum
526 3602 865 3658 consolatum
897 3602 951 3656 in
983 3602 1158 3669 vobis,
1194 3611 1247 3658 et
1276 3618 1381 3676 ego
1405 3604 1715 3659 consolatus
1745 3620 1883 3658 sum.

383 3693 566 3747 Vsus.
586 3695 637 3746 8.
661 3721 732 3732 —
750 3693 823 3746 Et
847 3693 896 3746 si
915 3690 1066 3762 prius
1089 3693 1414 3763 paeniteret.
1459 3694 1572 3748 Hoc
1601 3692 1728 3747 dicit
1754 3709 1823 3747 ne
1842 3692 1924 3747 vi-

309 3780 515 3836 deatur
542 3780 889 3849 inhumanus,
923 3780 1014 3851 qui
1044 3780 1113 3835 de
1134 3780 1361 3834 aliorum
1390 3781 1607 3835 tristitia
1636 3782 1919 3853 gauderet.

316 3871 545 3926 Videns.
592 3868 761 3938 Quasi
803 3869 964 3937 dicat,
1000 3884 1109 3924 non
1149 3885 1238 3924 me
1282 3870 1524 3940 poenitet,
1560 3870 1657 3925 sed
1687 3870 1919 3943 gaudeo.

318 3959 530 4015 Videns
558 3958 722 4031 quod,
756 3956 813 4012 id
859 3964 943 4012 est
971 3957 1218 4029 quamvis
1260 3958 1475 4013 videam
1506 3960 1651 4032 quod
1679 3959 1925 4030 Epistola

311 4046 693 4114 contristavit;
724 4046 868 4101 unde
888 4046 1126 4117 primum
1155 4047 1321 4114 dolui,
1359 4055 1412 4103 et
1438 4064 1526 4103 me
1544 4047 1812 4120 pmnituit.

386 4164 566 4219 Vens.
592 4167 730 4217 9.—
753 4163 1087 4220 Contristati
1108 4165 1262 4220 estis.
1286 4164 1408 4219 Non
1430 4180 1553 4220 cum
1573 4164 1657 4219 ira
1681 4181 1802 4237 quae
1819 4181 1923 4237 pe-

305 4252 466 4320 jores
497 4251 679 4318 efﬁcit,
713 4252 811 4306 sed
841 4267 967 4308 cum
993 4252 1202 4323 pudore
1232 4252 1324 4324 qui
1356 4253 1599 4324 corrigit.

389 4356 565 4411 Vsus.
593 4358 680 4409 1ο.
704 4384 775 4395 -
795 4356 1201 4411 Paenitentiam
1227 4357 1291 4412 in
1318 4356 1583 4411 salutem.
1618 4354 1923 4411 Satisfactio

2032 1855 2286 1919 utroque,
2320 1847 2376 1903 id
2405 1856 2488 1903 est
2515 1848 2584 1904 de
2639 1849 2981 1904 correctione
3009 1856 3194 1905 vestra
3226 1857 3279 1905 et
3319 1851 3389 1906 de
3425 1850 3628 1924 gaudio

2033 1936 2154 1992 Titi.
2188 1936 2296 1992 Sed
2320 1936 2504 2009 magis
2533 1936 2898 1992 abundantius
2926 1938 2995 1992 de
3044 1937 3245 2010 gaudio
3291 1938 3393 1993 Titi
3443 1954 3632 1994 sumus

2032 2026 2228 2097 gavisi,
2261 2025 2388 2097 quia
2417 2041 2478 2081 se
2523 2026 2799 2095 gaudebat
2845 2025 3138 2096 Apostolus
3184 2042 3295 2081 non
3338 2025 3515 2084 solum
3561 2027 3632 2084 de

2032 2114 2316 2183 correctis,
2348 2114 2445 2170 sed
2476 2114 2639 2170 etiam
2666 2115 2747 2171 ’de
2791 2114 2914 2171 aliis
2955 2130 3095 2187 quos
3142 2115 3401 2188 sperabat
3448 2115 3629 2173 corri-

2031 2204 2265 2277 gendos.

2101 2319 2272 2374 Vens.
2306 2319 2392 2373 14.
2423 2347 2493 2358 -
2522 2318 2629 2376 Sed
2651 2320 2819 2387 sicut,
2851 2326 2955 2374 ete.
2989 2319 3053 2373 In
3080 2318 3408 2392 corrigendo
3430 2319 3632 2376 veritas

2029 2407 2309 2480 arguentis
2339 2414 2585 2478 apparet,
2609 2407 2738 2462 dum
2769 2406 2859 2478 qui
2889 2414 3194 2479 arguuntur
3224 2423 3284 2463 se
3312 2408 3627 2464 emendant.

2028 2498 2169 2551 Dum
2199 2496 2343 2551 enim
2373 2496 2608 2552 correcti
2654 2496 3033 2561 emendantur,
3085 2495 3453 2551 testimonium
3503 2512 3631 2568 per-

2028 2585 2215 2639 hibent
2243 2584 2510 2658 arguenti.
2563 2584 2762 2640 Verum
2809 2599 2945 2657 ergo
2990 2583 3287 2639 ostendens
3333 2585 3629 2655 Apostolus

2026 2673 2472 2745 praedicationem
2522 2682 2696 2739 suam,
2748 2688 2849 2744 per
2896 2671 3190 2728 efficaciam
3238 2670 3458 2728 illorum
3511 2673 3622 2730 ait:

2026 2762 2131 2819 Sed
2163 2765 2311 2819 sicut
2339 2764 2531 2819 omnia
2560 2764 2624 2818 in
2653 2764 2912 2830 veritate,
2946 2769 3052 2818 etc.

2098 2853 2168 2921 Et
2197 2854 2412 2908 viscera
2442 2853 2581 2923 ejus,
2613 2857 2719 2906 etc.
2753 2849 2938 2906 Sancti
2962 2848 3187 2907 affectus
3215 2849 3272 2905 in
3301 2849 3450 2906 omni
3475 2849 3622 2909 bono

2028 2958 2129 3008 est.

2629 3070 2853 3128 CAPUT
2890 3070 3013 3127 VIII

2098 3226 2264 3282 Vens.
2300 3227 2352 3279 1.
2383 3253 2453 3265 -
2481 3224 2683 3280 Notam
2710 3226 2905 3278 autem
2932 3222 3099 3279 vobis.
3131 3221 3232 3279 Hic
3261 3221 3378 3295 (ubi
3405 3222 3475 3279 de
3503 3237 3622 3280 cor-

2023 3314 2188 3370 rectis
2218 3311 2419 3387 agitur)
2449 3311 2652 3368 mentio
2672 3311 2731 3366 tit
2749 3311 2819 3366 de
2839 3310 3114 3368 collectis:
3140 3311 3267 3383 quia
3282 3312 3349 3367 ab
3369 3310 3491 3368 aliis
3511 3327 3623 3368 non

2024 3403 2233 3476 quaerit,
2267 3402 2464 3474 quibus
2494 3400 2727 3456 suadere
2754 3414 2866 3455 non
2892 3408 3090 3471 potest.
3128 3400 3242 3469 Vel,
3286 3408 3344 3456 ut
3381 3400 3473 3456 alii
3519 3416 3620 3457 co-

2024 3492 2174 3548 dices
2200 3491 2422 3559 habent,
2454 3489 2652 3561 quibus
2682 3505 2779 3544 sua
2804 3489 2935 3544 dare
2963 3504 3074 3544 non
3102 3489 3346 3560 prodest.

2095 3606 2265 3660 Vnus.
2287 3609 2340 3662 2.
2363 3634 2434 3645 -
2460 3604 2609 3673 Quod
2643 3605 2706 3659 in
2739 3604 2921 3658 multo
2962 3605 3373 3675 experimento.
3422 3604 3619 3658 Abun-

2023 3693 2346 3751 dantissima
2374 3692 2551 3764 gratia
2580 3707 2769 3747 eorum
2798 3690 2897 3745 fuit
2925 3692 2980 3745 in
3025 3692 3196 3746 multo
3244 3692 3621 3762 experimento

2022 3782 2406 3839 tribulationis.
2431 3780 2571 3849 Quia
2600 3796 2701 3851 pro
2722 3779 3061 3834 tribulatione
3090 3779 3245 3835 Pauli
3272 3788 3325 3835 et
3354 3780 3497 3851 Sylae
3544 3780 3620 3836 ibi

2024 3872 2184 3941 facta,
2208 3887 2317 3926 non
2342 3877 2468 3925 sunt
2498 3868 2849 3925 scandalizati
2868 3888 2886 3924 :
2908 3868 3006 3924 sed
3036 3884 3161 3924 cum
3208 3868 3410 3941 gaudio
3457 3884 3617 3925 acce-

2022 3968 2220 4033 perunt
2248 3960 2496 4026 verbum,
2528 3957 2744 4030 probati
2770 3957 3116 4028 passionibus
3159 3973 3363 4013 eorum.
3411 3959 3484 4014 Et
3528 3958 3621 4013 al-

2025 4052 2265 4107 tissima.
2316 4049 2529 4104 Tenues
2576 4048 2633 4101 in
2677 4046 2997 4113 substantia,
3049 4046 3246 4103 divites
3292 4046 3351 4101 in
3391 4045 3572 4103 dando
3605 4063 3620 4100 :

2024 4139 2152 4212 quia
2177 4154 2315 4210 pura
2343 4136 2679 4193 conscientia
2707 4136 2920 4207 operati
2949 4143 3093 4191 sunt.

2095 4256 2266 4311 Vnus.
2292 4257 2345 4308 5.
2374 4282 2444 4294 —
2470 4254 2729 4309 Primum
2757 4254 2992 4309 Domino
3022 4267 3082 4308 se
3110 4251 3486 4321 emendantes,
3537 4251 3632 4307 de-

2020 4344 2149 4398 inde
2179 4343 2439 4398 fratribus
2471 4359 2570 4398 sua
2598 4341 2911 4398 offerentes.
2964 4341 3135 4396 Aliter
3162 4357 3272 4396 non
3314 4348 3432 4396 erat
3488 4340 3628 4397 acci-

308 4443 653 4516 pcenitentiae
682 4450 765 4499 est
793 4457 986 4498 causas
1014 4451 1362 4514 peccatorum
1391 4444 1665 4511 excidere,
1698 4460 1801 4501 nec
1822 4459 1921 4500 ea-
1946 4509 1992 4516 _
2025 4432 2303 4503 Pieridum,
2337 4431 2709 4503 (ἰυίαωυηθΐδ
2738 4437 3013 4486 excaecant
3042 4429 3252 4496 0011103.
3286 4436 3339 4484 θῑ
3368 4429 3494 4516 jura
3522 4446 3625 4484 811-

310 4549 440 4590 rum
470 4530 916 4605 suggestionibus
945 4531 1149 4586 aditum
1180 4532 1484 4605 indulgere.

388 4622 599 4678 διεσαιὶ
628 4624 841 4687 autem,
872 4626 976 4676 etc.
1019 4621 1159 4677 Dum
1204 4621 1350 4677 dolet
1394 4628 1649 4692 peccator
1675 4636 1736 4678 se
1766 4621 1925 4677 dete-

315 4718 489 4766 ctum.

389 4812 564 4867 Vnus.
592 4815 677 4867 11.
701 4842 771 4891 έ-
790 4814 928 4869 Ecce
947 4815 1121 4868 enim.
1155 4811 1387 4867 Tristitia
1428 4811 1722 4868 secundum
1751 4812 1925 4868 Deum

313 4899 450 4956 facit
472 4900 739 4971 poenitere
764 4901 820 4956 in
850 4902 1081 4957 salutem
1115 4920 1129 4956 :
1165 4902 1290 4973 quia
1329 4918 1450 4974 qua;
1497 4902 1699 4958 ducunt
1731 4902 1801 4957 ad
1830 4917 1925 4957 sa-

309 4988 505 5055 lutem,
541 4989 965 5046 sollicitudinem
993 4998 1315 5062 operantur.

392 5078 678 5145 Quantam
748 5081 812 5135 in
860 5081 1026 5137 vobis.
1074 5080 1178 5148 Qui
1205 5079 1428 5151 poenitet
1455 5079 1716 5136 sollicitus
1747 5086 1829 5135 est
1858 5095 1928 5135 ne

313 5166 502 5223 denuo
540 5175 753 5238 peccet,
805 5175 858 5224 et
900 5184 1009 5225 non
1058 5185 1118 5224 se
1161 5176 1401 5235 excusat,
1449 5169 1546 5224 sed
1591 5167 1876 5224 conﬁtetur
1910 5185 1922 5223 :

314 5256 466 5327 quod
497 5264 579 5311 est
611 5272 672 5312 se
704 5256 998 5313 defendere
1046 5273 1079 5313 a
1106 5259 1358 5329 gehenna
1390 5274 1402 5312 :
1444 5266 1497 5313 et
1526 5258 1803 5313 desiderat
1830 5274 1925 5313 re-

313 5344 564 5411 formari,
598 5345 690 5417 qui
728 5346 829 5403 scit
857 5362 917 5402 se
947 5362 1047 5418 per
1073 5354 1360 5418 peccatum
1389 5346 1707 5413 deformem,
1741 5355 1794 5401 et
1819 5348 1925 5401 ha-

314 5433 414 5488 bet
442 5434 617 5489 zelum
650 5435 914 5491 bonorum
942 5451 1187 5506 operum,
1224 5444 1277 5491 et
1313 5435 1551 5492 vindicat
1584 5435 1638 5490 in
1679 5452 1739 5491 se
1781 5436 1926 5507 quod

314 5522 569 5594 deliquit.

392 5611 767 5677 Exhibuistis,
800 5620 904 5668 etc.
934 5613 994 5668 Id
1017 5621 1117 5679 est,
1142 5612 1456 5669 ostendistis
1477 5611 1751 5685 puniendo
1775 5612 1927 5668 illum

317 5697 419 5771 qui
445 5700 713 5757 incestum
742 5700 1053 5771 admiserat,
1086 5719 1178 5762 vos
1210 5718 1329 5761 esse
1357 5704 1863 5771 incontaminatos,
1893 5718 1929 5759 a

1946 4509 2000 4570 D
2031 4520 2295 4579 ctoritatis
2324 4518 2721 4587 inclinant.Qui
2744 4534 2874 4575 vero
2904 4518 3035 4573 dant
3063 4534 3133 4573 ne
3150 4514 3475 4590 arguantur,
3495 4517 3611 4574 fruo

2037 4618 2183 4668 ctum
2210 4609 2377 4664 dandi
2406 4624 2516 4663 non
2544 4608 2769 4662 habent.

2094 4726 2265 4781 Vnus.
2301 4728 2352 4779 8.
2377 4753 2448 4764 -
2475 4724 2596 4780 Non
2625 4723 2786 4797 quasi
2813 4722 3123 4794 imperans,
3157 4728 3262 4777 etc.
3294 4722 3420 4777 Non
3449 4720 3626 4779 solum

2024 4813 2219 4885 rogavi
2247 4813 2444 4879 Titum,
2478 4812 2574 4866 sed
2602 4827 2708 4884 ego
2738 4810 2855 4881 ipse
2884 4809 3005 4865 dico
3047 4817 3105 4863 ut
3152 4810 3460 4881 abundetis,
3509 4827 3626 4868 non

2025 4905 2187 4977 quasi
2216 4904 2523 4974 imperans.
2557 4900 2619 4955 Id
2643 4907 2724 4954 est
2770 4914 2879 4953 non
2927 4898 3084 4970 quasi
3132 4899 3510 4971 paenitentiam
3549 4899 3628 4955 in-

2018 4991 2323 5065 jungcndo,
2358 4989 2485 5062 quia
2514 4989 2594 5045 sic
2623 4988 2782 5062 quasi
2811 5003 2878 5043 ex
2917 4994 3044 5044 voto
3092 4995 3407 5044 tenerentur
3440 4988 3628 5045 Corin-

2024 5079 2142 5135 thii.

2098 5170 2269 5223 Vsus.
2305 5172 2357 5223 9.
2390 5198 2460 5207 —
2487 5169 2708 5240 Egenus
2736 5169 2927 5238 factus
2959 5170 3063 5223 est.
3114 5166 3240 5221 Non
3276 5166 3370 5237 ait,
3421 5183 3631 5240 pauper

2025 5257 2201 5314 factus
2232 5264 2332 5323 est,
2367 5272 2494 5312 cum
2514 5256 2667 5311 dives
2697 5255 2924 5311 fuisset:
2948 5254 3065 5319 sed,
3098 5272 3229 5311 cum
3263 5255 3414 5312 dives
3448 5261 3619 5312 esset.

2024 5347 2404 5417 Paupertatem
2436 5346 2578 5401 enim
2599 5345 2912 5416 assumpsit,
2942 5352 2996 5399 et
3023 5343 3242 5399 divitias
3272 5359 3381 5400 non
3414 5343 3626 5400 amisit:

2025 5435 2169 5490 intus
2199 5435 2372 5501 dives,
2406 5434 2539 5489 foris
2591 5450 2829 5505 pauper;
2874 5433 3048 5489 latens
3097 5434 3245 5488 Deus
3295 5432 3351 5486 in
3403 5430 3626 5496 divitiis,

2025 5540 2296 5597 apparens
2326 5525 2489 5579 homo
2520 5523 2576 5577 in
2600 5530 2941 5594 paupertate.

2102 5615 2169 5671 Ut
2196 5615 2390 5686 inopia
2420 5614 2529 5668 illi.
2561 5613 2668 5668 Per
2696 5611 2843 5667 illius
2873 5611 3019 5668 enim
3045 5615 3424 5680 paupertatem
3453 5605 3642 5674 abjici.

2029 5701 2202 5763 cimus
2230 5718 2441 5777 pannos
2470 5700 2789 5775 iniquitatis,
2824 5708 2880 5756 ut
2910 5698 3203 5755 induamur
3242 5695 3383 5753 stola
3409 5694 3643 5752 immor-
