3964 6180
355 378 458 433 563

959 368 1363 427 WALAFRIDI
1392 364 1636 423 STRABI
1663 362 1865 421 FULD.
1896 356 2071 415 MON.
2104 356 2257 415 OPP.
2288 358 2467 415 PARS
2492 359 2535 414 Ι.
2566 356 3125 417 —THEOLOGICA.

3540 357 3653 411 564

359 492 601 555 talitatis.
634 497 843 553 Omnes
872 511 1007 569 ergo
1035 494 1229 550 divites
1252 491 1377 548 facti
1409 498 1551 557 sunt,
1585 490 1639 543 in
1666 502 1959 560 pauperem
1986 481 2044 544 A
2072 490 2237 538 stram
2268 499 2433 556 quam
2488 482 2802 539 ostendistis
2854 480 2975 537 aliis
3034 489 3088 537 et
3136 479 3365 555 gloriam
3422 487 3668 535 nostram

359 588 635 645 Christum
665 586 971 642 credentes.
1004 585 1178 638 Nemo
1216 597 1351 652 ergo
1390 596 1448 635 se
1479 584 1792 635 contemnat
1828 592 1964 647 pau-

357 693 461 749 per
488 676 545 731 in
575 675 728 741 cella,
759 673 912 729 dives
958 672 1013 726 in
1055 669 1409 727 conscientia.
1460 667 1715 723 Securior
1764 665 1964 721 dormit

355 764 414 820 in
440 772 607 831 terra,
641 778 803 835 quam
831 776 963 816 auro
994 760 1147 814 dives
1176 759 1230 812 in
1262 772 1523 829 purpura.
1558 758 1681 810 Non
1713 770 1851 825 ergo
1876 770 1968 808 cx-

356 868 625 926 pavescas
655 867 778 906 cum
812 858 905 903 tua
934 848 1281 903 mendicitate
1310 847 1376 900 ad
1405 846 1557 900 illum
1586 844 1849 899 accedere
1872 842 1964 914 qui

355 941 574 997 indutus
605 947 789 994 nostra
818 944 1160 1009 paupertate,
1212 935 1306 990 ubi
1359 950 1418 989 se
1466 932 1809 1005 pauperavit,
1861 946 1964 985 nos

357 1028 564 1084 ditavit.

429 1139 600 1194 Vnus.
635 1140 720 1192 10.
750 1166 821 1178 -
849 1136 953 1193 Sed
982 1140 1039 1192 et
1056 1136 1217 1193 velle.
1244 1132 1411 1204 Quasi
1433 1133 1607 1189 dicat:
1646 1132 1963 1186 Vestrorum

358 1227 579 1301 quidam
608 1226 913 1292 voluerant,
966 1226 1186 1297 quidam
1226 1232 1408 1280 autem
1456 1228 1766 1293 coeperant:
1818 1236 1963 1274 nunc

355 1332 490 1374 vero
519 1315 739 1388 utrique
766 1314 1068 1387 perﬁciant.

431 1439 600 1494 Vsus.
635 1440 721 1492 13.
748 1465 820 1477 --
846 1436 950 1492 Sed
977 1452 1049 1491 ea:
1078 1436 1422 1508 (equalitate.
1468 1432 1686 1488 Dividat
1733 1433 1963 1505 quisque

353 1534 617 1600 quantum
644 1526 810 1581 habet
838 1541 963 1581 cum
991 1525 1211 1589 sanctis,
1245 1523 1370 1595 quia
1401 1538 1510 1577 non
1557 1522 1679 1593 plus
1726 1522 1964 1595 exigitur

355 1632 517 1688 quam
559 1615 797 1670 retinere
837 1614 939 1668 sibi
987 1613 1184 1669 debet:
1232 1612 1312 1668 sic
1367 1613 1627 1669 Zachaus
1677 1610 1962 1666 dimidium

354 1705 624 1760 bonorum
655 1718 879 1757 suorum
910 1702 1059 1757 dedit
1087 1700 1435 1773 pauperibus.

426 1802 598 1857 Vnus.
634 1802 718 1855 14.
740 1831 810 1840 -
843 1802 907 1857 Ut
934 1801 1037 1869 ﬁat
1066 1800 1379 1871 aequalitas.
1410 1798 1534 1852 Non
1555 1797 1685 1868 quin
1706 1795 1961 1852 differant

352 1891 410 1946 in
439 1889 719 1945 claritate:
755 1888 853 1943 sed
881 1888 1011 1959 quia
1041 1887 1295 1942 omnibus
1321 1887 1486 1955 idem,
1506 1893 1559 1940 et
1587 1886 1839 1940 omnibus
1859 1887 1963 1941 erit

350 1977 688 2035 sufﬁcientia.
721 1977 883 2033 Sicut
909 1979 1208 2049 scriptum.
1243 1977 1324 2031 De
1347 1990 1549 2030 manna
1580 1975 1635 2029 in
1669 1974 1828 2048 signo
1860 1975 1964 2029 hu-

344 2067 437 2139 jus
465 2066 562 2122 rei.

422 2165 592 2220 Vnus.
630 2165 716 2218 15.
737 2192 806 2203 -
825 2162 930 2231 Qui
950 2163 1201 2218 multum
1221 2177 1337 2217 non
1358 2160 1687 2216 abundavit.
1712 2160 1842 2214 Plus
1864 2161 1962 2215 ha-

358 2253 487 2309 bent
509 2252 680 2308 sancti
700 2252 756 2307 in
779 2268 875 2323 spe
896 2250 1081 2317 futuri,
1106 2250 1285 2305 minus
1305 2249 1361 2303 hi
1382 2248 1545 2321 quiin
1568 2257 1808 2320 tempore
1834 2249 1966 2305 divi-

348 2348 453 2408 tes,
473 2349 527 2397 et
545 2340 809 2396 tamenibi
830 2340 1213 2412 aquabantur.
1234 2340 1302 2395 Ut
1324 2338 1464 2394 sicut
1490 2337 1827 2408 hicinOpiam
1845 2353 1966 2395 san.

361 2438 574 2487 ctorum
614 2436 933 2495 sustentant,
953 2428 1028 2483 ita
1049 2427 1202 2483 ibiab
1232 2427 1312 2482 eis
1341 2434 1732 2493 sustententur,
1758 2435 1809 2481 et
1826 2427 1963 2482 divi-

350 2525 433 2574 tes
452 2517 581 2575 ﬁent
601 2518 656 2573 in
678 2526 884 2573 aterno
906 2518 1072 2572 bono.
1094 2518 1197 2586 Qui
1218 2517 1470 2572 multum
1492 2533 1608 2572 non
1628 2517 1960 2572 abundavit.

354 2607 444 2665 Sic
465 2607 557 2680 qui
576 2607 802 2662 multum
824 2606 1098 2673 datdives,
1115 2613 1167 2661 et
1189 2606 1277 2677 qui
1289 2621 1480 2676 parum
1498 2620 1727 2675 pauper,
1743 2603 1787 2658 si
1806 2620 1961 2676 aqua

351 2695 421 2751 sit
440 2695 720 2768 utriusque
736 2696 1007 2760 voluntas,
1024 2694 1287 2766 aqualem
1311 2694 1512 2748 habent
1535 2692 1866 2748 mercedem.

423 2811 595 2866 Vsus.
623 2814 783 2865 18.-
802 2811 1053 2866 Misimus
1083 2810 1455 2865 autem.Duos
1488 2807 1687 2863 fratres
1717 2809 1959 2878 Aposto-

350 2896 440 2953 lus
459 2898 604 2953 misit
624 2914 749 2954 cum
765 2898 903 2965 Tito,
931 2898 1029 2953 sed
1064 2913 1159 2952 eos
1190 2913 1301 2951 non
1333 2896 1596 2961 nominat,
1638 2895 1779 2951 forte
1813 2895 1956 2951 enim

350 2986 676 3060 ignorabant
697 3002 793 3043 eos
814 2985 1098 3052 Corinthii,
1122 3001 1226 3041 nec
1253 2985 1323 3040 de
1357 2984 1492 3055 ipsis
1528 2985 1707 3040 adhuc
1736 2984 1956 3054 pericu-

349 3074 463 3130 lum
493 3075 749 3132 fecerant.
787 3074 1057 3144 Quoniam
1089 3081 1271 3129 autem
1304 3072 1662 3145 pecuniarum
1691 3072 1954 3129 collecta-

2064 589 2225 643 quam
2258 572 2502 627 similiter
2530 571 2840 627 ostendistis
2870 587 2994 627 esse
3042 586 3247 636 veram,
3292 584 3439 624 nunc
3483 577 3672 623 osten-

2063 660 2194 727 dite,
2228 662 2366 716 bene
2392 660 2527 716 istos
2552 658 2887 730 recipiendo,
2920 666 2972 714 et
3002 660 3108 715 hoc
3137 658 3192 713 in
3242 657 3436 713 faciem
3476 655 3674 713 Eccle-

2063 749 2280 818 siarum,
2312 757 2368 805 ut
2393 749 2483 805 alii
2509 765 2540 805 a
2565 748 2719 805 vobis
2752 747 3019 819 accipiant
3050 746 3375 818 exemplum.

2680 916 2907 973 CAPUT
2946 916 3043 971 IX.

2132 1044 2302 1100 Vsus.
2337 1047 2392 1101 2.
2426 1074 2495 1085 ——
2522 1045 2593 1100 Et
2620 1047 2808 1100 vestra
2836 1043 3144 1100 aemulatio.
3179 1042 3542 1098 Emulatione
3575 1042 3677 1097 Co-

2066 1131 2391 1187 rinthiorum
2417 1131 2540 1188 alia
2567 1132 2830 1188 Ecclesia
2881 1132 3033 1200 (dum
3078 1130 3300 1186 audiunt
3343 1130 3467 1186 illos
3516 1130 3675 1201 prius

2063 1222 2343 1275 erroribus
2374 1220 2697 1292 implicatos,
2729 1228 2921 1291 postea
2956 1220 3115 1276 bona
3162 1218 3448 1275 voluntatis
3500 1218 3675 1274 fuisse

2061 1307 2307 1380 effectos)
2337 1309 2572 1365 incitata
2602 1316 2727 1363 sunt
2756 1310 2824 1362 ad
2854 1309 3055 1363 bonum
3088 1324 3244 1378 opus.

2136 1398 2307 1452 Vnus.
2343 1399 2395 1452 4.
2431 1427 2501 1437 -
2528 1398 2953 1453 Erubescamus.
2990 1396 3046 1451 Si
3075 1396 3219 1451 enim
3250 1412 3359 1451 non
3381 1395 3545 1451 fuerit
3566 1396 3676 1451 hoc

2062 1481 2365 1551 inventum,
2398 1486 2544 1556 quod
2571 1485 2864 1556 Apostolus
2896 1482 3207 1541 testiﬁcatus
3237 1492 3320 1539 est
3367 1484 3435 1540 de
3473 1485 3586 1551 his,
3620 1492 3677 1540 et

2061 1571 2181 1643 ipse
2214 1573 2506 1629 erubescet
2535 1582 2587 1628 et
2616 1573 2722 1644 ipsi
2751 1573 2982 1644 amplius
3013 1572 3430 1630 confundentur.

2130 1662 2302 1716 Vnus.
2337 1665 2388 1717 6.
2424 1692 2492 1701 —
2529 1663 2634 1732 Qui
2659 1677 2831 1735 parce
2859 1663 3125 1718 seminat.
3158 1662 3282 1717 Non
3308 1677 3475 1734 parce
3506 1661 3677 1718 semi-

2059 1757 2149 1803 nat
2180 1749 2273 1820 qui
2328 1765 2525 1820 parum
2581 1750 2793 1805 habens
2846 1766 3034 1820 parum
3080 1749 3325 1822 largitur,
3376 1750 3423 1805 si
3455 1750 3675 1805 animus

1977 1835 2032 1896 B
2061 1846 2344 1909 promptus
2372 1838 2441 1892 sit
2468 1838 2591 1909 plus
2624 1839 2775 1905 dare,
2810 1838 2857 1893 si
2883 1838 3005 1909 plus
3034 1838 3277 1894 haberet.

2137 1926 2307 1982 Vnus.
2340 1928 2392 1981 7.
2426 1957 2496 1966 —
2524 1928 2644 1982 Non
2674 1943 2747 1982 ea:
2779 1927 3040 1982 tristitia.
3067 1925 3173 1995 Qui
3202 1926 3400 1983 invitus
3427 1926 3523 1981 dat
3552 1941 3678 1997 pro-

2066 2021 2188 2085 pter
2235 2022 2562 2085 prasentem
2609 2014 2894 2085 pudorem,
2956 2030 3064 2070 non
3118 2015 3284 2069 habet
3335 2014 3673 2071 mercedem.

2068 2104 2319 2158 Hilarem
2352 2105 2505 2159 enim
2535 2103 2807 2169 datorem,
2842 2103 2935 2175 qui
2963 2102 3055 2157 dat
3082 2110 3139 2157 ut
3169 2112 3349 2158 careat
3393 2103 3560 2159 tadio
3591 2103 3675 2158 in-

2065 2190 2424 2261 terpellantis,
2454 2207 2561 2247 non
2593 2199 2649 2245 ut
2669 2190 2874 2247 reﬁciat
2903 2191 3114 2246 viscera
3139 2190 3455 2263 indigentis,
3488 2199 3545 2246 et
3567 2208 3677 2248 me-

2065 2279 2223 2334 ritum
2255 2288 2307 2334 et
2336 2295 2455 2334 rem
2485 2280 2683 2350 perdit.
2708 2281 2883 2351 Large
2906 2279 2995 2334 dat
3012 2280 3104 2352 qui
3122 2278 3375 2336 affectum
3395 2279 3678 2354 largiendi

2063 2368 2247 2434 habet,
2283 2368 2496 2423 etiamsi
2526 2368 2659 2422 nihil
2688 2369 2883 2423 habeat
2914 2368 3057 2441 quod
3088 2368 3270 2440 largiri
3300 2368 3493 2440 possit.

2136 2457 2304 2512 Vnus.
2337 2461 2388 2512 8.
2421 2488 2490 2496 —
2517 2456 2847 2525 Abundare,,
2872 2464 2974 2512 etc.
3028 2456 3178 2513 Licet
3223 2456 3368 2512 enim
3413 2456 3676 2531 exiguum

2062 2543 2132 2599 sit
2159 2546 2305 2616 quod
2335 2560 2531 2616 parum
2561 2546 2769 2601 habens
2800 2544 3005 2615 tribuit,
3040 2545 3275 2601 abundat
3304 2554 3506 2616 tamen,
3544 2546 3677 2618 quia

2063 2641 2213 2689 recto
2238 2634 2443 2703 judicio
2470 2632 2559 2689 ﬁt:
2593 2634 2716 2706 quia
2746 2650 2853 2689 non
2895 2633 3157 2706 quaritur
3186 2634 3255 2690 de
3304 2643 3529 2706 quanto,
3574 2635 3674 2691 sed

2062 2738 2171 2794 quo
2199 2723 2382 2777 animo
2410 2722 2593 2779 detur.

2132 2811 2301 2866 Vnus.
2334 2814 2386 2865 9.
2419 2841 2489 2852 —
2533 2812 2770 2868 Iustitia
2818 2812 2992 2867 enim.
3014 2810 3199 2866 Justus
3241 2819 3326 2866 est
3375 2811 3468 2883 qui
3517 2811 3672 2868 bona

2056 2899 2251 2954 mundi
2280 2896 2388 2956 ﬁne
2417 2900 2607 2955 aterni
2635 2899 2847 2971 pramii
2877 2899 3189 2956 communia
3217 2908 3447 2971 reputat.

2130 2988 2307 3044 Vuus.
2344 2991 2432 3042 10.
2464 3018 2534 3029 -
2561 2990 2920 3045 Incrementa
2940 2991 3191 3061 frugum.
3214 2989 3427 3044 Iustitia
3443 2996 3529 3045 est
3548 3005 3673 3045 san-

2056 3074 2235 3143 ctitas,
2265 3084 2318 3131 et
2349 3076 2494 3132 bona
2522 3076 2664 3133 vita:
2696 3085 2749 3132 et
2782 3077 2909 3133 inde
2957 3076 3165 3150 fruges,
3215 3077 3271 3132 id
3320 3086 3421 3145 est,
3466 3085 3671 3134 aeterna

352 3163 783 3219 rummultitudo
803 3162 1000 3219 sufﬁcit
1020 3162 1178 3216 malis
1211 3163 1342 3217 dare
1378 3161 1765 3232 suspicionem,
1799 3178 1953 3218 secu-
1983 3189 2033 3253 α
2064 3165 2451 3221 remuneratio.
2502 3167 2847 3222 Incrementa
2889 3166 3281 3238 eleemosyna:
3327 3182 3431 3237 pro
3468 3167 3673 3239 quibus

364 3252 583 3306 ritatem
622 3251 867 3317 exhibet;
913 3259 1225 3321 propterea,
1277 3250 1469 3322 inquit,
1512 3250 1650 3305 tales
1695 3248 1962 3317 misimus,

356 3346 541 3396 etnon
560 3356 729 3396 unum
749 3340 946 3405 solum,
974 3339 1071 3394 sed
1094 3346 1147 3395 et
1180 3339 1319 3394 duos
1352 3346 1407 3393 et
1435 3346 1566 3393 tres.
1606 3338 1966 3394 Commendat

334 3444 486 3485 vero
507 3443 603 3485 eos
624 3444 734 3485 non
754 3429 823 3483 ab
844 3428 1163 3502 Evangelio,
1188 3443 1365 3500 neque
1384 3428 1453 3482 ab
1474 3427 1741 3483 electione
1763 3428 1960 3497 solum,

352 3516 453 3572 sed
497 3516 662 3573 etiam
709 3517 854 3590 quod
892 3518 1102 3589 probati
1148 3517 1276 3584 sint,
1328 3526 1382 3573 et
1425 3524 1715 3588 propterea
1779 3516 1958 3575 electi,

348 3603 424 3660 ita
451 3613 510 3661 ut
541 3605 675 3661 nihil
705 3607 1069 3678 suspicentur.

415 3721 585 3777 Vsus.
621 3726 708 3778 19.
738 3752 809 3763 -
837 3724 902 3778 In
931 3724 1077 3779 hanc
1106 3724 1372 3795 gratiam.
1406 3722 1469 3777 Id
1500 3729 1582 3777 est
1609 3721 1960 3793 pradicatio-

341 3822 468 3866 nem
498 3810 744 3883 gentium
770 3811 859 3868 cui
887 3811 1189 3873 destinatus
1219 3827 1361 3877 sum,
1393 3819 1446 3865 et
1473 3810 1617 3866 volo.

420 3899 591 3954 Vsus.
620 3903 712 3958 20.
744 3930 813 3941 —
838 3902 1166 3956 Devitantes
1197 3901 1317 3956 hoc.
1346 3900 1503 3955 Circa
1524 3914 1711 3955 curam
1734 3906 1958 3955 sancto-

362 4003 481 4042 rum
509 3988 876 4059 negligentius
901 4004 1067 4059 agere
1109 4003 1217 4044 non
1257 3988 1371 4043 vult
1419 3986 1592 4042 videri
1639 3986 1953 4057 Apostolus,

348 4082 403 4131 et
434 4074 559 4131 ideo
586 4083 881 4146 pramonet
909 4084 966 4131 ut
1000 4075 1305 4132 sollicitudo
1335 4076 1451 4145 ejus
1480 4074 1818 4145 providentia
1851 4090 1954 4146 ap-

343 4170 547 4236 pareat.
579 4166 646 4219 In
678 4166 782 4221 hac
811 4168 991 4237 parte.
1025 4165 1301 4221 Doctrina
1349 4172 1404 4219 et
1449 4164 1849 4233 miraculorum,
1898 4171 1958 4219 ut

350 4252 578 4320 dicatur,
610 4254 756 4309 Bene
786 4253 1062 4325 pradicat,
1094 4253 1192 4308 sed
1222 4269 1330 4308 non
1362 4260 1448 4308 est
1471 4269 1681 4309 memor
1728 4260 1949 4309 sancto-

346 4358 486 4413 rum,
505 4341 644 4399 sicut
663 4342 753 4398 alii
773 4342 1024 4415 apostoli,
1044 4350 1099 4398 et
1117 4342 1254 4398 sicut
1276 4340 1379 4396 sibi
1397 4349 1730 4413 praceptum
1748 4349 1831 4397 est
1843 4382 1856 4395 .

2066 3260 2119 3309 et
2147 3254 2236 3309 hic
2263 3252 2508 3319 virtutes,
2542 3263 2594 3310 et
2620 3254 2675 3308 in
2707 3253 2885 3309 futuro
2909 3255 3090 3327 gloria
3115 3255 3424 3326 augebitur.

2138 3342 2308 3398 Vnus.
2346 3346 2431 3397 11.
2455 3373 2525 3382 -
2555 3340 2687 3410 Qua:
2712 3347 2997 3416 operatur.
3030 3343 3090 3398 Id
3136 3351 3236 3409 est,
3283 3343 3405 3415 ipsa
3446 3342 3672 3418 largitio

2066 3438 2149 3486 est
2178 3445 2341 3487 causa
2372 3447 2540 3504 quare
2571 3431 2765 3504 gratia
2796 3438 3026 3503 agantur
3051 3433 3189 3499 Deo,
3228 3433 3383 3502 cujus
3420 3432 3671 3507 largitio-

2062 3519 2149 3574 nis
2177 3535 2280 3574 nos
2311 3536 2499 3575 sumus
2524 3519 2773 3575 ministri.

2136 3609 2304 3663 Vnus.
2340 3610 2425 3664 15.
2457 3638 2530 3649 -
2558 3609 2781 3665 Gratias
2809 3609 2938 3666 Deo.
2970 3608 3051 3664 De
3097 3608 3303 3665 alterna
3339 3608 3665 3683 indigentia.

2061 3703 2115 3753 et
2142 3696 2212 3752 de
2243 3696 2456 3753 alterno
2487 3697 2865 3769 supplemento
2891 3696 3208 3770 indigentia
3253 3697 3669 3768 provincialium

2061 3784 2262 3845 Christi
2291 3794 2345 3842 et
2371 3785 2604 3840 militum
2632 3785 2828 3841 Christi
2856 3787 3065 3857 gratias
3093 3786 3209 3842 Deo
3238 3785 3369 3857 agit.
3420 3787 3554 3859 Egit
3582 3787 3670 3843 hic

2059 3874 2129 3929 de
2159 3875 2325 3930 rebus
2352 3874 2658 3930 carnalibus
2684 3875 2739 3929 in
2768 3874 2912 3943 illos,
2940 3882 2994 3930 et
3023 3883 3310 3947 postquam
3329 3874 3445 3947 egit
3465 3875 3538 3931 de
3553 3874 3667 3947 spi-

2058 3962 2338 4018 ritualibus
2367 3961 2423 4017 in
2463 3962 2620 4030 istos,
2666 3970 2922 4035 tanquam
2968 3962 3161 4034 plenus
3207 3962 3429 4037 gaudiis
3477 3964 3666 4021 excla-

2062 4058 2208 4107 mat:
2247 4052 2472 4108 Gratias
2498 4068 2619 4124 ago,
2654 4059 2761 4108 etc.

2684 4245 2910 4303 CAPUT
2946 4246 3019 4301 X.

2127 4387 2298 4443 Vnus.
2334 4389 2385 4443 1.
2417 4417 2487 4428 -
2515 4388 2638 4460 Ipse
2657 4392 2852 4444 autem
2879 4403 2973 4460 ego
3002 4388 3236 4444 Paulus.
3272 4387 3466 4459 Incipit
3492 4403 3664 4462 agere

417 4459 588 4515 Vnus.
621 4462 711 4516 21.
745 4490 814 4500 -
846 4459 1041 4515 Coram
1072 4460 1201 4514 Deo.
1236 4458 1459 4529 Propter
1485 4473 1586 4513 nos
1616 4456 1951 4513 conscientia

2082 4482 2121 4530 Le
2176 4474 2497 4531 incorrectis
2538 4456 2636 4548 qui
2683 4456 3323 4547 pseudo'sequebantur,
3374 4456 3427 4531 et
3476 4456 3663 4548 Apos-

346 4557 532 4606 nostra
561 4547 758 4605 sufﬁcit
785 4548 974 4605 nobis:
1008 4554 1229 4619 prOpter
1272 4562 1371 4603 vos
1418 4546 1562 4602 fama
1608 4553 1796 4601 nostra
1847 4561 1953 4602 non

2083 4563 2231 4619 olum
2263 4564 2503 4621 ferocem
2528 4546 2805 4635 putabant,
2830 4563 2987 4637 quasi
3006 4546 3244 4621 diceret:
3277 4546 3571 4621 Correctos
3591 4566 3661 4621 ad

342 4638 529 4709 pollui,
564 4638 661 4693 sed
711 4638 914 4709 pollere
962 4638 1122 4693 debet
1164 4637 1219 4691 in
1268 4635 1443 4692 vobis.
1490 4637 1623 4691 Dua
1671 4650 1760 4690 res
1806 4644 1951 4717 sunt.

342 4726 673 4783 conscientia
704 4734 757 4781 et
787 4730 961 4782 fama:
992 4725 1324 4782 conscientia
1354 4724 1466 4791 tibi,
1500 4723 1643 4779 fama
1669 4723 1915 4795 proximo
1939 4740 1952 4779 :

346 4815 442 4886 qui
488 4814 836 4870 conscientia
900 4814 1076 4871 ﬁdens
1140 4813 1371 4887 negligit
1434 4812 1651 4882 famam,
1716 4812 1954 4869 crudelis

344 4910 451 4958 est.

416 4991 588 5047 Vsus.
619 4994 709 5048 22.
744 5020 813 5031 -
848 4991 1217 5060 Conﬁdentia.
1251 4990 1421 5061 Quasi
1446 4990 1620 5047 dicat:
1665 5004 1763 5062 pro
1812 5005 1948 5045 con-

351 5077 574 5133 ﬁdentia
603 5078 771 5134 vestri
799 5078 933 5134 ivit?
960 5087 1012 5135 et
1037 5096 1136 5151 pro
1167 5080 1286 5136 Tito
1313 5088 1367 5136 et
1403 5080 1547 5135 Luca
1588 5095 1709 5134 cum
1752 5078 1949 5150 quibus

348 5166 584 5221 libenter
610 5166 738 5220 ibat.

409 5282 580 5337 Vnus.
613 5283 702 5338 23.
734 5310 804 5321 —
830 5282 971 5338 Sive.
1025 5281 1125 5337 Vel
1180 5281 1297 5339 sive
1350 5297 1451 5354 per
1501 5290 1682 5355 patres
1735 5288 1945 5339 vestros

344 5369 623 5443 apostolos
649 5368 1017 5425 Ecclesiarum
1042 5370 1109 5426 ad
1140 5371 1366 5443 gloriam
1395 5371 1515 5441 Dei,
1563 5372 1620 5427 id
1664 5378 1746 5426 est
1799 5370 1944 5441 quod

340 5459 447 5532 ipsi
477 5466 604 5515 sunt
630 5457 861 5530 apostoli
887 5459 1277 5526 Ecclesiarum,
1325 5461 1428 5516 hoc
1472 5469 1556 5517 est
1604 5459 1794 5533 gloria
1840 5458 1943 5513 Dei

340 5547 558 5614 Christi,
594 5547 650 5602 id
679 5555 762 5603 est
788 5547 857 5601 ad
901 5546 1127 5618 gloriam
1175 5548 1405 5604 Christi:
1439 5550 1562 5621 quia
1608 5549 1663 5603 in
1710 5548 1790 5604 eis
1832 5561 1942 5602 non

339 5635 644 5702 hominum,
672 5635 770 5692 sed
796 5635 996 5692 Christi
1025 5635 1197 5708 gloria
1229 5645 1331 5692 est.

2065 4653 2441 4725 eleemosynas
2463 4653 2666 4709 invito:
2699 4654 2913 4709 Paulus
2942 4669 3073 4709 vere
3108 4654 3363 4722 humilis,
3405 4669 3514 4710 non
3562 4672 3661 4709 su-

2057 4743 2261 4813 perbus
2289 4742 2408 4813 ipse
2438 4742 2529 4813 qui
2559 4742 2693 4797 alios
2723 4742 2793 4796 ad
2831 4741 3207 4815 eleemosynas
3248 4757 3465 4811 moneo,
3514 4743 3661 4799 idem

2051 4830 2209 4888 vobis
2238 4831 2330 4902 qui
2359 4830 2487 4901 illis,
2519 4831 2767 4897 obsecro,
2801 4829 2947 4899 dico,
2982 4838 3087 4887 etc.

2124 4921 2295 4976 Vsus.
2345 4923 2398 4974 3.
2430 4950 2500 4960 —
2529 4921 2650 4975 Non
2681 4919 2996 4976 secundum
3034 4911 3281 4976 carnem
3312 4919 3655 4976 militamus.

2046 5008 2170 5064 Non
2213 5008 2357 5063 enim
2392 5007 2639 5062 militiam
2667 5024 2698 5062 a
2737 5009 2853 5064 Deo
2899 5008 3060 5064 nobis
3105 5008 3291 5063 datam
3338 5024 3659 5065 exercemus

2058 5097 2359 5153 secundum
2380 5111 2617 5165 carnem,
2641 5096 2699 5152 id
2720 5104 2821 5162 est,
2846 5112 2946 5167 pro
2962 5105 3178 5152 terreno
3198 5096 3508 5153 commodo.

2118 5195 2295 5249 Vnus.
2327 5195 2379 5248 4,
2412 5224 2481 5234 -
2521 5194 2604 5249 Ad
2647 5193 3092 5250 destructionem
3141 5196 3551 5250 munitionum.
3593 5195 3662 5250 Ut

2051 5283 2404 5339 destruantur
2431 5281 2655 5338 consilia
2702 5281 2932 5337 diversis
2961 5281 3349 5338 calliditatibus
3375 5282 3657 5337 hominum

2051 5388 2147 5427 seu
2170 5372 2479 5427 damonum
2510 5371 2735 5427 munita.
2769 5372 3127 5436 Munitiones,
3175 5380 3280 5427 etc.
3332 5371 3659 5427 Munitiones

2053 5468 2177 5515 sunt
2206 5461 2371 5516 corda
2401 5458 2720 5526 inﬁdelium,
2753 5476 2874 5531 qua
2906 5458 3155 5514 diabolus
3186 5458 3410 5526 obtinet,
3447 5467 3504 5514 et
3538 5476 3659 5515 mu-

2050 5549 2126 5605 nit
2156 5549 2391 5604 diversis
2421 5549 2715 5615 erroribus,
2746 5565 2815 5603 ne
2842 5548 3069 5604 verbum
3100 5546 3200 5602 Dei
3231 5548 3404 5619 possit
3448 5547 3657 5603 intrare

2051 5654 2152 5711 per
2190 5636 2373 5705 fidem,
2424 5636 2511 5692 vel
2559 5653 2659 5708 per
2704 5635 3110 5692 similitudinem
3156 5635 3535 5692 munitionum.
3586 5637 3656 5692 Et

411 5725 582 5782 Vsus.
616 5727 706 5784 24.
739 5756 808 5769 —
839 5726 1249 5787 Ostensionem.
1281 5726 1344 5784 Id
1370 5733 1455 5784 est
1480 5726 1793 5785 charitatem
1839 5739 1939 5783 ve-
2042 5727 2114 5785 ad
2138 5728 2257 5786 haec
2284 5726 2686 5786 devincendum
2714 5725 2931 5785 valeant
2957 5741 3109 5783 arma
3378 5724 3653 5800 Apostoli,
