3948 6178
337 196 448 250 565

1237 193 1509 252 GLOSSA
1537 193 1946 252 ORDINARIA.
1968 225 2048 292 .—-
2103 198 2318 254 EPIST.
2350 200 2399 254 II
2429 200 2522 255 AD
2555 200 2712 257 COR.

3542 208 3650 264 566

337 326 395 374 et
420 318 664 374 ostendit
691 318 1007 375 munitionis
1052 319 1199 375 illius
1235 329 1442 391 partes,
1495 319 1721 388 scilicet,
1756 320 1942 377 consi-
1963 322 2022 383 A
2121 323 2291 379 Vens.
2327 328 2412 380 18.
2436 355 2506 366 -
2539 326 2644 382 Sed
2671 342 2836 399 quem
2866 328 3029 382 Deus.
3078 325 3236 382 Illum
3290 329 3437 384 Deus
3484 343 3642 385 com-

417 495 591 552 Vens.
625 499 677 552 6.
709 526 780 538 —
807 499 879 552 Et
908 499 971 552 in
997 501 1268 570 promptu
1314 498 1601 553 habentes.
1645 497 1786 566 Quia
1814 497 1949 552 nihil

343 599 449 640 nos
490 585 770 640 remordet
816 601 924 656 quo
969 586 1149 640 minus
1195 586 1513 640 audeamus.
1567 587 1787 654 Ulcisci,
1840 595 1944 642 etc.

341 673 498 728 Tunc
527 673 725 744 aliquis
754 673 992 728 vindicat
1019 674 1462 741 inobedientiam,
1499 690 1622 730 cum
1650 674 1798 729 illam
1819 689 1952 730 con-

343 761 573 816 demnat
600 777 699 832 per
728 762 1114 816 obedientiam.
1136 763 1285 817 Tunc
1310 763 1457 816 illam
1478 763 1708 817 destruit
1729 763 1948 833 quando

341 849 472 904 illos
517 850 608 922 qui
653 849 929 917 resistunt,
978 851 1224 920 perducit
1254 851 1324 905 ad
1353 849 1537 906 ﬁdem.
1586 851 1656 904 Et
1700 852 1817 906 haec
1866 859 1950 906 est

344 937 518 1010 digna
546 937 699 1004 ultio,
733 947 791 992 ut
818 938 1047 1009 perﬁdia
1076 940 1146 994 ab
1174 939 1260 993 his
1292 939 1487 1010 quibus
1525 938 1941 1006 defendebatur,

345 1026 656 1081 damnetur.

420 1116 592 1170 Vens.
627 1116 681 1170 '7.
708 1144 778 1155 —
811 1115 940 1182 Quae
984 1116 1294 1171 secundum
1342 1117 1573 1187 faciem.
1624 1115 1792 1170 Multa
1839 1115 1950 1170 dixi

349 1203 554 1275 quibus
586 1203 800 1258 ostendi
833 1204 989 1258 vobis
1019 1204 1196 1275 potius
1227 1205 1427 1258 debere
1456 1220 1558 1259 nos
1589 1204 1744 1275 sequi
1787 1220 1950 1276 quam

346 1293 580 1364 pseudo,
617 1293 770 1365 quasi
805 1293 1011 1348 diceret
1044 1309 1056 1347 :
1092 1293 1148 1347 Si
1177 1293 1334 1348 vobis
1365 1309 1474 1347 non
1522 1293 1791 1348 suﬂiciunt
1830 1310 1951 1364 qua:

345 1381 477 1448 dixi,
515 1398 684 1453 quare
714 1397 802 1436 me
831 1382 1011 1452 potius
1041 1397 1202 1452 quam
1228 1381 1438 1451 pseudo
1469 1382 1773 1452 sequamini
1803 1382 1830 1436 ‘2
1859 1382 1951 1436 Vi-

345 1469 472 1524 dete
503 1470 620 1524 haec
651 1486 772 1541 quae
801 1471 1097 1525 secundum
1129 1469 1342 1536 faciem,
1368 1470 1421 1524 id
1443 1478 1544 1536 est,
1577 1470 1653 1526 ita
1681 1469 1953 1528 evidentia

343 1566 490 1624 sunt,
526 1558 667 1613 sicut
697 1574 758 1613 ea
789 1575 910 1630 quae
939 1566 1062 1613 sunt
1095 1559 1340 1627 subjecta
1370 1559 1560 1614 oculis.

421 1673 594 1727 Vens.
633 1677 684 1728 8.
717 1703 786 1712 —
815 1673 935 1728 Non
975 1673 1316 1728 erubescam.
1370 1672 1511 1741 Quia
1540 1679 1594 1726 et
1622 1688 1813 1728 verum
1846 1680 1946 1740 est,
1973 1677 2025 1737 Β
2132 1698 2304 1752 νεκε,
2337 1702 2390 1755 2,
2423 1728 2492 1738 _

344 1768 398 1816 et
427 1777 540 1816 non
576 1761 646 1816 ad
676 1760 907 1834 gloriam
935 1777 1132 1828 meam,
1165 1761 1263 1816 sed
1292 1761 1398 1817 hoc
1451 1761 1646 1816 dicitur
1689 1761 1760 1815 ad
1813 1762 1956 1816 utili-

345 1857 518 1905 tatem
551 1859 815 1906 vestram.

422 1966 594 2020 Vens.
631 1968 680 2021 9.
703 1995 773 2004 —
804 1966 871 2022 Ut
899 1969 1094 2020 autem
1125 1981 1240 2021 non
1276 1965 1605 2020 existimer.
1631 1965 1730 2021 Hic
1760 1963 1891 2020 dicit
1907 1981 1966 2021 se

344 2070 466 2110 cum
496 2069 741 2124 praesens
780 2053 959 2121 fuerit,
1015 2070 1182 2124 opere
1233 2053 1461 2124 implere
1558 2054 1706 2126 quod
1756 2055 1959 2109 absens

358 2143 532 2197 verbo
560 2142 817 2196 minatur.
852 2143 966 2197 Hoc
985 2151 1167 2197 autem
1187 2142 1315 2198 dicit
1335 2142 1624 2197 occasione
1671 2142 1818 2197 illius
1839 2159 1963 2197 sen-

352 2229 537 2285 tentia
570 2247 584 2284 ε
644 2231 841 2304 parati
875 2232 1078 2286 ulcisci
1097 2247 1321 2286 omnem
1360 2231 1797 2286 inobedientiam
1829 2250 1848 2286 :
1880 2239 1956 2298 ut,

351 2319 545 2390 inquit,
579 2335 690 2374 non
721 2319 997 2374 existimer
1023 2337 1053 2373 a
1084 2320 1240 2374 vobis
1275 2327 1485 2374 tantum
1516 2329 1722 2375 terrere
1753 2319 1955 2388 verbis,

363 2416 414 2463 et
435 2423 606 2478 opere
628 2408 797 2478 (quod
818 2408 998 2462 minor
1040 2407 1245 2477 verbis)
1304 2424 1414 2462 non
1462 2399 1706 2478 implere,
1768 2408 1953 2464 sciatis

361 2497 511 2569 quod
533 2496 710 2551 minor
728 2495 911 2551 verbis
941 2496 1264 2566 impleturus
1295 2513 1414 2550 sum
1445 2495 1623 2552 factis.

425 2587 598 2640 Vens.
633 2589 718 2641 11.
743 2615 812 2625 --
831 2587 939 2641 Hoc
957 2587 1182 2657 cogitet,
1216 2593 1320 2640 etc.
1345 2585 1556 2656 (H1en.)
1583 2585 1666 2640 Ne
1696 2584 1816 2658 quis
1845 2601 1953 2656 pu-

353 2682 428 2730 tet
457 2690 547 2729 me
565 2674 658 2728 illa
690 2673 1026 2742 comminari,
1090 2681 1218 2740 etc.,
1268 2689 1442 2747 usque
1475 2674 1548 2730 ad
1578 2682 1631 2729 et
1670 2675 1954 2746 peccanti-

353 2763 455 2817 bus
475 2779 576 2834 per
604 2762 955 2818 severitatem
1000 2761 1156 2816 fortis
1196 2762 1388 2817 existo.

428 2852 606 2907 Tales.
649 2850 790 2920 Quia
827 2851 874 2905 si
902 2851 1032 2905 vitia
1061 2858 1245 2906 vestra
1273 2851 1645 2922 palparemus,
1671 2859 1800 2907 tunc
1838 2866 1949 2907 non

353 2938 770 3009 aadiﬁcaremus,
804 2939 902 2995 sed
933 2940 1362 2994 destrueremus.

2050 413 2271 466 mendat
2300 421 2353 467 et
2407 415 2668 484 probatus
2714 423 2816 480 est,
2877 431 3040 486 quem
3093 416 3320 487 dignum
3365 418 3548 485 habet,
3581 433 3644 473 ac

2049 501 2208 554 mittit
2238 510 2294 555 ut
2324 503 2576 572 praedicet
2597 504 2797 557 donum
2829 505 2943 572 ejus
2969 522 2981 558 :
3017 520 3179 574 quem
3207 521 3316 560 non
3332 505 3512 576 mittit,
3537 521 3646 563 non

2050 591 2412 660 commendat,
2448 591 2576 662 quia
2595 607 2705 646 non
2734 592 2936 647 missus
2965 592 3250 663 praedicat.

2671 761 2900 816 CAPUT
2926 762 3024 816 XI.

2123 901 2292 955 Vens.
2329 903 2689 958 L—Utinam
2710 905 3089 972 sustineretis,
3122 912 3224 960 etc.
3258 903 3429 973 Quasi
3460 923 3488 960 :.
3509 905 3648 961 Glo-

2051 988 2163 1042 rior
2217 989 2286 1043 de
2342 989 2607 1060 regimine
2663 990 2835 1061 (quod
2891 991 3105 1047 videtur
3153 992 3502 1064 insipientia),
3545 995 3646 1051 sed

2049 1079 2277 1132 utinam
2305 1079 2691 1142 sustineretis,
2713 1088 2814 1134 etc.
2832 1080 3201 1149 Insipientiam
3222 1081 3348 1135 dicit
3371 1082 3649 1152 gloriatio-

2053 1181 2177 1219 nem
2206 1166 2506 1220 secundum
2539 1182 2780 1232 carnem,
2805 1183 2872 1222 ne
2903 1168 2957 1222 in
2989 1183 3052 1222 eo
3083 1169 3187 1222 illis
3217 1169 3467 1224 videatur
3496 1169 3641 1226 infe-

2051 1255 2162 1308 rior
2192 1269 2353 1324 quam
2381 1255 2495 1324 ipse
2528 1254 2745 1326 quidem
2777 1271 2886 1309 non
2948 1264 3118 1324 curat,
3153 1257 3248 1311 sed
3280 1258 3506 1328 prodest
3535 1258 3647 1314 Co-

2051 1343 2263 1396 rinthiis
2294 1344 2361 1396 de
2395 1359 2460 1397 ea
2490 1359 2678 1416 agere.
2712 1345 3078 1416 Insipientice.
3114 1344 3255 1414 Quia
3295 1346 3498 1402 dictum
3530 1355 3643 1403 est:

2051 1432 2172 1486 Non
2205 1440 2255 1486 te
2310 1432 2531 1485 laudent
2586 1432 2723 1486 labia
2780 1441 2892 1499 tua,
2945 1433 3042 1487 sed
3089 1435 3322 1504 proximi
3352 1435 3448 1490 tui.
3502 1437 3644 1510 Sup-

2046 1525 2290 1592 portate.
2325 1519 2492 1588 Quasi
2550 1519 2696 1576 dicat
2729 1539 2742 1575 :
2776 1522 2843 1576 Et
2864 1521 2907 1575 si
2929 1537 3290 1592 gravem,vos
3320 1531 3510 1581 tamen
3547 1539 3654 1598 pa-

2051 1609 2250 1664 tienter
2280 1608 2434 1664 ferte.

2520 1699 2795 1756 xEmulor.
2829 1699 3117 1755 Emulatio
3170 1707 3253 1755 est
3294 1709 3521 1773 propter
3547 1700 3652 1758 alie

2061 1803 2191 1841 num
2221 1794 2422 1841 statum
2453 1795 2631 1842 motus
2657 1787 2870 1853 mentis,
2907 1788 2996 1844 vel
3027 1789 3081 1842 in
3112 1790 3316 1845 bonum
3346 1790 3433 1846 vel
3461 1791 3518 1845 in
3537 1805 3656 1846 ma-

2060 1875 2191 1928 lum.
2228 1875 2327 1930 Hic
2357 1876 2561 1929 amoris
2592 1883 2693 1944 est,
2725 1891 2835 1930 non
2875 1876 3083 1943 livoris,
3147 1878 3270 1948 quia
3328 1878 3505 1950 diligit
3559 1895 3658 1936 eos

2061 1963 2402 2017 aemulatione
2433 1963 2552 2029 Dei,
2587 1963 2640 2016 id
2671 1973 2754 2018 est
2783 1981 2943 2036 quam
2973 1966 3120 2019 Deus
3151 1965 3342 2036 spiritu
3381 1982 3482 2022 suo
3536 1967 3655 2022 ins-

2061 2053 2224 2124 pirat,
2257 2068 2359 2124 per
2378 2052 2482 2107 hoc
2511 2053 2748 2107 ostendit
2769 2069 2830 2107 ea
2862 2069 2983 2124 qum
3013 2053 3176 2120 dicet,
3235 2069 3426 2110 amore
3465 2071 3656 2112 eorum

2063 2158 2122 2195 se
2152 2141 2443 2204 dicturum,
2476 2156 2586 2195 non
2618 2149 2674 2194 ut
2705 2141 2774 2195 ad
2805 2140 3020 2196 laudem
3051 2142 3167 2211 ejus
3200 2141 3507 2213 proficiant,
3563 2144 3662 2201 sed

2063 2230 2130 2284 ad
2162 2231 2357 2284 horum
2387 2228 2714 2300 profectum.
2784 2232 2878 2286 Vos
2908 2231 3031 2285 uni.
3092 2233 3137 2285 A
3183 2231 3383 2301 plurali
3429 2232 3498 2287 ad
3557 2233 3664 2287 sin-

2062 2318 2252 2391 gulare
2272 2317 2572 2387 descendit,
2595 2318 2784 2373 volens
2841 2319 3069 2390 intelligi
3127 2327 3296 2374 totam
3353 2321 3659 2376 Ecclesiam

2067 2407 2337 2478 virginem
2371 2423 2514 2472 esse,
2538 2413 2591 2460 et
2619 2407 2674 2460 in
2706 2407 2956 2462 omnibus
2985 2407 3128 2462 veris
3176 2409 3438 2464 membris
3492 2409 3666 2483 virgi-

2061 2497 2225 2550 nitate
2252 2495 2453 2550 mentis
2482 2495 2604 2568 (etsi
2652 2511 2761 2550 non
2791 2496 3060 2567 corporis)
3082 2513 3325 2553 servare.
3358 2498 3659 2570 Virginitas

2061 2585 2260 2651 carnis,
2295 2600 2491 2654 corpus
2523 2591 2606 2638 est
2641 2583 2940 2640 intactum:
2974 2586 3090 2641 haec
3137 2585 3425 2659 virginitas
3452 2602 3658 2658 pauco-

2062 2691 2183 2728 rum
2207 2681 2308 2729 est.
2342 2673 2636 2744 Virginitas
2669 2673 2852 2728 cordis
2884 2674 3019 2730 fides
3051 2682 3135 2730 est
3161 2673 3507 2748 incorrupta:
3539 2677 3659 2734 hac

2065 2772 2145 2818 est
2177 2761 2418 2818 omnium
2451 2759 2712 2816 fidelium.
3244 2825 3251 2836 ν

2134 2851 2293 2907 Vers.
2335 2855 2387 2904 3.
2419 2879 2488 2890 —
2521 2852 2702 2905 Timeo
2732 2854 2944 2906 autem.
2977 2849 3188 2923 (Hien.)
3221 2851 3457 2924 Serpens
3486 2853 3661 2908 Evam

2065 2940 2132 2995 de
2160 2939 2278 2995 Deo
2297 2937 2610 2993 mentiendo
2641 2937 2871 3005 seduxit,
2905 2946 3032 3008 etc.,
3093 2956 3268 3012 usque
3323 2941 3396 2996 ad
3447 2941 3663 3012 penitus

420 3043 593 3097 νεεδ,
628 3046 713 3098 12,
747 3071 817 3083 -..
844 3043 964 3098 Non
990 3043 1144 3098 enim
1181 3042 1476 3110 audemus,
1501 3050 1604 3098 etc.
1632 3041 1794 3098 Tales
1840 3041 1946 3098 eri-
1992 3034 2041 3098 Ο
2062 3045 2174 3084 non
2211 3044 2352 3094 esse,
2385 3035 2476 3082 aut
2495 3034 2749 3083 aaternam
2779 3042 2888 3082 11011
2914 3044 3037 3084 esse
3071 3028 3305 3085 afﬁrmat
3328 3038 3518 3087 contra
3535 3045 3665 3087 auc-

354 3148 473 3186 mus
505 3130 672 3196 facto,
702 3131 825 3203 quia
855 3146 964 3186 non
986 3147 1175 3185 sumus
1197 3131 1400 3185 similes
1421 3132 1651 3202 pseudo,
1678 3132 1770 3204 qui
1800 3146 1952 3187 usur-

353 3227 486 3292 pant
514 3219 619 3274 sibi
650 3227 992 3290 potestatem,
1035 3228 1088 3275 et
1117 3219 1247 3274 vitia
1275 3219 1516 3291 palpant.
1558 3221 1628 3274 Et
1657 3222 1762 3276 hoc
1817 3228 1899 3275 est
1933 3237 1946 3274 :

350 3318 472 3372 Non
493 3316 788 3372 inserimus
818 3333 919 3372 nos
950 3316 1296 3389 quibusdam,
1350 3316 1404 3371 id
1454 3325 1555 3385 est,
1599 3317 1809 3388 pseudo
1859 3317 1952 3390 qui

355 3405 752 3473 commendant,
785 3405 841 3460 id
871 3415 971 3475 est,
1006 3414 1273 3476 usurpant
1287 3413 1633 3476 potestatem.
1659 3405 1817 3474 Quod
1847 3413 1948 3474 est,

357 3494 461 3549 non
491 3494 746 3565 ponimus
777 3510 878 3549 nos
910 3493 964 3547 in
994 3510 1224 3549 numero
1254 3493 1491 3563 illorum,
1525 3503 1582 3549 ut
1626 3503 1952 3566 potestatem

359 3599 703 3654 usurpamus,
730 3583 828 3638 sed
858 3598 888 3636 a
908 3585 1024 3638 Deo
1053 3583 1380 3654 accepimus.
1416 3585 1522 3637 Aut
1577 3600 1686 3639 non
1725 3599 1953 3655 compa-

359 3688 545 3726 ramus
576 3688 678 3726 nos
693 3671 798 3726 illis
818 3680 894 3738 ut,
931 3673 1068 3727 sicut
1098 3672 1193 3739 illi,
1227 3673 1508 3726 adulemur
1545 3673 1700 3727 vobis
1749 3681 1801 3728 et
1830 3673 1958 3728 vitia

357 3769 538 3815 vestra
567 3761 852 3832 palpemus
886 3778 898 3814 :
935 3761 1080 3833 quod
1110 3769 1297 3832 posset
1328 3761 1494 3816 etiam
1525 3762 1735 3816 habens
1762 3771 1956 3833 potes-

361 3856 548 3905 tatem.

427 3967 600 4022 Vens.
633 3970 717 4020 13.
751 3995 820 4006 -
851 3967 955 4023 Nos
1001 3970 1213 4034 autem,
1249 3975 1351 4022 etc.
1388 3966 1537 4023 Sicut
1567 3966 1646 4022 illi
1678 3967 1772 4038 qui
1800 3984 1960 4022 usur-

353 4055 532 4126 pando
563 4054 862 4127 gloriantur
918 4055 1058 4110 ultra
1113 4071 1448 4111 mensuram.
1508 4057 1611 4112 Sed
1647 4058 1961 4113 secundum

352 4162 701 4201 mensuram.
736 4145 837 4199 Dei
865 4145 1010 4200 enim
1048 4154 1180 4199 nutu
1230 4145 1525 4202 Corinthiis
1572 4146 1960 4218 evangelizare

358 4235 596 4288 monitus
629 4241 728 4288 est.
765 4234 1023 4287 Partitum
1083 4241 1197 4288 erat
1236 4233 1527 4304 unicuique
1585 4233 1652 4288 ad
1712 4251 1848 4306 quos
1901 4236 1954 4289 in

359 4322 745 4393 praedicatione
775 4322 1125 4395 dirigeretur,
1159 4330 1218 4377 ut
1249 4323 1449 4395 singuli
1480 4322 1690 4395 aliquos
1721 4323 1952 4394 populos

2048 3118 2324 3174 toritatem
2344 3117 2586 3172 omnium
2609 3116 3023 3188 Scripturarum.

2122 3233 2292 3287 Vens.
2339 3231 2388 3286 4.
2421 3261 2491 3272 --
2519 3232 2662 3287 Nam
2692 3231 2742 3287 si
2788 3233 2838 3287 is
2885 3232 2982 3304 qui
3033 3233 3205 3289 venit.
3254 3233 3377 3288 Non
3437 3233 3656 3290 missus.

2053 3324 2218 3378 Recte
2258 3321 2628 3393 pateremini.
2679 3320 2734 3376 Si
2773 3320 2979 3392 aliquid
3018 3322 3190 3392 majus
3241 3322 3396 3378 vobis
3446 3323 3516 3378 sit
3563 3338 3664 3394 per

2055 3426 2150 3466 eos
2177 3425 2338 3482 quam
2368 3425 2469 3481 per
2498 3425 2618 3476 nos,
2681 3417 2805 3464 tunc
2865 3417 3009 3465 recte
3053 3411 3397 3482 pateremini.
3459 3411 3665 3468 Galatis

2056 3500 2343 3554 anathema
2372 3497 2523 3564 dicit,
2558 3498 2605 3552 si
2634 3497 2782 3552 aliud
2813 3498 3140 3569 reciperent,
3166 3501 3312 3572 quod
3342 3516 3450 3557 non
3479 3501 3664 3573 utique

2054 3588 2227 3657 majus
2257 3594 2422 3654 esset,
2457 3585 2556 3642 sed
2599 3586 2948 3642 contrarium.

2130 3703 2298 3758 Vens.
2324 3705 2375 3756 5.
2407 3732 2478 3742 —-
2505 3703 2808 3758 Existimo.
2841 3732 2911 3742 —
2943 3702 3113 3774 Supra
3143 3702 3254 3774 egit
3283 3703 3350 3759 de
3379 3702 3656 3775 pseudoa-

2057 3791 2304 3864 postolis,
2336 3807 2479 3846 nunc
2507 3791 2575 3846 de
2607 3790 2771 3857 veris,
2807 3790 3003 3863 quibus
3060 3791 3256 3845 Paulus
3306 3791 3534 3848 inferior
3571 3793 3660 3848 vi-

2059 3881 2323 3946 debatur;
2357 3879 2483 3952 quia
2504 3894 2611 3934 non
2644 3878 2819 3934 fuerat
2850 3895 2974 3934 cum
3004 3880 3133 3935 Jesu
3154 3888 3524 3936 conversatus.

2134 3984 2302 4038 Vens.
2339 3987 2389 4037 6.
2451 4013 2518 4022 —
2562 3983 2702 4037 Nam
2733 3983 2838 4037 etsi
2893 3983 3214 4055 imperitus.
3274 3983 3391 4038 Hoc
3437 3999 3548 4040 non
3593 3983 3663 4040 ad

2063 4072 2338 4143 apostolos
2370 4071 2618 4142 pertinet,
2653 4071 2780 4142 quia
2819 4085 2928 4126 non
2970 4079 3121 4126 erant
3175 4071 3511 4145 eloquentes,
3564 4071 3662 4128 sed

2065 4161 2133 4215 ad
2163 4161 2390 4231 pseudo,
2423 4159 2516 4231 qui
2545 4159 2945 4230 componebant
2976 4160 3162 4216 verba.
3196 4162 3487 4232 Imperitus
3526 4176 3662 4234 ergo

2068 4264 2320 4304 sermone
2351 4265 2458 4303 non
2491 4257 2573 4303 est
2605 4265 2730 4304 reus
2762 4250 2903 4320 apud
2931 4251 3124 4317 Deum,
3150 4250 3248 4306 sed
3281 4251 3372 4322 qui
3402 4266 3514 4306 non
3565 4251 3663 4305 ha-

2069 4340 2154 4394 bet
2179 4338 2463 4394 scientiam
2485 4339 2604 4404 Dei,
2641 4355 2761 4410 quae
2797 4339 3030 4409 pertinet
3059 4338 3129 4393 ad
3162 4340 3411 4394 salutem.

361 4411 627 4466 haberent
657 4411 927 4481 proprios,
953 4411 1021 4464 de
1053 4427 1283 4482 quorum
1315 4410 1418 4466 ﬁde
1449 4412 1833 4483 gloriarentur.
1869 4413 1951 4468 Ad
1979 4398 2036 4461 D
2131 4429 2300 4482 VERS,
2335 4430 2386 4480 7,
2421 4456 2490 4466 ...
2523 4398 3010 4498 ρτλοφξίαῃιάναιίε
3044 4429 3433 4498 Ευαηθειίαγη,
3487 4428 3664 4483 Minus

363 4499 612 4570 regulam
639 4506 819 4554 autem
842 4499 1086 4569 Apostoli
1114 4499 1194 4554 illi
1215 4515 1404 4554 omnes
1433 4501 1795 4570 pertinebant,
1821 4518 1959 4573 quos

361 4587 416 4642 in
445 4589 553 4642 lide
599 4587 953 4643 fundaverat:
1001 4588 1093 4660 qui
1141 4589 1213 4644 ad
1260 4604 1450 4644 omnes
1498 4588 1699 4643 missus
1756 4598 1871 4644 erat
1927 4606 1960 4644 a

363 4677 497 4732 Deo.

431 4784 604 4838 Vens.
631 4785 716 4837 15.
751 4813 820 4823 -
840 4783 959 4839 Νοη
987 4785 1052 4838 in
1075 4785 1280 4840 alienis
1312 4785 1607 4842 laboribus.
1639 4785 1756 4842 Hoc
1775 4786 1957 4841 facere

356 4880 499 4928 esset
531 4871 670 4926 ultra
698 4888 1014 4927 mensuram
1046 4873 1311 4943 gloriari;
1353 4873 1450 4930 sed
1500 4891 1653 4945 spem
1695 4875 1958 4930 habentes

361 4961 416 5014 in
447 4961 637 5015 vobis:
669 4961 724 5015 id
754 4969 856 5027 est,
887 4979 988 5032 per
1020 4978 1117 5016 vos
1154 4962 1498 5034 magniticari
1524 4964 1667 5034 apud
1706 4964 1863 5030 alios,
1907 4971 1960 5018 et

367 5050 742 5120 evangelizare
774 5051 1076 5105 secundum
1134 5051 1380 5123 regulam
1439 5062 1698 5118 nostram,
1749 5053 1804 5107 id
1853 5061 1954 5120 est,

363 5139 662 5193 secundum
690 5139 834 5209 quod
864 5154 896 5192 a
936 5141 1050 5193 Deo
1075 5138 1370 5207 injunctum
1421 5149 1520 5206 est,
1555 5158 1665 5196 non
1693 5142 1958 5196 habentes

365 5243 518 5297 spem
548 5227 775 5298 gloriari
805 5227 860 5280 in
889 5227 1065 5282 aliena
1096 5228 1305 5301 regula.

435 5333 606 5387 Vens.
641 5335 726 5387 l7.
751 5364 820 5374 —-
854 5335 957 5403 Qui
987 5339 1179 5391 autem
1198 5337 1495 5407 gloriatur.
1537 5338 1659 5410 Ego
1694 5354 1801 5392 non
1832 5338 1957 5410 glo-

366 5421 548 5476 riabor
579 5421 636 5475 in
665 5422 838 5477 aliena
869 5425 1076 5496 regula.
1115 5424 1375 5480 Similiter
1395 5433 1578 5480 autem
1610 5427 1701 5498 qui
1749 5427 1955 5498 gloria-

367 5517 454 5564 tur
482 5510 538 5564 id
570 5519 652 5565 est
682 5511 794 5567 vult
823 5520 1148 5582 potestatem
1179 5529 1455 5583 exercere,
1491 5514 1545 5569 in
1595 5516 1844 5584 Domino,
1903 5516 1957 5569 id

368 5607 449 5655 est
475 5598 531 5654 in
549 5615 810 5656 mensura
829 5617 859 5654 a
879 5602 994 5657 Deo
1015 5602 1143 5657 datu
1174 5602 1458 5675 glorietur.

2058 4531 2165 4571 non
2196 4515 2321 4582 feci,
2357 4515 2451 4570 sed
2482 4516 2642 4587 plus:
2676 4514 2798 4585 quia
2847 4515 3020 4586 gratis
3048 4556 3062 4584 ,
3113 4513 3257 4570 unde
3305 4517 3436 4571 mihi
3481 4516 3667 4573 irasci-

2057 4605 2209 4674 mini,
2244 4612 2298 4659 et
2325 4605 2463 4659 alios
2507 4603 2637 4657 mihi
2691 4603 3051 4673 praeponitis:
3100 4619 3223 4659 cum
3271 4604 3373 4659 hoc
3420 4621 3528 4660 non
3588 4607 3655 4660 sit

2060 4695 2288 4765 peccati,
2316 4694 2412 4748 sed
2452 4693 2661 4764 gloriae.

2129 4784 2298 4838 Vens.
2327 4785 2410 4836 10.
2437 4812 2506 4821 -
2534 4784 2633 4836 Est
2673 4781 2902 4836 veritas.
2959 4780 3174 4854 (HIER.)
3228 4782 3379 4838 Sicut
3414 4783 3664 4838 Christus

2057 4871 2226 4949 semel
2255 4871 2454 4940 statuit,
2479 4887 2579 4925 nec
2608 4869 2848 4940 negavit,
2885 4884 3113 4925 necesse
3144 4880 3229 4925 est
3261 4880 3318 4926 ut
3360 4873 3527 4927 etiam
3558 4889 3663 4944 ego

2057 4978 2165 5016 non
2194 4961 2451 5015 mentitus
2479 4960 2552 5013 ita
2585 4957 2799 5013 faciam.
2832 4959 2898 5015 Ut
2924 4960 2987 5014 in
3020 4977 3124 5031 quo
3151 4962 3498 5031 gloriantur.
3529 4961 3662 5017 Glo-

2057 5051 2267 5104 riantur
2295 5051 2349 5103 in
2399 5047 2735 5118 accipiendo,
2770 5048 2866 5101 sed
2914 5063 3001 5102 me
3031 5065 3141 5103 non
3173 5051 3495 5121 accipiente,
3555 5068 3664 5105 non

2057 5139 2341 5209 accipient.
2403 5139 2543 5192 Nam
2595 5137 2888 5207 ejusmodi,
2924 5144 3028 5192 etc.
3089 5139 3467 5195 [nveniantur
3519 5141 3671 5195 sicut

2056 5232 2114 5284 et
2133 5245 2251 5283 nos.
2287 5227 2346 5280 Id
2369 5235 2467 5292 est,
2503 5224 2706 5279 similes
2738 5223 2916 5280 nobis.
2951 5227 3015 5281 In
3036 5244 3178 5299 quo,
3223 5228 3276 5283 id
3325 5237 3425 5296 est,
3471 5229 3525 5283 in
3557 5228 3662 5282 hoc

2056 5317 2200 5388 quod
2227 5315 2532 5389 glorientur
2562 5331 2621 5368 se
2652 5329 2774 5367 esse
2805 5314 3012 5370 similes
3043 5317 3222 5372 nobis.

2124 5424 2295 5478 Vens.
2334 5426 2416 5477 13.
2451 5453 2520 5461 -
2555 5421 3044 5492 Transﬁgurantes
3091 5441 3168 5479 se.
3210 5425 3294 5479 Ad
3342 5421 3656 5478 tentandum

2057 5528 2151 5566 eos
2173 5527 2310 5583 quos
2339 5511 2411 5566 ita
2441 5511 2660 5566 erudire
2701 5524 2838 5580 opus
2871 5519 2972 5566 est.
3018 5514 3116 5568 Vel
3163 5514 3232 5568 ad
3275 5510 3656 5580 decipiendum

2053 5609 2215 5672 prout
2239 5601 2443 5669 justum
2473 5608 2572 5656 est.
2606 5599 2689 5655 Ad
2744 5600 2850 5655 hoc
2895 5617 3097 5673 magna
3135 5601 3234 5656 Dei
3279 5598 3658 5656 misericordia
