3964 6178
285 190 389 246 567

856 186 1262 244 WALAFRIDI
1284 186 1529 244 STRABI
1551 186 1750 243 FULD.
1781 185 1935 242 MON
1964 185 2115 243 OPP.
2151 187 2329 245 PARS
2360 189 2384 244 Ι
2413 218 2483 231 —-
2501 188 2977 247 THEOLOGICA.

3490 194 3595 247 568

283 312 592 371 necessaria
635 318 736 382 est,
794 327 863 367 ne
917 311 1208 384 quisquam
1248 326 1373 368 cum
1430 310 1658 383 angelos
1707 311 1880 366 bonos
1902 310 1959 371 A
1987 326 2199 379 carnes,
2231 312 2287 368 id
2305 320 2389 368 est
2443 312 2813 384 perfectorum
2872 313 2965 385 qui
3017 321 3238 385 portant
3293 321 3351 370 et
3393 323 3600 386 regunt

284 402 494 458 amicos
521 417 582 456 se
611 400 811 455 habere
840 407 1013 471 putat,
1047 398 1246 455 habeat
1268 400 1443 454 malos
1472 400 1767 467 dazmones,
1799 398 1887 454 fic-

286 497 371 547 tos
402 489 649 556 amicos;
681 504 886 560 eosque
917 496 1066 543 tanto
1096 488 1464 555 nocentiores,
1496 495 1693 559 quanto
1742 495 1889 543 astu-

285 578 453 634 tiores
481 593 545 633 ac
576 576 890 634 fallaciores
917 576 1121 648 patitur
1149 577 1422 633 inimicos.

362 667 533 721 Vnus.
577 667 664 720 15.
696 696 767 706 —-
798 666 1041 733 Quorum
1059 666 1212 734 ﬁnis.
1238 665 1297 719 Id
1328 672 1429 730 est,
1462 664 1741 720 retributio
1761 664 1893 719 data

294 754 351 810 in
379 752 488 809 ﬁne
517 753 642 809 vita;
690 756 800 809 erit
823 754 1134 811 secundum
1162 769 1331 825 opera
1360 755 1629 825 ipsorum,
1664 752 1789 823 quia
1819 753 1891 806 si-

289 849 381 897 cut
408 840 619 914 pseudo
649 841 893 912 peritura
922 841 1315 912 appetiverunt,
1367 840 1443 895 ita
1498 848 1551 896 et
1586 840 1689 912 ipsi
1740 840 1891 912 peri-

286 929 439 996 bunt,
458 936 523 984 -et
553 929 692 985 sicut
719 929 951 984 ministri
1001 928 1221 1000 justitiaa
1258 936 1496 996 aeternas,
1547 929 1624 984 ita
1671 935 1723 983 et
1785 919 1895 999 ipsi

296 1024 453 1074 erunt
473 1018 685 1073 aeterni.

366 1134 536 1189 Vnus.
568 1134 653 1187 I7.
685 1163 754 1173 —
786 1133 937 1201 Quod
966 1134 1175 1207 loquor.
1207 1133 1267 1187 In
1296 1133 1401 1188 hac
1430 1131 1731 1186 substantia
1770 1131 1889 1202 glo-

293 1221 410 1290 riae,
442 1220 498 1275 id
529 1230 629 1289 est,
660 1221 715 1276 in
746 1222 924 1294 gloria
973 1221 1151 1279 carnis
1198 1236 1363 1293 quam
1408 1228 1597 1291 putant
1640 1220 1892 1275 substan-

294 1310 446 1382 tiam,
478 1310 532 1364 id
561 1320 661 1381 est,
694 1311 770 1365 ita
799 1318 984 1365 amant
1006 1325 1071 1365 ac
1098 1309 1143 1363 si
1171 1326 1271 1380 per
1291 1325 1412 1364 eam
1430 1309 1655 1365 credant
1684 1324 1742 1363 se
1764 1308 1891 1362 sub-

295 1405 504 1461 sistere.
538 1401 643 1459 Sed
670 1401 831 1474 quasi
860 1400 925 1454 in
979 1399 1336 1471 insipientia.
1363 1397 1502 1465 Quia
1530 1398 1648 1452 huic
1677 1397 1746 1451 ad
1768 1412 1891 1453 car-

293 1492 378 1550 nis
406 1500 672 1548 tumorem
699 1488 975 1561 pertinere
1005 1486 1275 1553 videntur,
1324 1485 1416 1540 ubi
1447 1484 1754 1555 insipientia
1785 1492 1885 1540 est.

294 1579 611 1652 Insipientia
641 1578 786 1632 enim
836 1583 917 1631 est
947 1574 1182 1646 aliquem
1211 1574 1431 1629 laudare
1479 1590 1555 1628 se.
1611 1573 1720 1628 Sed
1763 1572 1891 1644 quia

294 1668 587 1741 Apostolus
616 1682 725 1721 non
754 1672 974 1736 propter
1004 1680 1063 1718 se
1084 1662 1231 1732 facit,
1282 1662 1379 1718 sed
1423 1668 1645 1734 propter
1689 1662 1883 1732 Deum,
1926 1670 1980 1729 Β

298 1758 421 1815 ideo
452 1756 545 1823 ait,
578 1754 739 1828 quasi
758 1755 822 1808 in
850 1753 1208 1825 insipientia.

365 1873 654 1940 Vnus.,20.
687 1900 757 1910 ——
790 1868 983 1925 Credit.
1027 1867 1087 1921 Id
1144 1873 1247 1936 est,
1297 1864 1517 1937 decipit.
1577 1866 1638 1920 In
1692 1864 1888 1921 faciem

293 1960 522 2018 caeditur
549 1958 617 2024 is,
647 1957 704 2011 in
734 1956 887 2025 cujus
906 1971 970 2010 os
1016 1954 1213 2023 injuria
1242 1954 1537 2026 irrogatur.
1571 1954 1687 2009 Hoc
1717 1952 1887 2008 facie-

295 2050 429 2107 bant
450 2047 672 2119 quidam
699 2044 869 2099 Judaei
904 2043 993 2115 qui
1023 2058 1090 2097 eo
1138 2043 1284 2114 quod
1330 2050 1516 2097 essent
1570 2042 1639 2096 de
1686 2057 1889 2114 genere

295 2138 553 2203 Abrahae,
585 2133 943 2190 detrahebant
964 2130 1090 2200 illis,
1124 2147 1190 2186 eo
1219 2131 1364 2203 quod
1394 2137 1575 2185 essent
1594 2130 1889 2186 incircum-

295 2226 397 2283 cisi
421 2232 474 2280 et
503 2241 562 2279 se
590 2220 977 2295 praeferebant,
1010 2219 1349 2275 nobilitatem
1387 2219 1569 2274 carnis
1620 2218 1725 2273 sibi
1772 2218 1889 2273 vin-

294 2314 581 2371 dicantes:
616 2327 759 2384 quos
814 2308 1079 2365 Corinthii
1135 2308 1460 2377 tolerabant,
1521 2315 1575 2364 et
1630 2307 1892 2379 Apostolo

291 2400 678 2476 praeferebant.
1236 2404 1241 2409 ‘

364 2492 536 2547 Vnus.
585 2493 675 2548 22.
733 2519 802 2528 —
847 2487 1077 2543 Hebraai.
1112 2484 1327 2540 Hebraei
1365 2483 1618 2540 dicuntur
1662 2484 1733 2539 ab
1780 2485 1893 2539 He-

294 2582 430 2650 ber,
492 2578 587 2651 qui
643 2577 698 2631 in
754 2575 1075 2633 confusione
1128 2574 1434 2645 linguarum
1481 2573 1630 2628 solus
1679 2573 1898 2628 retinuit

292 2670 548 2741 linguam
579 2665 904 2722 naturalem.
936 2666 1003 2719 Et
1034 2663 1157 2734 quia
1184 2662 1339 2716 multi
1368 2669 1492 2716 sunt
1520 2662 1751 2728 Hebraai,
1804 2661 1895 2732 qui

293 2774 405 2815 non
434 2764 559 2812 sunt
579 2754 854 2821 Israelitaa,
888 2753 1026 2807 sicut
1072 2750 1349 2823 proselyti,
1383 2749 1572 2806 addit:
1621 2751 1896 2806 Israelita:

312 2851 470 2914 sunt,
502 2850 558 2902 et
588 2861 702 2918 ego.

365 2936 518 2992 Vnus
532 2937 623 2992 23.
641 2962 710 2974 —
746 2932 1014 2989 Utminus
1042 2930 1290 3001 sapiens.
1313 2926 1545 3000 (Auum)
1567 2925 1819 2982 Ostendit
1837 2942 1897 2982 se

288 3031 542 3082 coactum
570 3022 627 3077 in
645 3020 861 3077 laudem
892 3033 1046 3073 suam
1071 3016 1418 3087 prorupisse.

358 3114 425 3168 In
447 3112 743 3168 laboribus.
779 3106 1086 3163 Occasione
1105 3104 1186 3160 im
1199 3112 1325 3160 enta
1354 3103 1520 3160 etiam
1550 3118 1712 3160 veros
1746 3117 1905 3174 apos-

288 3200 429 3261 tolos
458 3199 650 3272 tangit,
683 3196 877 3269 quibus
901 3194 1029 3267 plus
1058 3192 1352 3264 laboravit,
1382 3210 1451 3249 ne
1484 3193 1541 3247 in
1570 3207 1629 3247 se
1651 3191 1902 3248 videatur

298 3289 480 3346 minor
507 3287 706 3361 gratia.

364 3392 534 3447 Vnus.
564 3390 653 3447 24.
684 3389 808 3444 -Α
832 3388 1042 3445 Ιαιίιείε
1089 3386 1401 3460 quinquies.
1425 3383 1627 3439 Judaais
1648 3398 1768 3438 mos
1786 3392 1900 3439 erat

290 3480 346 3537 in
374 3494 662 3552 synagoga
690 3484 883 3533 contra
912 3477 1092 3549 legem
1138 3481 1381 3546 agentes
1427 3473 1722 3529 verberare
1776 3487 1900 3528 cor-

299 3567 562 3625 rectionis
589 3582 769 3623 causa.
852 3566 1009 3622 Unde
1037 3564 1260 3619 Paulum
1290 3563 1468 3633 legem
1487 3562 1897 3635 impugnantem

295 3656 583 3730 quinquies
613 3654 1061 3720 verberaverunt,
1085 3652 1199 3708 eiin
1212 3666 1533 3723 unaquaque
1565 3649 1900 3706 correctione

292 3745 515 3819 triginta
570 3760 768 3802 novem
813 3744 952 3800 ictus
993 3744 1041 3798 ei
1089 3742 1378 3806 dederunt,
1415 3739 1895 3813 quadragesimum

286 3831 386 3908 pro
413 3832 789 3891 misericordia
844 3832 1237 3888 condonantes.
1276 3832 1394 3888 Una
1448 3831 1657 3884 minus.
1711 3829 1769 3881 In
1806 3827 1894 3880 ul-

287 3924 421 3979 tima
466 3923 587 3980 vice
627 3922 865 3993 corrigia
920 3921 1221 3975 subtracta.
1271 3918 1390 3984 Vel,
1458 3917 1514 3971 in
1566 3932 1889 3990 unaquaque

284 4012 653 4085 percussione
685 4027 791 4065 una
819 4010 1018 4064 minus.

361 4102 533 4157 Vnus.
563 4103 653 4158 26.
686 4130 756 4140 —
786 4099 1061 4154 Periculis
1085 4098 1395 4163 latronum,
1430 4101 1533 4150 etc.
1579 4093 1730 4162 Quos
1776 4092 1892 4147 dia-

292 4189 453 4245 bolus
510 4188 657 4261 (cum
686 4188 741 4242 in
771 4187 986 4243 civitate
1008 4185 1258 4241 occidere
1289 4199 1398 4239 non
1417 4187 1626 4254 posset)
1654 4182 1704 4237 ei
1735 4182 1889 4238 exci-

286 4278 435 4334 tabat
461 4278 516 4333 in
547 4277 655 4345 via,
679 4282 1001 4333 cumtamen
1030 4273 1162 4329 nihil
1216 4271 1405 4339 ferret,
1464 4271 1607 4344 quod
1652 4270 1891 4327 latrones

291 4375 573 4440 cuperent.

354 4484 521 4540 Vnus.
553 4483 643 4541 27.
675 4506 747 4523 --
774 4482 839 4537 In
866 4482 1039 4552 fame.
1065 4477 1169 4535 Ubi
1217 4491 1353 4549 ergo
1398 4475 1692 4549 promissio
1732 4475 1835 4532 Dei
1866 4494 1880 4531 :

286 4573 546 4630 Primum
563 4571 796 4644 quaerite
816 4586 1053 4642 regnum
1098 4568 1219 4634 Dei,
1252 4570 1311 4623 et
1330 4566 1446 4622 haec
1483 4566 1677 4622 omnia
1728 4565 1879 4638 adji—

294 4664 521 4718 cientur
546 4661 694 4716 vobis
724 4664 746 4714 γ
774 4659 931 4729 (Luc.
965 4658 1095 4729 xu.)
1124 4656 1232 4713 Sed
1281 4654 1430 4711 novit
1476 4654 1743 4722 medicus,
1796 4654 1885 4710 cui

291 4764 393 4806 nos
424 4748 595 4804 semel
616 4746 1005 4812 commisimus,
1038 4747 1158 4802 haec
1190 4743 1455 4814 adjutoria
1526 4743 1741 4815 quando
1783 4757 1885 4814 ap-

287 4840 475 4907 ponat,
506 4830 724 4903 quando
754 4831 1057 4885 subtrahat.

354 4948 525 5003 Vnus.
557 4950 647 5005 28.
681 4976 752 4987 —
787 4944 1140 5002 Sollicitudo.
1175 4943 1391 5012 Quanto
1421 4942 1595 5012 major
1624 4940 1882 5007 charitas,

279 5043 432 5092 tanto
476 5035 712 5104 majores
770 5033 948 5106 plagae
987 5033 1056 5087 de
1112 5032 1349 5104 peccatis
1405 5030 1620 5087 alienis.
1680 5031 1884 5087 Unde:

285 5124 392 5193 Qui
419 5124 653 5195 apponit
670 5122 991 5187 scientiam,
1025 5121 1263 5194 apponit
1281 5125 1337 5176 et
1369 5120 1636 5177 dolorem.

354 5221 526 5276 Vnus.
560 5223 650 5275 29.
683 5249 753 5261 —
783 5220 902 5275 Non
923 5223 1103 5274 uror?
1132 5219 1308 5274 Urunt
1336 5232 1528 5272 omnes
1576 5215 1886 5271 tribulatio-

282 5326 401 5377 nes,
437 5309 535 5365 sed
562 5324 674 5363 non
703 5307 775 5362 ad
804 5306 1294 5377 consumptionem,
1327 5305 1438 5361 imo
1488 5305 1559 5360 ad
1604 5304 1893 5377 purgatio-

281 5415 429 5458 nem.
469 5400 575 5454 Iste
603 5395 831 5452 affectus
880 5402 1115 5468 purgat:
1178 5394 1302 5466 quia
1355 5394 1425 5449 de
1482 5393 1748 5449 charitate
1795 5408 1889 5449 ve-

284 5488 382 5544 nit.
417 5487 623 5544 Omnes
653 5485 746 5559 qui
775 5483 1091 5541 scandalum
1120 5482 1392 5554 patiuntur
1441 5482 1725 5537 frixorium
1766 5490 1892 5536 sunt

281 5577 597 5633 habentium
647 5575 990 5637 charitatem,
1042 5573 1096 5627 id
1141 5578 1222 5628 est
1264 5571 1470 5626 ossium
1536 5587 1656 5643 quae
1711 5570 1891 5627 ferunt

1992 401 2273 467 carnales;
2304 402 2449 456 unde
2482 419 2495 455 :
2527 404 2598 457 Et
2627 418 2752 458 ossa
2779 418 2907 459 mea
2928 405 2991 459 in
3026 404 3274 475 frixorio
3322 403 3594 474 con/rixa

1992 493 2149 545 sunt.

2065 577 2233 632 Vnus.
2268 580 2355 632 31.
2379 579 2587 633 -Νοη
2618 581 2883 634 mentior.
2917 579 3056 647 Quia
3083 579 3191 635 fert
3245 578 3381 635 mihi
3445 579 3595 635 testi-

1992 665 2234 721 monium
2262 682 2362 737 per
2382 668 2542 739 signa
2570 673 2623 722 et
2650 666 2918 740 prodigia.

2595 850 2820 907 CAPUT
2847 851 2972 907 XII.

2065 1011 2232 1066 Vsus.
2262 1016 2315 1069 2.
2339 1042 2409 1052 —
2436 1012 2558 1068 Scio
2588 1012 2899 1069 hominem.
2939 1011 3109 1081 Quasi
3137 1013 3206 1069 de
3234 1012 3366 1082 alio,
3413 1024 3468 1070 et
3512 1032 3597 1072 res

1992 1100 2207 1171 dicitur,
2240 1108 2294 1155 et
2315 1100 2577 1170 jactantia
2621 1101 2836 1156 vitatur.
2892 1102 3015 1157 Sive
3045 1103 3110 1157 in
3160 1113 3409 1175 corpore,
3460 1106 3590 1170 sive,

1992 1197 2096 1245 etc.
2130 1190 2246 1245 Hoc
2274 1189 2539 1261 ignoravit
2566 1190 2878 1260 Apostolus,
2923 1198 3101 1244 utrum
3151 1192 3373 1262 quando
3412 1200 3593 1263 raptus

1992 1285 2091 1347 est,
2120 1276 2175 1330 in
2205 1292 2434 1347 corpore
2464 1276 2627 1333 fuerit
2653 1278 2857 1344 anima,
2881 1294 2950 1333 an
2988 1278 3216 1335 omnino
3252 1279 3324 1335 de
3358 1295 3591 1351 corpore

1990 1365 2198 1431 exierit,
2231 1366 2370 1421 adeo
2395 1374 2452 1420 ut
2480 1374 2755 1421 mortuum
2782 1382 2979 1437 corpus
3002 1367 3228 1435 jaceret,
3276 1384 3346 1422 an
3388 1384 3589 1425 secun-

1990 1455 2119 1510 dum
2148 1455 2370 1510 modum
2390 1455 2555 1510 alium
2584 1455 2878 1527 quemdam
2929 1456 3160 1511 viventis
3208 1458 3456 1528 corporis
3501 1458 3591 1513 ubi

1990 1543 2169 1598 anima
2199 1543 2379 1609 fuerit,
2437 1560 2593 1598 mens
2623 1543 2740 1613 ejus
2785 1543 2856 1598 ad
2908 1543 3143 1600 videnda
3188 1545 3275 1600 vel
3323 1546 3590 1601 audienda

1990 1630 2277 1686 ineffabilia
2303 1631 2448 1687 illius
2478 1631 2701 1687 visionis
2722 1639 2944 1702 accepta
2973 1632 3060 1686 sit.
3092 1634 3161 1687 Et
3189 1633 3313 1706 quia
3344 1634 3449 1689 hoc
3505 1634 3590 1688 in-

1982 1729 2188 1777 certum
2247 1729 2379 1789 erat,
2414 1720 2537 1775 ideo
2595 1719 2823 1775 forsitan
2870 1720 3022 1789 dixit,
3072 1723 3188 1777 sive
3234 1723 3297 1776 in
3343 1739 3586 1795 corpore,

1980 1811 2093 1866 sive
2119 1814 2307 1865 extra.
2331 1812 2598 1881 Raptum.
2634 1809 2836 1863 Contra
2866 1817 3112 1864 naturam
3142 1809 3434 1866 elevatum.

2059 1901 2231 1971 Usque
2260 1898 2331 1953 ad
2363 1900 2601 1953 tertium
2635 1899 2858 1953 castum.
2883 1898 2944 1953 Id
2974 1906 3076 1964 est,
3111 1898 3180 1953 ad
3221 1899 3587 1974 cognitionem

1984 1986 2231 2042 Deitatis.
2282 1986 2524 2041 Primum
2557 1986 2754 2041 caelum
2815 1993 2897 2041 est
2953 2002 3213 2054 aereum;
3263 1989 3582 2055 secundum,

1984 2073 2425 2142 ﬁrmamentum;
2488 2074 2702 2129 tertium
2774 2073 3073 2145 spirituale,
3138 2075 3232 2130 ubi
3288 2077 3475 2150 angeli
3539 2087 3589 2133 et

1985 2172 2199 2219 sanctas
2219 2163 2416 2219 anima:
2446 2163 2547 2218 Dei
2591 2162 2843 2217 fruuntur
2868 2164 3348 2235 contemplatione.

2061 2280 2232 2336 Vnus.
2268 2278 2317 2333 4.
2352 2280 2563 2351 Raptus
2593 2282 2696 2335 est.
2730 2278 3033 2350 «:Tneorn.)
3064 2279 3239 2351 Ipsius
3269 2280 3395 2336 vide
3434 2298 3583 2336 sum-

1993 2383 2138 2424 mam
2160 2366 2549 2423 demissionem
2603 2375 2657 2423 et
2704 2366 3081 2435 humilitatem,
3140 2369 3417 2441 quomodo
3465 2379 3584 2426 tan-

1993 2474 2152 2531 quam
2182 2458 2250 2512 de
2281 2456 2387 2512 alio
2410 2457 2527 2512 haec
2557 2464 2841 2511 recenseat
2874 2472 2887 2509 :
2921 2455 2990 2511 de
3043 2456 3149 2514 hoc
3176 2457 3341 2524 enim,
3396 2459 3585 2531 inquit,

1994 2547 2287 2621 gloriabor.
2319 2549 2385 2602 At
2414 2546 2568 2615 cujus
2621 2544 2802 2618 gratia
2829 2544 2899 2616 (si
2929 2544 3069 2600 alius
3099 2555 3285 2618 raptus
3316 2547 3422 2617 est)
3462 2550 3584 2621 glo-

1994 2635 2157 2691 riaris
2175 2636 2203 2689 ?
2231 2636 2417 2706 Itaque
2445 2636 2562 2690 haac
2582 2634 2652 2688 de
2683 2633 2867 2705 seipso
2926 2633 3075 2690 dicit.
3136 2636 3364 2692 Arcana
3409 2638 3586 2694 verba.

1996 2722 2388 2778 Intimationem
2430 2723 2499 2777 de
2556 2719 2768 2778 secreta
2821 2721 2923 2777 Dei
2980 2723 3236 2790 essentia,
3286 2724 3445 2799 quasi
3489 2742 3588 2798 per

1997 2812 2185 2870 verba.

2068 2901 2239 2956 Vsus.
2274 2901 2325 2954 6.
2388 2931 2457 2941 —
2512 2902 2694 2973 Supra
2720 2899 2779 2954 id
2824 2898 2987 2971 quod,
3030 2907 3132 2956 etc.
3170 2900 3228 2958 Si
3283 2902 3430 2958 enim
3472 2920 3592 2960 ma-

1929 3024 1978 3088 C
2000 3005 2110 3063 gna
2138 2988 2403 3045 referrem
2433 2998 2486 3044 et
2509 2990 2681 3060 plura,
2731 2986 2868 3043 forte
2895 2987 3059 3059 aliqui
3088 2997 3337 3061 putarent
3369 3009 3458 3048 me
3486 3010 3593 3049 non

2003 3094 2126 3134 esse
2155 3077 2441 3144 infirmum,
2475 3080 2572 3133 sed
2600 3076 2875 3135 hominem
2931 3076 3322 3150 immortalem,
3375 3082 3463 3138 vel
3508 3098 3597 3139 an-

2002 3167 2207 3242 gelum,
2241 3175 2345 3224 etc.
2371 3187 2385 3234 ;
2409 3167 2639 3241 ideoque
2671 3185 2837 3240 parce
2875 3173 2944 3229 de
2972 3188 3060 3227 me
3088 3172 3303 3242 loquor.

2072 3284 2223 3339 Vnus
2252 3286 2304 3340 7.
2328 3314 2399 3324 —
2417 3286 2488 3341 Et
2516 3301 2588 3341 ne
2615 3289 2967 3359 magnitudo.
3009 3288 3183 3343 Pareo
3210 3286 3437 3342 multum
3470 3287 3593 3361 glo-

1999 3370 2149 3439 riari,
2183 3389 2251 3427 ne
2280 3372 2416 3428 alter
2465 3381 2641 3444 puter.
2702 3377 2770 3430 Et
2824 3376 2947 3433 ideo
2997 3376 3152 3431 datus
3209 3384 3294 3430 est
3347 3375 3595 3431 stimulus

1997 3478 2251 3534 pungens
2281 3478 2521 3517 carnem.
2554 3462 2687 3531 Quis
2706 3464 2734 3518 ?
2762 3465 2992 3538 angelus
3018 3465 3293 3537 malignus
3337 3465 3539 3520 missus
3564 3481 3593 3519 a

1997 3550 2214 3617 Satana,
2247 3558 2303 3605 ut
2332 3550 2651 3621 colaphizet,
2692 3552 2748 3606 id
2777 3562 2857 3608 est
2902 3554 3161 3625 reprimat
3207 3570 3426 3609 omnem
3472 3570 3594 3609 mo-

1994 3646 2109 3693 tum
2138 3639 2408 3709 superbiae
2428 3639 2737 3696 incutiendo
2768 3641 3160 3709 tribulationes,
3220 3643 3312 3697 vel
3340 3643 3596 3698 tentando

1994 3728 2071 3799 (ut
2101 3726 2320 3798 quidam
2352 3726 2520 3797 aiunt)
2550 3744 2649 3800 per
2676 3728 2977 3786 libidinem.
3010 3730 3255 3786 Tentatio
3286 3739 3471 3786 autem
3508 3730 3592 3788 cui

1992 3831 2103 3870 non
2159 3816 2511 3882 consentitur,
2569 3833 2679 3873 non
2717 3826 2801 3873 est
2846 3827 3151 3890 peccatum,
3209 3819 3308 3875 sed
3364 3819 3594 3877 materia

1991 3904 2311 3960 exercendae
2338 3904 2550 3960 virtutis

2061 4018 2230 4074 Vnus.
2264 4023 2392 4074 9.—
2407 4021 2569 4078 Dixit
2596 4021 2757 4078 mihi.
2788 4023 2890 4078 Per
2917 4022 3361 4095 inspirationem,’
3385 4024 3475 4081 vel
3502 4040 3600 4097 per

1986 4107 2260 4181 angelum.
2322 4110 2464 4165 Nam
2521 4112 2703 4167 virtus
2762 4113 2825 4167 in
2888 4112 3231 4181 inﬁrmitate
3273 4114 3589 4187 perﬁcitur.

1988 4195 2256 4252 Perfectio
2275 4196 2530 4253 virtutum
2560 4206 2660 4269 est,
2694 4216 2815 4271 quas
2861 4200 3028 4255 habet
3064 4200 3432 4257 inﬁrmitatem
3471 4218 3595 4258 con-

1987 4285 2236 4352 trariam,
2272 4300 2396 4342 cum
2428 4302 2536 4358 qua
2562 4287 2804 4361 legitime
2834 4296 3003 4346 certet
3035 4306 3048 4342 :
3080 4297 3133 4344 et
3162 4289 3286 4346 ideo
3316 4290 3595 4363 gloriabor

1876 4386 1959 4449 ‘D
1988 4374 2044 4429 in
2072 4371 2495 4443 inﬁrmitatibus,
2528 4391 2639 4431 non
2669 4375 2890 4445 invitus,
2921 4377 3018 4433 sed
3048 4376 3246 4434 libens.

2059 4489 2231 4545 νεεδ.
2265 4492 2351 4544 lt.
2384 4520 2455 4530 —
2482 4492 2689 4548 Factus
2718 4508 2848 4548 sum
2883 4494 3185 4566 insipiens.
3212 4494 3274 4549 In
3303 4492 3391 4548 his
3419 4492 3593 4549 omni-

1985 4578 2088 4633 bus
2109 4578 2676 4635 commendationibus
2705 4580 2897 4636 videor
2926 4581 3209 4652 insipiens,
3266 4581 3365 4637 sed
3411 4590 3594 4639 vestra

1988 4667 2150 4738 culpa
2170 4667 2262 4739 qui
2291 4668 2553 4723 debuistis
2581 4684 2669 4724 me
2711 4676 2900 4725 contra
2928 4670 3137 4741 pseudo
3181 4673 3587 4727 commendare.

2058 4773 2232 4829 Vnus.
2271 4777 2355 4831 12.
2388 4805 2459 4815 -
2488 4776 2551 4831 In
2580 4777 2739 4833 omni
2751 4777 3053 4850 patientia.
3117 4776 3436 4832 Patientiam
3480 4777 3589 4848 pri-

1987 4877 2134 4918 mam
2161 4871 2444 4934 memorat,
2478 4881 2600 4937 quae
2646 4865 2717 4921 ad
2771 4881 2950 4943 mores
3006 4865 3279 4936 pertinet:
3328 4864 3457 4937 quia
3501 4865 3591 4920 diu

1988 4951 2111 5006 illos
2138 4951 2388 5023 portavit,
2421 4953 2575 5024 quasi
2621 4953 2966 5024 impatientes
3010 4969 3213 5026 aegros,
3243 4961 3303 5007 ut
3349 4952 3588 5008 adhibita

1990 5048 2257 5111 potestate
2290 5040 2594 5112 signorum,
2660 5041 2817 5112 quasi
2873 5041 3145 5097 medicina
3204 5050 3424 5097 curaret
3471 5042 3592 5097 vul-

1990 5144 2123 5184 nera
2154 5146 2360 5185 eorum.
2391 5132 2463 5185 Et
2482 5131 2805 5186 virtutibus.
2839 5130 3023 5185 Virtus
3052 5138 3135 5186 est
3179 5146 3356 5201 genus
3400 5131 3593 5204 signo-

1991 5234 2109 5271 rum
2139 5226 2192 5273 et
2220 5217 2610 5291 prodigiorum,
2666 5217 2720 5272 id
2780 5226 2861 5272 est
2915 5234 3077 5274 omne
3122 5218 3466 5275 miraculum.
3513 5219 3594 5274 Si-

1992 5321 2181 5376 gnum,
2218 5306 2362 5376 quod
2391 5306 2447 5359 in
2494 5321 2816 5377 quocunque
2845 5314 3092 5377 tempore
3139 5306 3341 5379 aliquid
3373 5306 3589 5381 signifi-

1991 5400 2096 5458 cat,
2130 5402 2293 5448 etest
2324 5394 2561 5467 prodigii
2605 5411 2801 5467 genus.
2851 5395 3169 5468 Prodigium
3210 5396 3356 5468 quod
3405 5396 3463 5450 in
3508 5395 3596 5451 fu-

1991 5490 2134 5536 turo.
2168 5482 2267 5537 Vel
2299 5482 2516 5555 signum
2547 5492 2599 5538 et
2626 5483 2937 5554 prodigium
2995 5483 3049 5537 in
3105 5483 3191 5538 his
3240 5499 3358 5555 qua:
3402 5492 3596 5541 contra

1992 5577 2258 5638 naturam,
2307 5571 2473 5626 virtus
2510 5571 2581 5626 in-
2610 5572 2695 5626 his
2743 5588 2865 5644 quas
2924 5587 3032 5627 non
3078 5579 3261 5628 contra
3309 5579 3595 5641 naturam,
