3964 6178
199 221 296 273 569

1247 215 1518 273 GLOSSA
1549 215 1958 275 ORDINARIA.
1993 249 2061 262 -—
2091 216 2428 278 EPISTK'AD
2455 221 2712 280 GALAT.

3386 233 3489 285 570

198 348 251 395 ut
277 354 376 410 per
403 337 797 408 impositionem
819 353 1014 395 manus
1031 347 1084 395 et
1103 316 1421 396 orationem
1450 357 1483 397 a
1502 341 1698 398 morbo
1726 343 1791 397 li-
1819 344 2141 404 Atestatem
2198 347 2520 404 habebimus
2558 365 2657 418 per
2684 365 2808 404 eum
2849 350 2905 404 in
2953 350 3107 405 vobis
3157 351 3482 420 judicandis.

202 429 413 483 berare.

265 517 432 570 Vens.
458 517 544 571 14.
576 544 646 556 -
678 517 786 573 Nec
816 519 971 573 enim
1001 518 1220 586 debent,
1255 525 1357 573 etc.
1392 518 1654 574 Carnales
1687 535 1786 591 pa-

205 614 308 660 tres
337 603 460 657 ﬁliis
489 612 847 676 congregant,
883 606 981 660 sed
1013 606 1324 676 spirituales
1370 607 1598 679 dignum
1619 615 1700 663 est
1729 617 1788 663 ut

201 709 228 747 a
246 691 366 746 filiis
379 701 624 762 sumptus
653 693 941 764 accipiant.
977 695 1076 750 Hic
1105 703 1284 750 autem
1303 696 1358 749 in
1373 703 1575 750 tantum
1594 697 1788 767 probat

202 797 256 836 se
281 780 427 835 nolle
442 781 713 851 accipere,
748 789 804 836 ut
859 782 1150 838 transferat
1178 799 1403 840 causam
1432 784 1668 839 carnalis
1697 801 1788 856 pa-

201 870 292 923 tris
321 869 392 923 ad
415 869 782 940 spiritualem:
815 879 868 925 et
899 871 1030 927 dicit
1059 887 1168 927 non
1201 873 1376 928 solum
1407 889 1466 928 se
1483 889 1584 944 pro
1613 874 1788 930 salute

200 973 379 1014 eorum
409 957 749 1029 impendere,
779 960 877 1014 sed
899 968 952 1014 et
981 961 1118 1015 mori
1138 969 1390 1030 paratum

265 1065 434 1118 Vens.
472 1067 538 1118 15
571 1094 638 1105 —
660 1067 731 1121 Et
758 1068 1244 1139 superimpendar,
1271 1076 1374 1124 etc.
1393 1067 1640 1124 Perfecta
1673 1068 1789 1140 qui-

203 1153 320 1207 dem
350 1153 585 1207 charitas
615 1154 732 1209 haec
762 1163 862 1220 est,
896 1163 955 1209 ut
987 1156 1205 1226 quidem
1237 1164 1464 1227 paratus
1510 1157 1578 1211 sit
1627 1157 1790 1212 etiam

197 1255 290 1310 pro
318 1240 581 1295 fratribus
612 1242 779 1298 mori.
825 1243 934 1297 Sed
964 1245 1210 1315 nunquid
1245 1261 1371 1299 mox
1404 1252 1460 1300 ut
1493 1245 1740 1301 nascitur
1772 1251 1795 1301 ?

198 1329 322 1383 Cum
350 1327 516 1383 fuerit
545 1338 694 1396 nata,
727 1330 963 1385 nutritur
995 1349 1008 1385 :
1043 1347 1166 1387 cum
1196 1331 1356 1386 fuerit
1386 1333 1604 1399 nutrita,
1630 1334 1791 1388 robo-

198 1424 334 1470 ratur
365 1434 379 1470 :
413 1432 541 1473 cum
571 1417 733 1473 fuerit
765 1419 1045 1484 roborata,
1067 1419 1345 1490 perﬁcitur
1368 1438 1381 1474 :
1406 1438 1529 1476 cum
1563 1422 1633 1476 ad
1661 1439 1792 1491 per-

197 1503 480 1559 fectionem
514 1507 740 1582 venerit,
776 1507 943 1564 dicit:
972 1509 1141 1580 Cupio
1161 1509 1410 1578 dissolvi,
1436 1515 1490 1565 et
1524 1526 1640 1566 esse
1661 1527 1792 1566 cum

200 1594 428 1650 Christo.

1886 434 2267 504 Vel,vivemus
2288 453 2417 492 cum
2445 455 2524 504 eo,
2559 438 2614 492 id
2645 445 2728 492 est
2757 437 2810 492 in
2836 438 3346 495 similibeatitudine
3365 455 3489 496 cum

1887 538 1952 577 eo
1987 539 1998 578 :
2033 531 2086 577 et
2105 525 2210 580 hoc
2231 541 2296 579 ex
2316 528 2528 582 virtute
2549 528 2649 582 Dei
2678 543 2690 581 :
2726 527 2871 599 quod
2903 527 3010 582 tale
3040 537 3122 583 est
3152 531 3216 584 in
3242 529 3411 593 vobis,
3435 529 3488 583 id

1887 618 1970 665 est
1999 611 2054 664 in
2083 613 2431 668 conscientiis
2455 615 2671 670 vestris.
2695 617 2761 670 In
2791 616 2961 672 vobis.
2999 617 3149 689 Erga
3179 633 3298 671 vos.
3339 617 3489 671 Mors

1886 699 2037 754 illata
2066 716 2099 754 a
2136 699 2359 771 perﬁdis
2390 703 2499 757 vita
2530 713 2613 758 est
2642 721 2776 776 erga
2797 705 3104 772 credentes,
3137 705 3265 777 quia
3293 705 3491 762 virtute

1888 789 1988 844 Dei
2017 799 2370 860 resurgentes
2399 791 2582 848 vivent
2603 809 2728 849 cum
2761 793 2994 849 Christo.

1959 878 2130 932 Vens.
2151 882 2203 934 7.
2224 911 2292 919 -
2324 880 2560 937 Oramus
2592 886 2806 947 autem,
2837 890 2941 937 etc.
2978 883 3093 937 Hoc
3115 890 3233 937 orat
3263 885 3490 953 Aposto-

1887 966 1993 1032 lus,
2025 975 2081 1021 ut
2110 967 2194 1021 his
2216 968 2355 1023 bene
2385 970 2674 1041 agentibus
2704 971 2758 1024 in
2790 971 2868 1026 eis
2899 971 3242 1042 corripienda
3269 987 3379 1027 non
3407 971 3490 1026 in-

1889 1055 2089 1120 veniat,
2106 1064 2158 1111 et
2183 1057 2261 1111 sic
2294 1059 2511 1127 reprobi
2533 1068 2834 1129 appareant
2859 1076 2871 1114 :
2896 1059 3110 1130 probati
3135 1060 3279 1114 enim
3300 1060 3490 1116 viden-

1889 1151 1990 1208 tur,
2049 1144 2177 1198 dum
2200 1145 2443 1213 judicant
2489 1156 2826 1216 peccatores.
2861 1148 2948 1204 Sic
2979 1165 3110 1221 ergo
3143 1149 3187 1202 si
3218 1165 3326 1204 non
3385 1149 3492 1204 sint

1891 1249 2030 1304 quos
2070 1233 2294 1300 judicet,
2358 1244 2609 1290 cessante
2682 1237 3002 1292 auctoritate
3067 1237 3219 1309 quasi
3268 1238 3487 1308 reprobi

1891 1321 2162 1376 videntur.
2188 1325 2416 1396 Reprobi
2468 1327 2668 1391 simus,
2689 1325 2743 1379 id
2758 1333 2840 1379 est
2861 1342 3220 1397 appareamus
3242 1327 3484 1397 reprobi,

1891 1425 2000 1465 non
2031 1410 2295 1466 habentes
2326 1413 2470 1483 quod
2501 1413 2841 1469 vindicemus
2870 1415 2956 1470 vel
2986 1415 3362 1484 dijudicemus.

1964 1499 2134 1554 Vens.
2169 1504 2220 1554 9.
2256 1531 2325 1541 —
2349 1501 2662 1557 Gaudemus
2693 1506 2864 1571 enim,
2899 1511 3004 1559 etc.
3033 1505 3245 1575 (HIER.)
3276 1504 3492 1560 Gaude-

1890 1603 2014 1641 mus
2046 1588 2092 1641 si
2121 1603 2230 1643 non
2274 1588 2344 1642 sit
2390 1605 2618 1646 necesse
2677 1600 2734 1646 ut
2767 1599 2980 1647 .nostra
3009 1592 3177 1648 virtus
3207 1601 3488 1664 appareat.

261 1681 427 1737 Vens.
469 1686 553 1736 19.
577 1681 646 1725 '—
677 1684 824 1739 Olim
850 1686 1088 1755 putatis.
1125 1683 1295 1752 Quasi
1340 1685 1486 1741 dicat
1518 1702 1532 1740 :
1562 1686 1787 1741 Jamdu-
1811 1704 1864 1762 Β
1894 1677 2030 1732 Sient
2058 1677 2201 1731 Ρεῑτί
2223 1679 2466 1748 apparuit
2495 1679 2548 1733 in
2583 1679 2823 1750 saphyl‘a
2856 1689 2908 1735 εί
2938 1682 3166 1736 Anania-

194 1769 315 1823 dum
346 1769 534 1824 forsan
553 1771 757 1841 putatis
809 1789 822 1824 :
857 1773 1001 1842 quod
1032 1788 1200 1828 causa
1230 1774 1596 1830 excusationis
1633 1777 1789 1847 quasi

197 1874 313 1912 reus
342 1858 544 1926 dicam,
579 1862 724 1932 quod
754 1877 861 1915 non
921 1861 1164 1932 gravavi,
1191 1863 1288 1917 sed
1318 1862 1440 1918 dico
1469 1863 1626 1934 (teste
1674 1865 1790 1919 Deo

197 1946 277 2018 qui
307 1947 430 2017 scit)
462 1949 607 2019 quod
639 1965 749 2003 non
778 1949 1110 2004 circumveni
1144 1965 1261 2017 vos,
1294 1959 1347 2006 et
1393 1967 1500 2006 non
1530 1953 1786 2023 superbe,

195 2035 281 2090 sed
309 2035 363 2088 in
394 2035 613 2091 Christo
644 2036 1031 2107 amplificando
1063 2038 1116 2091 in
1148 2039 1325 2094 vobis.

255 2123 424 2179 Vens.
456 2128 550 2181 21.
574 2127 735 2183 —-_Ne
764 2127 977 2182 iterum
1007 2143 1136 2182 cum
1158 2144 1377 2193 venero,
1401 2136 1504 2184 etc.
1528 2128 1788 2200 (CHRYS.)

195 2210 368 2266 Gloria
397 2221 486 2267 est
513 2213 726 2283 punire,
759 2213 1152 2285 improperare,
1173 2232 1360 2285 poenas
1381 2217 1622 2290 exigere,
1656 2227 1785 2285 etc.,

194 2317 354 2372 usque
375 2301 451 2356 ad
473 2302 574 2356 sed
603 2310 828 2373 propter
854 2303 997 2358 illius
1025 2312 1383 2374 praeceptum.

255 2390 324 2443 Et
341 2406 458 2444 non
484 2394 738 2461 egerunt.
763 2392 884 2446 Non
915 2390 1109 2448 suﬂ‘icit
1130 2409 1312 2448 mores
1341 2393 1394 2447 in
1412 2393 1608 2448 melius
1637 2408 1789 2449 com-

194 2484 390 2532 mutare
423 2486 482 2531 et
525 2494 555 2530 a
601 2479 761 2533 malis
790 2481 1068 2548 recedere,
1102 2481 1206 2535 nisi
1253 2481 1321 2537 de
1359 2481 1444 2536 his
1489 2499 1611 2553 qua:
1645 2482 1791 2539 facta

195 2574 326 2635 sunt,
357 2565 594 2621 satisﬁat
623 2567 854 2623 Domino
876 2585 972 2640 per
1019 2569 1348 2639 poenitentiae
1392 2571 1660 2636 dolorem,
1692 2588 1791 2642 per

194 2653 509 2708 humilitatis
538 2655 818 2727 gemitum,
852 2673 950 2727 per
976 2657 1195 2712 contriti
1223 2657 1402 2714 cordis
1441 2657 1782 2730 sacriﬁcium,

193 2743 612 2814 cooperantibus
640 2743 1027 2816 eleemosynis.

791 2876 1014 2934 CAPUT
1040 2876 1190 2933 XIII.

255 2991 420 3046 Vens.
455 2993 495 3047 2
526 3019 597 3032 --
623 2991 743 3048 Non
765 3009 1021 3064 parcam.
1056 2994 1182 3048 Post
1202 3000 1282 3048 tot
1311 2992 1694 3060 correctiones,
1742 2994 1787 3049 si

192 3078 273 3151 qui
303 3095 361 3134 se
380 3095 499 3134 non
531 3080 840 3143 emendant,
873 3097 984 3135 non
1013 3081 1175 3136 debet
1205 3082 1284 3137 eis
1313 3082 1486 3152 parci.

256 3185 423 3241 Vens.
465 3189 520 3240 3.
553 3216 624 3226 —
653 3186 738 3241 An
761 3189 1237 3259 experimentum.
1271 3188 1434 3243 Moris
1463 3195 1548 3244 est
1591 3189 1789 3245 divinae

194 3272 487 3345 Scriptura:
516 3291 768 3346 personae
799 3276 898 3330 Dei
930 3275 1164 3332 tribuere
1197 3277 1341 3348 quod
1392 3277 1448 3331 in
1493 3277 1652 3332 nobis
1708 3277 1789 3333 fa-

191 3362 274 3429 cit,
324 3363 470 3419 sicut
529 3364 824 3434 Apostolus
864 3364 1191 3420 locutionem
1231 3365 1406 3436 ipsam
1471 3366 1546 3418 illi
1600 3366 1788 3420 tribuit

191 3452 330 3520 cujus
349 3469 586 3506 munere
608 3453 948 3525 loquebatur,
972 3453 1027 3508 id
1048 3463 1130 3508 est
1161 3454 1395 3508 Christo.
1426 3456 1531 3523 Qui
1558 3455 1621 3509 in
1641 3456 1786 3511 vobis

188 3558 295 3596 non
326 3542 684 3609 infirmatur,
712 3542 806 3597 sed
819 3550 1012 3612 potens
1029 3543 1282 3613 apparuit
1303 3559 1429 3598 cum
1458 3543 1598 3597 dona
1616 3543 1784 3600 dedit.

192 3627 342 3696 Quod
392 3629 631 3700 experti,
675 3645 783 3686 non
823 3630 1065 3685 dubitent
1105 3648 1167 3686 se
1196 3632 1265 3686 ab
1299 3647 1364 3686 eo
1391 3648 1554 3702 posse
1585 3632 1784 3702 puniri.

256 3718 427 3772 Vens.
466 3720 498 3772 4
528 3749 599 3758 -
620 3719 760 3774 Nam
781 3723 836 3774 et
867 3736 966 3775 nos
987 3720 1226 3791 inﬁrmi.
1254 3720 1395 3775 Vivit
1417 3720 1661 3775 Christus
1693 3721 1784 3792 qui

188 3805 332 3875 prius
363 3805 539 3861 fuerat
587 3805 853 3861 infirmus.
899 3809 1039 3864 Nam
1069 3813 1123 3863 et
1157 3825 1257 3864 nos
1303 3809 1473 3863 multo
1521 3809 1781 3874 minores,

187 3892 306 3949 licet
337 3895 563 3964 inﬁrmi
595 3897 656 3950 in
686 3897 805 3961 illo,
831 3896 884 3949 id
915 3904 997 3951 est
1027 3896 1150 3952 licet
1181 3897 1248 3951 ad
1282 3897 1640 3952 imitationem
1667 3899 1784 3966 ejus

187 3982 348 4037 multa
376 3983 625 4054 patimur
653 3999 686 4038 a
706 3983 1165 4055 perﬁdis,'tamen
1186 3987 1454 4052 vivemus,
1493 3986 1547 4040 id
1577 3995 1659 4042 est
1686 4002 1785 4058 po-

1809 3061 1859 3123 C

1964 1766 2134 1820 Vens.
2162 1767 2244 1819 lo.
2267 1768 2673 1824 —Secundum
2701 1774 3054 1840 potestatem.
3086 1771 3282 1824 Iterum
3307 1778 3490 1825 osten-

1891 1853 1969 1908 dit
2001 1855 2145 1925 quod
2175 1869 2285 1909 non
2324 1856 2469 1925 cupit
2514 1865 2780 1925 potestate
2813 1858 2867 1910 in
2896 1858 3000 1912 illis
3030 1858 3196 1923 abuti,
3231 1858 3491 1926 adjiciens

1891 1958 2000 1997 non
2031 1943 2084 1996 in
2115 1943 2541 1998 destructionem
2588 1946 2686 2000 sed
2734 1946 2790 1999 in
2819 1945 3232 2002 aedificationem
3283 1963 3343 2002 se
3370 1963 3496 2002 eam

1891 2031 2192 2102 accepisse,
2224 2032 2368 2086 unde
2392 2033 2573 2087 subdit
2600 2050 2613 2087 :
2645 2035 2764 2089 Non
2796 2037 2858 2089 in
2871 2036 3333 2091 destructionem.
3366 2037 3491 2091 Non

1890 2119 2242 2175 destruuntur.
2266 2129 2448 2176 autem
2478 2122 2950 2196 quicorriguntur,
2984 2124 3083 2179 sed
3103 2125 3337 2180 correcti
3357 2125 3488 2180 aedi-

1889 2207 2136 2264 ﬁcantur.
3423 2275 3426 2280 _

1963 2299 2132 2353 Vens.
2170 2302 2255 2353 11.
2287 2328 2356 2338 -—
2389 2300 2652 2366 Gaudete,
2675 2303 2907 2371 fratres.
2943 2301 3002 2356 ld
3033 2310 3115 2357 est
3153 2302 3293 2357 bene
3323 2319 3488 2374 ,ope-

1889 2387 2085 2441 ramini
2133 2394 2192 2441 ut
2244 2404 2433 2442 verum
2505 2389 2764 2459 gaudium
2846 2391 3056 2446 habere
3119 2392 3358 2462 possitis.
3418 2395 3488 2447 Et

1889 2477 2036 2531 Deus
2056 2478 2214 2548 pacis
2254 2478 2364 2532 erit
2413 2478 2710 2534 vobiscum.
2749 2478 2885 2534 Hinc
2941 2479 3098 2534 vobis
3150 2479 3251 2535 erit
3306 2497 3409 2551 pax
3455 2496 3490 2535 a

1890 2564 2178 2619 dilectione
2234 2564 2395 2631 illius,
2447 2565 2574 2621 hinc
2630 2566 2896 2621 malorum
2941 2568 3179 2622 omnium
3228 2569 3483 2624 sublatio.

1889 2654 1998 2707 Ista
2029 2669 2136 2724 pax
2166 2653 2357 2708 orbem
2383 2655 2640 2721 servavit,
2692 2655 3004 2710 diuturnum
3049 2657 3253 2712 bellum
3303 2657 3482 2724 solvit,

1890 2742 2029 2798 coelo
2060 2750 2261 2796 terram
2292 2743 2585 2810 conjunxit,
2637 2743 2741 2798 ista
2778 2745 3026 2800 homines
3055 2747 3283 2818 angelos
3339 2745 3484 2813 fecit,

1889 2831 2048 2885 Istam
2079 2847 2216 2904 ergo
2245 2831 2502 2886 imitetur.
2539 2832 3015 2888 lnnumerabilium
3037 2835 3179 2889 enim
3219 2835 3485 2890 bonorum

1887 2927 2065 2974 mater
2123 2927 2205 2974 est
2259 2920 2494 2988 dilectio,
2553 2937 2654 2992 per
2694 2922 2854 2976 istam
2901 2922 3088 2977 salvati
3128 2940 3337 2991 sumus,
3387 2940 3488 2994 per

1889 3007 2046 3062 istam
2077 3006 2367 3063 ineffabilia
2398 3010 2537 3063 bona
2567 3009 2746 3064 omnia
2776 3011 3136 3082 assequimur.

1962 3099 2133 3151 Vens.
2170 3099 2256 3151 13.
2286 3128 2356 3138 -
2391 3100 2605 3154 Gratia.
2639 3099 2830 3153 Totam
2859 3100 3173 3155 Trinitatem
3201 3108 3349 3171 optat
3382 3102 3484 3158 be-

1890 3185 2144 3241 nedicere
2174 3202 2289 3241 eos.
2324 3187 2429 3241 Sua
2467 3187 2655 3241 tribuit
2686 3202 2932 3261 congrua
2962 3189 3176 3261 cuique.
3211 3189 3481 3257 Gratiam,

1889 3274 1944 3328 id
1975 3283 2056 3329 est
2086 3274 2462 3330 remissionem
2512 3276 2665 3342 Filio,
2723 3277 3044 3332 charitatem
3081 3278 3226 3333 Patri
3276 3279 3367 3350 qui
3417 3296 3485 3334 ex

1888 3362 2177 3418 dilectione
2207 3363 2354 3418 misit
2400 3364 2612 3429 Filium,
2643 3366 3193 3421 communicationem
3235 3367 3480 3438 Spiritui,

1886 3468 1984 3522 per
2004 3468 2165 3522 quem
2179 3448 2236 3505 fit
2256 3452 2403 3507 unio.
2436 3455 2506 3507 Et
2527 3454 2776 3508 charitas
2809 3456 2928 3509 Dei.
2966 3455 3196 3509 Dilectio
3218 3456 3319 3511 Dei
3340 3457 3488 3511 misit

1887 3541 2176 3605 Christum,
2212 3541 2366 3609 cujus
2393 3541 2567 3613 gratia
2584 3542 2774 3596 salvat.
2794 3544 2861 3596 Et
2879 3550 2932 3596 ut
2953 3543 3488 3613 possideamushanc

1885 3629 2118 3702 gratiam
2148 3629 2354 3695 salutis,
2388 3631 2806 3686 communicatio
2836 3630 2964 3686 facti
3007 3631 3240 3700 Spiritus
3287 3633 3481 3699 sancti,

1885 3718 1970 3773 vel
1999 3718 2115 3787 ipse
2131 3717 2360 3787 Spiritus
2389 3717 2463 3772 ita
2494 3718 2563 3771 sit
2591 3718 2890 3782 vobiscum,
2923 3727 2981 3774 ut
3035 3719 3399 3776 communicet
3431 3728 3485 3776 et

1886 3806 2126 3862 conferat
2156 3805 2310 3860 vobis
2339 3814 2391 3860 et
2421 3806 2656 3878 gratiam
2678 3807 2875 3861 Christi
2906 3816 2959 3862 et
2997 3807 3312 3863 charitatem
3356 3809 3480 3864 Dei.

1886 3895 2087 3964 Quasi:
2120 3896 2255 3949 Tota
2285 3895 2353 3948 sit
2383 3895 2664 3949 vobiscum
2696 3896 2951 3962 Trinitas,
2988 3898 3124 3951 dans
3146 3897 3378 3970 gratiam
3415 3897 3483 3954 de

1885 3983 2192 4040 commissis
2224 3992 2276 4039 et
2302 3983 2622 4040 charitatem
2660 4001 2757 4057 per
2789 3985 3064 4058 Spiritum.

1264 4301 1721 4374 EPISTOLA
1779 4300 1910 4372 AD
1976 4299 2443 4374 GALATAS.

734 4580 1248 4639 ARGUMENTUM.

249 4686 464 4741 Galatae
493 4694 618 4740 sunt
650 4685 846 4742 Graeci.
884 4688 949 4743 Hi
979 4689 1210 4744 verbum
1255 4687 1499 4745 veritatis
1545 4687 1783 4759 primum

180 4774 247 4828 ab
275 4774 548 4845 Apostolo
593 4785 936 4846 acceperunt.
1001 4777 1111 4832 Sed
1167 4787 1290 4848 post
1331 4777 1637 4833 discessum
1667 4779 1784 4846 ejus

181 4864 370 4918 tentati
403 4871 534 4919 sunt
556 4879 588 4917 a
609 4862 758 4919 falsis
789 4865 1068 4935 apostolis.
1097 4874 1156 4921 ut
1185 4867 1238 4920 in
1270 4867 1451 4939 legem
1482 4875 1534 4921 et
1558 4867 1785 4923 circum-

184 4952 453 5008 cisionem
511 4961 868 5009 verterentur.
922 4956 1034 5009 Hos
1084 4956 1376 5026 Apostolus
1432 4964 1650 5012 revocat
1714 4956 1785 5011 ad

183 5038 344 5096 fidem
381 5041 653 5107 veritatis,
688 5043 936 5098 scribens
967 5043 1047 5098 eis
1079 5044 1149 5098 ab
1178 5045 1418 5114 Epheso.

707 5165 930 5222 CAPUT
956 5167 1246 5223 PRIMUM.

251 5254 432 5308 Vens.
459 5257 594 5307 1.-
623 5256 856 5323 Paulus,
876 5258 1178 5328 apostolus.
1201 5257 1430 5311 Nomine
1464 5255 1627 5312 officii
1675 5265 1783 5312 ter-

182 5357 357 5397 rorem
393 5342 605 5397 incutit.
641 5344 761 5399 Non
779 5344 845 5399 ab
869 5345 1204 5401 hominibus.
1231 5345 1469 5400 Subaudi
1499 5347 1780 5416 apostolis,

185 5437 240 5483 ut
267 5430 494 5502 quidam
527 5430 683 5486 electi
714 5440 766 5486 et
803 5432 955 5487 missi
995 5450 1025 5487 a
1055 5434 1255 5489 Judmis
1312 5435 1778 5505 pseudoapostoli.

183 5518 368 5590 Neque
390 5533 494 5590 per
531 5517 830 5576 hominem.
856 5521 961 5576 Sed
992 5538 1088 5592 per
1105 5522 1288 5577 Jesum
1301 5523 1414 5591 jam
1446 5523 1779 5577 suscitatum.

180 5605 282 5676 Qui
315 5623 434 5662 non
482 5616 535 5662 ut
564 5609 727 5664 homo
764 5609 1013 5666 homines
1057 5611 1336 5684 paulatim,
1372 5613 1468 5669 sed
1497 5619 1666 5668 totum
1706 5613 1782 5666 si-

1811 4585 1864 4645 D
1885 4583 1996 4638 mul
2024 4599 2126 4655 per
2157 4582 2404 4654 Spiritum
2421 4582 2601 4639 docuit
2635 4599 2648 4638 :
2683 4591 2742 4638 ut
2796 4597 2894 4654 per
2921 4583 3026 4640 hoc
3071 4583 3139 4638 sit
3157 4584 3348 4654 major,
3382 4601 3479 4657 per

1885 4673 2030 4745 quod
2055 4672 2342 4728 videbatur
2370 4672 2573 4727 minor.
2633 4672 2828 4727 Caeteri
2884 4671 3028 4727 enim
3061 4673 3296 4743 apostoli
3330 4675 3479 4731 vide-

1885 4762 2082 4816 bantur
2111 4777 2234 4816 esse
2291 4761 2527 4830 majores
2559 4779 2571 4814 :
2616 4761 2740 4833 quia
2787 4761 3019 4831 priores.
3055 4763 3162 4816 Iste
3199 4762 3477 4831 minimus,

1887 4850 2014 4921 quia
2073 4850 2421 4905 novissimus.
2484 4850 2592 4904 Sed
2623 4850 2748 4904 inde
2776 4858 2993 4921 apparet
3046 4850 3311 4921 dignior:
3354 4852 3483 4924 quia

1881 4939 2093 5010 priores
2123 4938 2397 4994 constituti
2429 4947 2551 4993 sunt
2579 4955 2679 5010 per
2709 4938 2982 4993 Christum
3028 4939 3203 4995 adhuc
3232 4955 3297 4994 ex
3325 4947 3482 5010 parte

1883 5027 2176 5096 hominem,
2208 5028 2263 5081 id
2291 5036 2370 5081 est
2400 5028 2703 5082 mortalem.
2736 5027 3078 5082 Novissimus
3127 5043 3255 5082 vero
3284 5029 3481 5084 Paulus

1881 5131 1982 5186 per
2004 5116 2276 5170 Christum
2296 5116 2411 5184 jam
2441 5124 2611 5171 totum
2641 5117 2833 5183 Deum,
2866 5115 2919 5169 id
2951 5124 3033 5170 est
3053 5133 3118 5171 ex
3155 5115 3303 5171 omni
3331 5125 3482 5188 parte

1885 5202 2265 5258 immortalem.

1957 5328 2125 5382 Vens.
2140 5332 2192 5385 2.
2216 5358 2284 5367 —
2308 5328 2410 5395 Qui
2426 5343 2666 5384 mecum.
2693 5329 2951 5384 Dolentes
2974 5328 3168 5384 fratres
3190 5329 3479 5385 Christiani

1893 5425 2017 5470 sunt
2047 5417 2113 5471 de
2143 5425 2319 5472 vestra
2341 5417 2675 5485 seductione,
2712 5425 2878 5472 testes
2907 5418 3152 5473 veritatis
3182 5435 3337 5486 meae,
3363 5417 3478 5488 qui-

1898 5506 1996 5559 bus
2025 5521 2122 5560 vos
2144 5513 2354 5576 oportet
2379 5506 2638 5574 credere,
2677 5514 2727 5560 et
2747 5522 2854 5562 non
2885 5523 3108 5578 paucos,
3142 5507 3237 5560 sed
3267 5521 3477 5560 omnes.

1967 5612 2136 5668 Vens.
2169 5616 2220 5667 3.
2255 5643 2322 5653 —-
2353 5615 2420 5668 Et
2452 5614 2682 5670 Domino
2713 5616 2871 5672 Iesus
2887 5615 3123 5671 Christo.
3149 5611 3322 5680 Quem
3342 5611 3479 5680 inju~
