  <div class='ocr_page' id='page_1' title='image "/cluster/home/n/w/nwhite01/storage/ocr_20150623/114/hvd.32044052819893/291.png"; bbox 0 0 3964 6178; ppageno 0'>
   <div class='ocr_carea' id='block_1_1' title="bbox 486 285 584 339">
    <p class='ocr_par' dir='ltr' id='par_1_1' title="bbox 486 285 584 339">
     <span class='ocr_line' id='line_1_1' title="bbox 486 285 584 339; baseline 0 0"><span class='ocrx_word' id='word_1_1' title='bbox 486 285 584 339; x_wconf 75' lang='grc'>571</span> 
     </span>
    </p>
   </div>
   <div class='ocr_carea' id='block_1_2' title="bbox 972 278 3169 339">
    <p class='ocr_par' dir='ltr' id='par_1_2' title="bbox 972 278 3169 339">
     <span class='ocr_line' id='line_1_2' title="bbox 972 278 3169 339; baseline -0 -2"><span class='ocrx_word' id='word_1_2' title='bbox 972 280 1378 338; x_wconf 82' lang='lat' dir='ltr'>WALAFRIDI</span> <span class='ocrx_word' id='word_1_3' title='bbox 1406 281 1651 338; x_wconf 82' lang='lat' dir='ltr'>STRABI</span> <span class='ocrx_word' id='word_1_4' title='bbox 1679 281 1880 339; x_wconf 84' lang='lat' dir='ltr'>FULD.</span> <span class='ocrx_word' id='word_1_5' title='bbox 1911 280 2084 338; x_wconf 90' lang='lat' dir='ltr'>MON.</span> <span class='ocrx_word' id='word_1_6' title='bbox 2115 279 2267 338; x_wconf 87' lang='lat' dir='ltr'>OPP.</span> <span class='ocrx_word' id='word_1_7' title='bbox 2296 279 2499 339; x_wconf 80' lang='lat' dir='ltr'>PARIS</span> <span class='ocrx_word' id='word_1_8' title='bbox 2526 281 2568 338; x_wconf 87' lang='grc' dir='ltr'><strong>Ι.</strong></span> <span class='ocrx_word' id='word_1_9' title='bbox 2601 309 2670 322; x_wconf 92' lang='grc'><strong><em>-</em></strong></span> <span class='ocrx_word' id='word_1_10' title='bbox 2697 278 3169 338; x_wconf 81' lang='lat' dir='ltr'>THEOLOGICA.</span> 
     </span>
    </p>
   </div>
   <div class='ocr_carea' id='block_1_3' title="bbox 3677 285 3788 339">
    <p class='ocr_par' dir='ltr' id='par_1_3' title="bbox 3677 285 3788 339">
     <span class='ocr_line' id='line_1_3' title="bbox 3677 285 3788 339; baseline 0.018 -2"><span class='ocrx_word' id='word_1_11' title='bbox 3677 285 3788 339; x_wconf 70' lang='grc'>572</span> 
     </span>
    </p>
   </div>
   <div class='ocr_carea' id='block_1_4' title="bbox 487 403 3785 481">
    <p class='ocr_par' dir='ltr' id='par_1_4' title="bbox 487 403 3785 481">
     <span class='ocr_line' id='line_1_4' title="bbox 487 403 3785 481; baseline -0.001 -19"><span class='ocrx_word' id='word_1_12' title='bbox 487 406 635 463; x_wconf 88' lang='lat' dir='ltr'>riose</span> <span class='ocrx_word' id='word_1_13' title='bbox 661 405 886 476; x_wconf 66' lang='lat' dir='ltr'>mquatis</span> <span class='ocrx_word' id='word_1_14' title='bbox 914 405 1042 478; x_wconf 78' lang='lat' dir='ltr'>legi,</span> <span class='ocrx_word' id='word_1_15' title='bbox 1069 407 1193 461; x_wconf 90' lang='lat' dir='ltr'>dum</span> <span class='ocrx_word' id='word_1_16' title='bbox 1225 407 1404 477; x_wconf 89' lang='lat' dir='ltr'>ipsum</span> <span class='ocrx_word' id='word_1_17' title='bbox 1431 421 1540 462; x_wconf 91' lang='lat' dir='ltr'>non</span> <span class='ocrx_word' id='word_1_18' title='bbox 1580 404 1698 462; x_wconf 86' lang='lat' dir='ltr'>sine</span> <span class='ocrx_word' id='word_1_19' title='bbox 1726 407 1850 481; x_wconf 84' lang='lat' dir='ltr'>lege</span> <span class='ocrx_word' id='word_1_20' title='bbox 1877 407 1948 463; x_wconf 89' lang='lat' dir='ltr'>ad</span> <span class='ocrx_word' id='word_1_21' title='bbox 1981 422 2075 462; x_wconf 90' lang='lat' dir='ltr'>sa-</span> <span class='ocrx_word' id='word_1_22' title='bbox 2104 407 2162 470; x_wconf 82' lang='lat' dir='ltr'><strong>A</strong></span> <span class='ocrx_word' id='word_1_23' title='bbox 2181 413 2326 461; x_wconf 91' lang='lat' dir='ltr'>runt.</span> <span class='ocrx_word' id='word_1_24' title='bbox 2359 405 2694 460; x_wconf 83' lang='lat' dir='ltr'>Anathema.</span> <span class='ocrx_word' id='word_1_25' title='bbox 2729 406 2844 460; x_wconf 89' lang='lat' dir='ltr'>Hoc</span> <span class='ocrx_word' id='word_1_26' title='bbox 2863 405 3090 459; x_wconf 85' lang='lat' dir='ltr'>verbum</span> <span class='ocrx_word' id='word_1_27' title='bbox 3107 419 3206 475; x_wconf 91' lang='lat' dir='ltr'>pro</span> <span class='ocrx_word' id='word_1_28' title='bbox 3224 403 3520 460; x_wconf 87' lang='lat' dir='ltr'>maledicto</span> <span class='ocrx_word' id='word_1_29' title='bbox 3536 405 3785 476; x_wconf 78' lang='lat' dir='ltr'>ponitur,</span> 
     </span>
    </p>
   </div>
   <div class='ocr_carea' id='block_1_5' title="bbox 484 495 2075 570">
    <p class='ocr_par' dir='ltr' id='par_1_5' title="bbox 484 495 2075 570">
     <span class='ocr_line' id='line_1_5' title="bbox 484 495 2075 570; baseline 0.003 -20"><span class='ocrx_word' id='word_1_30' title='bbox 484 495 652 550; x_wconf 90' lang='lat' dir='ltr'>lutem</span> <span class='ocrx_word' id='word_1_31' title='bbox 682 495 930 552; x_wconf 77' lang='lat' dir='ltr'>sufﬁcere</span> <span class='ocrx_word' id='word_1_32' title='bbox 962 496 1206 551; x_wconf 80' lang='lat' dir='ltr'>asseritis</span> <span class='ocrx_word' id='word_1_33' title='bbox 1239 514 1252 550; x_wconf 94' lang='lat'><strong>:</strong></span> <span class='ocrx_word' id='word_1_34' title='bbox 1287 497 1424 552; x_wconf 91' lang='lat' dir='ltr'>sicut</span> <span class='ocrx_word' id='word_1_35' title='bbox 1460 497 1640 570; x_wconf 83' lang='lat' dir='ltr'>legem</span> <span class='ocrx_word' id='word_1_36' title='bbox 1669 498 1787 553; x_wconf 88' lang='lat' dir='ltr'>sine</span> <span class='ocrx_word' id='word_1_37' title='bbox 1815 515 1881 555; x_wconf 92' lang='lat' dir='ltr'>eo</span> <span class='ocrx_word' id='word_1_38' title='bbox 1914 517 1926 553; x_wconf 93' lang='lat'>:</span> <span class='ocrx_word' id='word_1_39' title='bbox 1977 500 2075 555; x_wconf 89' lang='lat' dir='ltr'>sed</span> 
     </span>
    </p>
   </div>
   <div class='ocr_carea' id='block_1_6' title="bbox 487 583 1576 658">
    <p class='ocr_par' dir='ltr' id='par_1_6' title="bbox 487 583 1576 658">
     <span class='ocr_line' id='line_1_6' title="bbox 487 583 1576 658; baseline 0.004 -20"><span class='ocrx_word' id='word_1_40' title='bbox 487 583 558 639; x_wconf 87' lang='lat' dir='ltr'>ab</span> <span class='ocrx_word' id='word_1_41' title='bbox 587 584 707 655; x_wconf 91' lang='lat' dir='ltr'>ipso</span> <span class='ocrx_word' id='word_1_42' title='bbox 737 585 853 641; x_wconf 89' lang='lat' dir='ltr'>sine</span> <span class='ocrx_word' id='word_1_43' title='bbox 883 585 1008 658; x_wconf 90' lang='lat' dir='ltr'>lege</span> <span class='ocrx_word' id='word_1_44' title='bbox 1038 585 1216 658; x_wconf 88' lang='lat' dir='ltr'>gratia</span> <span class='ocrx_word' id='word_1_45' title='bbox 1245 593 1329 640; x_wconf 92' lang='lat' dir='ltr'>est</span> <span class='ocrx_word' id='word_1_46' title='bbox 1359 592 1412 641; x_wconf 93' lang='lat' dir='ltr'>et</span> <span class='ocrx_word' id='word_1_47' title='bbox 1452 602 1576 657; x_wconf 88' lang='lat' dir='ltr'>pax.</span> 
     </span>
    </p>
   </div>
   <div class='ocr_carea' id='block_1_7' title="bbox 559 701 2074 776">
    <p class='ocr_par' dir='ltr' id='par_1_7' title="bbox 559 701 2074 776">
     <span class='ocr_line' id='line_1_7' title="bbox 559 701 2074 776; baseline 0.003 -21"><span class='ocrx_word' id='word_1_48' title='bbox 559 701 730 756; x_wconf 72' lang='lat' dir='ltr'>Vens.</span> <span class='ocrx_word' id='word_1_49' title='bbox 764 704 816 756; x_wconf 77' lang='grc'><strong>4.</strong></span> <span class='ocrx_word' id='word_1_50' title='bbox 841 703 1032 770; x_wconf 85' lang='lat' dir='ltr'>—Qui</span> <span class='ocrx_word' id='word_1_51' title='bbox 1047 701 1218 758; x_wconf 87' lang='lat' dir='ltr'>dedit.</span> <span class='ocrx_word' id='word_1_52' title='bbox 1243 703 1302 756; x_wconf 90' lang='lat' dir='ltr'>Id</span> <span class='ocrx_word' id='word_1_53' title='bbox 1331 709 1432 768; x_wconf 92' lang='lat' dir='ltr'>est,</span> <span class='ocrx_word' id='word_1_54' title='bbox 1468 712 1659 774; x_wconf 83' lang='lat' dir='ltr'>sponte</span> <span class='ocrx_word' id='word_1_55' title='bbox 1689 703 1879 758; x_wconf 79' lang='lat' dir='ltr'>obtulit</span> <span class='ocrx_word' id='word_1_56' title='bbox 1904 723 1916 759; x_wconf 92' lang='lat'>:</span> <span class='ocrx_word' id='word_1_57' title='bbox 1951 705 2074 776; x_wconf 86' lang='lat' dir='ltr'>quia</span> 
     </span>
    </p>
   </div>
   <div class='ocr_carea' id='block_1_8' title="bbox 487 789 2075 862">
    <p class='ocr_par' dir='ltr' id='par_1_8' title="bbox 487 789 2075 862">
     <span class='ocr_line' id='line_1_8' title="bbox 487 789 2075 862; baseline 0.004 -18"><span class='ocrx_word' id='word_1_58' title='bbox 487 804 598 846; x_wconf 90' lang='lat' dir='ltr'>non</span> <span class='ocrx_word' id='word_1_59' title='bbox 628 799 711 845; x_wconf 90' lang='lat' dir='ltr'>est</span> <span class='ocrx_word' id='word_1_60' title='bbox 737 789 876 844; x_wconf 90' lang='lat' dir='ltr'>alius</span> <span class='ocrx_word' id='word_1_61' title='bbox 911 790 1002 860; x_wconf 88' lang='lat' dir='ltr'>qui</span> <span class='ocrx_word' id='word_1_62' title='bbox 1039 791 1211 861; x_wconf 89' lang='lat' dir='ltr'>potuit</span> <span class='ocrx_word' id='word_1_63' title='bbox 1256 792 1474 862; x_wconf 91' lang='lat' dir='ltr'>aperire</span> <span class='ocrx_word' id='word_1_64' title='bbox 1504 792 1724 861; x_wconf 92' lang='lat' dir='ltr'>librum,</span> <span class='ocrx_word' id='word_1_65' title='bbox 1756 793 1860 848; x_wconf 87' lang='lat' dir='ltr'>nisi</span> <span class='ocrx_word' id='word_1_66' title='bbox 1892 794 1979 850; x_wconf 90' lang='lat' dir='ltr'>leo</span> <span class='ocrx_word' id='word_1_67' title='bbox 2007 795 2075 850; x_wconf 92' lang='lat' dir='ltr'>de</span> 
     </span>
    </p>
   </div>
   <div class='ocr_carea' id='block_1_9' title="bbox 486 878 2076 952">
    <p class='ocr_par' dir='ltr' id='par_1_9' title="bbox 486 878 2076 952">
     <span class='ocr_line' id='line_1_9' title="bbox 486 878 2076 952; baseline 0.004 -21"><span class='ocrx_word' id='word_1_68' title='bbox 486 878 627 932; x_wconf 89' lang='lat' dir='ltr'>tribu</span> <span class='ocrx_word' id='word_1_69' title='bbox 657 879 809 933; x_wconf 87' lang='lat' dir='ltr'>Juda.</span> <span class='ocrx_word' id='word_1_70' title='bbox 842 881 1235 952; x_wconf 83' lang='lat' dir='ltr'>Semetipsum.</span> <span class='ocrx_word' id='word_1_71' title='bbox 1283 880 1422 949; x_wconf 90' lang='lat' dir='ltr'>Quia</span> <span class='ocrx_word' id='word_1_72' title='bbox 1451 897 1558 936; x_wconf 91' lang='lat' dir='ltr'>non</span> <span class='ocrx_word' id='word_1_73' title='bbox 1591 890 1710 937; x_wconf 89' lang='lat' dir='ltr'>erat</span> <span class='ocrx_word' id='word_1_74' title='bbox 1738 883 1913 938; x_wconf 90' lang='lat' dir='ltr'>hostia</span> <span class='ocrx_word' id='word_1_75' title='bbox 1971 883 2076 938; x_wconf 90' lang='lat' dir='ltr'>alia</span> 
     </span>
    </p>
   </div>
   <div class='ocr_carea' id='block_1_10' title="bbox 485 966 2075 1042">
    <p class='ocr_par' dir='ltr' id='par_1_10' title="bbox 485 966 2075 1042">
     <span class='ocr_line' id='line_1_10' title="bbox 485 966 2075 1042; baseline 0.004 -22"><span class='ocrx_word' id='word_1_76' title='bbox 485 966 648 1038; x_wconf 90' lang='lat' dir='ltr'>digna</span> <span class='ocrx_word' id='word_1_77' title='bbox 676 982 774 1036; x_wconf 91' lang='lat' dir='ltr'>pro</span> <span class='ocrx_word' id='word_1_78' title='bbox 804 969 1044 1038; x_wconf 87' lang='lat' dir='ltr'>peccatis</span> <span class='ocrx_word' id='word_1_79' title='bbox 1073 969 1275 1024; x_wconf 81' lang='lat' dir='ltr'>nostris</span> <span class='ocrx_word' id='word_1_80' title='bbox 1306 970 1570 1038; x_wconf 90' lang='lat' dir='ltr'>delendis,</span> <span class='ocrx_word' id='word_1_81' title='bbox 1595 972 1739 1042; x_wconf 89' lang='lat' dir='ltr'>quod</span> <span class='ocrx_word' id='word_1_82' title='bbox 1757 979 1839 1026; x_wconf 91' lang='lat' dir='ltr'>est</span> <span class='ocrx_word' id='word_1_83' title='bbox 1865 971 2075 1026; x_wconf 88' lang='lat' dir='ltr'>initium</span> 
     </span>
    </p>
   </div>
   <div class='ocr_carea' id='block_1_11' title="bbox 485 1055 2076 1129">
    <p class='ocr_par' dir='ltr' id='par_1_11' title="bbox 485 1055 2076 1129">
     <span class='ocr_line' id='line_1_11' title="bbox 485 1055 2076 1129; baseline 0.005 -21"><span class='ocrx_word' id='word_1_84' title='bbox 485 1055 816 1112; x_wconf 83' lang='lat' dir='ltr'>salvationis.</span> <span class='ocrx_word' id='word_1_85' title='bbox 841 1057 1016 1127; x_wconf 86' lang='lat' dir='ltr'>Quem</span> <span class='ocrx_word' id='word_1_86' title='bbox 1038 1074 1172 1129; x_wconf 88' lang='lat' dir='ltr'>ergo</span> <span class='ocrx_word' id='word_1_87' title='bbox 1193 1059 1373 1115; x_wconf 91' lang='lat' dir='ltr'>locum</span> <span class='ocrx_word' id='word_1_88' title='bbox 1400 1060 1563 1114; x_wconf 85' lang='lat' dir='ltr'>habet</span> <span class='ocrx_word' id='word_1_89' title='bbox 1576 1061 1663 1115; x_wconf 87' lang='lat' dir='ltr'>lex</span> <span class='ocrx_word' id='word_1_90' title='bbox 1679 1061 1706 1114; x_wconf 71' lang='lat'>‘2</span> <span class='ocrx_word' id='word_1_91' title='bbox 1723 1060 1922 1129; x_wconf 87' lang='lat' dir='ltr'>Quasi:</span> <span class='ocrx_word' id='word_1_92' title='bbox 1945 1062 2076 1116; x_wconf 89' lang='lat' dir='ltr'>Nul-</span> 
     </span>
    </p>
   </div>
   <div class='ocr_carea' id='block_1_12' title="bbox 482 1145 2071 1217">
    <p class='ocr_par' dir='ltr' id='par_1_12' title="bbox 482 1145 2071 1217">
     <span class='ocr_line' id='line_1_12' title="bbox 482 1145 2071 1217; baseline 0.004 -18"><span class='ocrx_word' id='word_1_93' title='bbox 482 1145 591 1199; x_wconf 93' lang='lat' dir='ltr'>lum</span> <span class='ocrx_word' id='word_1_94' title='bbox 605 1145 841 1215; x_wconf 88' lang='lat' dir='ltr'>penitus.</span> <span class='ocrx_word' id='word_1_95' title='bbox 862 1149 938 1203; x_wconf 89' lang='lat' dir='ltr'>De</span> <span class='ocrx_word' id='word_1_96' title='bbox 959 1149 1183 1204; x_wconf 73' lang='lat' dir='ltr'>sweulo.</span> <span class='ocrx_word' id='word_1_97' title='bbox 1209 1149 1268 1202; x_wconf 89' lang='lat' dir='ltr'>Id</span> <span class='ocrx_word' id='word_1_98' title='bbox 1290 1156 1370 1202; x_wconf 90' lang='lat' dir='ltr'>est</span> <span class='ocrx_word' id='word_1_99' title='bbox 1392 1149 1460 1204; x_wconf 94' lang='lat' dir='ltr'>de</span> <span class='ocrx_word' id='word_1_100' title='bbox 1473 1149 1847 1206; x_wconf 89' lang='lat' dir='ltr'>conformitate</span> <span class='ocrx_word' id='word_1_101' title='bbox 1866 1152 2071 1217; x_wconf 91' lang='lat' dir='ltr'>mundi,</span> 
     </span>
    </p>
   </div>
   <div class='ocr_carea' id='block_1_13' title="bbox 483 1232 918 1306">
    <p class='ocr_par' dir='ltr' id='par_1_13' title="bbox 483 1232 918 1306">
     <span class='ocr_line' id='line_1_13' title="bbox 483 1232 918 1306; baseline 0.009 -20"><span class='ocrx_word' id='word_1_102' title='bbox 483 1232 572 1306; x_wconf 90' lang='lat' dir='ltr'>qui</span> <span class='ocrx_word' id='word_1_103' title='bbox 600 1249 702 1288; x_wconf 90' lang='lat' dir='ltr'>nos</span> <span class='ocrx_word' id='word_1_104' title='bbox 735 1235 918 1290; x_wconf 85' lang='lat' dir='ltr'>allicit.</span> 
     </span>
    </p>
   </div>
   <div class='ocr_carea' id='block_1_14' title="bbox 555 1351 2077 1426">
    <p class='ocr_par' dir='ltr' id='par_1_14' title="bbox 555 1351 2077 1426">
     <span class='ocr_line' id='line_1_14' title="bbox 555 1351 2077 1426; baseline 0.003 -22"><span class='ocrx_word' id='word_1_105' title='bbox 555 1351 832 1406; x_wconf 66' lang='lat' dir='ltr'>Praesenti</span> <span class='ocrx_word' id='word_1_106' title='bbox 857 1352 1061 1407; x_wconf 68' lang='lat' dir='ltr'>saeculo</span> <span class='ocrx_word' id='word_1_107' title='bbox 1082 1369 1344 1425; x_wconf 80' lang='lat' dir='ltr'>nequam.</span> <span class='ocrx_word' id='word_1_108' title='bbox 1394 1354 1562 1409; x_wconf 90' lang='lat' dir='ltr'>Tanto</span> <span class='ocrx_word' id='word_1_109' title='bbox 1604 1354 1728 1426; x_wconf 90' lang='lat' dir='ltr'>plus</span> <span class='ocrx_word' id='word_1_110' title='bbox 1756 1355 1919 1426; x_wconf 89' lang='lat' dir='ltr'>capit,</span> <span class='ocrx_word' id='word_1_111' title='bbox 1953 1370 2077 1411; x_wconf 92' lang='lat' dir='ltr'>cum</span> 
     </span>
    </p>
   </div>
   <div class='ocr_carea' id='block_1_15' title="bbox 485 1439 2078 1517">
    <p class='ocr_par' dir='ltr' id='par_1_15' title="bbox 485 1439 2078 1517">
     <span class='ocr_line' id='line_1_15' title="bbox 485 1439 2078 1517; baseline 0.003 -23"><span class='ocrx_word' id='word_1_112' title='bbox 485 1446 686 1494; x_wconf 75' lang='lat' dir='ltr'>aeterna</span> <span class='ocrx_word' id='word_1_113' title='bbox 716 1455 828 1494; x_wconf 90' lang='lat' dir='ltr'>non</span> <span class='ocrx_word' id='word_1_114' title='bbox 856 1439 1158 1496; x_wconf 89' lang='lat' dir='ltr'>videantur.</span> <span class='ocrx_word' id='word_1_115' title='bbox 1207 1443 1420 1499; x_wconf 73' lang='lat' dir='ltr'>chulo</span> <span class='ocrx_word' id='word_1_116' title='bbox 1468 1461 1728 1517; x_wconf 82' lang='lat' dir='ltr'>nequam.</span> <span class='ocrx_word' id='word_1_117' title='bbox 1780 1445 1896 1500; x_wconf 85' lang='lat' dir='ltr'>Hoc</span> <span class='ocrx_word' id='word_1_118' title='bbox 1949 1445 2078 1500; x_wconf 89' lang='lat' dir='ltr'>dicit</span> 
     </span>
    </p>
   </div>
   <div class='ocr_carea' id='block_1_16' title="bbox 483 1528 2078 1599">
    <p class='ocr_par' dir='ltr' id='par_1_16' title="bbox 483 1528 2078 1599">
     <span class='ocr_line' id='line_1_16' title="bbox 483 1528 2078 1599; baseline 0.004 -18"><span class='ocrx_word' id='word_1_119' title='bbox 483 1543 592 1582; x_wconf 92' lang='lat' dir='ltr'>non</span> <span class='ocrx_word' id='word_1_120' title='bbox 613 1528 760 1599; x_wconf 90' lang='lat' dir='ltr'>quod</span> <span class='ocrx_word' id='word_1_121' title='bbox 788 1529 1021 1584; x_wconf 91' lang='lat' dir='ltr'>mundus</span> <span class='ocrx_word' id='word_1_122' title='bbox 1054 1530 1157 1585; x_wconf 89' lang='lat' dir='ltr'>iste</span> <span class='ocrx_word' id='word_1_123' title='bbox 1189 1541 1398 1586; x_wconf 90' lang='lat' dir='ltr'>creatus</span> <span class='ocrx_word' id='word_1_124' title='bbox 1428 1548 1461 1587; x_wconf 92' lang='lat' dir='ltr'>a</span> <span class='ocrx_word' id='word_1_125' title='bbox 1485 1533 1600 1588; x_wconf 92' lang='lat' dir='ltr'>Deo</span> <span class='ocrx_word' id='word_1_126' title='bbox 1631 1533 1699 1587; x_wconf 92' lang='lat' dir='ltr'>sit</span> <span class='ocrx_word' id='word_1_127' title='bbox 1734 1533 1928 1598; x_wconf 90' lang='lat' dir='ltr'>malus,</span> <span class='ocrx_word' id='word_1_128' title='bbox 1979 1534 2078 1588; x_wconf 92' lang='lat' dir='ltr'>sed</span> 
     </span>
    </p>
   </div>
   <div class='ocr_carea' id='block_1_17' title="bbox 483 1615 2076 1693">
    <p class='ocr_par' dir='ltr' id='par_1_17' title="bbox 483 1615 2076 1693">
     <span class='ocr_line' id='line_1_17' title="bbox 483 1615 2076 1693; baseline 0.005 -23"><span class='ocrx_word' id='word_1_129' title='bbox 483 1615 611 1688; x_wconf 88' lang='lat' dir='ltr'>quia</span> <span class='ocrx_word' id='word_1_130' title='bbox 638 1617 694 1670; x_wconf 93' lang='lat' dir='ltr'>in</span> <span class='ocrx_word' id='word_1_131' title='bbox 741 1634 806 1672; x_wconf 93' lang='lat' dir='ltr'>eo</span> <span class='ocrx_word' id='word_1_132' title='bbox 852 1617 986 1672; x_wconf 83' lang='lat' dir='ltr'>ﬁunt</span> <span class='ocrx_word' id='word_1_133' title='bbox 1041 1620 1202 1693; x_wconf 64' lang='lat' dir='ltr'>mala,</span> <span class='ocrx_word' id='word_1_134' title='bbox 1232 1621 1301 1674; x_wconf 89' lang='lat' dir='ltr'>Et</span> <span class='ocrx_word' id='word_1_135' title='bbox 1330 1622 1434 1677; x_wconf 94' lang='lat' dir='ltr'>hoc</span> <span class='ocrx_word' id='word_1_136' title='bbox 1481 1638 1644 1677; x_wconf 91' lang='lat' dir='ltr'>sensu</span> <span class='ocrx_word' id='word_1_137' title='bbox 1674 1622 1872 1678; x_wconf 91' lang='lat' dir='ltr'>dicitur</span> <span class='ocrx_word' id='word_1_138' title='bbox 1904 1639 1916 1677; x_wconf 92' lang='lat'>:</span> <span class='ocrx_word' id='word_1_139' title='bbox 1950 1625 2076 1678; x_wconf 88' lang='lat' dir='ltr'>Dies</span> 
     </span>
    </p>
   </div>
   <div class='ocr_carea' id='block_1_18' title="bbox 484 1707 2077 1784">
    <p class='ocr_par' dir='ltr' id='par_1_18' title="bbox 484 1707 2077 1784">
     <span class='ocr_line' id='line_1_18' title="bbox 484 1707 2077 1784; baseline 0.005 -24"><span class='ocrx_word' id='word_1_140' title='bbox 484 1707 628 1761; x_wconf 85' lang='lat' dir='ltr'>mali</span> <span class='ocrx_word' id='word_1_141' title='bbox 647 1711 802 1761; x_wconf 89' lang='lat' dir='ltr'>sunt.</span> <span class='ocrx_word' id='word_1_142' title='bbox 865 1709 1101 1764; x_wconf 81' lang='lat' dir='ltr'>Mundus</span> <span class='ocrx_word' id='word_1_143' title='bbox 1147 1711 1211 1765; x_wconf 89' lang='lat' dir='ltr'>in</span> <span class='ocrx_word' id='word_1_144' title='bbox 1239 1711 1488 1782; x_wconf 88' lang='lat' dir='ltr'>maligno</span> <span class='ocrx_word' id='word_1_145' title='bbox 1531 1713 1768 1784; x_wconf 82' lang='lat' dir='ltr'>positus.</span> <span class='ocrx_word' id='word_1_146' title='bbox 1816 1715 2077 1784; x_wconf 86' lang='lat' dir='ltr'>Tempora</span> 
     </span>
    </p>
   </div>
   <div class='ocr_carea' id='block_1_19' title="bbox 480 1795 2082 1871">
    <p class='ocr_par' dir='ltr' id='par_1_19' title="bbox 480 1795 2082 1871">
     <span class='ocr_line' id='line_1_19' title="bbox 480 1795 2082 1871; baseline 0.002 -21"><span class='ocrx_word' id='word_1_147' title='bbox 480 1795 821 1866; x_wconf 87' lang='lat' dir='ltr'>periculosa.</span> <span class='ocrx_word' id='word_1_148' title='bbox 855 1797 1055 1863; x_wconf 87' lang='lat' dir='ltr'>Saltus,</span> <span class='ocrx_word' id='word_1_149' title='bbox 1092 1797 1184 1870; x_wconf 91' lang='lat' dir='ltr'>qui</span> <span class='ocrx_word' id='word_1_150' title='bbox 1203 1798 1350 1869; x_wconf 84' lang='lat' dir='ltr'>pleni</span> <span class='ocrx_word' id='word_1_151' title='bbox 1379 1808 1504 1853; x_wconf 90' lang='lat' dir='ltr'>sunt</span> <span class='ocrx_word' id='word_1_152' title='bbox 1533 1800 1851 1866; x_wconf 82' lang='lat' dir='ltr'>latronibus,</span> <span class='ocrx_word' id='word_1_153' title='bbox 1887 1809 1939 1855; x_wconf 91' lang='lat' dir='ltr'>et</span> <span class='ocrx_word' id='word_1_154' title='bbox 1968 1802 2082 1871; x_wconf 84' lang='lat' dir='ltr'>gla-</span> 
     </span>
    </p>
   </div>
   <div class='ocr_carea' id='block_1_20' title="bbox 485 1883 2082 1961">
    <p class='ocr_par' dir='ltr' id='par_1_20' title="bbox 485 1883 2082 1961">
     <span class='ocr_line' id='line_1_20' title="bbox 485 1883 2082 1961; baseline 0.004 -23"><span class='ocrx_word' id='word_1_155' title='bbox 485 1883 630 1950; x_wconf 91' lang='lat' dir='ltr'>dius,</span> <span class='ocrx_word' id='word_1_156' title='bbox 662 1901 768 1956; x_wconf 93' lang='lat' dir='ltr'>quo</span> <span class='ocrx_word' id='word_1_157' title='bbox 793 1901 952 1940; x_wconf 88' lang='lat' dir='ltr'>cruor</span> <span class='ocrx_word' id='word_1_158' title='bbox 972 1885 1280 1955; x_wconf 77' lang='lat' dir='ltr'>effunditur,</span> <span class='ocrx_word' id='word_1_159' title='bbox 1314 1896 1366 1943; x_wconf 90' lang='lat' dir='ltr'>et</span> <span class='ocrx_word' id='word_1_160' title='bbox 1395 1888 1556 1958; x_wconf 88' lang='lat' dir='ltr'>calix,</span> <span class='ocrx_word' id='word_1_161' title='bbox 1588 1889 1644 1944; x_wconf 93' lang='lat' dir='ltr'>in</span> <span class='ocrx_word' id='word_1_162' title='bbox 1673 1906 1780 1961; x_wconf 93' lang='lat' dir='ltr'>quo</span> <span class='ocrx_word' id='word_1_163' title='bbox 1811 1906 2082 1945; x_wconf 90' lang='lat' dir='ltr'>venenum</span> 
     </span>
    </p>
   </div>
   <div class='ocr_carea' id='block_1_21' title="bbox 487 1976 2077 2050">
    <p class='ocr_par' dir='ltr' id='par_1_21' title="bbox 487 1976 2077 2050">
     <span class='ocr_line' id='line_1_21' title="bbox 487 1976 2077 2050; baseline 0.003 -22"><span class='ocrx_word' id='word_1_164' title='bbox 487 1980 835 2044; x_wconf 86' lang='lat' dir='ltr'>temperatur,</span> <span class='ocrx_word' id='word_1_165' title='bbox 869 1976 1013 2030; x_wconf 90' lang='lat' dir='ltr'>mala</span> <span class='ocrx_word' id='word_1_166' title='bbox 1033 1976 1288 2032; x_wconf 89' lang='lat' dir='ltr'>dicuntur</span> <span class='ocrx_word' id='word_1_167' title='bbox 1313 1997 1326 2032; x_wconf 90' lang='lat'><strong>:</strong></span> <span class='ocrx_word' id='word_1_168' title='bbox 1349 1978 1590 2050; x_wconf 88' lang='lat' dir='ltr'>quianon</span> <span class='ocrx_word' id='word_1_169' title='bbox 1612 1979 1784 2034; x_wconf 91' lang='lat' dir='ltr'>solum</span> <span class='ocrx_word' id='word_1_170' title='bbox 1814 1987 2077 2050; x_wconf 88' lang='lat' dir='ltr'>tempora,</span> 
     </span>
    </p>
   </div>
   <div class='ocr_carea' id='block_1_22' title="bbox 484 2062 2080 2123">
    <p class='ocr_par' dir='ltr' id='par_1_22' title="bbox 484 2062 2080 2123">
     <span class='ocr_line' id='line_1_22' title="bbox 484 2062 2080 2123; baseline 0.004 -7"><span class='ocrx_word' id='word_1_171' title='bbox 484 2062 582 2117; x_wconf 89' lang='lat' dir='ltr'>sed</span> <span class='ocrx_word' id='word_1_172' title='bbox 614 2063 774 2117; x_wconf 89' lang='lat' dir='ltr'>etiam</span> <span class='ocrx_word' id='word_1_173' title='bbox 794 2063 915 2119; x_wconf 90' lang='lat' dir='ltr'>loca</span> <span class='ocrx_word' id='word_1_174' title='bbox 945 2073 997 2119; x_wconf 93' lang='lat' dir='ltr'>et</span> <span class='ocrx_word' id='word_1_175' title='bbox 1019 2065 1372 2122; x_wconf 89' lang='lat' dir='ltr'>instrumenta</span> <span class='ocrx_word' id='word_1_176' title='bbox 1401 2067 1668 2122; x_wconf 89' lang='lat' dir='ltr'>malorum</span> <span class='ocrx_word' id='word_1_177' title='bbox 1700 2075 1974 2123; x_wconf 87' lang='lat' dir='ltr'>traxerunt</span> <span class='ocrx_word' id='word_1_178' title='bbox 1998 2068 2080 2122; x_wconf 93' lang='lat' dir='ltr'>in-</span> 
     </span>
    </p>
   </div>
   <div class='ocr_carea' id='block_1_23' title="bbox 485 2149 1233 2224">
    <p class='ocr_par' dir='ltr' id='par_1_23' title="bbox 485 2149 1233 2224">
     <span class='ocr_line' id='line_1_23' title="bbox 485 2149 1233 2224; baseline 0.004 -19"><span class='ocrx_word' id='word_1_179' title='bbox 485 2149 706 2206; x_wconf 89' lang='lat' dir='ltr'>famiam</span> <span class='ocrx_word' id='word_1_180' title='bbox 736 2169 858 2224; x_wconf 71' lang='lat' dir='ltr'>qua:</span> <span class='ocrx_word' id='word_1_181' title='bbox 887 2153 941 2207; x_wconf 88' lang='lat' dir='ltr'>in</span> <span class='ocrx_word' id='word_1_182' title='bbox 973 2153 1052 2208; x_wconf 92' lang='lat' dir='ltr'>eis</span> <span class='ocrx_word' id='word_1_183' title='bbox 1081 2152 1233 2208; x_wconf 83' lang='lat' dir='ltr'>fiunt.</span> 
     </span>
    </p>
   </div>
   <div class='ocr_carea' id='block_1_24' title="bbox 557 2285 2082 2359">
    <p class='ocr_par' dir='ltr' id='par_1_24' title="bbox 557 2285 2082 2359">
     <span class='ocr_line' id='line_1_24' title="bbox 557 2285 2082 2359; baseline 0.002 -20"><span class='ocrx_word' id='word_1_184' title='bbox 557 2285 725 2340; x_wconf 74' lang='lat' dir='ltr'>Vnus.</span> <span class='ocrx_word' id='word_1_185' title='bbox 752 2289 804 2341; x_wconf 77' lang='grc' dir='ltr'><strong>ὃ.</strong></span> <span class='ocrx_word' id='word_1_186' title='bbox 850 2317 919 2326; x_wconf 90' lang='grc'><strong><em>-</em></strong></span> <span class='ocrx_word' id='word_1_187' title='bbox 951 2289 1052 2344; x_wconf 86' lang='lat' dir='ltr'>Cui</span> <span class='ocrx_word' id='word_1_188' title='bbox 1081 2292 1165 2343; x_wconf 87' lang='lat' dir='ltr'>est</span> <span class='ocrx_word' id='word_1_189' title='bbox 1191 2289 1388 2359; x_wconf 84' lang='lat' dir='ltr'>gloria.</span> <span class='ocrx_word' id='word_1_190' title='bbox 1414 2287 1580 2358; x_wconf 89' lang='lat' dir='ltr'>Quasi</span> <span class='ocrx_word' id='word_1_191' title='bbox 1613 2306 1626 2341; x_wconf 92' lang='lat'>:</span> <span class='ocrx_word' id='word_1_192' title='bbox 1662 2289 1789 2344; x_wconf 67' lang='lat' dir='ltr'>Hmc</span> <span class='ocrx_word' id='word_1_193' title='bbox 1819 2296 2082 2344; x_wconf 86' lang='lat' dir='ltr'>testantur</span> 
     </span>
    </p>
   </div>
   <div class='ocr_carea' id='block_1_25' title="bbox 481 2375 2080 2445">
    <p class='ocr_par' dir='ltr' id='par_1_25' title="bbox 481 2375 2080 2445">
     <span class='ocr_line' id='line_1_25' title="bbox 481 2375 2080 2445; baseline 0.004 -17"><span class='ocrx_word' id='word_1_194' title='bbox 481 2382 779 2445; x_wconf 69' lang='lat' dir='ltr'>praesentes</span> <span class='ocrx_word' id='word_1_195' title='bbox 800 2375 948 2442; x_wconf 90' lang='lat' dir='ltr'>boni,</span> <span class='ocrx_word' id='word_1_196' title='bbox 983 2385 1034 2432; x_wconf 91' lang='lat' dir='ltr'>et</span> <span class='ocrx_word' id='word_1_197' title='bbox 1064 2376 1228 2431; x_wconf 84' lang='lat' dir='ltr'>futuri</span> <span class='ocrx_word' id='word_1_198' title='bbox 1251 2378 1608 2434; x_wconf 86' lang='lat' dir='ltr'>testabuntur.</span> <span class='ocrx_word' id='word_1_199' title='bbox 1643 2378 1702 2432; x_wconf 93' lang='lat' dir='ltr'>In</span> <span class='ocrx_word' id='word_1_200' title='bbox 1732 2379 1834 2434; x_wconf 90' lang='lat' dir='ltr'>hac</span> <span class='ocrx_word' id='word_1_201' title='bbox 1890 2381 2080 2434; x_wconf 87' lang='lat' dir='ltr'>salva-</span> 
     </span>
    </p>
   </div>
   <div class='ocr_carea' id='block_1_26' title="bbox 485 2463 2079 2539">
    <p class='ocr_par' dir='ltr' id='par_1_26' title="bbox 485 2463 2079 2539">
     <span class='ocr_line' id='line_1_26' title="bbox 485 2463 2079 2539; baseline 0.003 -21"><span class='ocrx_word' id='word_1_202' title='bbox 485 2463 636 2519; x_wconf 89' lang='lat' dir='ltr'>tione</span> <span class='ocrx_word' id='word_1_203' title='bbox 675 2463 977 2533; x_wconf 71' lang='lat' dir='ltr'>praelibavit</span> <span class='ocrx_word' id='word_1_204' title='bbox 1024 2473 1076 2520; x_wconf 89' lang='lat' dir='ltr'>et</span> <span class='ocrx_word' id='word_1_205' title='bbox 1131 2467 1655 2522; x_wconf 89' lang='lat' dir='ltr'>commendationem</span> <span class='ocrx_word' id='word_1_206' title='bbox 1702 2467 1806 2533; x_wconf 91' lang='lat' dir='ltr'>sui,</span> <span class='ocrx_word' id='word_1_207' title='bbox 1859 2474 1911 2523; x_wconf 92' lang='lat' dir='ltr'>et</span> <span class='ocrx_word' id='word_1_208' title='bbox 1950 2467 2079 2539; x_wconf 91' lang='lat' dir='ltr'>quid</span> 
     </span>
    </p>
   </div>
   <div class='ocr_carea' id='block_1_27' title="bbox 480 2551 1789 2627">
    <p class='ocr_par' dir='ltr' id='par_1_27' title="bbox 480 2551 1789 2627">
     <span class='ocr_line' id='line_1_27' title="bbox 480 2551 1789 2627; baseline 0.002 -19"><span class='ocrx_word' id='word_1_209' title='bbox 480 2551 652 2624; x_wconf 89' lang='lat' dir='ltr'>possit</span> <span class='ocrx_word' id='word_1_210' title='bbox 681 2553 856 2624; x_wconf 88' lang='lat' dir='ltr'>gratia</span> <span class='ocrx_word' id='word_1_211' title='bbox 886 2554 1005 2622; x_wconf 92' lang='lat' dir='ltr'>Dei,</span> <span class='ocrx_word' id='word_1_212' title='bbox 1039 2563 1092 2610; x_wconf 93' lang='lat' dir='ltr'>et</span> <span class='ocrx_word' id='word_1_213' title='bbox 1125 2557 1269 2627; x_wconf 92' lang='lat' dir='ltr'>quod</span> <span class='ocrx_word' id='word_1_214' title='bbox 1290 2555 1376 2611; x_wconf 84' lang='lat' dir='ltr'>lcx</span> <span class='ocrx_word' id='word_1_215' title='bbox 1406 2555 1540 2610; x_wconf 90' lang='lat' dir='ltr'>nihil</span> <span class='ocrx_word' id='word_1_216' title='bbox 1561 2555 1789 2611; x_wconf 82' lang='lat' dir='ltr'>confert.</span> 
     </span>
    </p>
   </div>
   <div class='ocr_carea' id='block_1_28' title="bbox 552 2686 2081 2760">
    <p class='ocr_par' dir='ltr' id='par_1_28' title="bbox 552 2686 2081 2760">
     <span class='ocr_line' id='line_1_28' title="bbox 552 2686 2081 2760; baseline 0.001 -18"><span class='ocrx_word' id='word_1_217' title='bbox 552 2686 723 2742; x_wconf 74' lang='lat' dir='ltr'>Vnus.</span> <span class='ocrx_word' id='word_1_218' title='bbox 755 2689 807 2741; x_wconf 88' lang='lat'>6.</span> <span class='ocrx_word' id='word_1_219' title='bbox 838 2717 908 2728; x_wconf 91' lang='lat'>——</span> <span class='ocrx_word' id='word_1_220' title='bbox 936 2689 1120 2744; x_wconf 81' lang='lat' dir='ltr'>Miror.</span> <span class='ocrx_word' id='word_1_221' title='bbox 1154 2690 1234 2744; x_wconf 94' lang='lat' dir='ltr'>De</span> <span class='ocrx_word' id='word_1_222' title='bbox 1282 2688 1648 2744; x_wconf 89' lang='lat' dir='ltr'>destructione</span> <span class='ocrx_word' id='word_1_223' title='bbox 1694 2687 1835 2760; x_wconf 80' lang='lat' dir='ltr'>legis</span> <span class='ocrx_word' id='word_1_224' title='bbox 1892 2703 2081 2744; x_wconf 86' lang='lat' dir='ltr'>conse-</span> 
     </span>
    </p>
   </div>
   <div class='ocr_carea' id='block_1_29' title="bbox 481 2775 2079 2848">
    <p class='ocr_par' dir='ltr' id='par_1_29' title="bbox 481 2775 2079 2848">
     <span class='ocr_line' id='line_1_29' title="bbox 481 2775 2079 2848; baseline 0.001 -18"><span class='ocrx_word' id='word_1_225' title='bbox 481 2781 713 2846; x_wconf 86' lang='lat' dir='ltr'>quenter</span> <span class='ocrx_word' id='word_1_226' title='bbox 740 2775 853 2848; x_wconf 84' lang='lat' dir='ltr'>agit</span> <span class='ocrx_word' id='word_1_227' title='bbox 881 2776 1196 2845; x_wconf 81' lang='lat' dir='ltr'>Apostolus.</span> <span class='ocrx_word' id='word_1_228' title='bbox 1229 2778 1297 2830; x_wconf 88' lang='lat' dir='ltr'><strong>Et</strong></span> <span class='ocrx_word' id='word_1_229' title='bbox 1325 2777 1394 2832; x_wconf 93' lang='lat' dir='ltr'>de</span> <span class='ocrx_word' id='word_1_230' title='bbox 1416 2776 1630 2832; x_wconf 86' lang='lat' dir='ltr'>levitate</span> <span class='ocrx_word' id='word_1_231' title='bbox 1659 2792 1756 2832; x_wconf 90' lang='lat' dir='ltr'>eos</span> <span class='ocrx_word' id='word_1_232' title='bbox 1786 2778 2079 2847; x_wconf 89' lang='lat' dir='ltr'>reprehen-</span> 
     </span>
    </p>
   </div>
   <div class='ocr_carea' id='block_1_30' title="bbox 479 2863 2077 2937">
    <p class='ocr_par' dir='ltr' id='par_1_30' title="bbox 479 2863 2077 2937">
     <span class='ocr_line' id='line_1_30' title="bbox 479 2863 2077 2937; baseline 0.001 -19"><span class='ocrx_word' id='word_1_233' title='bbox 479 2863 577 2931; x_wconf 90' lang='lat' dir='ltr'>dit,</span> <span class='ocrx_word' id='word_1_234' title='bbox 611 2863 757 2936; x_wconf 90' lang='lat' dir='ltr'>quo.l</span> <span class='ocrx_word' id='word_1_235' title='bbox 814 2864 885 2919; x_wconf 91' lang='lat' dir='ltr'>ab</span> <span class='ocrx_word' id='word_1_236' title='bbox 918 2865 1221 2937; x_wconf 79' lang='lat' dir='ltr'>Evangelia</span> <span class='ocrx_word' id='word_1_237' title='bbox 1281 2865 1575 2920; x_wconf 89' lang='lat' dir='ltr'>indiscrete</span> <span class='ocrx_word' id='word_1_238' title='bbox 1625 2865 1958 2920; x_wconf 88' lang='lat' dir='ltr'>transierunt</span> <span class='ocrx_word' id='word_1_239' title='bbox 2007 2866 2077 2920; x_wconf 89' lang='lat' dir='ltr'>ad</span> 
     </span>
    </p>
   </div>
   <div class='ocr_carea' id='block_1_31' title="bbox 477 2951 2075 3025">
    <p class='ocr_par' dir='ltr' id='par_1_31' title="bbox 477 2951 2075 3025">
     <span class='ocr_line' id='line_1_31' title="bbox 477 2951 2075 3025; baseline 0.001 -18"><span class='ocrx_word' id='word_1_240' title='bbox 477 2951 677 3025; x_wconf 83' lang='lat' dir='ltr'>legem.</span> <span class='ocrx_word' id='word_1_241' title='bbox 700 2953 770 3008; x_wconf 91' lang='lat' dir='ltr'>Et</span> <span class='ocrx_word' id='word_1_242' title='bbox 791 2953 918 3024; x_wconf 89' lang='lat' dir='ltr'>quia</span> <span class='ocrx_word' id='word_1_243' title='bbox 937 2953 1152 3019; x_wconf 81' lang='lat' dir='ltr'>Galate,</span> <span class='ocrx_word' id='word_1_244' title='bbox 1181 2955 1483 3009; x_wconf 83' lang='lat' dir='ltr'>translatio</span> <span class='ocrx_word' id='word_1_245' title='bbox 1503 2953 1719 3018; x_wconf 87' lang='lat' dir='ltr'>dicitur,</span> <span class='ocrx_word' id='word_1_246' title='bbox 1741 2969 1986 3025; x_wconf 78' lang='lat' dir='ltr'>congrue</span> <span class='ocrx_word' id='word_1_247' title='bbox 2011 2970 2075 3009; x_wconf 87' lang='lat' dir='ltr'>ex</span> 
     </span>
    </p>
   </div>
   <div class='ocr_carea' id='block_1_32' title="bbox 478 3040 2077 3110">
    <p class='ocr_par' dir='ltr' id='par_1_32' title="bbox 478 3040 2077 3110">
     <span class='ocr_line' id='line_1_32' title="bbox 478 3040 2077 3110; baseline 0.003 -16"><span class='ocrx_word' id='word_1_248' title='bbox 478 3040 598 3110; x_wconf 91' lang='lat' dir='ltr'>ipso</span> <span class='ocrx_word' id='word_1_249' title='bbox 625 3041 844 3096; x_wconf 88' lang='lat' dir='ltr'>nomine</span> <span class='ocrx_word' id='word_1_250' title='bbox 905 3041 1346 3110; x_wconf 89' lang='lat' dir='ltr'>reprehensionis</span> <span class='ocrx_word' id='word_1_251' title='bbox 1404 3042 1747 3097; x_wconf 88' lang='lat' dir='ltr'>occasionem</span> <span class='ocrx_word' id='word_1_252' title='bbox 1795 3042 1976 3098; x_wconf 87' lang='lat' dir='ltr'>sumit.</span> <span class='ocrx_word' id='word_1_253' title='bbox 2011 3044 2077 3098; x_wconf 88' lang='lat' dir='ltr'>Et</span> 
     </span>
    </p>
   </div>
   <div class='ocr_carea' id='block_1_33' title="bbox 2175 494 3786 567">
    <p class='ocr_par' dir='ltr' id='par_1_33' title="bbox 2175 494 3786 567">
     <span class='ocr_line' id='line_1_33' title="bbox 2175 494 3786 567; baseline -0.001 -17"><span class='ocrx_word' id='word_1_254' title='bbox 2175 503 2226 550; x_wconf 90' lang='lat' dir='ltr'>et</span> <span class='ocrx_word' id='word_1_255' title='bbox 2257 495 2420 567; x_wconf 83' lang='lat' dir='ltr'>vulgo</span> <span class='ocrx_word' id='word_1_256' title='bbox 2449 495 2644 549; x_wconf 89' lang='lat' dir='ltr'>dicitur</span> <span class='ocrx_word' id='word_1_257' title='bbox 2673 494 2910 550; x_wconf 82' lang='lat' dir='ltr'>devotio.</span> <span class='ocrx_word' id='word_1_258' title='bbox 2944 495 3079 547; x_wconf 88' lang='lat' dir='ltr'>Nam</span> <span class='ocrx_word' id='word_1_259' title='bbox 3112 495 3373 550; x_wconf 87' lang='lat' dir='ltr'>devotare</span> <span class='ocrx_word' id='word_1_260' title='bbox 3412 511 3470 548; x_wconf 90' lang='lat' dir='ltr'>se</span> <span class='ocrx_word' id='word_1_261' title='bbox 3501 510 3786 566; x_wconf 89' lang='lat' dir='ltr'>quemque</span> 
     </span>
    </p>
   </div>
   <div class='ocr_carea' id='block_1_34' title="bbox 2174 583 3788 649">
    <p class='ocr_par' dir='ltr' id='par_1_34' title="bbox 2174 583 3788 649">
     <span class='ocr_line' id='line_1_34' title="bbox 2174 583 3788 649; baseline 0 -11"><span class='ocrx_word' id='word_1_262' title='bbox 2174 600 2335 639; x_wconf 93' lang='lat' dir='ltr'>nemo</span> <span class='ocrx_word' id='word_1_263' title='bbox 2367 583 2478 639; x_wconf 82' lang='lat' dir='ltr'>fere</span> <span class='ocrx_word' id='word_1_264' title='bbox 2510 585 2656 649; x_wconf 90' lang='lat' dir='ltr'>dicit,</span> <span class='ocrx_word' id='word_1_265' title='bbox 2689 583 2792 638; x_wconf 78' lang='lat' dir='ltr'>nisi</span> <span class='ocrx_word' id='word_1_266' title='bbox 2823 599 2882 637; x_wconf 91' lang='lat' dir='ltr'>se</span> <span class='ocrx_word' id='word_1_267' title='bbox 2926 583 3282 638; x_wconf 89' lang='lat' dir='ltr'>maledicens.</span> <span class='ocrx_word' id='word_1_268' title='bbox 3312 584 3468 640; x_wconf 91' lang='lat' dir='ltr'>Unde</span> <span class='ocrx_word' id='word_1_269' title='bbox 3499 583 3627 638; x_wconf 89' lang='lat' dir='ltr'>illud</span> <span class='ocrx_word' id='word_1_270' title='bbox 3663 601 3677 636; x_wconf 89' lang='lat'><strong>:</strong></span> <span class='ocrx_word' id='word_1_271' title='bbox 3713 586 3788 639; x_wconf 83' lang='lat' dir='ltr'>Et</span> 
     </span>
    </p>
   </div>
   <div class='ocr_carea' id='block_1_35' title="bbox 2173 673 3782 744">
    <p class='ocr_par' dir='ltr' id='par_1_35' title="bbox 2173 673 3782 744">
     <span class='ocr_line' id='line_1_35' title="bbox 2173 673 3782 744; baseline -0.001 -16"><span class='ocrx_word' id='word_1_272' title='bbox 2173 673 2682 728; x_wconf 64' lang='lat' dir='ltr'>anathematizauit</span> <span class='ocrx_word' id='word_1_273' title='bbox 2711 689 2841 728; x_wconf 86' lang='lat' dir='ltr'>eum</span> <span class='ocrx_word' id='word_1_274' title='bbox 2861 677 2917 728; x_wconf 90' lang='lat' dir='ltr'>et</span> <span class='ocrx_word' id='word_1_275' title='bbox 2955 673 3215 728; x_wconf 82' lang='lat' dir='ltr'>civitates</span> <span class='ocrx_word' id='word_1_276' title='bbox 3248 675 3388 744; x_wconf 78' lang='lat' dir='ltr'>ejus,</span> <span class='ocrx_word' id='word_1_277' title='bbox 3433 676 3491 728; x_wconf 91' lang='lat' dir='ltr'>et</span> <span class='ocrx_word' id='word_1_278' title='bbox 3513 676 3782 730; x_wconf 81' lang='lat' dir='ltr'>vocatum</span> 
     </span>
    </p>
   </div>
   <div class='ocr_carea' id='block_1_36' title="bbox 2175 761 3787 833">
    <p class='ocr_par' dir='ltr' id='par_1_36' title="bbox 2175 761 3787 833">
     <span class='ocr_line' id='line_1_36' title="bbox 2175 761 3787 833; baseline -0.001 -15"><span class='ocrx_word' id='word_1_279' title='bbox 2175 766 2257 818; x_wconf 86' lang='lat' dir='ltr'>est</span> <span class='ocrx_word' id='word_1_280' title='bbox 2285 777 2490 817; x_wconf 89' lang='lat' dir='ltr'>nomen</span> <span class='ocrx_word' id='word_1_281' title='bbox 2537 763 2640 817; x_wconf 90' lang='lat' dir='ltr'>loci</span> <span class='ocrx_word' id='word_1_282' title='bbox 2672 762 2833 816; x_wconf 82' lang='lat' dir='ltr'>illius</span> <span class='ocrx_word' id='word_1_283' title='bbox 2869 761 3187 817; x_wconf 82' lang='lat' dir='ltr'>Anathema</span> <span class='ocrx_word' id='word_1_284' title='bbox 3217 763 3407 833; x_wconf 82' lang='lat' dir='ltr'>(Num.</span> <span class='ocrx_word' id='word_1_285' title='bbox 3441 761 3592 831; x_wconf 72' lang='lat' dir='ltr'><strong>xxx.)</strong></span> <span class='ocrx_word' id='word_1_286' title='bbox 3642 761 3787 817; x_wconf 86' lang='lat' dir='ltr'>Hinc</span> 
     </span>
    </p>
   </div>
   <div class='ocr_carea' id='block_1_37' title="bbox 2176 850 3789 922">
    <p class='ocr_par' dir='ltr' id='par_1_37' title="bbox 2176 850 3789 922">
     <span class='ocr_line' id='line_1_37' title="bbox 2176 850 3789 922; baseline 0.001 -18"><span class='ocrx_word' id='word_1_287' title='bbox 2176 858 2409 905; x_wconf 89' lang='lat' dir='ltr'>tractum</span> <span class='ocrx_word' id='word_1_288' title='bbox 2439 859 2522 904; x_wconf 86' lang='lat' dir='ltr'>est</span> <span class='ocrx_word' id='word_1_289' title='bbox 2548 858 2605 904; x_wconf 92' lang='lat' dir='ltr'>ut</span> <span class='ocrx_word' id='word_1_290' title='bbox 2634 851 2922 904; x_wconf 85' lang='lat' dir='ltr'>anathema</span> <span class='ocrx_word' id='word_1_291' title='bbox 2967 851 3287 906; x_wconf 88' lang='lat' dir='ltr'>detestabile</span> <span class='ocrx_word' id='word_1_292' title='bbox 3329 850 3533 922; x_wconf 90' lang='lat' dir='ltr'>aliquid</span> <span class='ocrx_word' id='word_1_293' title='bbox 3565 859 3619 906; x_wconf 89' lang='lat' dir='ltr'>et</span> <span class='ocrx_word' id='word_1_294' title='bbox 3651 851 3789 906; x_wconf 89' lang='lat' dir='ltr'>abo-</span> 
     </span>
    </p>
   </div>
   <div class='ocr_carea' id='block_1_38' title="bbox 2175 933 3786 1007">
    <p class='ocr_par' dir='ltr' id='par_1_38' title="bbox 2175 933 3786 1007">
     <span class='ocr_line' id='line_1_38' title="bbox 2175 933 3786 1007; baseline 0.001 -14"><span class='ocrx_word' id='word_1_295' title='bbox 2175 939 2428 994; x_wconf 90' lang='lat' dir='ltr'>minabile</span> <span class='ocrx_word' id='word_1_296' title='bbox 2457 933 2721 1007; x_wconf 84' lang='lat' dir='ltr'>videatur,</span> <span class='ocrx_word' id='word_1_297' title='bbox 2748 948 2803 992; x_wconf 94' lang='lat' dir='ltr'>ut</span> <span class='ocrx_word' id='word_1_298' title='bbox 2832 938 2965 992; x_wconf 89' lang='lat' dir='ltr'>nihil</span> <span class='ocrx_word' id='word_1_299' title='bbox 2986 939 3112 994; x_wconf 92' lang='lat' dir='ltr'>inde</span> <span class='ocrx_word' id='word_1_300' title='bbox 3141 940 3314 995; x_wconf 89' lang='lat' dir='ltr'>victor</span> <span class='ocrx_word' id='word_1_301' title='bbox 3349 940 3404 993; x_wconf 90' lang='lat' dir='ltr'>in</span> <span class='ocrx_word' id='word_1_302' title='bbox 3455 956 3588 994; x_wconf 90' lang='lat' dir='ltr'>usus</span> <span class='ocrx_word' id='word_1_303' title='bbox 3651 955 3786 994; x_wconf 91' lang='lat' dir='ltr'>suos</span> 
     </span>
    </p>
   </div>
   <div class='ocr_carea' id='block_1_39' title="bbox 2177 1027 3788 1098">
    <p class='ocr_par' dir='ltr' id='par_1_39' title="bbox 2177 1027 3788 1098">
     <span class='ocr_line' id='line_1_39' title="bbox 2177 1027 3788 1098; baseline 0.001 -16"><span class='ocrx_word' id='word_1_304' title='bbox 2177 1027 2432 1092; x_wconf 88' lang='lat' dir='ltr'>auferret,</span> <span class='ocrx_word' id='word_1_305' title='bbox 2466 1028 2562 1082; x_wconf 93' lang='lat' dir='ltr'>sed</span> <span class='ocrx_word' id='word_1_306' title='bbox 2593 1035 2763 1082; x_wconf 90' lang='lat' dir='ltr'>totum</span> <span class='ocrx_word' id='word_1_307' title='bbox 2791 1028 2848 1080; x_wconf 89' lang='lat' dir='ltr'>in</span> <span class='ocrx_word' id='word_1_308' title='bbox 2877 1043 3098 1098; x_wconf 88' lang='lat' dir='ltr'>poenam</span> <span class='ocrx_word' id='word_1_309' title='bbox 3127 1028 3384 1084; x_wconf 89' lang='lat' dir='ltr'>luendam</span> <span class='ocrx_word' id='word_1_310' title='bbox 3406 1029 3613 1084; x_wconf 91' lang='lat' dir='ltr'>votavit</span> <span class='ocrx_word' id='word_1_311' title='bbox 3640 1046 3654 1081; x_wconf 90' lang='lat'>:</span> <span class='ocrx_word' id='word_1_312' title='bbox 3678 1029 3788 1084; x_wconf 92' lang='lat' dir='ltr'>hoc</span> 
     </span>
    </p>
   </div>
   <div class='ocr_carea' id='block_1_40' title="bbox 2176 1116 3782 1190">
    <p class='ocr_par' dir='ltr' id='par_1_40' title="bbox 2176 1116 3782 1190">
     <span class='ocr_line' id='line_1_40' title="bbox 2176 1116 3782 1190; baseline -0.001 -19"><span class='ocrx_word' id='word_1_313' title='bbox 2176 1125 2294 1171; x_wconf 87' lang='lat' dir='ltr'>erat</span> <span class='ocrx_word' id='word_1_314' title='bbox 2320 1117 2797 1181; x_wconf 86' lang='lat' dir='ltr'>anathematizare,</span> <span class='ocrx_word' id='word_1_315' title='bbox 2829 1116 2977 1186; x_wconf 91' lang='lat' dir='ltr'>quod</span> <span class='ocrx_word' id='word_1_316' title='bbox 3025 1117 3188 1190; x_wconf 89' lang='lat' dir='ltr'>vulgo</span> <span class='ocrx_word' id='word_1_317' title='bbox 3243 1118 3436 1172; x_wconf 86' lang='lat' dir='ltr'>dicitur</span> <span class='ocrx_word' id='word_1_318' title='bbox 3493 1117 3782 1172; x_wconf 81' lang='lat' dir='ltr'>devotare.</span> 
     </span>
    </p>
   </div>
   <div class='ocr_carea' id='block_1_41' title="bbox 2179 1205 3789 1277">
    <p class='ocr_par' dir='ltr' id='par_1_41' title="bbox 2179 1205 3789 1277">
     <span class='ocr_line' id='line_1_41' title="bbox 2179 1205 3789 1277; baseline 0 -18"><span class='ocrx_word' id='word_1_319' title='bbox 2179 1205 2350 1277; x_wconf 87' lang='lat' dir='ltr'>Origo</span> <span class='ocrx_word' id='word_1_320' title='bbox 2381 1213 2559 1258; x_wconf 90' lang='lat' dir='ltr'>autem</span> <span class='ocrx_word' id='word_1_321' title='bbox 2589 1205 2748 1273; x_wconf 89' lang='lat' dir='ltr'>hujus</span> <span class='ocrx_word' id='word_1_322' title='bbox 2798 1205 2950 1260; x_wconf 84' lang='lat' dir='ltr'>verbi</span> <span class='ocrx_word' id='word_1_323' title='bbox 2985 1214 3068 1258; x_wconf 88' lang='lat' dir='ltr'>est</span> <span class='ocrx_word' id='word_1_324' title='bbox 3116 1205 3172 1259; x_wconf 89' lang='lat' dir='ltr'>in</span> <span class='ocrx_word' id='word_1_325' title='bbox 3213 1205 3406 1261; x_wconf 61' lang='lat' dir='ltr'>Graeca</span> <span class='ocrx_word' id='word_1_326' title='bbox 3463 1206 3661 1277; x_wconf 85' lang='lat' dir='ltr'>lingua</span> <span class='ocrx_word' id='word_1_327' title='bbox 3717 1205 3789 1260; x_wconf 84' lang='lat' dir='ltr'>ab</span> 
     </span>
    </p>
   </div>
   <div class='ocr_carea' id='block_1_42' title="bbox 2177 1292 3792 1365">
    <p class='ocr_par' dir='ltr' id='par_1_42' title="bbox 2177 1292 3792 1365">
     <span class='ocr_line' id='line_1_42' title="bbox 2177 1292 3792 1365; baseline 0 -17"><span class='ocrx_word' id='word_1_328' title='bbox 2177 1295 2261 1348; x_wconf 92' lang='lat' dir='ltr'>his</span> <span class='ocrx_word' id='word_1_329' title='bbox 2292 1292 2454 1347; x_wconf 91' lang='lat' dir='ltr'>rebus</span> <span class='ocrx_word' id='word_1_330' title='bbox 2483 1309 2604 1364; x_wconf 63' lang='lat' dir='ltr'>quae</span> <span class='ocrx_word' id='word_1_331' title='bbox 2642 1302 2780 1348; x_wconf 63' lang='lat' dir='ltr'>votas</span> <span class='ocrx_word' id='word_1_332' title='bbox 2811 1300 2864 1346; x_wconf 91' lang='lat' dir='ltr'>et</span> <span class='ocrx_word' id='word_1_333' title='bbox 2893 1293 3203 1362; x_wconf 72' lang='lat' dir='ltr'>persolutze,</span> <span class='ocrx_word' id='word_1_334' title='bbox 3236 1295 3290 1349; x_wconf 88' lang='lat' dir='ltr'>id</span> <span class='ocrx_word' id='word_1_335' title='bbox 3311 1303 3393 1349; x_wconf 89' lang='lat' dir='ltr'>est</span> <span class='ocrx_word' id='word_1_336' title='bbox 3413 1295 3709 1365; x_wconf 64' lang='lat' dir='ltr'>promissa;</span> <span class='ocrx_word' id='word_1_337' title='bbox 3739 1301 3792 1348; x_wconf 89' lang='lat' dir='ltr'>et</span> 
     </span>
    </p>
   </div>
   <div class='ocr_carea' id='block_1_43' title="bbox 2178 1381 3791 1454">
    <p class='ocr_par' dir='ltr' id='par_1_43' title="bbox 2178 1381 3791 1454">
     <span class='ocr_line' id='line_1_43' title="bbox 2178 1381 3791 1454; baseline 0.001 -18"><span class='ocrx_word' id='word_1_338' title='bbox 2178 1381 2403 1438; x_wconf 71' lang='lat' dir='ltr'>reddita:</span> <span class='ocrx_word' id='word_1_339' title='bbox 2431 1397 2646 1435; x_wconf 88' lang='lat' dir='ltr'>sursum</span> <span class='ocrx_word' id='word_1_340' title='bbox 2677 1381 3022 1451; x_wconf 89' lang='lat' dir='ltr'>ponebantur</span> <span class='ocrx_word' id='word_1_341' title='bbox 3051 1383 3106 1437; x_wconf 93' lang='lat' dir='ltr'>in</span> <span class='ocrx_word' id='word_1_342' title='bbox 3128 1383 3342 1454; x_wconf 88' lang='lat' dir='ltr'>templis</span> <span class='ocrx_word' id='word_1_343' title='bbox 3375 1401 3389 1438; x_wconf 90' lang='lat'><strong>:</strong></span> <span class='ocrx_word' id='word_1_344' title='bbox 3423 1391 3475 1438; x_wconf 89' lang='lat' dir='ltr'>et</span> <span class='ocrx_word' id='word_1_345' title='bbox 3533 1391 3623 1437; x_wconf 91' lang='lat' dir='ltr'>est</span> <span class='ocrx_word' id='word_1_346' title='bbox 3675 1383 3791 1438; x_wconf 79' lang='lat' dir='ltr'>dic-</span> 
     </span>
    </p>
   </div>
   <div class='ocr_carea' id='block_1_44' title="bbox 2177 1470 3580 1543">
    <p class='ocr_par' dir='ltr' id='par_1_44' title="bbox 2177 1470 3580 1543">
     <span class='ocr_line' id='line_1_44' title="bbox 2177 1470 3580 1543; baseline 0 -18"><span class='ocrx_word' id='word_1_347' title='bbox 2177 1479 2291 1526; x_wconf 92' lang='lat' dir='ltr'>tum</span> <span class='ocrx_word' id='word_1_348' title='bbox 2325 1494 2338 1530; x_wconf 88' lang='lat'><strong>:</strong></span> <span class='ocrx_word' id='word_1_349' title='bbox 2369 1473 2477 1530; x_wconf 80' lang='grc' dir='ltr'>ἀπο</span> <span class='ocrx_word' id='word_1_350' title='bbox 2501 1477 2596 1531; x_wconf 75' lang='grc' dir='ltr'>τοῦ</span> <span class='ocrx_word' id='word_1_351' title='bbox 2627 1470 2892 1543; x_wconf 76' lang='grc' dir='ltr'>ἀναθήναι,</span> <span class='ocrx_word' id='word_1_352' title='bbox 2925 1475 2981 1530; x_wconf 90' lang='lat' dir='ltr'>id</span> <span class='ocrx_word' id='word_1_353' title='bbox 3008 1481 3092 1528; x_wconf 89' lang='lat' dir='ltr'>est</span> <span class='ocrx_word' id='word_1_354' title='bbox 3119 1489 3331 1526; x_wconf 90' lang='lat' dir='ltr'>sursum</span> <span class='ocrx_word' id='word_1_355' title='bbox 3350 1487 3580 1543; x_wconf 90' lang='lat' dir='ltr'>ponere.</span> 
     </span>
    </p>
   </div>
   <div class='ocr_carea' id='block_1_45' title="bbox 2249 1576 3786 1654">
    <p class='ocr_par' dir='ltr' id='par_1_45' title="bbox 2249 1576 3786 1654">
     <span class='ocr_line' id='line_1_45' title="bbox 2249 1576 3786 1654; baseline -0.003 -18"><span class='ocrx_word' id='word_1_356' title='bbox 2249 1583 2422 1637; x_wconf 72' lang='lat' dir='ltr'>Vnus.</span> <span class='ocrx_word' id='word_1_357' title='bbox 2455 1586 2507 1636; x_wconf 90' lang='lat'>9.</span> <span class='ocrx_word' id='word_1_358' title='bbox 2537 1612 2607 1621; x_wconf 91' lang='lat'><strong>—</strong></span> <span class='ocrx_word' id='word_1_359' title='bbox 2633 1583 2792 1638; x_wconf 84' lang='lat' dir='ltr'>Sicut</span> <span class='ocrx_word' id='word_1_360' title='bbox 2838 1583 3230 1654; x_wconf 71' lang='lat' dir='ltr'>praediximus.</span> <span class='ocrx_word' id='word_1_361' title='bbox 3254 1583 3298 1634; x_wconf 87' lang='lat' dir='ltr'><strong>A</strong></span> <span class='ocrx_word' id='word_1_362' title='bbox 3342 1579 3552 1646; x_wconf 86' lang='lat' dir='ltr'>majore</span> <span class='ocrx_word' id='word_1_363' title='bbox 3603 1576 3786 1632; x_wconf 86' lang='lat' dir='ltr'>infert.</span> 
     </span>
    </p>
   </div>
   <div class='ocr_carea' id='block_1_46' title="bbox 2180 1667 3790 1742">
    <p class='ocr_par' dir='ltr' id='par_1_46' title="bbox 2180 1667 3790 1742">
     <span class='ocr_line' id='line_1_46' title="bbox 2180 1667 3790 1742; baseline -0.001 -18"><span class='ocrx_word' id='word_1_364' title='bbox 2180 1669 2631 1742; x_wconf 89' lang='lat' dir='ltr'>Quandoquidem</span> <span class='ocrx_word' id='word_1_365' title='bbox 2662 1685 2762 1725; x_wconf 89' lang='lat' dir='ltr'>nos</span> <span class='ocrx_word' id='word_1_366' title='bbox 2806 1672 2891 1727; x_wconf 90' lang='lat' dir='ltr'>vel</span> <span class='ocrx_word' id='word_1_367' title='bbox 2945 1670 3201 1742; x_wconf 89' lang='lat' dir='ltr'>angelum</span> <span class='ocrx_word' id='word_1_368' title='bbox 3251 1667 3790 1724; x_wconf 84' lang='lat' dir='ltr'>excommunicarem</span> 
     </span>
    </p>
   </div>
   <div class='ocr_carea' id='block_1_47' title="bbox 2111 1759 3302 1833">
    <p class='ocr_par' dir='ltr' id='par_1_47' title="bbox 2111 1759 3302 1833">
     <span class='ocr_line' id='line_1_47' title="bbox 2111 1759 3302 1833; baseline -0.004 -18"><span class='ocrx_word' id='word_1_369' title='bbox 2111 1768 2162 1828; x_wconf 87' lang='grc' dir='ltr'>Β</span> <span class='ocrx_word' id='word_1_370' title='bbox 2183 1761 2360 1833; x_wconf 89' lang='lat' dir='ltr'>magis</span> <span class='ocrx_word' id='word_1_371' title='bbox 2390 1760 2598 1831; x_wconf 89' lang='lat' dir='ltr'>pseudo</span> <span class='ocrx_word' id='word_1_372' title='bbox 2629 1759 3131 1815; x_wconf 85' lang='lat' dir='ltr'>excommunicandi</span> <span class='ocrx_word' id='word_1_373' title='bbox 3160 1765 3302 1811; x_wconf 91' lang='lat' dir='ltr'>sunt.</span> 
     </span>
    </p>
   </div>
   <div class='ocr_carea' id='block_1_48' title="bbox 2255 1870 3784 1944">
    <p class='ocr_par' dir='ltr' id='par_1_48' title="bbox 2255 1870 3784 1944">
     <span class='ocr_line' id='line_1_48' title="bbox 2255 1870 3784 1944; baseline -0.003 -15"><span class='ocrx_word' id='word_1_374' title='bbox 2255 1876 2429 1930; x_wconf 75' lang='lat' dir='ltr'>Vens.</span> <span class='ocrx_word' id='word_1_375' title='bbox 2471 1878 2556 1928; x_wconf 91' lang='grc'><strong>10.</strong></span> <span class='ocrx_word' id='word_1_376' title='bbox 2591 1906 2658 1914; x_wconf 93' lang='grc'><strong><em>-</em></strong></span> <span class='ocrx_word' id='word_1_377' title='bbox 2686 1875 2856 1931; x_wconf 81' lang='lat' dir='ltr'>Modo.</span> <span class='ocrx_word' id='word_1_378' title='bbox 2915 1874 3054 1930; x_wconf 88' lang='lat' dir='ltr'>Dicit</span> <span class='ocrx_word' id='word_1_379' title='bbox 3105 1873 3268 1928; x_wconf 92' lang='lat' dir='ltr'>modo</span> <span class='ocrx_word' id='word_1_380' title='bbox 3308 1870 3431 1944; x_wconf 91' lang='lat' dir='ltr'>quia</span> <span class='ocrx_word' id='word_1_381' title='bbox 3470 1871 3611 1927; x_wconf 88' lang='lat' dir='ltr'>olim</span> <span class='ocrx_word' id='word_1_382' title='bbox 3658 1871 3784 1925; x_wconf 89' lang='lat' dir='ltr'>dum</span> 
     </span>
    </p>
   </div>
   <div class='ocr_carea' id='block_1_49' title="bbox 2183 1960 3786 2036">
    <p class='ocr_par' dir='ltr' id='par_1_49' title="bbox 2183 1960 3786 2036">
     <span class='ocr_line' id='line_1_49' title="bbox 2183 1960 3786 2036; baseline -0.001 -19"><span class='ocrx_word' id='word_1_383' title='bbox 2183 1963 2314 2018; x_wconf 82' lang='lat' dir='ltr'>dixit</span> <span class='ocrx_word' id='word_1_384' title='bbox 2348 1963 2622 2017; x_wconf 83' lang='lat' dir='ltr'>hominem</span> <span class='ocrx_word' id='word_1_385' title='bbox 2655 1980 2720 2018; x_wconf 88' lang='lat' dir='ltr'>ex</span> <span class='ocrx_word' id='word_1_386' title='bbox 2749 1964 2873 2036; x_wconf 87' lang='lat' dir='ltr'>lege</span> <span class='ocrx_word' id='word_1_387' title='bbox 2904 1962 3202 2032; x_wconf 81' lang='lat' dir='ltr'>iustificari,</span> <span class='ocrx_word' id='word_1_388' title='bbox 3252 1960 3488 2015; x_wconf 88' lang='lat' dir='ltr'>hominis</span> <span class='ocrx_word' id='word_1_389' title='bbox 3546 1960 3786 2032; x_wconf 82' lang='lat' dir='ltr'>gloriam</span> 
     </span>
    </p>
   </div>
   <div class='ocr_carea' id='block_1_50' title="bbox 2181 2048 3783 2123">
    <p class='ocr_par' dir='ltr' id='par_1_50' title="bbox 2181 2048 3783 2123">
     <span class='ocr_line' id='line_1_50' title="bbox 2181 2048 3783 2123; baseline -0.001 -18"><span class='ocrx_word' id='word_1_390' title='bbox 2181 2051 2447 2117; x_wconf 90' lang='lat' dir='ltr'>inutilem,</span> <span class='ocrx_word' id='word_1_391' title='bbox 2481 2052 2716 2123; x_wconf 87' lang='lat' dir='ltr'>gratiam</span> <span class='ocrx_word' id='word_1_392' title='bbox 2764 2052 2863 2106; x_wconf 93' lang='lat' dir='ltr'>Dei</span> <span class='ocrx_word' id='word_1_393' title='bbox 2891 2050 3224 2123; x_wconf 67' lang='lat' dir='ltr'>przrdicavit.</span> <span class='ocrx_word' id='word_1_394' title='bbox 3269 2049 3447 2103; x_wconf 92' lang='lat' dir='ltr'>Innuit</span> <span class='ocrx_word' id='word_1_395' title='bbox 3497 2048 3591 2104; x_wconf 90' lang='lat' dir='ltr'>hic</span> <span class='ocrx_word' id='word_1_396' title='bbox 3623 2049 3783 2104; x_wconf 87' lang='lat' dir='ltr'>etiam</span> 
     </span>
    </p>
   </div>
   <div class='ocr_carea' id='block_1_51' title="bbox 2179 2138 3784 2208">
    <p class='ocr_par' dir='ltr' id='par_1_51' title="bbox 2179 2138 3784 2208">
     <span class='ocr_line' id='line_1_51' title="bbox 2179 2138 3784 2208; baseline -0.002 -14"><span class='ocrx_word' id='word_1_397' title='bbox 2179 2141 2283 2196; x_wconf 92' lang='lat' dir='ltr'>hoc</span> <span class='ocrx_word' id='word_1_398' title='bbox 2313 2139 2491 2196; x_wconf 83' lang='lat' dir='ltr'>facere</span> <span class='ocrx_word' id='word_1_399' title='bbox 2514 2139 2638 2194; x_wconf 91' lang='lat' dir='ltr'>illos</span> <span class='ocrx_word' id='word_1_400' title='bbox 2672 2140 3006 2205; x_wconf 88' lang='lat' dir='ltr'>seductores,</span> <span class='ocrx_word' id='word_1_401' title='bbox 3031 2147 3086 2193; x_wconf 88' lang='lat' dir='ltr'>ut</span> <span class='ocrx_word' id='word_1_402' title='bbox 3116 2138 3467 2192; x_wconf 90' lang='lat' dir='ltr'>laudarentur</span> <span class='ocrx_word' id='word_1_403' title='bbox 3495 2153 3528 2192; x_wconf 88' lang='lat' dir='ltr'>a</span> <span class='ocrx_word' id='word_1_404' title='bbox 3559 2138 3784 2208; x_wconf 74' lang='lat' dir='ltr'>Iudaeis,</span> 
     </span>
    </p>
   </div>
   <div class='ocr_carea' id='block_1_52' title="bbox 2181 2224 3785 2300">
    <p class='ocr_par' dir='ltr' id='par_1_52' title="bbox 2181 2224 3785 2300">
     <span class='ocr_line' id='line_1_52' title="bbox 2181 2224 3785 2300; baseline -0.001 -18"><span class='ocrx_word' id='word_1_405' title='bbox 2181 2243 2318 2300; x_wconf 93' lang='lat' dir='ltr'>quos</span> <span class='ocrx_word' id='word_1_406' title='bbox 2350 2242 2457 2282; x_wconf 89' lang='lat' dir='ltr'>n)n</span> <span class='ocrx_word' id='word_1_407' title='bbox 2489 2227 2640 2282; x_wconf 91' lang='lat' dir='ltr'>timet</span> <span class='ocrx_word' id='word_1_408' title='bbox 2670 2225 2947 2282; x_wconf 68' lang='lat' dir='ltr'>offendere</span> <span class='ocrx_word' id='word_1_409' title='bbox 2987 2227 3179 2280; x_wconf 88' lang='lat' dir='ltr'>Paulus</span> <span class='ocrx_word' id='word_1_410' title='bbox 3222 2241 3320 2296; x_wconf 91' lang='lat' dir='ltr'>pro</span> <span class='ocrx_word' id='word_1_411' title='bbox 3351 2224 3529 2296; x_wconf 86' lang='lat' dir='ltr'>gloria</span> <span class='ocrx_word' id='word_1_412' title='bbox 3563 2225 3785 2292; x_wconf 85' lang='lat' dir='ltr'>Christi,</span> 
     </span>
    </p>
   </div>
   <div class='ocr_carea' id='block_1_53' title="bbox 2183 2313 3785 2388">
    <p class='ocr_par' dir='ltr' id='par_1_53' title="bbox 2183 2313 3785 2388">
     <span class='ocr_line' id='line_1_53' title="bbox 2183 2313 3785 2388; baseline -0.001 -19"><span class='ocrx_word' id='word_1_413' title='bbox 2183 2331 2288 2388; x_wconf 89' lang='lat' dir='ltr'>qua</span> <span class='ocrx_word' id='word_1_414' title='bbox 2314 2316 2565 2371; x_wconf 89' lang='lat' dir='ltr'>veniente</span> <span class='ocrx_word' id='word_1_415' title='bbox 2597 2323 2775 2371; x_wconf 87' lang='lat' dir='ltr'>cessat</span> <span class='ocrx_word' id='word_1_416' title='bbox 2803 2316 2907 2370; x_wconf 89' lang='lat' dir='ltr'>lex.</span> <span class='ocrx_word' id='word_1_417' title='bbox 2945 2316 3006 2372; x_wconf 93' lang='lat' dir='ltr'>Si</span> <span class='ocrx_word' id='word_1_418' title='bbox 3025 2315 3227 2370; x_wconf 87' lang='lat' dir='ltr'>adhuc.</span> <span class='ocrx_word' id='word_1_419' title='bbox 3266 2313 3400 2368; x_wconf 90' lang='lat' dir='ltr'>Hinc</span> <span class='ocrx_word' id='word_1_420' title='bbox 3423 2313 3656 2386; x_wconf 84' lang='lat' dir='ltr'>quidam</span> <span class='ocrx_word' id='word_1_421' title='bbox 3684 2332 3785 2386; x_wconf 89' lang='lat' dir='ltr'>pu-</span> 
     </span>
    </p>
   </div>
   <div class='ocr_carea' id='block_1_54' title="bbox 2179 2402 3789 2474">
    <p class='ocr_par' dir='ltr' id='par_1_54' title="bbox 2179 2402 3789 2474">
     <span class='ocr_line' id='line_1_54' title="bbox 2179 2402 3789 2474; baseline -0.001 -17"><span class='ocrx_word' id='word_1_422' title='bbox 2179 2411 2292 2457; x_wconf 91' lang='lat' dir='ltr'>tant</span> <span class='ocrx_word' id='word_1_423' title='bbox 2323 2403 2567 2458; x_wconf 79' lang='lat' dir='ltr'>sufficere</span> <span class='ocrx_word' id='word_1_424' title='bbox 2596 2403 3003 2472; x_wconf 89' lang='lat' dir='ltr'>conscientiam,</span> <span class='ocrx_word' id='word_1_425' title='bbox 3037 2411 3095 2457; x_wconf 90' lang='lat' dir='ltr'>ut</span> <span class='ocrx_word' id='word_1_426' title='bbox 3139 2419 3330 2474; x_wconf 88' lang='lat' dir='ltr'>parum</span> <span class='ocrx_word' id='word_1_427' title='bbox 3387 2402 3515 2474; x_wconf 92' lang='lat' dir='ltr'>quid</span> <span class='ocrx_word' id='word_1_428' title='bbox 3581 2402 3653 2457; x_wconf 92' lang='lat' dir='ltr'>de</span> <span class='ocrx_word' id='word_1_429' title='bbox 3715 2402 3789 2457; x_wconf 89' lang='lat' dir='ltr'>eis</span> 
     </span>
    </p>
   </div>
   <div class='ocr_carea' id='block_1_55' title="bbox 2182 2490 3785 2560">
    <p class='ocr_par' dir='ltr' id='par_1_55' title="bbox 2182 2490 3785 2560">
     <span class='ocr_line' id='line_1_55' title="bbox 2182 2490 3785 2560; baseline -0.001 -13"><span class='ocrx_word' id='word_1_430' title='bbox 2182 2492 2448 2547; x_wconf 82' lang='lat' dir='ltr'>existimet</span> <span class='ocrx_word' id='word_1_431' title='bbox 2469 2492 2626 2560; x_wconf 91' lang='lat' dir='ltr'>alius,</span> <span class='ocrx_word' id='word_1_432' title='bbox 2663 2501 2856 2547; x_wconf 91' lang='lat' dir='ltr'>curent</span> <span class='ocrx_word' id='word_1_433' title='bbox 2890 2511 2904 2558; x_wconf 89' lang='lat'><strong>;</strong></span> <span class='ocrx_word' id='word_1_434' title='bbox 2952 2492 3050 2546; x_wconf 91' lang='lat' dir='ltr'>sed</span> <span class='ocrx_word' id='word_1_435' title='bbox 3080 2490 3413 2547; x_wconf 91' lang='lat' dir='ltr'>conscientia</span> <span class='ocrx_word' id='word_1_436' title='bbox 3445 2507 3642 2547; x_wconf 89' lang='lat' dir='ltr'>coram</span> <span class='ocrx_word' id='word_1_437' title='bbox 3675 2493 3785 2546; x_wconf 91' lang='lat' dir='ltr'>Deo</span> 
     </span>
    </p>
   </div>
   <div class='ocr_carea' id='block_1_56' title="bbox 2181 2579 3785 2651">
    <p class='ocr_par' dir='ltr' id='par_1_56' title="bbox 2181 2579 3785 2651">
     <span class='ocr_line' id='line_1_56' title="bbox 2181 2579 3785 2651; baseline -0.002 -14"><span class='ocrx_word' id='word_1_438' title='bbox 2181 2589 2263 2637; x_wconf 90' lang='lat' dir='ltr'>est</span> <span class='ocrx_word' id='word_1_439' title='bbox 2293 2581 2604 2636; x_wconf 90' lang='lat' dir='ltr'>necessaria</span> <span class='ocrx_word' id='word_1_440' title='bbox 2633 2580 2973 2636; x_wconf 83' lang='lat' dir='ltr'>conversatio</span> <span class='ocrx_word' id='word_1_441' title='bbox 3021 2596 3213 2636; x_wconf 90' lang='lat' dir='ltr'>coram</span> <span class='ocrx_word' id='word_1_442' title='bbox 3250 2580 3498 2651; x_wconf 86' lang='lat' dir='ltr'>proximo</span> <span class='ocrx_word' id='word_1_443' title='bbox 3529 2598 3547 2648; x_wconf 72' lang='grc' dir='ltr'>ς</span> <span class='ocrx_word' id='word_1_444' title='bbox 3584 2596 3708 2651; x_wconf 69' lang='lat' dir='ltr'>quae</span> <span class='ocrx_word' id='word_1_445' title='bbox 3741 2579 3785 2634; x_wconf 89' lang='lat' dir='ltr'>si</span> 
     </span>
    </p>
   </div>
   <div class='ocr_carea' id='block_1_57' title="bbox 2180 2667 3780 2742">
    <p class='ocr_par' dir='ltr' id='par_1_57' title="bbox 2180 2667 3780 2742">
     <span class='ocr_line' id='line_1_57' title="bbox 2180 2667 3780 2742; baseline 0.001 -19"><span class='ocrx_word' id='word_1_446' title='bbox 2180 2669 2545 2742; x_wconf 90' lang='lat' dir='ltr'>negligentius</span> <span class='ocrx_word' id='word_1_447' title='bbox 2575 2669 2769 2742; x_wconf 88' lang='lat' dir='ltr'>agitur,</span> <span class='ocrx_word' id='word_1_448' title='bbox 2804 2669 2949 2725; x_wconf 75' lang='lat' dir='ltr'>laedit</span> <span class='ocrx_word' id='word_1_449' title='bbox 2971 2669 3244 2740; x_wconf 82' lang='lat' dir='ltr'>exemplo.</span> <span class='ocrx_word' id='word_1_450' title='bbox 3269 2669 3425 2724; x_wconf 90' lang='lat' dir='ltr'>Unde</span> <span class='ocrx_word' id='word_1_451' title='bbox 3446 2667 3581 2723; x_wconf 86' lang='lat' dir='ltr'>alibi</span> <span class='ocrx_word' id='word_1_452' title='bbox 3608 2685 3621 2722; x_wconf 94' lang='lat'><strong>:</strong></span> <span class='ocrx_word' id='word_1_453' title='bbox 3648 2670 3780 2724; x_wconf 82' lang='lat' dir='ltr'>Pla-</span> 
     </span>
    </p>
   </div>
   <div class='ocr_carea' id='block_1_58' title="bbox 2180 2758 3783 2830">
    <p class='ocr_par' dir='ltr' id='par_1_58' title="bbox 2180 2758 3783 2830">
     <span class='ocr_line' id='line_1_58' title="bbox 2180 2758 3783 2830; baseline -0.001 -16"><span class='ocrx_word' id='word_1_454' title='bbox 2180 2763 2298 2814; x_wconf 83' lang='lat' dir='ltr'>cete</span> <span class='ocrx_word' id='word_1_455' title='bbox 2329 2758 2582 2813; x_wconf 87' lang='lat' dir='ltr'>omnibus</span> <span class='ocrx_word' id='word_1_456' title='bbox 2609 2775 2710 2830; x_wconf 88' lang='lat' dir='ltr'>per</span> <span class='ocrx_word' id='word_1_457' title='bbox 2741 2759 2953 2822; x_wconf 85' lang='lat' dir='ltr'>omnia,</span> <span class='ocrx_word' id='word_1_458' title='bbox 2995 2759 3145 2816; x_wconf 82' lang='lat' dir='ltr'>sicut</span> <span class='ocrx_word' id='word_1_459' title='bbox 3175 2774 3268 2829; x_wconf 86' lang='lat' dir='ltr'>ego</span> <span class='ocrx_word' id='word_1_460' title='bbox 3312 2759 3573 2813; x_wconf 83' lang='lat' dir='ltr'>omnibus</span> <span class='ocrx_word' id='word_1_461' title='bbox 3587 2759 3783 2830; x_wconf 83' lang='lat' dir='ltr'>placeo</span> 
     </span>
    </p>
   </div>
   <div class='ocr_carea' id='block_1_59' title="bbox 2182 2845 3780 2917">
    <p class='ocr_par' dir='ltr' id='par_1_59' title="bbox 2182 2845 3780 2917">
     <span class='ocr_line' id='line_1_59' title="bbox 2182 2845 3780 2917; baseline 0 -17"><span class='ocrx_word' id='word_1_462' title='bbox 2182 2848 2256 2916; x_wconf 91' lang='lat' dir='ltr'>(II</span> <span class='ocrx_word' id='word_1_463' title='bbox 2285 2847 2404 2901; x_wconf 87' lang='lat' dir='ltr'>Cor.</span> <span class='ocrx_word' id='word_1_464' title='bbox 2429 2849 2511 2916; x_wconf 68' lang='grc' dir='ltr'>Χ).</span> <span class='ocrx_word' id='word_1_465' title='bbox 2537 2848 2673 2901; x_wconf 88' lang='lat' dir='ltr'>Item</span> <span class='ocrx_word' id='word_1_466' title='bbox 2708 2863 2722 2900; x_wconf 91' lang='lat'><strong>:</strong></span> <span class='ocrx_word' id='word_1_467' title='bbox 2760 2847 2892 2903; x_wconf 89' lang='lat' dir='ltr'>Sine</span> <span class='ocrx_word' id='word_1_468' title='bbox 2925 2845 3230 2917; x_wconf 76' lang='lat' dir='ltr'>offensione</span> <span class='ocrx_word' id='word_1_469' title='bbox 3261 2849 3438 2902; x_wconf 88' lang='lat' dir='ltr'>estote</span> <span class='ocrx_word' id='word_1_470' title='bbox 3474 2846 3691 2902; x_wconf 61' lang='lat' dir='ltr'>luditis</span> <span class='ocrx_word' id='word_1_471' title='bbox 3728 2850 3780 2902; x_wconf 88' lang='lat' dir='ltr'>et</span> 
     </span>
    </p>
   </div>
   <div class='ocr_carea' id='block_1_60' title="bbox 2181 2934 3784 3005">
    <p class='ocr_par' dir='ltr' id='par_1_60' title="bbox 2181 2934 3784 3005">
     <span class='ocr_line' id='line_1_60' title="bbox 2181 2934 3784 3005; baseline -0.001 -13"><span class='ocrx_word' id='word_1_472' title='bbox 2181 2935 2384 2992; x_wconf 65' lang='lat' dir='ltr'>Graecis</span> <span class='ocrx_word' id='word_1_473' title='bbox 2404 2936 2670 2991; x_wconf 74' lang='lat' dir='ltr'>Ecclesiae</span> <span class='ocrx_word' id='word_1_474' title='bbox 2690 2936 2790 2990; x_wconf 88' lang='lat' dir='ltr'>Dei</span> <span class='ocrx_word' id='word_1_475' title='bbox 2818 2935 2895 3005; x_wconf 89' lang='lat' dir='ltr'>(II</span> <span class='ocrx_word' id='word_1_476' title='bbox 2911 2936 3033 2991; x_wconf 85' lang='lat' dir='ltr'>Cor.</span> <span class='ocrx_word' id='word_1_477' title='bbox 3048 2934 3192 3004; x_wconf 89' lang='lat' dir='ltr'>vm).</span> <span class='ocrx_word' id='word_1_478' title='bbox 3208 2935 3343 2990; x_wconf 91' lang='lat' dir='ltr'>Item</span> <span class='ocrx_word' id='word_1_479' title='bbox 3379 2953 3392 2989; x_wconf 93' lang='lat'><strong>:</strong></span> <span class='ocrx_word' id='word_1_480' title='bbox 3419 2936 3784 2991; x_wconf 67' lang='lat' dir='ltr'>Providentia</span> 
     </span>
    </p>
   </div>
   <div class='ocr_carea' id='block_1_61' title="bbox 2181 3023 3776 3090">
    <p class='ocr_par' dir='ltr' id='par_1_61' title="bbox 2181 3023 3776 3090">
     <span class='ocr_line' id='line_1_61' title="bbox 2181 3023 3776 3090; baseline -0.001 -11"><span class='ocrx_word' id='word_1_481' title='bbox 2181 3026 2337 3089; x_wconf 86' lang='lat' dir='ltr'>bona,</span> <span class='ocrx_word' id='word_1_482' title='bbox 2363 3040 2475 3079; x_wconf 89' lang='lat' dir='ltr'>non</span> <span class='ocrx_word' id='word_1_483' title='bbox 2495 3025 2678 3080; x_wconf 83' lang='lat' dir='ltr'>solum</span> <span class='ocrx_word' id='word_1_484' title='bbox 2697 3040 2888 3080; x_wconf 89' lang='lat' dir='ltr'>coram</span> <span class='ocrx_word' id='word_1_485' title='bbox 2908 3026 3036 3090; x_wconf 90' lang='lat' dir='ltr'>Deo,</span> <span class='ocrx_word' id='word_1_486' title='bbox 3060 3023 3156 3079; x_wconf 82' lang='lat' dir='ltr'>sed</span> <span class='ocrx_word' id='word_1_487' title='bbox 3175 3025 3348 3079; x_wconf 82' lang='lat' dir='ltr'>etiam</span> <span class='ocrx_word' id='word_1_488' title='bbox 3371 3041 3565 3079; x_wconf 87' lang='lat' dir='ltr'>coram</span> <span class='ocrx_word' id='word_1_489' title='bbox 3597 3025 3776 3082; x_wconf 81' lang='lat' dir='ltr'>homi-</span> 
     </span>
    </p>
   </div>
   <div class='ocr_carea' id='block_1_62' title="bbox 477 3113 2078 3203">
    <p class='ocr_par' dir='ltr' id='par_1_62' title="bbox 477 3129 2078 3203">
     <span class='ocr_line' id='line_1_62' title="bbox 477 3129 2078 3203; baseline 0 -19"><span class='ocrx_word' id='word_1_490' title='bbox 477 3143 600 3184; x_wconf 91' lang='lat' dir='ltr'>cum</span> <span class='ocrx_word' id='word_1_491' title='bbox 630 3131 746 3184; x_wconf 62' lang='lat' dir='ltr'>haec</span> <span class='ocrx_word' id='word_1_492' title='bbox 777 3129 1033 3198; x_wconf 73' lang='lat' dir='ltr'>praedicta</span> <span class='ocrx_word' id='word_1_493' title='bbox 1063 3129 1207 3184; x_wconf 90' lang='lat' dir='ltr'>bona</span> <span class='ocrx_word' id='word_1_494' title='bbox 1234 3138 1358 3184; x_wconf 93' lang='lat' dir='ltr'>sunt</span> <span class='ocrx_word' id='word_1_495' title='bbox 1389 3130 1707 3199; x_wconf 89' lang='lat' dir='ltr'>exChristo,</span> <span class='ocrx_word' id='word_1_496' title='bbox 1739 3131 1906 3185; x_wconf 88' lang='lat' dir='ltr'>miror</span> <span class='ocrx_word' id='word_1_497' title='bbox 1935 3135 2078 3203; x_wconf 83' lang='lat' dir='ltr'>quod</span> 
     </span>
    </p>
   </div>
   <div class='ocr_carea' id='block_1_63' title="bbox 2186 3113 3778 3203">
    <p class='ocr_par' dir='ltr' id='par_1_63' title="bbox 2186 3113 3778 3184">
     <span class='ocr_line' id='line_1_63' title="bbox 2186 3113 3778 3184; baseline -0.001 -16"><span class='ocrx_word' id='word_1_498' title='bbox 2186 3113 2343 3168; x_wconf 86' lang='lat' dir='ltr'>nibus</span> <span class='ocrx_word' id='word_1_499' title='bbox 2365 3114 2560 3181; x_wconf 72' lang='lat' dir='ltr'>(Matii.</span> <span class='ocrx_word' id='word_1_500' title='bbox 2585 3113 2666 3182; x_wconf 92' lang='lat' dir='ltr'>v.)</span> <span class='ocrx_word' id='word_1_501' title='bbox 2690 3114 2851 3166; x_wconf 88' lang='lat' dir='ltr'>Item:</span> <span class='ocrx_word' id='word_1_502' title='bbox 2885 3114 3136 3168; x_wconf 86' lang='lat' dir='ltr'>Luceant</span> <span class='ocrx_word' id='word_1_503' title='bbox 3159 3128 3326 3184; x_wconf 87' lang='lat' dir='ltr'>opera</span> <span class='ocrx_word' id='word_1_504' title='bbox 3365 3116 3553 3168; x_wconf 82' lang='lat' dir='ltr'>vestra</span> <span class='ocrx_word' id='word_1_505' title='bbox 3595 3130 3778 3169; x_wconf 87' lang='lat' dir='ltr'>coram</span> 
     </span>
    </p>
   </div>
   <div class='ocr_carea' id='block_1_64' title="bbox 478 3216 2076 3288">
    <p class='ocr_par' dir='ltr' id='par_1_64' title="bbox 478 3216 2076 3288">
     <span class='ocr_line' id='line_1_64' title="bbox 478 3216 2076 3288; baseline 0.003 -18"><span class='ocrx_word' id='word_1_506' title='bbox 478 3216 618 3271; x_wconf 87' lang='lat' dir='ltr'>bene</span> <span class='ocrx_word' id='word_1_507' title='bbox 665 3217 908 3272; x_wconf 88' lang='lat' dir='ltr'>instructi</span> <span class='ocrx_word' id='word_1_508' title='bbox 949 3217 1126 3288; x_wconf 88' lang='lat' dir='ltr'>prius,</span> <span class='ocrx_word' id='word_1_509' title='bbox 1174 3218 1270 3284; x_wconf 92' lang='lat' dir='ltr'>sic,</span> <span class='ocrx_word' id='word_1_510' title='bbox 1330 3226 1438 3272; x_wconf 88' lang='lat' dir='ltr'>tam</span> <span class='ocrx_word' id='word_1_511' title='bbox 1496 3220 1844 3276; x_wconf 88' lang='lat' dir='ltr'>vehementer</span> <span class='ocrx_word' id='word_1_512' title='bbox 1881 3227 1934 3275; x_wconf 90' lang='lat' dir='ltr'>et</span> <span class='ocrx_word' id='word_1_513' title='bbox 1967 3227 2076 3275; x_wconf 91' lang='lat' dir='ltr'>tam</span> 
     </span>
    </p>
   </div>
   <div class='ocr_carea' id='block_1_65' title="bbox 477 3304 1492 3377">
    <p class='ocr_par' dir='ltr' id='par_1_65' title="bbox 477 3304 1492 3377">
     <span class='ocr_line' id='line_1_65' title="bbox 477 3304 1492 3377; baseline 0.003 -18"><span class='ocrx_word' id='word_1_514' title='bbox 477 3304 628 3360; x_wconf 89' lang='lat' dir='ltr'>brevi</span> <span class='ocrx_word' id='word_1_515' title='bbox 657 3313 921 3377; x_wconf 91' lang='lat' dir='ltr'>tempore,</span> <span class='ocrx_word' id='word_1_516' title='bbox 953 3305 1360 3374; x_wconf 86' lang='lat' dir='ltr'>transferimini,</span> <span class='ocrx_word' id='word_1_517' title='bbox 1387 3315 1492 3364; x_wconf 89' lang='lat' dir='ltr'>etc.</span> 
     </span>
    </p>
   </div>
   <div class='ocr_carea' id='block_1_66' title="bbox 549 3437 2079 3514">
    <p class='ocr_par' dir='ltr' id='par_1_66' title="bbox 549 3437 2079 3514">
     <span class='ocr_line' id='line_1_66' title="bbox 549 3437 2079 3514; baseline 0.003 -22"><span class='ocrx_word' id='word_1_518' title='bbox 549 3437 718 3494; x_wconf 74' lang='lat' dir='ltr'>Vnus.</span> <span class='ocrx_word' id='word_1_519' title='bbox 754 3443 804 3494; x_wconf 93' lang='lat'>8.</span> <span class='ocrx_word' id='word_1_520' title='bbox 837 3470 906 3480; x_wconf 92' lang='lat'>—-</span> <span class='ocrx_word' id='word_1_521' title='bbox 935 3440 1039 3495; x_wconf 88' lang='lat' dir='ltr'>Sed</span> <span class='ocrx_word' id='word_1_522' title='bbox 1070 3440 1204 3496; x_wconf 88' lang='lat' dir='ltr'>licet</span> <span class='ocrx_word' id='word_1_523' title='bbox 1232 3457 1351 3507; x_wconf 89' lang='lat' dir='ltr'>nos,</span> <span class='ocrx_word' id='word_1_524' title='bbox 1379 3449 1482 3496; x_wconf 94' lang='lat' dir='ltr'>etc.</span> <span class='ocrx_word' id='word_1_525' title='bbox 1516 3441 1694 3496; x_wconf 89' lang='lat' dir='ltr'>Bonus</span> <span class='ocrx_word' id='word_1_526' title='bbox 1725 3441 1952 3514; x_wconf 90' lang='lat' dir='ltr'>angelus</span> <span class='ocrx_word' id='word_1_527' title='bbox 1981 3457 2079 3513; x_wconf 88' lang='lat' dir='ltr'>po-</span> 
     </span>
    </p>
   </div>
   <div class='ocr_carea' id='block_1_67' title="bbox 478 3526 2078 3601">
    <p class='ocr_par' dir='ltr' id='par_1_67' title="bbox 478 3526 2078 3601">
     <span class='ocr_line' id='line_1_67' title="bbox 478 3526 2078 3601; baseline 0.001 -19"><span class='ocrx_word' id='word_1_528' title='bbox 478 3534 583 3582; x_wconf 89' lang='lat' dir='ltr'>test</span> <span class='ocrx_word' id='word_1_529' title='bbox 603 3526 852 3601; x_wconf 90' lang='lat' dir='ltr'>intelligi,</span> <span class='ocrx_word' id='word_1_530' title='bbox 886 3545 994 3583; x_wconf 91' lang='lat' dir='ltr'>non</span> <span class='ocrx_word' id='word_1_531' title='bbox 1027 3530 1172 3600; x_wconf 91' lang='lat' dir='ltr'>quod</span> <span class='ocrx_word' id='word_1_532' title='bbox 1199 3530 1303 3585; x_wconf 90' lang='lat' dir='ltr'>hoc</span> <span class='ocrx_word' id='word_1_533' title='bbox 1334 3530 1632 3601; x_wconf 87' lang='lat' dir='ltr'>contingat,</span> <span class='ocrx_word' id='word_1_534' title='bbox 1669 3531 1764 3585; x_wconf 91' lang='lat' dir='ltr'>sed</span> <span class='ocrx_word' id='word_1_535' title='bbox 1795 3531 1930 3586; x_wconf 89' lang='lat' dir='ltr'>adeo</span> <span class='ocrx_word' id='word_1_536' title='bbox 1952 3547 2078 3587; x_wconf 84' lang='lat' dir='ltr'>cer-</span> 
     </span>
    </p>
   </div>
   <div class='ocr_carea' id='block_1_68' title="bbox 477 3617 2080 3691">
    <p class='ocr_par' dir='ltr' id='par_1_68' title="bbox 477 3617 2080 3691">
     <span class='ocr_line' id='line_1_68' title="bbox 477 3617 2080 3691; baseline 0.001 -19"><span class='ocrx_word' id='word_1_537' title='bbox 477 3623 563 3672; x_wconf 89' lang='lat' dir='ltr'>tus</span> <span class='ocrx_word' id='word_1_538' title='bbox 603 3625 683 3671; x_wconf 91' lang='lat' dir='ltr'>est</span> <span class='ocrx_word' id='word_1_539' title='bbox 729 3617 797 3672; x_wconf 92' lang='lat' dir='ltr'>de</span> <span class='ocrx_word' id='word_1_540' title='bbox 855 3618 1082 3674; x_wconf 87' lang='lat' dir='ltr'>veritate</span> <span class='ocrx_word' id='word_1_541' title='bbox 1134 3619 1417 3691; x_wconf 86' lang='lat' dir='ltr'>Evangelii</span> <span class='ocrx_word' id='word_1_542' title='bbox 1477 3619 1579 3684; x_wconf 90' lang='lat' dir='ltr'>sui,</span> <span class='ocrx_word' id='word_1_543' title='bbox 1632 3620 1776 3690; x_wconf 88' lang='lat' dir='ltr'>quod</span> <span class='ocrx_word' id='word_1_544' title='bbox 1827 3620 1873 3674; x_wconf 91' lang='lat' dir='ltr'>si</span> <span class='ocrx_word' id='word_1_545' title='bbox 1917 3619 2080 3674; x_wconf 90' lang='lat' dir='ltr'>etiam</span> 
     </span>
    </p>
   </div>
   <div class='ocr_carea' id='block_1_69' title="bbox 479 3705 2080 3778">
    <p class='ocr_par' dir='ltr' id='par_1_69' title="bbox 479 3705 2080 3778">
     <span class='ocr_line' id='line_1_69' title="bbox 479 3705 2080 3778; baseline 0.002 -18"><span class='ocrx_word' id='word_1_546' title='bbox 479 3705 710 3778; x_wconf 86' lang='lat' dir='ltr'>angelus</span> <span class='ocrx_word' id='word_1_547' title='bbox 743 3706 891 3762; x_wconf 89' lang='lat' dir='ltr'>aliud</span> <span class='ocrx_word' id='word_1_548' title='bbox 939 3708 1227 3774; x_wconf 89' lang='lat' dir='ltr'>nuntiaret,</span> <span class='ocrx_word' id='word_1_549' title='bbox 1281 3723 1388 3763; x_wconf 91' lang='lat' dir='ltr'>non</span> <span class='ocrx_word' id='word_1_550' title='bbox 1419 3709 1686 3778; x_wconf 89' lang='lat' dir='ltr'>crederet,</span> <span class='ocrx_word' id='word_1_551' title='bbox 1721 3709 1818 3764; x_wconf 92' lang='lat' dir='ltr'>sed</span> <span class='ocrx_word' id='word_1_552' title='bbox 1849 3711 2080 3764; x_wconf 89' lang='lat' dir='ltr'>anathe-</span> 
     </span>
    </p>
   </div>
   <div class='ocr_carea' id='block_1_70' title="bbox 479 3795 783 3850">
    <p class='ocr_par' dir='ltr' id='par_1_70' title="bbox 479 3795 783 3850">
     <span class='ocr_line' id='line_1_70' title="bbox 479 3795 783 3850; baseline 0.007 -2"><span class='ocrx_word' id='word_1_553' title='bbox 479 3795 783 3850; x_wconf 88' lang='lat' dir='ltr'>matizaret.</span> 
     </span>
    </p>
   </div>
   <div class='ocr_carea' id='block_1_71' title="bbox 548 3912 2081 3985">
    <p class='ocr_par' dir='ltr' id='par_1_71' title="bbox 548 3912 2081 3985">
     <span class='ocr_line' id='line_1_71' title="bbox 548 3912 2081 3985; baseline -0.001 -18"><span class='ocrx_word' id='word_1_554' title='bbox 548 3915 933 3984; x_wconf 74' lang='lat' dir='ltr'>Prmterquam</span> <span class='ocrx_word' id='word_1_555' title='bbox 964 3913 1125 3985; x_wconf 87' lang='lat' dir='ltr'>quod.</span> <span class='ocrx_word' id='word_1_556' title='bbox 1159 3912 1350 3983; x_wconf 79' lang='lat' dir='ltr'>(Aue.)</span> <span class='ocrx_word' id='word_1_557' title='bbox 1381 3912 1632 3968; x_wconf 82' lang='lat' dir='ltr'>Attende.</span> <span class='ocrx_word' id='word_1_558' title='bbox 1657 3912 1778 3968; x_wconf 92' lang='lat' dir='ltr'>Non</span> <span class='ocrx_word' id='word_1_559' title='bbox 1810 3912 1881 3967; x_wconf 88' lang='lat' dir='ltr'>ait</span> <span class='ocrx_word' id='word_1_560' title='bbox 1914 3912 2081 3967; x_wconf 85' lang='lat' dir='ltr'>:Plus</span> 
     </span>
    </p>
   </div>
   <div class='ocr_carea' id='block_1_72' title="bbox 476 4000 2082 4072">
    <p class='ocr_par' dir='ltr' id='par_1_72' title="bbox 476 4000 2082 4072">
     <span class='ocr_line' id='line_1_72' title="bbox 476 4000 2082 4072; baseline 0.001 -18"><span class='ocrx_word' id='word_1_561' title='bbox 476 4015 640 4070; x_wconf 89' lang='lat' dir='ltr'>quam</span> <span class='ocrx_word' id='word_1_562' title='bbox 673 4000 979 4070; x_wconf 89' lang='lat' dir='ltr'>accepistis.</span> <span class='ocrx_word' id='word_1_563' title='bbox 1015 4002 1150 4054; x_wconf 90' lang='lat' dir='ltr'>Nam</span> <span class='ocrx_word' id='word_1_564' title='bbox 1174 4001 1218 4055; x_wconf 93' lang='lat' dir='ltr'>si</span> <span class='ocrx_word' id='word_1_565' title='bbox 1249 4001 1379 4055; x_wconf 91' lang='lat' dir='ltr'>illud</span> <span class='ocrx_word' id='word_1_566' title='bbox 1417 4001 1641 4070; x_wconf 85' lang='lat' dir='ltr'>diceret,</span> <span class='ocrx_word' id='word_1_567' title='bbox 1693 4001 1796 4055; x_wconf 91' lang='lat' dir='ltr'>sibi</span> <span class='ocrx_word' id='word_1_568' title='bbox 1812 4001 1914 4072; x_wconf 92' lang='lat' dir='ltr'>ipsi</span> <span class='ocrx_word' id='word_1_569' title='bbox 1934 4018 2082 4072; x_wconf 74' lang='lat' dir='ltr'>pra:-</span> 
     </span>
    </p>
   </div>
   <div class='ocr_carea' id='block_1_73' title="bbox 466 4087 2077 4161">
    <p class='ocr_par' dir='ltr' id='par_1_73' title="bbox 466 4087 2077 4161">
     <span class='ocr_line' id='line_1_73' title="bbox 466 4087 2077 4161; baseline 0.001 -19"><span class='ocrx_word' id='word_1_570' title='bbox 466 4087 759 4157; x_wconf 89' lang='lat' dir='ltr'>judicaret,</span> <span class='ocrx_word' id='word_1_571' title='bbox 795 4088 886 4159; x_wconf 93' lang='lat' dir='ltr'>qui</span> <span class='ocrx_word' id='word_1_572' title='bbox 917 4088 1169 4158; x_wconf 91' lang='lat' dir='ltr'>cupiebat</span> <span class='ocrx_word' id='word_1_573' title='bbox 1208 4089 1392 4144; x_wconf 91' lang='lat' dir='ltr'>venire</span> <span class='ocrx_word' id='word_1_574' title='bbox 1423 4089 1489 4142; x_wconf 91' lang='lat' dir='ltr'>ad</span> <span class='ocrx_word' id='word_1_575' title='bbox 1538 4089 1825 4160; x_wconf 87' lang='lat' dir='ltr'>quosdam,</span> <span class='ocrx_word' id='word_1_576' title='bbox 1879 4091 2077 4161; x_wconf 90' lang='lat' dir='ltr'>quibus</span> 
     </span>
    </p>
   </div>
   <div class='ocr_carea' id='block_1_74' title="bbox 473 4175 2084 4249">
    <p class='ocr_par' dir='ltr' id='par_1_74' title="bbox 473 4175 2084 4249">
     <span class='ocr_line' id='line_1_74' title="bbox 473 4175 2084 4249; baseline 0.001 -19"><span class='ocrx_word' id='word_1_577' title='bbox 473 4175 592 4247; x_wconf 91' lang='lat' dir='ltr'>ipse</span> <span class='ocrx_word' id='word_1_578' title='bbox 621 4177 896 4232; x_wconf 90' lang='lat' dir='ltr'>scribebat</span> <span class='ocrx_word' id='word_1_579' title='bbox 929 4194 942 4230; x_wconf 91' lang='lat'>:</span> <span class='ocrx_word' id='word_1_580' title='bbox 978 4177 1116 4232; x_wconf 91' lang='lat' dir='ltr'>sicut</span> <span class='ocrx_word' id='word_1_581' title='bbox 1168 4178 1237 4232; x_wconf 93' lang='lat' dir='ltr'>ad</span> <span class='ocrx_word' id='word_1_582' title='bbox 1271 4178 1816 4246; x_wconf 88' lang='lat' dir='ltr'>Thessalonicenses,</span> <span class='ocrx_word' id='word_1_583' title='bbox 1867 4187 1924 4232; x_wconf 92' lang='lat' dir='ltr'>ut</span> <span class='ocrx_word' id='word_1_584' title='bbox 1957 4196 2084 4249; x_wconf 89' lang='lat' dir='ltr'>sup-</span> 
     </span>
    </p>
   </div>
   <div class='ocr_carea' id='block_1_75' title="bbox 475 4265 2063 4338">
    <p class='ocr_par' dir='ltr' id='par_1_75' title="bbox 475 4265 2063 4338">
     <span class='ocr_line' id='line_1_75' title="bbox 475 4265 2063 4338; baseline 0.001 -19"><span class='ocrx_word' id='word_1_585' title='bbox 475 4265 651 4335; x_wconf 89' lang='lat' dir='ltr'>pleret</span> <span class='ocrx_word' id='word_1_586' title='bbox 681 4282 802 4336; x_wconf 65' lang='lat' dir='ltr'>quae</span> <span class='ocrx_word' id='word_1_587' title='bbox 848 4265 1061 4319; x_wconf 87' lang='lat' dir='ltr'>illorum</span> <span class='ocrx_word' id='word_1_588' title='bbox 1112 4265 1237 4320; x_wconf 87' lang='lat' dir='ltr'>fidei</span> <span class='ocrx_word' id='word_1_589' title='bbox 1286 4266 1531 4321; x_wconf 89' lang='lat' dir='ltr'>deerant.</span> <span class='ocrx_word' id='word_1_590' title='bbox 1566 4267 1670 4320; x_wconf 87' lang='lat' dir='ltr'>Sed</span> <span class='ocrx_word' id='word_1_591' title='bbox 1710 4267 1804 4338; x_wconf 91' lang='lat' dir='ltr'>qui</span> <span class='ocrx_word' id='word_1_592' title='bbox 1833 4268 2063 4338; x_wconf 87' lang='lat' dir='ltr'>supplet,</span> 
     </span>
    </p>
   </div>
   <div class='ocr_carea' id='block_1_76' title="bbox 473 4353 2086 4426">
    <p class='ocr_par' dir='ltr' id='par_1_76' title="bbox 473 4353 2086 4426">
     <span class='ocr_line' id='line_1_76' title="bbox 473 4353 2086 4426; baseline 0.001 -18"><span class='ocrx_word' id='word_1_593' title='bbox 473 4355 618 4426; x_wconf 92' lang='lat' dir='ltr'>quod</span> <span class='ocrx_word' id='word_1_594' title='bbox 649 4353 828 4408; x_wconf 92' lang='lat' dir='ltr'>minus</span> <span class='ocrx_word' id='word_1_595' title='bbox 857 4362 975 4408; x_wconf 91' lang='lat' dir='ltr'>erat</span> <span class='ocrx_word' id='word_1_596' title='bbox 995 4355 1145 4408; x_wconf 91' lang='lat' dir='ltr'>addit</span> <span class='ocrx_word' id='word_1_597' title='bbox 1178 4374 1191 4420; x_wconf 90' lang='lat'><strong>;</strong></span> <span class='ocrx_word' id='word_1_598' title='bbox 1225 4370 1333 4409; x_wconf 91' lang='lat' dir='ltr'>non</span> <span class='ocrx_word' id='word_1_599' title='bbox 1363 4355 1507 4426; x_wconf 91' lang='lat' dir='ltr'>quod</span> <span class='ocrx_word' id='word_1_600' title='bbox 1559 4355 1752 4421; x_wconf 91' lang='lat' dir='ltr'>inerat,</span> <span class='ocrx_word' id='word_1_601' title='bbox 1786 4355 1942 4410; x_wconf 91' lang='lat' dir='ltr'>tollit.</span> <span class='ocrx_word' id='word_1_602' title='bbox 1977 4355 2086 4424; x_wconf 92' lang='lat' dir='ltr'>Qui</span> 
     </span>
    </p>
   </div>
   <div class='ocr_carea' id='block_1_77' title="bbox 474 4441 2079 4516">
    <p class='ocr_par' dir='ltr' id='par_1_77' title="bbox 474 4441 2079 4516">
     <span class='ocr_line' id='line_1_77' title="bbox 474 4441 2079 4516; baseline -0.001 -18"><span class='ocrx_word' id='word_1_603' title='bbox 474 4451 655 4498; x_wconf 86' lang='lat' dir='ltr'>autem</span> <span class='ocrx_word' id='word_1_604' title='bbox 701 4443 1144 4514; x_wconf 69' lang='lat' dir='ltr'>praetergreditur</span> <span class='ocrx_word' id='word_1_605' title='bbox 1191 4441 1314 4497; x_wconf 84' lang='lat' dir='ltr'>fidei</span> <span class='ocrx_word' id='word_1_606' title='bbox 1347 4444 1607 4516; x_wconf 87' lang='lat' dir='ltr'>regulam,</span> <span class='ocrx_word' id='word_1_607' title='bbox 1648 4461 1757 4499; x_wconf 89' lang='lat' dir='ltr'>non</span> <span class='ocrx_word' id='word_1_608' title='bbox 1783 4445 1993 4500; x_wconf 92' lang='lat' dir='ltr'>accedit</span> <span class='ocrx_word' id='word_1_609' title='bbox 2025 4444 2079 4497; x_wconf 89' lang='lat' dir='ltr'>in</span> 
     </span>
    </p>
   </div>
   <div class='ocr_carea' id='block_1_78' title="bbox 477 4531 2077 4602">
    <p class='ocr_par' dir='ltr' id='par_1_78' title="bbox 477 4531 2077 4602">
     <span class='ocr_line' id='line_1_78' title="bbox 477 4531 2077 4602; baseline -0.001 -14"><span class='ocrx_word' id='word_1_610' title='bbox 477 4531 588 4598; x_wconf 88' lang='lat' dir='ltr'>via,</span> <span class='ocrx_word' id='word_1_611' title='bbox 611 4532 709 4587; x_wconf 91' lang='lat' dir='ltr'>sed</span> <span class='ocrx_word' id='word_1_612' title='bbox 732 4531 939 4587; x_wconf 91' lang='lat' dir='ltr'>recedit</span> <span class='ocrx_word' id='word_1_613' title='bbox 959 4548 992 4586; x_wconf 90' lang='lat' dir='ltr'>a</span> <span class='ocrx_word' id='word_1_614' title='bbox 1014 4532 1121 4587; x_wconf 88' lang='lat' dir='ltr'>via.</span> <span class='ocrx_word' id='word_1_615' title='bbox 1146 4531 1465 4588; x_wconf 85' lang='lat' dir='ltr'>Anathema</span> <span class='ocrx_word' id='word_1_616' title='bbox 1485 4535 1580 4588; x_wconf 85' lang='lat' dir='ltr'>sit.</span> <span class='ocrx_word' id='word_1_617' title='bbox 1607 4532 1896 4602; x_wconf 90' lang='lat' dir='ltr'>Quarehoc</span> <span class='ocrx_word' id='word_1_618' title='bbox 1907 4532 2077 4602; x_wconf 77' lang='lat' dir='ltr'>?Quia</span> 
     </span>
    </p>
   </div>
   <div class='ocr_carea' id='block_1_79' title="bbox 477 4619 2085 4692">
    <p class='ocr_par' dir='ltr' id='par_1_79' title="bbox 477 4619 2085 4692">
     <span class='ocr_line' id='line_1_79' title="bbox 477 4619 2085 4692; baseline 0.001 -18"><span class='ocrx_word' id='word_1_619' title='bbox 477 4620 624 4674; x_wconf 87' lang='lat' dir='ltr'>aliud</span> <span class='ocrx_word' id='word_1_620' title='bbox 655 4620 1058 4692; x_wconf 88' lang='lat' dir='ltr'>evangelizans,</span> <span class='ocrx_word' id='word_1_621' title='bbox 1092 4621 1160 4675; x_wconf 92' lang='lat' dir='ltr'>de</span> <span class='ocrx_word' id='word_1_622' title='bbox 1205 4620 1419 4690; x_wconf 89' lang='lat' dir='ltr'>privato</span> <span class='ocrx_word' id='word_1_623' title='bbox 1468 4622 1580 4676; x_wconf 88' lang='lat' dir='ltr'>vult</span> <span class='ocrx_word' id='word_1_624' title='bbox 1607 4621 1798 4686; x_wconf 91' lang='lat' dir='ltr'>fluere,</span> <span class='ocrx_word' id='word_1_625' title='bbox 1844 4637 1965 4676; x_wconf 90' lang='lat' dir='ltr'>.non</span> <span class='ocrx_word' id='word_1_626' title='bbox 2016 4619 2085 4676; x_wconf 84' lang='lat' dir='ltr'>de</span> 
     </span>
    </p>
   </div>
   <div class='ocr_carea' id='block_1_80' title="bbox 477 4708 2082 4780">
    <p class='ocr_par' dir='ltr' id='par_1_80' title="bbox 477 4708 2082 4780">
     <span class='ocr_line' id='line_1_80' title="bbox 477 4708 2082 4780; baseline 0.001 -17"><span class='ocrx_word' id='word_1_627' title='bbox 477 4708 678 4764; x_wconf 91' lang='lat' dir='ltr'>medio.</span> <span class='ocrx_word' id='word_1_628' title='bbox 712 4710 779 4763; x_wconf 90' lang='lat' dir='ltr'>Et</span> <span class='ocrx_word' id='word_1_629' title='bbox 809 4725 931 4764; x_wconf 93' lang='lat' dir='ltr'>cum</span> <span class='ocrx_word' id='word_1_630' title='bbox 962 4711 1067 4766; x_wconf 90' lang='lat' dir='ltr'>hoc</span> <span class='ocrx_word' id='word_1_631' title='bbox 1087 4711 1252 4765; x_wconf 91' lang='lat' dir='ltr'>homo</span> <span class='ocrx_word' id='word_1_632' title='bbox 1282 4709 1487 4766; x_wconf 90' lang='lat' dir='ltr'>carnali</span> <span class='ocrx_word' id='word_1_633' title='bbox 1509 4710 1710 4764; x_wconf 90' lang='lat' dir='ltr'>nebula</span> <span class='ocrx_word' id='word_1_634' title='bbox 1730 4709 2082 4780; x_wconf 63' lang='lat' dir='ltr'>praepeditus,</span> 
     </span>
    </p>
   </div>
   <div class='ocr_carea' id='block_1_81' title="bbox 479 4796 2084 4870">
    <p class='ocr_par' dir='ltr' id='par_1_81' title="bbox 479 4796 2084 4870">
     <span class='ocr_line' id='line_1_81' title="bbox 479 4796 2084 4870; baseline -0.001 -17"><span class='ocrx_word' id='word_1_635' title='bbox 479 4805 533 4853; x_wconf 88' lang='lat' dir='ltr'>et</span> <span class='ocrx_word' id='word_1_636' title='bbox 563 4813 593 4851; x_wconf 92' lang='lat' dir='ltr'>a</span> <span class='ocrx_word' id='word_1_637' title='bbox 621 4796 768 4852; x_wconf 88' lang='lat' dir='ltr'>fonte</span> <span class='ocrx_word' id='word_1_638' title='bbox 799 4798 1071 4854; x_wconf 91' lang='lat' dir='ltr'>communi</span> <span class='ocrx_word' id='word_1_639' title='bbox 1094 4799 1163 4853; x_wconf 91' lang='lat' dir='ltr'>ad</span> <span class='ocrx_word' id='word_1_640' title='bbox 1193 4799 1469 4870; x_wconf 89' lang='lat' dir='ltr'>propriam</span> <span class='ocrx_word' id='word_1_641' title='bbox 1500 4814 1655 4853; x_wconf 90' lang='lat' dir='ltr'>suam</span> <span class='ocrx_word' id='word_1_642' title='bbox 1676 4798 1960 4853; x_wconf 87' lang='lat' dir='ltr'>falsitatem</span> <span class='ocrx_word' id='word_1_643' title='bbox 1990 4816 2084 4853; x_wconf 92' lang='lat' dir='ltr'>re-</span> 
     </span>
    </p>
   </div>
   <div class='ocr_carea' id='block_1_82' title="bbox 478 4886 2082 4960">
    <p class='ocr_par' dir='ltr' id='par_1_82' title="bbox 478 4886 2082 4960">
     <span class='ocr_line' id='line_1_82' title="bbox 478 4886 2082 4960; baseline -0.001 -17"><span class='ocrx_word' id='word_1_644' title='bbox 478 4887 674 4943; x_wconf 90' lang='lat' dir='ltr'>ductus</span> <span class='ocrx_word' id='word_1_645' title='bbox 705 4886 879 4958; x_wconf 92' lang='lat' dir='ltr'>possit</span> <span class='ocrx_word' id='word_1_646' title='bbox 910 4887 1111 4953; x_wconf 88' lang='lat' dir='ltr'>facere,</span> <span class='ocrx_word' id='word_1_647' title='bbox 1146 4887 1389 4960; x_wconf 89' lang='lat' dir='ltr'>nunquid</span> <span class='ocrx_word' id='word_1_648' title='bbox 1438 4896 1491 4942; x_wconf 94' lang='lat' dir='ltr'>et</span> <span class='ocrx_word' id='word_1_649' title='bbox 1519 4888 1748 4959; x_wconf 89' lang='lat' dir='ltr'>angelus</span> <span class='ocrx_word' id='word_1_650' title='bbox 1779 4889 1806 4942; x_wconf 77' lang='lat' dir='ltr'>‘l</span> <span class='ocrx_word' id='word_1_651' title='bbox 1839 4889 1977 4943; x_wconf 85' lang='lat' dir='ltr'>Vere</span> <span class='ocrx_word' id='word_1_652' title='bbox 2035 4888 2082 4942; x_wconf 90' lang='lat' dir='ltr'>si</span> 
     </span>
    </p>
   </div>
   <div class='ocr_carea' id='block_1_83' title="bbox 476 4976 2085 5048">
    <p class='ocr_par' dir='ltr' id='par_1_83' title="bbox 476 4976 2085 5048">
     <span class='ocr_line' id='line_1_83' title="bbox 476 4976 2085 5048; baseline -0.001 -17"><span class='ocrx_word' id='word_1_653' title='bbox 476 4977 704 5048; x_wconf 88' lang='lat' dir='ltr'>angelus</span> <span class='ocrx_word' id='word_1_654' title='bbox 735 4977 803 5031; x_wconf 92' lang='lat' dir='ltr'>de</span> <span class='ocrx_word' id='word_1_655' title='bbox 832 4977 1054 5047; x_wconf 90' lang='lat' dir='ltr'>proprio</span> <span class='ocrx_word' id='word_1_656' title='bbox 1085 4976 1260 5031; x_wconf 81' lang='lat' dir='ltr'>fluens</span> <span class='ocrx_word' id='word_1_657' title='bbox 1294 4977 1348 5030; x_wconf 92' lang='lat' dir='ltr'>in</span> <span class='ocrx_word' id='word_1_658' title='bbox 1379 4977 1636 5047; x_wconf 91' lang='lat' dir='ltr'>paradiso</span> <span class='ocrx_word' id='word_1_659' title='bbox 1666 4992 1774 5032; x_wconf 92' lang='lat' dir='ltr'>non</span> <span class='ocrx_word' id='word_1_660' title='bbox 1813 4985 1960 5032; x_wconf 90' lang='lat' dir='ltr'>esset</span> <span class='ocrx_word' id='word_1_661' title='bbox 1991 4993 2085 5031; x_wconf 91' lang='lat' dir='ltr'>au-</span> 
     </span>
    </p>
   </div>
   <div class='ocr_carea' id='block_1_84' title="bbox 479 5064 2085 5136">
    <p class='ocr_par' dir='ltr' id='par_1_84' title="bbox 479 5064 2085 5136">
     <span class='ocr_line' id='line_1_84' title="bbox 479 5064 2085 5136; baseline 0.001 -18"><span class='ocrx_word' id='word_1_662' title='bbox 479 5064 644 5130; x_wconf 92' lang='lat' dir='ltr'>ditus,</span> <span class='ocrx_word' id='word_1_663' title='bbox 680 5080 788 5119; x_wconf 92' lang='lat' dir='ltr'>non</span> <span class='ocrx_word' id='word_1_664' title='bbox 836 5064 1308 5133; x_wconf 68' lang='lat' dir='ltr'>prmcipitaremur</span> <span class='ocrx_word' id='word_1_665' title='bbox 1353 5064 1407 5118; x_wconf 91' lang='lat' dir='ltr'>in</span> <span class='ocrx_word' id='word_1_666' title='bbox 1437 5073 1689 5120; x_wconf 90' lang='lat' dir='ltr'>mortem.</span> <span class='ocrx_word' id='word_1_667' title='bbox 1737 5065 1911 5120; x_wconf 88' lang='lat' dir='ltr'>Media</span> <span class='ocrx_word' id='word_1_668' title='bbox 1943 5081 2085 5136; x_wconf 91' lang='lat' dir='ltr'>aqua</span> 
     </span>
    </p>
   </div>
   <div class='ocr_carea' id='block_1_85' title="bbox 477 5152 2082 5225">
    <p class='ocr_par' dir='ltr' id='par_1_85' title="bbox 477 5152 2082 5225">
     <span class='ocr_line' id='line_1_85' title="bbox 477 5152 2082 5225; baseline 0.001 -19"><span class='ocrx_word' id='word_1_669' title='bbox 477 5152 652 5222; x_wconf 89' lang='lat' dir='ltr'>posita</span> <span class='ocrx_word' id='word_1_670' title='bbox 683 5160 796 5206; x_wconf 89' lang='lat' dir='ltr'>erat</span> <span class='ocrx_word' id='word_1_671' title='bbox 824 5152 1074 5206; x_wconf 92' lang='lat' dir='ltr'>omnibus</span> <span class='ocrx_word' id='word_1_672' title='bbox 1102 5162 1436 5223; x_wconf 85' lang='lat' dir='ltr'>praeceptum</span> <span class='ocrx_word' id='word_1_673' title='bbox 1466 5154 1586 5208; x_wconf 91' lang='lat' dir='ltr'>Dei.</span> <span class='ocrx_word' id='word_1_674' title='bbox 1621 5157 1780 5225; x_wconf 86' lang='lat' dir='ltr'>Aqua</span> <span class='ocrx_word' id='word_1_675' title='bbox 1810 5154 2082 5224; x_wconf 90' lang='lat' dir='ltr'>quodam-</span> 
     </span>
    </p>
   </div>
   <div class='ocr_carea' id='block_1_86' title="bbox 476 5239 2082 5311">
    <p class='ocr_par' dir='ltr' id='par_1_86' title="bbox 476 5239 2082 5311">
     <span class='ocr_line' id='line_1_86' title="bbox 476 5239 2082 5311; baseline 0.004 -18"><span class='ocrx_word' id='word_1_676' title='bbox 476 5239 640 5294; x_wconf 90' lang='lat' dir='ltr'>modo</span> <span class='ocrx_word' id='word_1_677' title='bbox 668 5240 885 5309; x_wconf 90' lang='lat' dir='ltr'>publica</span> <span class='ocrx_word' id='word_1_678' title='bbox 925 5249 1058 5305; x_wconf 88' lang='lat' dir='ltr'>erat,</span> <span class='ocrx_word' id='word_1_679' title='bbox 1106 5249 1158 5295; x_wconf 92' lang='lat' dir='ltr'>et</span> <span class='ocrx_word' id='word_1_680' title='bbox 1205 5241 1322 5296; x_wconf 90' lang='lat' dir='ltr'>sine</span> <span class='ocrx_word' id='word_1_681' title='bbox 1369 5241 1580 5311; x_wconf 81' lang='lat' dir='ltr'>fraude,</span> <span class='ocrx_word' id='word_1_682' title='bbox 1613 5242 1731 5298; x_wconf 91' lang='lat' dir='ltr'>sine</span> <span class='ocrx_word' id='word_1_683' title='bbox 1787 5243 1927 5307; x_wconf 90' lang='lat' dir='ltr'>labe,</span> <span class='ocrx_word' id='word_1_684' title='bbox 1963 5243 2082 5299; x_wconf 90' lang='lat' dir='ltr'>sine</span> 
     </span>
    </p>
   </div>
   <div class='ocr_carea' id='block_1_87' title="bbox 477 5327 2084 5402">
    <p class='ocr_par' dir='ltr' id='par_1_87' title="bbox 477 5327 2084 5402">
     <span class='ocr_line' id='line_1_87' title="bbox 477 5327 2084 5402; baseline 0.002 -19"><span class='ocrx_word' id='word_1_685' title='bbox 477 5343 628 5383; x_wconf 70' lang='lat' dir='ltr'>caeno</span> <span class='ocrx_word' id='word_1_686' title='bbox 658 5327 876 5382; x_wconf 91' lang='lat' dir='ltr'>fluebat.</span> <span class='ocrx_word' id='word_1_687' title='bbox 912 5329 1021 5383; x_wconf 92' lang='lat' dir='ltr'>Sed</span> <span class='ocrx_word' id='word_1_688' title='bbox 1049 5329 1192 5383; x_wconf 86' lang='lat' dir='ltr'>venit</span> <span class='ocrx_word' id='word_1_689' title='bbox 1226 5330 1460 5401; x_wconf 85' lang='lat' dir='ltr'>angelus</span> <span class='ocrx_word' id='word_1_690' title='bbox 1492 5331 1560 5385; x_wconf 89' lang='lat' dir='ltr'>de</span> <span class='ocrx_word' id='word_1_691' title='bbox 1592 5332 1731 5386; x_wconf 77' lang='lat' dir='ltr'>cmlo</span> <span class='ocrx_word' id='word_1_692' title='bbox 1760 5331 1946 5402; x_wconf 90' lang='lat' dir='ltr'>lapsus</span> <span class='ocrx_word' id='word_1_693' title='bbox 1978 5348 2084 5386; x_wconf 87' lang='lat' dir='ltr'>ser-</span> 
     </span>
    </p>
   </div>
   <div class='ocr_carea' id='block_1_88' title="bbox 477 5415 2080 5492">
    <p class='ocr_par' dir='ltr' id='par_1_88' title="bbox 477 5415 2080 5492">
     <span class='ocr_line' id='line_1_88' title="bbox 477 5415 2080 5492; baseline 0.001 -20"><span class='ocrx_word' id='word_1_694' title='bbox 477 5432 615 5488; x_wconf 92' lang='lat' dir='ltr'>pens</span> <span class='ocrx_word' id='word_1_695' title='bbox 653 5415 846 5483; x_wconf 83' lang='lat' dir='ltr'>factus,</span> <span class='ocrx_word' id='word_1_696' title='bbox 878 5417 1004 5488; x_wconf 91' lang='lat' dir='ltr'>quia</span> <span class='ocrx_word' id='word_1_697' title='bbox 1058 5417 1320 5473; x_wconf 89' lang='lat' dir='ltr'>insidiose</span> <span class='ocrx_word' id='word_1_698' title='bbox 1350 5419 1463 5488; x_wconf 89' lang='lat' dir='ltr'>jam</span> <span class='ocrx_word' id='word_1_699' title='bbox 1517 5436 1786 5474; x_wconf 88' lang='lat' dir='ltr'>venenum</span> <span class='ocrx_word' id='word_1_700' title='bbox 1819 5437 2080 5492; x_wconf 87' lang='lat' dir='ltr'>spargere</span> 
     </span>
    </p>
   </div>
   <div class='ocr_carea' id='block_1_89' title="bbox 477 5505 2068 5580">
    <p class='ocr_par' dir='ltr' id='par_1_89' title="bbox 477 5505 2068 5580">
     <span class='ocr_line' id='line_1_89' title="bbox 477 5505 2068 5580; baseline 0.001 -18"><span class='ocrx_word' id='word_1_701' title='bbox 477 5505 750 5576; x_wconf 77' lang='lat' dir='ltr'>Cupiebat,</span> <span class='ocrx_word' id='word_1_702' title='bbox 787 5513 836 5560; x_wconf 91' lang='lat' dir='ltr'>et</span> <span class='ocrx_word' id='word_1_703' title='bbox 867 5505 1048 5560; x_wconf 91' lang='lat' dir='ltr'>emisit</span> <span class='ocrx_word' id='word_1_704' title='bbox 1067 5523 1355 5562; x_wconf 90' lang='lat' dir='ltr'>venenum.</span> <span class='ocrx_word' id='word_1_705' title='bbox 1382 5508 1461 5562; x_wconf 93' lang='lat' dir='ltr'>De</span> <span class='ocrx_word' id='word_1_706' title='bbox 1481 5508 1704 5580; x_wconf 82' lang='lat' dir='ltr'>prOprio</span> <span class='ocrx_word' id='word_1_707' title='bbox 1733 5509 1945 5564; x_wconf 89' lang='lat' dir='ltr'>loeutus</span> <span class='ocrx_word' id='word_1_708' title='bbox 1967 5518 2068 5575; x_wconf 91' lang='lat' dir='ltr'>est,</span> 
     </span>
    </p>
   </div>
   <div class='ocr_carea' id='block_1_90' title="bbox 476 5594 2078 5669">
    <p class='ocr_par' dir='ltr' id='par_1_90' title="bbox 476 5594 2078 5669">
     <span class='ocr_line' id='line_1_90' title="bbox 476 5594 2078 5669; baseline 0.002 -20"><span class='ocrx_word' id='word_1_709' title='bbox 476 5594 546 5650; x_wconf 93' lang='lat' dir='ltr'>de</span> <span class='ocrx_word' id='word_1_710' title='bbox 577 5610 712 5650; x_wconf 90' lang='lat' dir='ltr'>suo:</span> <span class='ocrx_word' id='word_1_711' title='bbox 751 5595 997 5661; x_wconf 85' lang='lat' dir='ltr'>Gustate,</span> <span class='ocrx_word' id='word_1_712' title='bbox 1015 5600 1071 5650; x_wconf 92' lang='lat' dir='ltr'>et</span> <span class='ocrx_word' id='word_1_713' title='bbox 1101 5597 1262 5650; x_wconf 86' lang='lat' dir='ltr'>eritis</span> <span class='ocrx_word' id='word_1_714' title='bbox 1292 5598 1443 5653; x_wconf 85' lang='lat' dir='ltr'>sicut</span> <span class='ocrx_word' id='word_1_715' title='bbox 1474 5599 1554 5653; x_wconf 84' lang='lat' dir='ltr'>dii</span> <span class='ocrx_word' id='word_1_716' title='bbox 1576 5599 1736 5669; x_wconf 83' lang='lat' dir='ltr'>(Gen.</span> <span class='ocrx_word' id='word_1_717' title='bbox 1763 5600 1865 5668; x_wconf 82' lang='lat' dir='ltr'>ni).</span> <span class='ocrx_word' id='word_1_718' title='bbox 1901 5599 1967 5652; x_wconf 94' lang='lat' dir='ltr'>Et</span> <span class='ocrx_word' id='word_1_719' title='bbox 2004 5597 2078 5652; x_wconf 90' lang='lat' dir='ltr'>illi</span> 
     </span>
    </p>
   </div>
   <div class='ocr_carea' id='block_1_91' title="bbox 478 5684 2070 5759">
    <p class='ocr_par' dir='ltr' id='par_1_91' title="bbox 478 5684 2070 5759">
     <span class='ocr_line' id='line_1_91' title="bbox 478 5684 2070 5759; baseline -0.001 -15"><span class='ocrx_word' id='word_1_720' title='bbox 478 5691 796 5757; x_wconf 81' lang='lat' dir='ltr'>appetentes</span> <span class='ocrx_word' id='word_1_721' title='bbox 811 5684 957 5758; x_wconf 89' lang='lat' dir='ltr'>quod</span> <span class='ocrx_word' id='word_1_722' title='bbox 988 5700 1096 5743; x_wconf 91' lang='lat' dir='ltr'>non</span> <span class='ocrx_word' id='word_1_723' title='bbox 1127 5692 1303 5755; x_wconf 88' lang='lat' dir='ltr'>erant,</span> <span class='ocrx_word' id='word_1_724' title='bbox 1335 5684 1637 5744; x_wconf 87' lang='lat' dir='ltr'>amiserunt</span> <span class='ocrx_word' id='word_1_725' title='bbox 1665 5687 1810 5759; x_wconf 88' lang='lat' dir='ltr'>quod</span> <span class='ocrx_word' id='word_1_726' title='bbox 1834 5703 2070 5758; x_wconf 88' lang='lat' dir='ltr'>accepe-</span> 
     </span>
    </p>
   </div>
   <div class='ocr_carea' id='block_1_92' title="bbox 2181 3200 3777 3273">
    <p class='ocr_par' dir='ltr' id='par_1_92' title="bbox 2181 3200 3777 3273">
     <span class='ocr_line' id='line_1_92' title="bbox 2181 3200 3777 3273; baseline 0 -17"><span class='ocrx_word' id='word_1_727' title='bbox 2181 3203 2517 3267; x_wconf 84' lang='lat' dir='ltr'>hominibus,</span> <span class='ocrx_word' id='word_1_728' title='bbox 2543 3209 2648 3256; x_wconf 91' lang='lat' dir='ltr'>etc.</span> <span class='ocrx_word' id='word_1_729' title='bbox 2682 3203 2828 3273; x_wconf 88' lang='lat' dir='ltr'>Ergo</span> <span class='ocrx_word' id='word_1_730' title='bbox 2858 3208 3046 3256; x_wconf 91' lang='lat' dir='ltr'>contra</span> <span class='ocrx_word' id='word_1_731' title='bbox 3077 3200 3398 3255; x_wconf 89' lang='lat' dir='ltr'>temerarios</span> <span class='ocrx_word' id='word_1_732' title='bbox 3413 3201 3652 3269; x_wconf 86' lang='lat' dir='ltr'>judices,</span> <span class='ocrx_word' id='word_1_733' title='bbox 3683 3202 3777 3256; x_wconf 88' lang='lat' dir='ltr'>de-</span> 
     </span>
    </p>
   </div>
   <div class='ocr_carea' id='block_1_93' title="bbox 2177 3296 3779 3360">
    <p class='ocr_par' dir='ltr' id='par_1_93' title="bbox 2177 3296 3779 3360">
     <span class='ocr_line' id='line_1_93' title="bbox 2177 3296 3779 3360; baseline 0 -16"><span class='ocrx_word' id='word_1_734' title='bbox 2177 3297 2456 3359; x_wconf 90' lang='lat' dir='ltr'>tractores,</span> <span class='ocrx_word' id='word_1_735' title='bbox 2534 3305 2898 3356; x_wconf 88' lang='lat' dir='ltr'>susurrones,</span> <span class='ocrx_word' id='word_1_736' title='bbox 2959 3296 3401 3355; x_wconf 86' lang='lat' dir='ltr'>murmuratores,</span> <span class='ocrx_word' id='word_1_737' title='bbox 3477 3298 3779 3360; x_wconf 65' lang='lat' dir='ltr'>quazrentes</span> 
     </span>
    </p>
   </div>
   <div class='ocr_carea' id='block_1_94' title="bbox 2177 3377 3774 3449">
    <p class='ocr_par' dir='ltr' id='par_1_94' title="bbox 2177 3377 3774 3449">
     <span class='ocr_line' id='line_1_94' title="bbox 2177 3377 3774 3449; baseline 0 -17"><span class='ocrx_word' id='word_1_738' title='bbox 2177 3377 2448 3449; x_wconf 90' lang='lat' dir='ltr'>suspicari</span> <span class='ocrx_word' id='word_1_739' title='bbox 2479 3379 2623 3449; x_wconf 92' lang='lat' dir='ltr'>quod</span> <span class='ocrx_word' id='word_1_740' title='bbox 2654 3393 2763 3433; x_wconf 91' lang='lat' dir='ltr'>non</span> <span class='ocrx_word' id='word_1_741' title='bbox 2794 3377 2996 3445; x_wconf 90' lang='lat' dir='ltr'>vident,</span> <span class='ocrx_word' id='word_1_742' title='bbox 3036 3385 3340 3449; x_wconf 71' lang='lat' dir='ltr'>quaerentes</span> <span class='ocrx_word' id='word_1_743' title='bbox 3383 3377 3546 3432; x_wconf 91' lang='lat' dir='ltr'>etiam</span> <span class='ocrx_word' id='word_1_744' title='bbox 3572 3380 3774 3448; x_wconf 86' lang='lat' dir='ltr'>jactare</span> 
     </span>
    </p>
   </div>
   <div class='ocr_carea' id='block_1_95' title="bbox 2178 3464 3784 3538">
    <p class='ocr_par' dir='ltr' id='par_1_95' title="bbox 2178 3464 3784 3538">
     <span class='ocr_line' id='line_1_95' title="bbox 2178 3464 3784 3538; baseline 0 -18"><span class='ocrx_word' id='word_1_745' title='bbox 2178 3467 2323 3538; x_wconf 92' lang='lat' dir='ltr'>quod</span> <span class='ocrx_word' id='word_1_746' title='bbox 2352 3483 2460 3522; x_wconf 91' lang='lat' dir='ltr'>non</span> <span class='ocrx_word' id='word_1_747' title='bbox 2489 3467 2856 3538; x_wconf 89' lang='lat' dir='ltr'>suspicantur,</span> <span class='ocrx_word' id='word_1_748' title='bbox 2899 3464 3093 3522; x_wconf 79' lang='lat' dir='ltr'>sufﬁcit</span> <span class='ocrx_word' id='word_1_749' title='bbox 3151 3465 3501 3522; x_wconf 90' lang='lat' dir='ltr'>conscientia.</span> <span class='ocrx_word' id='word_1_750' title='bbox 3561 3468 3680 3523; x_wconf 87' lang='lat' dir='ltr'>Nec</span> <span class='ocrx_word' id='word_1_751' title='bbox 3733 3466 3784 3520; x_wconf 93' lang='lat' dir='ltr'>in</span> 
     </span>
    </p>
   </div>
   <div class='ocr_carea' id='block_1_96' title="bbox 2178 3555 3777 3628">
    <p class='ocr_par' dir='ltr' id='par_1_96' title="bbox 2178 3555 3777 3628">
     <span class='ocr_line' id='line_1_96' title="bbox 2178 3555 3777 3628; baseline 0.001 -19"><span class='ocrx_word' id='word_1_752' title='bbox 2178 3556 2297 3610; x_wconf 90' lang='lat' dir='ltr'>aliis</span> <span class='ocrx_word' id='word_1_753' title='bbox 2328 3556 2522 3628; x_wconf 89' lang='lat' dir='ltr'>quibus</span> <span class='ocrx_word' id='word_1_754' title='bbox 2551 3556 2767 3627; x_wconf 89' lang='lat' dir='ltr'>placere</span> <span class='ocrx_word' id='word_1_755' title='bbox 2799 3555 3048 3610; x_wconf 84' lang='lat' dir='ltr'>volumus</span> <span class='ocrx_word' id='word_1_756' title='bbox 3071 3571 3377 3627; x_wconf 59' lang='lat' dir='ltr'>quaramus</span> <span class='ocrx_word' id='word_1_757' title='bbox 3398 3565 3648 3610; x_wconf 88' lang='lat' dir='ltr'>nostram</span> <span class='ocrx_word' id='word_1_758' title='bbox 3667 3556 3777 3628; x_wconf 83' lang='lat' dir='ltr'>glo-</span> 
     </span>
    </p>
   </div>
   <div class='ocr_carea' id='block_1_97' title="bbox 2181 3644 3775 3713">
    <p class='ocr_par' dir='ltr' id='par_1_97' title="bbox 2181 3644 3775 3713">
     <span class='ocr_line' id='line_1_97' title="bbox 2181 3644 3775 3713; baseline 0 -15"><span class='ocrx_word' id='word_1_759' title='bbox 2181 3645 2334 3713; x_wconf 90' lang='lat' dir='ltr'>riam,</span> <span class='ocrx_word' id='word_1_760' title='bbox 2393 3645 2491 3700; x_wconf 91' lang='lat' dir='ltr'>sed</span> <span class='ocrx_word' id='word_1_761' title='bbox 2534 3661 2718 3700; x_wconf 89' lang='lat' dir='ltr'>eorum</span> <span class='ocrx_word' id='word_1_762' title='bbox 2776 3644 3024 3710; x_wconf 87' lang='lat' dir='ltr'>salutem,</span> <span class='ocrx_word' id='word_1_763' title='bbox 3057 3651 3114 3698; x_wconf 92' lang='lat' dir='ltr'>ut</span> <span class='ocrx_word' id='word_1_764' title='bbox 3160 3660 3269 3698; x_wconf 89' lang='lat' dir='ltr'>non</span> <span class='ocrx_word' id='word_1_765' title='bbox 3301 3659 3418 3711; x_wconf 91' lang='lat' dir='ltr'>nos,</span> <span class='ocrx_word' id='word_1_766' title='bbox 3465 3644 3562 3700; x_wconf 83' lang='lat' dir='ltr'>sed</span> <span class='ocrx_word' id='word_1_767' title='bbox 3615 3645 3775 3700; x_wconf 88' lang='lat' dir='ltr'>Deum</span> 
     </span>
    </p>
   </div>
   <div class='ocr_carea' id='block_1_98' title="bbox 2179 3732 3780 3806">
    <p class='ocr_par' dir='ltr' id='par_1_98' title="bbox 2179 3732 3780 3806">
     <span class='ocr_line' id='line_1_98' title="bbox 2179 3732 3780 3806; baseline 0 -18"><span class='ocrx_word' id='word_1_768' title='bbox 2179 3733 2420 3797; x_wconf 87' lang='lat' dir='ltr'>laudent,</span> <span class='ocrx_word' id='word_1_769' title='bbox 2454 3732 2545 3804; x_wconf 88' lang='lat' dir='ltr'>qui</span> <span class='ocrx_word' id='word_1_770' title='bbox 2575 3733 2709 3788; x_wconf 87' lang='lat' dir='ltr'>tales</span> <span class='ocrx_word' id='word_1_771' title='bbox 2740 3732 2893 3800; x_wconf 86' lang='lat' dir='ltr'>fecit;</span> <span class='ocrx_word' id='word_1_772' title='bbox 2927 3733 3068 3787; x_wconf 92' lang='lat' dir='ltr'>unde</span> <span class='ocrx_word' id='word_1_773' title='bbox 3103 3733 3322 3789; x_wconf 85' lang='lat' dir='ltr'>:Nolite</span> <span class='ocrx_word' id='word_1_774' title='bbox 3360 3736 3549 3803; x_wconf 81' lang='lat' dir='ltr'>facere</span> <span class='ocrx_word' id='word_1_775' title='bbox 3608 3735 3780 3806; x_wconf 83' lang='lat' dir='ltr'>justi-</span> 
     </span>
    </p>
   </div>
   <div class='ocr_carea' id='block_1_99' title="bbox 2183 3821 3774 3894">
    <p class='ocr_par' dir='ltr' id='par_1_99' title="bbox 2183 3821 3774 3894">
     <span class='ocr_line' id='line_1_99' title="bbox 2183 3821 3774 3894; baseline -0.001 -16"><span class='ocrx_word' id='word_1_776' title='bbox 2183 3825 2324 3878; x_wconf 85' lang='lat' dir='ltr'>tiam</span> <span class='ocrx_word' id='word_1_777' title='bbox 2342 3826 2588 3877; x_wconf 88' lang='lat' dir='ltr'>vestra-m</span> <span class='ocrx_word' id='word_1_778' title='bbox 2610 3839 2799 3878; x_wconf 87' lang='lat' dir='ltr'>coram</span> <span class='ocrx_word' id='word_1_779' title='bbox 2835 3823 3171 3888; x_wconf 83' lang='lat' dir='ltr'>hominibus,</span> <span class='ocrx_word' id='word_1_780' title='bbox 3198 3821 3289 3875; x_wconf 91' lang='lat' dir='ltr'>ubi</span> <span class='ocrx_word' id='word_1_781' title='bbox 3323 3821 3444 3876; x_wconf 90' lang='lat' dir='ltr'>illos</span> <span class='ocrx_word' id='word_1_782' title='bbox 3468 3823 3655 3894; x_wconf 88' lang='lat' dir='ltr'>arguit</span> <span class='ocrx_word' id='word_1_783' title='bbox 3691 3823 3774 3894; x_wconf 87' lang='lat' dir='ltr'>qui</span> 
     </span>
    </p>
   </div>
   <div class='ocr_carea' id='block_1_100' title="bbox 2181 3909 3774 3982">
    <p class='ocr_par' dir='ltr' id='par_1_100' title="bbox 2181 3909 3774 3982">
     <span class='ocr_line' id='line_1_100' title="bbox 2181 3909 3774 3982; baseline 0.001 -17"><span class='ocrx_word' id='word_1_784' title='bbox 2181 3911 2256 3965; x_wconf 92' lang='lat' dir='ltr'>ita</span> <span class='ocrx_word' id='word_1_785' title='bbox 2294 3911 2551 3965; x_wconf 88' lang='lat' dir='ltr'>ventilant</span> <span class='ocrx_word' id='word_1_786' title='bbox 2583 3927 2749 3981; x_wconf 90' lang='lat' dir='ltr'>opera</span> <span class='ocrx_word' id='word_1_787' title='bbox 2773 3927 2887 3976; x_wconf 91' lang='lat' dir='ltr'>sua,</span> <span class='ocrx_word' id='word_1_788' title='bbox 2913 3919 2969 3964; x_wconf 91' lang='lat' dir='ltr'>ut</span> <span class='ocrx_word' id='word_1_789' title='bbox 2991 3909 3153 3965; x_wconf 87' lang='lat' dir='ltr'>finem</span> <span class='ocrx_word' id='word_1_790' title='bbox 3185 3927 3414 3982; x_wconf 90' lang='lat' dir='ltr'>operum</span> <span class='ocrx_word' id='word_1_791' title='bbox 3435 3911 3774 3966; x_wconf 89' lang='lat' dir='ltr'>suorumlau-</span> 
     </span>
    </p>
   </div>
   <div class='ocr_carea' id='block_1_101' title="bbox 2182 3998 3772 4072">
    <p class='ocr_par' dir='ltr' id='par_1_101' title="bbox 2182 3998 3772 4072">
     <span class='ocr_line' id='line_1_101' title="bbox 2182 3998 3772 4072; baseline 0.002 -19"><span class='ocrx_word' id='word_1_792' title='bbox 2182 3999 2306 4054; x_wconf 94' lang='lat' dir='ltr'>dem</span> <span class='ocrx_word' id='word_1_793' title='bbox 2329 4000 2604 4055; x_wconf 86' lang='lat' dir='ltr'>hominum</span> <span class='ocrx_word' id='word_1_794' title='bbox 2621 4008 2844 4070; x_wconf 87' lang='lat' dir='ltr'>ponant,</span> <span class='ocrx_word' id='word_1_795' title='bbox 2865 4001 3222 4072; x_wconf 88' lang='lat' dir='ltr'>eamdemque</span> <span class='ocrx_word' id='word_1_796' title='bbox 3253 3998 3468 4054; x_wconf 91' lang='lat' dir='ltr'>laudem</span> <span class='ocrx_word' id='word_1_797' title='bbox 3509 4002 3665 4072; x_wconf 89' lang='lat' dir='ltr'>quasi</span> <span class='ocrx_word' id='word_1_798' title='bbox 3684 4017 3772 4072; x_wconf 86' lang='lat' dir='ltr'>pro</span> 
     </span>
    </p>
   </div>
   <div class='ocr_carea' id='block_1_102' title="bbox 2183 4089 3556 4160">
    <p class='ocr_par' dir='ltr' id='par_1_102' title="bbox 2183 4089 3556 4160">
     <span class='ocr_line' id='line_1_102' title="bbox 2183 4089 3556 4160; baseline 0 -17"><span class='ocrx_word' id='word_1_799' title='bbox 2183 4089 2437 4144; x_wconf 91' lang='lat' dir='ltr'>mercede</span> <span class='ocrx_word' id='word_1_800' title='bbox 2469 4104 2695 4160; x_wconf 90' lang='lat' dir='ltr'>operum</span> <span class='ocrx_word' id='word_1_801' title='bbox 2725 4105 2945 4143; x_wconf 91' lang='lat' dir='ltr'>suorum</span> <span class='ocrx_word' id='word_1_802' title='bbox 2976 4089 3188 4143; x_wconf 90' lang='lat' dir='ltr'>laudem</span> <span class='ocrx_word' id='word_1_803' title='bbox 3222 4097 3556 4159; x_wconf 89' lang='lat' dir='ltr'>computent.</span> 
     </span>
    </p>
   </div>
   <div class='ocr_carea' id='block_1_103' title="bbox 2197 4201 3768 4274">
    <p class='ocr_par' dir='ltr' id='par_1_103' title="bbox 2197 4201 3768 4274">
     <span class='ocr_line' id='line_1_103' title="bbox 2197 4201 3768 4274; baseline 0.001 -18"><span class='ocrx_word' id='word_1_804' title='bbox 2197 4211 2201 4215; x_wconf 90' lang='lat'><strong><em>&#39;</em></strong></span> <span class='ocrx_word' id='word_1_805' title='bbox 2258 4203 2428 4256; x_wconf 73' lang='lat' dir='ltr'>Vens.</span> <span class='ocrx_word' id='word_1_806' title='bbox 2465 4204 2548 4257; x_wconf 71' lang='grc'>14.</span> <span class='ocrx_word' id='word_1_807' title='bbox 2583 4233 2652 4242; x_wconf 92' lang='grc'><strong>-</strong></span> <span class='ocrx_word' id='word_1_808' title='bbox 2681 4204 2750 4258; x_wconf 91' lang='lat' dir='ltr'>Et</span> <span class='ocrx_word' id='word_1_809' title='bbox 2775 4202 3136 4274; x_wconf 84' lang='lat' dir='ltr'>proﬁciebam</span> <span class='ocrx_word' id='word_1_810' title='bbox 3184 4204 3245 4258; x_wconf 87' lang='lat' dir='ltr'>in</span> <span class='ocrx_word' id='word_1_811' title='bbox 3274 4204 3586 4259; x_wconf 81' lang='lat' dir='ltr'>Judaismo.</span> <span class='ocrx_word' id='word_1_812' title='bbox 3620 4201 3768 4272; x_wconf 87' lang='lat' dir='ltr'>Quasi</span> 
     </span>
    </p>
   </div>
   <div class='ocr_carea' id='block_1_104' title="bbox 2189 4289 3766 4361">
    <p class='ocr_par' dir='ltr' id='par_1_104' title="bbox 2189 4289 3766 4361">
     <span class='ocr_line' id='line_1_104' title="bbox 2189 4289 3766 4361; baseline 0 -16"><span class='ocrx_word' id='word_1_813' title='bbox 2189 4291 2332 4345; x_wconf 89' lang='lat' dir='ltr'>dicat</span> <span class='ocrx_word' id='word_1_814' title='bbox 2363 4309 2376 4344; x_wconf 87' lang='lat'><strong>:</strong></span> <span class='ocrx_word' id='word_1_815' title='bbox 2411 4289 2514 4360; x_wconf 90' lang='lat' dir='ltr'>Qui</span> <span class='ocrx_word' id='word_1_816' title='bbox 2544 4291 2693 4360; x_wconf 89' lang='lat' dir='ltr'>prius</span> <span class='ocrx_word' id='word_1_817' title='bbox 2724 4291 2777 4344; x_wconf 90' lang='lat' dir='ltr'>in</span> <span class='ocrx_word' id='word_1_818' title='bbox 2808 4291 2913 4345; x_wconf 90' lang='lat' dir='ltr'>illis</span> <span class='ocrx_word' id='word_1_819' title='bbox 2944 4291 3211 4361; x_wconf 86' lang='lat' dir='ltr'>legalibus</span> <span class='ocrx_word' id='word_1_820' title='bbox 3235 4300 3444 4346; x_wconf 86' lang='lat' dir='ltr'>tantum</span> <span class='ocrx_word' id='word_1_821' title='bbox 3474 4293 3641 4358; x_wconf 89' lang='lat' dir='ltr'>valui,</span> <span class='ocrx_word' id='word_1_822' title='bbox 3664 4294 3766 4360; x_wconf 85' lang='lat' dir='ltr'>jam</span> 
     </span>
    </p>
   </div>
   <div class='ocr_carea' id='block_1_105' title="bbox 2186 4380 3767 4452">
    <p class='ocr_par' dir='ltr' id='par_1_105' title="bbox 2186 4380 3767 4452">
     <span class='ocr_line' id='line_1_105' title="bbox 2186 4380 3767 4452; baseline 0.002 -19"><span class='ocrx_word' id='word_1_823' title='bbox 2186 4380 2278 4434; x_wconf 90' lang='lat' dir='ltr'>illa</span> <span class='ocrx_word' id='word_1_824' title='bbox 2310 4380 2520 4452; x_wconf 89' lang='lat' dir='ltr'>reliqui,</span> <span class='ocrx_word' id='word_1_825' title='bbox 2551 4380 2782 4451; x_wconf 87' lang='lat' dir='ltr'>ideoque</span> <span class='ocrx_word' id='word_1_826' title='bbox 2814 4397 2912 4436; x_wconf 90' lang='lat' dir='ltr'>vos</span> <span class='ocrx_word' id='word_1_827' title='bbox 2941 4397 3064 4436; x_wconf 91' lang='lat' dir='ltr'>meo</span> <span class='ocrx_word' id='word_1_828' title='bbox 3113 4381 3363 4452; x_wconf 78' lang='lat' dir='ltr'>exemplo</span> <span class='ocrx_word' id='word_1_829' title='bbox 3394 4382 3466 4435; x_wconf 92' lang='lat' dir='ltr'>ab</span> <span class='ocrx_word' id='word_1_830' title='bbox 3497 4383 3583 4437; x_wconf 89' lang='lat' dir='ltr'>his</span> <span class='ocrx_word' id='word_1_831' title='bbox 3629 4396 3767 4436; x_wconf 81' lang='lat' dir='ltr'>rece-</span> 
     </span>
    </p>
   </div>
   <div class='ocr_carea' id='block_1_106' title="bbox 2258 4583 3765 4656">
    <p class='ocr_par' dir='ltr' id='par_1_106' title="bbox 2258 4583 3765 4656">
     <span class='ocr_line' id='line_1_106' title="bbox 2258 4583 3765 4656; baseline -0.003 -17"><span class='ocrx_word' id='word_1_832' title='bbox 2258 4586 2427 4640; x_wconf 79' lang='lat' dir='ltr'>Vnns.</span> <span class='ocrx_word' id='word_1_833' title='bbox 2464 4588 2549 4640; x_wconf 82' lang='grc'><strong>15.</strong></span> <span class='ocrx_word' id='word_1_834' title='bbox 2583 4616 2652 4624; x_wconf 93' lang='grc'><strong>-</strong></span> <span class='ocrx_word' id='word_1_835' title='bbox 2684 4586 2820 4641; x_wconf 84' lang='lat' dir='ltr'>Cum</span> <span class='ocrx_word' id='word_1_836' title='bbox 2847 4588 3038 4640; x_wconf 89' lang='lat' dir='ltr'>autem</span> <span class='ocrx_word' id='word_1_837' title='bbox 3065 4585 3304 4656; x_wconf 87' lang='lat' dir='ltr'>placuit.</span> <span class='ocrx_word' id='word_1_838' title='bbox 3367 4583 3539 4653; x_wconf 90' lang='lat' dir='ltr'>Quasi</span> <span class='ocrx_word' id='word_1_839' title='bbox 3595 4584 3724 4639; x_wconf 84' lang='lat' dir='ltr'>dicat</span> <span class='ocrx_word' id='word_1_840' title='bbox 3752 4599 3765 4635; x_wconf 92' lang='lat'>:</span> 
     </span>
    </p>
   </div>
   <div class='ocr_carea' id='block_1_107' title="bbox 2185 4673 3770 4744">
    <p class='ocr_par' dir='ltr' id='par_1_107' title="bbox 2185 4673 3770 4744">
     <span class='ocr_line' id='line_1_107' title="bbox 2185 4673 3770 4744; baseline -0.001 -17"><span class='ocrx_word' id='word_1_841' title='bbox 2185 4675 2332 4729; x_wconf 90' lang='lat' dir='ltr'>Tunc</span> <span class='ocrx_word' id='word_1_842' title='bbox 2362 4682 2590 4744; x_wconf 89' lang='lat' dir='ltr'>apparet</span> <span class='ocrx_word' id='word_1_843' title='bbox 2617 4690 2704 4729; x_wconf 89' lang='lat' dir='ltr'>me</span> <span class='ocrx_word' id='word_1_844' title='bbox 2734 4689 2843 4728; x_wconf 91' lang='lat' dir='ltr'>non</span> <span class='ocrx_word' id='word_1_845' title='bbox 2875 4673 3151 4739; x_wconf 90' lang='lat' dir='ltr'>didicisse,</span> <span class='ocrx_word' id='word_1_846' title='bbox 3176 4673 3271 4728; x_wconf 92' lang='lat' dir='ltr'>sed</span> <span class='ocrx_word' id='word_1_847' title='bbox 3295 4689 3396 4729; x_wconf 90' lang='lat' dir='ltr'>nec</span> <span class='ocrx_word' id='word_1_848' title='bbox 3423 4675 3608 4744; x_wconf 88' lang='lat' dir='ltr'>post.S</span> <span class='ocrx_word' id='word_1_849' title='bbox 3633 4687 3770 4744; x_wconf 75' lang='lat' dir='ltr'>egre-</span> 
     </span>
    </p>
   </div>
   <div class='ocr_carea' id='block_1_108' title="bbox 2183 4762 3765 4835">
    <p class='ocr_par' dir='ltr' id='par_1_108' title="bbox 2183 4762 3765 4835">
     <span class='ocr_line' id='line_1_108' title="bbox 2183 4762 3765 4835; baseline -0.004 -17"><span class='ocrx_word' id='word_1_850' title='bbox 2183 4765 2333 4834; x_wconf 81' lang='lat' dir='ltr'>gavit</span> <span class='ocrx_word' id='word_1_851' title='bbox 2377 4779 2450 4817; x_wconf 68' lang='lat' dir='ltr'>ea:</span> <span class='ocrx_word' id='word_1_852' title='bbox 2480 4767 2639 4818; x_wconf 82' lang='lat' dir='ltr'>utero</span> <span class='ocrx_word' id='word_1_853' title='bbox 2696 4765 2918 4818; x_wconf 87' lang='lat' dir='ltr'>matris.</span> <span class='ocrx_word' id='word_1_854' title='bbox 2954 4762 3107 4818; x_wconf 91' lang='lat' dir='ltr'>Unde</span> <span class='ocrx_word' id='word_1_855' title='bbox 3162 4763 3230 4816; x_wconf 85' lang='lat' dir='ltr'>de</span> <span class='ocrx_word' id='word_1_856' title='bbox 3268 4762 3510 4818; x_wconf 74' lang='lat' dir='ltr'>Ieremia</span> <span class='ocrx_word' id='word_1_857' title='bbox 3538 4762 3725 4835; x_wconf 87' lang='lat' dir='ltr'>legitur</span> <span class='ocrx_word' id='word_1_858' title='bbox 3754 4777 3765 4812; x_wconf 91' lang='lat'>:</span> 
     </span>
    </p>
   </div>
   <div class='ocr_carea' id='block_1_109' title="bbox 2188 4847 3767 4923">
    <p class='ocr_par' dir='ltr' id='par_1_109' title="bbox 2188 4847 3767 4923">
     <span class='ocr_line' id='line_1_109' title="bbox 2188 4847 3767 4923; baseline -0.003 -17"><span class='ocrx_word' id='word_1_859' title='bbox 2188 4853 2526 4923; x_wconf 83' lang='lat' dir='ltr'>Priusquam</span> <span class='ocrx_word' id='word_1_860' title='bbox 2558 4855 2611 4906; x_wconf 84' lang='lat' dir='ltr'>te</span> <span class='ocrx_word' id='word_1_861' title='bbox 2630 4853 2938 4922; x_wconf 78' lang='lat' dir='ltr'>[or-marem</span> <span class='ocrx_word' id='word_1_862' title='bbox 2961 4853 3023 4906; x_wconf 83' lang='lat' dir='ltr'>in</span> <span class='ocrx_word' id='word_1_863' title='bbox 3040 4855 3220 4914; x_wconf 87' lang='lat' dir='ltr'>utero,</span> <span class='ocrx_word' id='word_1_864' title='bbox 3243 4853 3375 4906; x_wconf 84' lang='lat' dir='ltr'>novi</span> <span class='ocrx_word' id='word_1_865' title='bbox 3394 4856 3448 4908; x_wconf 87' lang='lat' dir='ltr'>te</span> <span class='ocrx_word' id='word_1_866' title='bbox 3470 4853 3688 4919; x_wconf 84' lang='lat' dir='ltr'>(Jerem.</span> <span class='ocrx_word' id='word_1_867' title='bbox 3710 4847 3767 4914; x_wconf 85' lang='grc' dir='ltr'>ι.)</span> 
     </span>
    </p>
   </div>
   <div class='ocr_carea' id='block_1_110' title="bbox 2187 4938 3766 5012">
    <p class='ocr_par' dir='ltr' id='par_1_110' title="bbox 2187 4938 3766 5012">
     <span class='ocr_line' id='line_1_110' title="bbox 2187 4938 3766 5012; baseline -0.001 -20"><span class='ocrx_word' id='word_1_868' title='bbox 2187 4938 2288 5007; x_wconf 90' lang='lat' dir='ltr'>Qui</span> <span class='ocrx_word' id='word_1_869' title='bbox 2319 4956 2453 5012; x_wconf 88' lang='lat' dir='ltr'>ergo</span> <span class='ocrx_word' id='word_1_870' title='bbox 2483 4940 2701 5010; x_wconf 61' lang='lat' dir='ltr'>pra-escit</span> <span class='ocrx_word' id='word_1_871' title='bbox 2721 4939 2928 4994; x_wconf 83' lang='lat' dir='ltr'>futuros</span> <span class='ocrx_word' id='word_1_872' title='bbox 2950 4947 3239 5010; x_wconf 89' lang='lat' dir='ltr'>antequam</span> <span class='ocrx_word' id='word_1_873' title='bbox 3271 4948 3398 5005; x_wconf 82' lang='lat' dir='ltr'>Sint,</span> <span class='ocrx_word' id='word_1_874' title='bbox 3433 4952 3766 5011; x_wconf 84' lang='lat' dir='ltr'>quoscunque</span> 
     </span>
    </p>
   </div>
   <div class='ocr_carea' id='block_1_111' title="bbox 2189 5027 3768 5098">
    <p class='ocr_par' dir='ltr' id='par_1_111' title="bbox 2189 5027 3768 5098">
     <span class='ocr_line' id='line_1_111' title="bbox 2189 5027 3768 5098; baseline -0.002 -17"><span class='ocrx_word' id='word_1_875' title='bbox 2189 5027 2482 5097; x_wconf 69' lang='lat' dir='ltr'>vultnasci,</span> <span class='ocrx_word' id='word_1_876' title='bbox 2517 5027 2641 5082; x_wconf 87' lang='lat' dir='ltr'>facit</span> <span class='ocrx_word' id='word_1_877' title='bbox 2667 5036 2722 5081; x_wconf 91' lang='lat' dir='ltr'>ut</span> <span class='ocrx_word' id='word_1_878' title='bbox 2767 5028 2891 5094; x_wconf 92' lang='lat' dir='ltr'>sint,</span> <span class='ocrx_word' id='word_1_879' title='bbox 2926 5036 2978 5083; x_wconf 89' lang='lat' dir='ltr'>et</span> <span class='ocrx_word' id='word_1_880' title='bbox 3003 5028 3114 5096; x_wconf 88' lang='lat' dir='ltr'>jam</span> <span class='ocrx_word' id='word_1_881' title='bbox 3144 5036 3300 5081; x_wconf 90' lang='lat' dir='ltr'>natos</span> <span class='ocrx_word' id='word_1_882' title='bbox 3349 5045 3491 5098; x_wconf 91' lang='lat' dir='ltr'>quos</span> <span class='ocrx_word' id='word_1_883' title='bbox 3523 5028 3627 5084; x_wconf 89' lang='lat' dir='ltr'>vult</span> <span class='ocrx_word' id='word_1_884' title='bbox 3681 5043 3768 5098; x_wconf 88' lang='lat' dir='ltr'>per</span> 
     </span>
    </p>
   </div>
   <div class='ocr_carea' id='block_1_112' title="bbox 2185 5116 3772 5189">
    <p class='ocr_par' dir='ltr' id='par_1_112' title="bbox 2185 5116 3772 5189">
     <span class='ocr_line' id='line_1_112' title="bbox 2185 5116 3772 5189; baseline -0.002 -19"><span class='ocrx_word' id='word_1_885' title='bbox 2185 5116 2419 5189; x_wconf 88' lang='lat' dir='ltr'>gratiam</span> <span class='ocrx_word' id='word_1_886' title='bbox 2451 5125 2606 5170; x_wconf 90' lang='lat' dir='ltr'>vocat</span> <span class='ocrx_word' id='word_1_887' title='bbox 2626 5125 2682 5170; x_wconf 92' lang='lat' dir='ltr'>ut</span> <span class='ocrx_word' id='word_1_888' title='bbox 2708 5116 2839 5184; x_wconf 90' lang='lat' dir='ltr'>justi</span> <span class='ocrx_word' id='word_1_889' title='bbox 2872 5117 2996 5181; x_wconf 91' lang='lat' dir='ltr'>sint,</span> <span class='ocrx_word' id='word_1_890' title='bbox 3030 5116 3166 5171; x_wconf 89' lang='lat' dir='ltr'>sicut</span> <span class='ocrx_word' id='word_1_891' title='bbox 3197 5116 3422 5170; x_wconf 91' lang='lat' dir='ltr'>Paulum</span> <span class='ocrx_word' id='word_1_892' title='bbox 3452 5116 3654 5172; x_wconf 88' lang='lat' dir='ltr'>vocavit</span> <span class='ocrx_word' id='word_1_893' title='bbox 3681 5129 3772 5185; x_wconf 88' lang='lat' dir='ltr'>per</span> 
     </span>
    </p>
   </div>
   <div class='ocr_carea' id='block_1_113' title="bbox 2183 5205 3764 5278">
    <p class='ocr_par' dir='ltr' id='par_1_113' title="bbox 2183 5205 3764 5278">
     <span class='ocr_line' id='line_1_113' title="bbox 2183 5205 3764 5278; baseline -0.002 -20"><span class='ocrx_word' id='word_1_894' title='bbox 2183 5206 2434 5278; x_wconf 89' lang='lat' dir='ltr'>gratiam,</span> <span class='ocrx_word' id='word_1_895' title='bbox 2468 5215 2526 5259; x_wconf 91' lang='lat' dir='ltr'>ut</span> <span class='ocrx_word' id='word_1_896' title='bbox 2556 5205 2896 5259; x_wconf 86' lang='lat' dir='ltr'>annuntiaret</span> <span class='ocrx_word' id='word_1_897' title='bbox 2927 5205 3220 5260; x_wconf 89' lang='lat' dir='ltr'>Christum.</span> <span class='ocrx_word' id='word_1_898' title='bbox 3254 5207 3342 5260; x_wconf 81' lang='lat' dir='ltr'>Ea:</span> <span class='ocrx_word' id='word_1_899' title='bbox 3372 5210 3556 5261; x_wconf 81' lang='lat' dir='ltr'>utero.</span> <span class='ocrx_word' id='word_1_900' title='bbox 3596 5205 3764 5267; x_wconf 84' lang='lat' dir='ltr'>Mater,</span> 
     </span>
    </p>
   </div>
   <div class='ocr_carea' id='block_1_114' title="bbox 2186 5292 3768 5366">
    <p class='ocr_par' dir='ltr' id='par_1_114' title="bbox 2186 5292 3768 5366">
     <span class='ocr_line' id='line_1_114' title="bbox 2186 5292 3768 5366; baseline -0.003 -18"><span class='ocrx_word' id='word_1_901' title='bbox 2186 5295 2518 5366; x_wconf 86' lang='lat' dir='ltr'>Synagoga;</span> <span class='ocrx_word' id='word_1_902' title='bbox 2550 5301 2736 5348; x_wconf 86' lang='lat' dir='ltr'>uterus</span> <span class='ocrx_word' id='word_1_903' title='bbox 2757 5295 2872 5363; x_wconf 87' lang='lat' dir='ltr'>ejus</span> <span class='ocrx_word' id='word_1_904' title='bbox 2906 5301 2957 5348; x_wconf 89' lang='lat' dir='ltr'>et</span> <span class='ocrx_word' id='word_1_905' title='bbox 2990 5293 3271 5349; x_wconf 89' lang='lat' dir='ltr'>secretarii</span> <span class='ocrx_word' id='word_1_906' title='bbox 3298 5295 3416 5363; x_wconf 89' lang='lat' dir='ltr'>ejus</span> <span class='ocrx_word' id='word_1_907' title='bbox 3443 5304 3569 5349; x_wconf 90' lang='lat' dir='ltr'>sunt</span> <span class='ocrx_word' id='word_1_908' title='bbox 3595 5292 3768 5348; x_wconf 86' lang='lat' dir='ltr'>Phari-</span> 
     </span>
    </p>
   </div>
   <div class='ocr_carea' id='block_1_115' title="bbox 2183 5383 3349 5454">
    <p class='ocr_par' dir='ltr' id='par_1_115' title="bbox 2183 5383 3349 5454">
     <span class='ocr_line' id='line_1_115' title="bbox 2183 5383 3349 5454; baseline -0.001 -17"><span class='ocrx_word' id='word_1_909' title='bbox 2183 5383 2296 5449; x_wconf 58' lang='lat' dir='ltr'>saei,</span> <span class='ocrx_word' id='word_1_910' title='bbox 2329 5383 2396 5436; x_wconf 90' lang='lat' dir='ltr'>de</span> <span class='ocrx_word' id='word_1_911' title='bbox 2426 5397 2650 5438; x_wconf 90' lang='lat' dir='ltr'>numero</span> <span class='ocrx_word' id='word_1_912' title='bbox 2679 5397 2913 5454; x_wconf 89' lang='lat' dir='ltr'>quorum</span> <span class='ocrx_word' id='word_1_913' title='bbox 2941 5390 3226 5453; x_wconf 89' lang='lat' dir='ltr'>separatus</span> <span class='ocrx_word' id='word_1_914' title='bbox 3249 5391 3349 5438; x_wconf 90' lang='lat' dir='ltr'>est.</span> 
     </span>
    </p>
   </div>
   <div class='ocr_carea' id='block_1_116' title="bbox 2823 5540 3143 5596">
    <p class='ocr_par' dir='ltr' id='par_1_116' title="bbox 2823 5540 3143 5596">
     <span class='ocr_line' id='line_1_116' title="bbox 2823 5540 3143 5596; baseline 0 -2"><span class='ocrx_word' id='word_1_915' title='bbox 2823 5540 3046 5596; x_wconf 81' lang='lat' dir='ltr'>CAPUT</span> <span class='ocrx_word' id='word_1_916' title='bbox 3075 5540 3143 5594; x_wconf 90' lang='lat' dir='ltr'>II.</span> 
     </span>
    </p>
   </div>
   <div class='ocr_carea' id='block_1_117' title="bbox 2255 5682 3763 5757">
    <p class='ocr_par' dir='ltr' id='par_1_117' title="bbox 2255 5682 3763 5757">
     <span class='ocr_line' id='line_1_117' title="bbox 2255 5682 3763 5757; baseline -0.001 -21"><span class='ocrx_word' id='word_1_917' title='bbox 2255 5683 2467 5738; x_wconf 79' lang='lat' dir='ltr'>Vans.t</span> <span class='ocrx_word' id='word_1_918' title='bbox 2506 5713 2574 5725; x_wconf 92' lang='lat'><strong>—</strong></span> <span class='ocrx_word' id='word_1_919' title='bbox 2603 5682 2817 5740; x_wconf 85' lang='lat' dir='ltr'>Deinde</span> <span class='ocrx_word' id='word_1_920' title='bbox 2850 5686 2978 5756; x_wconf 84' lang='lat' dir='ltr'>post</span> <span class='ocrx_word' id='word_1_921' title='bbox 3017 5699 3200 5741; x_wconf 84' lang='lat' dir='ltr'>annos</span> <span class='ocrx_word' id='word_1_922' title='bbox 3243 5683 3679 5757; x_wconf 82' lang='lat' dir='ltr'>quatuordecim.</span> <span class='ocrx_word' id='word_1_923' title='bbox 3725 5682 3763 5734; x_wconf 80' lang='grc' dir='ltr'><strong>Α</strong></span> 
     </span>
    </p>
   </div>
  </div>
