3964 6178
225 364 343 419 5⁸73

1233 358 1503 416 GLOSSA
1534 357 1944 415 ORDINARIA.
1978 386 2047 398 —
2076 356 2298 413 EPIST.
2330 356 2425 412 AD
2453 353 2703 412 GALAT.

3444 355 3550 409 574

232 485 505 558 passione
535 484 774 556 Domini,
808 484 1026 559 quando
1047 500 1347 541 conversus
1369 483 1545 540 fuerat
1566 483 1636 538 ad
1657 481 1842 549 ﬁdem,
1865 480 1921 542 A
1948 480 2161 538 catione
2192 481 2455 554 gentium,
2490 480 2627 536 sicut
2656 480 2848 535 Petrus
2895 479 2950 533 in
2993 475 3429 535 circumcisione.
3473 476 3546 532 Et

235 575 417 644 venit,
452 574 593 631 sicut
622 574 772 630 Beda
802 590 969 646 super
994 572 1566 644 Actus‘apostolorum
1605 569 1853 627 scribens

238 662 615 720 demonstrat.

324 753 506 809 Vnus.
528 756 670 811 2.-
688 753 760 808 Et
789 752 1009 809 contuli
1037 768 1167 807 cum
1196 752 1333 807 illis.
1377 748 1627 806 Ostendit
1654 764 1714 803 se
1742 763 1852 804 non

237 840 515 897 habuisse
546 841 898 897 securitatem
928 838 1237 913 Evangelii,
1280 839 1387 893 nisi
1415 846 1559 894 esset
1606 836 1849 894 auctori-

238 937 357 984 tate
388 928 541 984 Petri
574 936 627 984 et
660 928 896 985 aliorum
924 928 1263 984 roboratum.
1296 930 1577 993 Seorsum,
1607 934 1711 983 etc.
1745 925 1849 981 Se-

232 1018 483 1089 paratim
510 1018 742 1074 contulit
791 1033 918 1073 cum
944 1016 1031 1072 his
1062 1032 1172 1072 non
1197 1016 1437 1088 publice,
1487 1033 1557 1071 ne
1596 1014 1849 1070 ﬁdelibus

234 1123 308 1163 ex
335 1106 669 1179 Judaea(qui
688 1105 953 1178 putabant
972 1106 1155 1177 legem
1183 1122 1305 1160 esse
1322 1103 1675 1175 servandam)
1718 1102 1848 1158 fidei

233 1194 575 1250 scandalum
620 1202 962 1249 nasceretur.
1012 1194 1095 1248 Eo
1143 1202 1392 1264 tempore
1435 1209 1561 1249 cum
1607 1191 1848 1247 venisset

235 1285 443 1339 Petrus
474 1282 821 1339 Antiochiam
837 1282 985 1354 (licet
1008 1283 1109 1337 hoc
1130 1282 1185 1336 in
1216 1281 1442 1338 Actibus
1472 1279 1848 1353 apostolorum

231 1387 351 1427 non
381 1371 629 1445 legatur)
659 1372 716 1425 in
745 1370 940 1428 faciem
971 1371 1023 1425 ei
1053 1370 1251 1426 restitit
1280 1370 1505 1426 Paulus.
1600 1427 1605 1434 ,

308 1488 492 1542 Vens.
516 1488 571 1541 4.
594 1517 666 1528 -
691 1486 1174 1543 Subintroductos.
1197 1488 1242 1540 A
1272 1484 1494 1540 Iudaeis.
1520 1484 1680 1554 Quod
1701 1483 1847 1539 enim

230 1574 500 1632 inﬁdeles
531 1591 633 1647 per
661 1591 722 1630 se
749 1592 862 1631 non
887 1556 1283 1646 poterant,per
1310 1574 1480 1629 falsos
1509 1574 1708 1629 fratres
1728 1588 1846 1629 mo-

228 1665 540 1731 liebantur,
575 1679 714 1736 quos
747 1664 847 1718 sub
878 1663 1065 1735 specie
1093 1663 1376 1735 religionis
1404 1662 1764 1729 immiserant,
1788 1670 1847 1717 ut

230 1753 598 1824 explorarent
628 1768 750 1824 quae
778 1751 1004 1807 libertas
1031 1760 1114 1807 est
1150 1752 1312 1807 nobis
1360 1751 1416 1806 in
1465 1751 1573 1807 fide
1620 1750 1842 1818 Christi,

1952 571 2089 625 sicut
2117 570 2351 642 apostoli
2379 571 2559 637 Petro,
2595 569 2665 623 ita
2694 568 2967 623 Barnabas
2997 567 3101 621 sibi
3132 566 3453 623 sociaretur.

2020 660 2193 715 Vens.
2220 662 2306 713 11.
2344 689 2413 699 -
2458 660 2680 714 Restiti.
2730 658 2847 713 Hoc
2893 656 3095 712 Paulus
3143 671 3256 711 non
3302 654 3543 724 auderet,

1949 747 2057 803 nisi
2087 764 2146 802 se
2175 763 2285 803 non
2313 746 2581 818 imparem
2611 745 2854 801 sentiret.

2019 853 2189 910 Vnus.
2224 856 2310 912 12.
2333 883 2403 894 —
2432 853 2599 909 Prius
2630 854 2785 909 enim
2814 868 2983 925 quam
3004 852 3285 918 venirent,
3309 855 3413 905 etc.
3439 848 3549 919 Qui

1949 942 2077 998 dam
2106 942 2451 998 aemulatores
2479 942 2652 1014 leges,
2686 940 2777 1013 qui
2806 955 2963 1012 aequo
2987 941 3111 1009 jure
3169 937 3446 997 Christum
3492 946 3547 993 et

1948 1030 2132 1104 legem
2160 1030 2588 1099 venerabantur,
2623 1045 2761 1101 quos
2811 1027 3010 1083 timens
3056 1043 3166 1083 non
3209 1027 3546 1083 miscebatur

1949 1120 2222 1193 gentibus.
2257 1118 2417 1187 Quod
2447 1106 2700 1173 si'solum
2731 1124 2894 1181 esset,
2925 1133 3035 1172 non
3064 1124 3209 1171 esset
3240 1117 3545 1186 reprehen-

1948 1208 2123 1263 sibile.
2162 1208 2310 1264 Sicut
2339 1215 2393 1263 et
2420 1207 2537 1278 ipse
2568 1206 2767 1261 Paulus
2796 1222 2898 1277 pro
2954 1205 3214 1262 seandalo
3252 1203 3544 1276 aliquando

1948 1296 2132 1352 cessit.
2155 1297 2263 1353 Sed
2292 1295 2349 1351 in
2376 1298 2482 1353 hoc
2512 1303 2752 1352 erratum
2784 1302 2885 1362 est,
2910 1294 3057 1366 quod
3086 1302 3279 1367 gentes
3308 1293 3544 1366 cogebat

1941 1385 2246 1454 judaizare.

2018 1475 2188 1530 Vens.
2210 1475 2297 1529 14.
2321 1505 2391 1515 -—
2428 1474 2701 1544 Quomodo
2721 1475 2915 1545 gentes
2952 1474 3119 1545 cogis.
3142 1473 3267 1528 Non
3296 1469 3544 1529 docentis

1946 1562 2198 1634 imperio,
2232 1563 2331 1619 sed
2359 1560 2792 1619 conversationis
2823 1560 3091 1632 exemplo.

2016 1679 2299 1735 Vnns.15.
2343 1711 2412 1720 —
2441 1682 2571 1737 Nos.
2614 1679 3006 1736 Commandata
3053 1676 3372 1737 auctoritate
3415 1696 3536 1747 sua,

1939 1767 2056 1837 jam
2084 1768 2388 1823 rationibus
2417 1768 2601 1839 incipit
2647 1785 2814 1840 agere
2862 1770 3007 1841 quod
3055 1769 3306 1825 carnales
3352 1769 3543 1824 obser-

232 1857 346 1897 non
380 1850 442 1895 ut
473 1857 595 1897 eam
628 1848 898 1910 tenerent,
930 1840 1028 1896 sed
1056 1848 1114 1895 ut
1156 1841 1341 1912 aliqua
1382 1840 1727 1896 contentione
1774 1840 1830 1895 al

1947 1855 2143 1911 vantiae
2168 1864 2290 1927 post
2320 1856 2593 1912 Christum
2624 1873 2732 1912 non
2765 1840 2891 1911 sunt
2917 1858 3294 1913 observandae.
3328 1855 3499 1925 Quasi
3523 1872 3537 1912 :

233 1946 303 1985 ea
332 1930 393 1985 in
425 1930 749 1985 servitutem
776 1929 917 2003 legis
948 1930 1284 2003 redigerent.
1310 1928 1468 1999 Quod
1501 1929 1548 1983 si
1576 1936 1722 1984 esset
1750 1945 1843 1984 ve-

231 2019 376 2074 ritas
407 2017 699 2090 Evangelii
727 2018 870 2089 apud
918 2026 1131 2090 gentes,
1176 2034 1286 2073 non
1324 2026 1692 2085 remanerent,
1745 2018 1843 2073 sed

230 2124 434 2164 omnes
461 2107 823 2177 judaizarent.
853 2108 922 2162 Et
951 2107 1076 2161 ideo
1107 2107 1196 2163 hic
1226 2107 1292 2161 iis
1332 2106 1529 2178 quibus
1575 2106 1841 2161 assertio-

228 2213 367 2252 nem
397 2195 810 2268 praedicationis
831 2212 944 2251 sua:
974 2194 1313 2263 conferebat,
1336 2195 1646 2250 nullatenus
1674 2195 1843 2251 voluit

228 2285 459 2343 cedere.
492 2284 636 2339 Alibi
663 2300 796 2340 vero
825 2283 917 2339 ubi
945 2300 1056 2339 non
1086 2282 1276 2351 obfuit,
1308 2300 1410 2355 pro
1440 2283 1702 2340 scandalo
1740 2284 1841 2338 Ju-

226 2373 507 2440 daorum,
550 2372 893 2429 circumcidit
938 2371 1299 2428 Timotheum.
1349 2374 1410 2426 In
1450 2372 1535 2426 his
1585 2372 1840 2427 omnibus

228 2471 282 2519 et
329 2479 393 2518 se
441 2461 811 2532 commendat,
861 2467 915 2517 et
953 2461 1133 2532 legem
1180 2477 1291 2516 non
1340 2460 1632 2517 tenendam
1680 2476 1839 2518 com-

226 2553 457 2625 probat.

302 2667 484 2723 Vans.
509 2668 563 2720 5.
587 2696 658 2706 —
684 2666 868 2739 Neque
897 2664 971 2721 ad
1002 2665 1219 2722 horam.
1244 2666 1360 2721 Nec
1390 2664 1460 2720 ad
1489 2665 1681 2720 horam
1709 2680 1837 2721 ces-

224 2756 320 2823 sit,
357 2755 455 2827 qui
482 2770 765 2827 nunquam
794 2753 978 2811 cessit.
1029 2752 1190 2822 Quod
1227 2753 1275 2809 si
1306 2753 1600 2826 aliquando
1649 2754 1833 2821 cessit,

225 2842 513 2918 quomodo
545 2858 650 2899 nec
678 2844 747 2898 ad
776 2843 1013 2898 horam?
1041 2842 1152 2897 Cur
1189 2842 1354 2898 etiam
1402 2849 1625 2914 propter
1669 2842 1837 2898 falsos

223 2933 458 3001 fratres,
490 2933 540 2987 si
568 2948 670 3004 per
696 2948 757 2987 se
786 2930 1032 2988 facturus
1062 2939 1180 2987 erat
1198 2931 1226 2987 ‘2
1256 2931 1431 2987 Cessit
1461 2948 1598 3005 ergo
1617 2939 1840 3003 propter

218 3022 352 3078 illos
386 3039 401 3077 :
436 3021 586 3093 quod
615 3036 717 3092 per
744 3036 804 3076 se
834 3036 945 3076 non
973 3019 1177 3076 faceret
1210 3037 1224 3074 :
1256 3020 1550 3075 humilians
1594 3037 1653 3075 se
1700 3020 1832 3093 legi,

219 3110 560 3168 circumciso
589 3110 871 3165 Timotheo
901 3117 962 3164 ut
988 3109 1148 3165 dolus
1178 3117 1231 3165 et
1261 3109 1581 3166 scandalum
1610 3109 1834 3165 Judaeo-

224 3216 356 3255 rum
386 3206 653 3268 cessaret,
687 3198 780 3270 qui
816 3198 990 3270 parati
1033 3206 1190 3254 erant
1240 3214 1588 3255 commovere
1635 3199 1835 3254 tumul-
1864 3197 1914 3260 C.

219 3297 343 3345 tum
371 3296 429 3345 et
459 3287 803 3358 seditionem,
837 3288 884 3342 si
910 3287 1062 3342 illum
1090 3286 1257 3341 ﬁlium
1284 3288 1487 3343 Judaeaa
1530 3287 1828 3344 incircum-

220 3378 406 3435 cisum
435 3377 758 3448 susciperet,
791 3384 844 3432 et
874 3375 1190 3448 episcopum
1221 3376 1521 3433 ordinaret.

297 3493 475 3547 Vana.
500 3496 553 3548 6.
576 3522 647 3533 —
679 3492 879 3559 Quales
907 3492 1229 3565 aliquando.
1266 3491 1349 3547 Ad
1379 3492 1566 3563 priora
1595 3508 1706 3549 non
1735 3509 1823 3549 re-

221 3596 413 3647 curro,
448 3579 578 3652 quia
607 3594 675 3635 ea
703 3596 823 3651 quae
848 3580 1014 3635 modo
1054 3588 1195 3650 sunt,
1250 3580 1560 3651 sufﬁciunt;
1594 3581 1692 3637 sed
1735 3581 1826 3654 qui

218 3670 553 3725 videbantur
582 3684 706 3724 esse
745 3668 971 3740 aliquid,
1022 3669 1156 3723 nihil
1204 3670 1566 3725 contulerunt.
1616 3671 1678 3725 In
1717 3686 1826 3742 quo

215 3766 455 3830 apparet
476 3758 625 3829 quod
646 3773 754 3813 non
776 3756 1004 3813 inferior
1019 3757 1086 3812 sit
1107 3758 1232 3813 illis.
1257 3759 1406 3813 Deus
1426 3766 1609 3815 autem
1630 3759 1829 3830 proba-

214 3854 308 3902 tur
323 3862 436 3901 non
458 3846 710 3917 accipere
733 3862 1044 3917 personam,
1070 3846 1193 3919 quia
1215 3846 1261 3901 si
1277 3846 1347 3901 ita
1375 3856 1539 3914 esset,
1565 3863 1668 3919 ego
1685 3849 1826 3903 Pau-

214 3935 301 3991 lus
319 3942 446 3990 ante
464 3935 663 4005 impius
683 3935 771 3991 cui
804 3935 942 3990 tales
966 3935 1099 3989 nihil
1120 3935 1428 3991 conferrent
1447 3952 1556 3992 non
1576 3936 1820 3993 fuissem.

217 4024 322 4080 Vel
351 4024 511 4090 illud,
536 4024 688 4080 nihil
717 4024 978 4095 interest,
1003 4024 1101 4079 sed
1132 4023 1265 4078 nihil
1284 4025 1416 4079 mihi
1436 4026 1694 4081 tulerunt.
1720 4027 1826 4095 Qui

218 4113 561 4170 videbantur
588 4112 805 4185 aliquid
834 4129 971 4169 esse.
996 4113 1057 4167 Id
1087 4120 1189 4181 est,
1209 4112 1435 4183 alicujus
1451 4113 1818 4170 auctoritatis:

220 4202 350 4273 quia
380 4217 507 4257 cum
538 4200 772 4257 Domino
801 4200 1226 4272 ambulaverant,
1278 4209 1331 4258 et
1360 4203 1824 4276 transﬁgurationi

217 4290 337 4359 ejus
363 4289 747 4345 interfuerant.
796 4290 1132 4345 Videbantur
1171 4291 1295 4347 dico
1343 4292 1410 4347 ab
1456 4293 1562 4362 his,
1613 4292 1669 4347 id
1717 4301 1819 4360 est,

216 4378 374 4434 falsis
402 4377 689 4434 fratribus.
742 4377 879 4448 Quia
912 4378 1005 4449 qui
1054 4379 1378 4435 videbantur
1424 4397 1548 4436 esse
1595 4381 1819 4453 aliquid,

214 4467 535 4523 carnalibus
586 4468 851 4523 duntaxat
910 4468 1224 4523 hominibus
1283 4468 1610 4525 videbantur
1658 4486 1819 4537 esse;

215 4572 345 4611 nam
374 4555 483 4627 ipsi
511 4572 622 4612 non
652 4565 779 4611 sunt
806 4556 1032 4628 aliquid.
1067 4558 1182 4612 Etsi
1213 4558 1381 4631 aliqui
1423 4558 1553 4614 boni
1597 4558 1828 4615 ministri
1846 4558 1900 4618 D

214 4646 318 4701 Dei
348 4652 495 4715 sunt,
529 4638 779 4701 Christus
807 4645 863 4700 in
892 4645 999 4700 illis
1028 4654 1113 4701 est
1142 4646 1366 4719 aliquid,
1417 4663 1527 4702 non
1568 4647 1672 4718 ipsi
1719 4664 1820 4719 per

214 4750 296 4789 se.
330 4734 475 4789 Nam
508 4734 557 4789 si
585 4734 694 4806 ipsi
723 4742 907 4790 essent
937 4734 1144 4807 aliquid
1172 4752 1273 4806 per
1302 4752 1380 4806 se,
1432 4752 1650 4807 semper
1677 4735 1817 4792 fuis-

212 4830 338 4878 sent
369 4821 599 4897 aliquid.

284 4935 461 4992 Vana.
487 4939 540 4990 9.
566 4967 635 4977 —
669 4937 972 4994 Columnae.
1008 4937 1256 4994 Ecclesia
1298 4936 1697 4995 firmamentum
1727 4940 1815 4996 di-

212 5024 356 5081 citur
381 5025 627 5080 veritatis
659 5044 673 5081 :
708 5041 872 5098 quam
902 5025 1065 5082 etiam
1095 5026 1360 5098 sapientia
1402 5028 1708 5095 aedificavit,
1760 5030 1816 5085 id

211 5121 315 5181 est,
348 5113 625 5169 constituit
654 5115 710 5169 in
739 5122 949 5185 septem
978 5116 1266 5182 columnis,
1310 5133 1417 5188 quo
1466 5134 1698 5174 numero
1728 5119 1816 5175 vel

211 5201 539 5257 universitas
567 5202 984 5274 praedicatorum
1016 5204 1165 5276 (quia
1196 5204 1334 5260 solet
1357 5205 1489 5276 poni
1536 5222 1638 5277 pro
1684 5208 1811 5262 uni-

209 5291 399 5363 verso)
430 5291 518 5347 vel
549 5293 857 5363 septenaria
884 5293 1130 5364 operatio
1173 5293 1405 5364 Spiritus
1456 5296 1625 5351 sancti
1672 5296 1809 5351 insi~

210 5388 431 5436 nuatur.
451 5383 698 5438 Dextras
718 5382 1013 5438 dederunt.
1038 5383 1194 5439 Unde
1214 5384 1437 5440 contulit
1457 5401 1582 5441 cum
1601 5384 1726 5455 illis,
1759 5395 1813 5442 et

207 5469 429 5525 dextras
458 5471 666 5542 accepit
686 5472 715 5526 7
744 5470 885 5540 Quia
912 5471 1060 5526 idem
1091 5488 1212 5527 cum
1242 5472 1323 5528 eis
1352 5473 1582 5557 verbum
1600 5475 1805 5530 habuit.

209 5558 334 5629 Ipsa
376 5558 596 5614 collatio
642 5559 902 5616 unitatem
941 5561 1206 5617 doctrinae
1251 5563 1599 5629 monstravit,
1651 5564 1811 5619 aliter

207 5661 315 5702 non
346 5648 597 5704 crederet
627 5648 879 5706 Ecclesia
926 5650 975 5705 ei
1020 5649 1109 5722 qui
1145 5666 1254 5705 non
1302 5650 1480 5706 fuerat
1526 5667 1649 5709 cum
1691 5653 1807 5708 Do-

209 5734 377 5793 mino.
416 5739 484 5797 Ut
512 5755 613 5797 nos
642 5739 923 5812 ingentes.
966 5738 1034 5797 Ut
1062 5755 1241 5798 essem
1268 5741 1474 5814 primus
1519 5740 1574 5798 in
1601 5742 1806 5816 praedi-

1947 1944 2151 2000 Gentes
2180 1961 2289 1999 non
2308 1945 2504 2000 debent
2517 1945 2820 2015 judaizare,
2851 1945 2975 2017 quia
3003 1961 3125 2012 nos,
3151 1945 3243 2018 qui
3274 1944 3543 2000 valuimus

1942 2032 1999 2087 in
2026 2032 2172 2107 lege,
2205 2032 2407 2089 scimus
2439 2049 2561 2088 eam
2592 2050 2701 2089 non
2727 2032 3029 2103 justiﬁcare
3064 2050 3076 2089 :
3111 2041 3163 2089 et
3192 2033 3336 2104 ideo,
3371 2049 3438 2089 ea
3466 2033 3543 2088 di-

1941 2120 2132 2190 missa,
2166 2122 2235 2176 ad
2268 2122 2543 2177 Christum
2574 2121 2941 2195 confugimus.
3163 2115 3172 2124 ’

2013 2229 2184 2284 Vens.
2211 2231 2296 2283 16.
2322 2260 2391 2270 —
2413 2230 2534 2285 Nisi
2548 2245 2655 2302 per
2672 2230 2860 2298 ﬁdem,
2884 2236 2990 2285 etc.
3013 2229 3137 2284 Non
3166 2227 3292 2285 ideo
3322 2228 3454 2285 dicit
3472 2246 3539 2285 ex

1943 2314 2071 2383 ﬁde,
2105 2316 2252 2388 quod
2281 2332 2447 2388 opera
2476 2318 2618 2372 bona
2648 2316 3000 2387 frustrentur,
3023 2333 3146 2374 cum
3170 2318 3318 2374 Deus
3346 2318 3541 2375 reddat

1940 2404 2233 2477 unicuique
2255 2406 2556 2461 secundum
2577 2421 2747 2477 opera
2770 2421 2872 2460 sua
2896 2424 2909 2460 :
2934 2406 3031 2461 sed
3054 2407 3179 2478 quia
3199 2407 3343 2461 bona
3371 2423 3545 2478 opera

1942 2502 2065 2549 sunt
2093 2510 2160 2549 ex
2187 2493 2389 2567 gratia,
2422 2510 2532 2549 non
2561 2502 2743 2549 autem
2772 2511 2838 2549 ex
2867 2494 3126 2565 operibus
3154 2495 3331 2568 gratia
3363 2514 3377 2551 :
3411 2496 3542 2567 quia

1939 2580 2074 2636 fides
2102 2598 2204 2653 per
2232 2581 2581 2638 dilectionem
2610 2598 2849 2653 operans
2878 2582 3013 2638 nihil
3041 2592 3380 2653 operaretur,
3430 2583 3537 2639 nisi
3617 2574 3627 2583 ’

1938 2670 2059 2741 ipsa
2089 2670 2307 2728 dilectio
2335 2671 2436 2727 Dei
2467 2670 2863 2727 diffunderetur
2886 2672 2943 2726 in
2970 2672 3133 2728 nobis
3152 2688 3250 2743 per
3278 2671 3537 2743 Spiritum

1938 2766 2227 2828 sanctum;
2256 2776 2358 2816 nec
2389 2759 2509 2832 ipsa
2538 2759 2675 2816 fides
2706 2767 2852 2817 esset
2895 2760 2953 2815 in
2999 2759 3181 2830 nobis,
3234 2760 3341 2816 nisi
3380 2762 3530 2818 Deus

1940 2864 2057 2903 eam
2088 2849 2264 2904 daret.

2008 2965 2295 3021 Vaas.17.
2318 2996 2389 3006 —
2420 2966 2572 3033 Quod
2614 2966 2666 3021 si
2701 2970 3037 3039 quaerentes.
3087 2965 3146 3022 Si
3194 2981 3295 3022 nos
3338 2981 3535 3024 revera

1936 3053 2292 3126 cognovimus
2321 3070 2430 3110 non
2466 3070 2631 3125 posse
2654 3052 2937 3124 Justiﬁcari
2965 3070 3091 3122 nos,
3120 3054 3226 3109 nisi
3252 3061 3535 3111 transeun-

1934 3149 2018 3197 tes
2067 3142 2137 3198 ad
2184 3143 2478 3210 Christum,
2530 3143 2776 3216 nunquid
2822 3143 3023 3215 patitur
3071 3143 3315 3199 Christus
3364 3144 3536 3200 relabi

1929 3247 2031 3286 nos
2060 3231 2128 3285 ad
2158 3231 2214 3286 id
2245 3232 2391 3304 quod
2413 3249 2632 3288 eramus
2654 3234 2682 3288 ?
2712 3232 2871 3302 Quod
2899 3232 2946 3288 si
2967 3239 3262 3304 pateretur,
3283 3232 3531 3303 profecto

1900 3319 2179 3375 'minister
2207 3320 2366 3376 nobis
2397 3330 2542 3378 esset
2580 3322 2812 3392 peccati,
2859 3321 2915 3376 id
2964 3328 3068 3389 est,
3120 3320 3317 3392 prioris
3365 3330 3535 3379 status

1931 3407 2122 3476 nostri,
2173 3409 2312 3466 sicut
2358 3408 2550 3466 fuisset
2598 3410 3007 3467 transeuntibus
3053 3409 3125 3465 ad
3174 3425 3233 3465 se
3286 3410 3534 3471 minister

1919 3493 2160 3563 justitiae.

2011 3610 2184 3666 Vens.
2208 3614 2294 3666 19.
2318 3641 2387 3652 -
2406 3612 2514 3684 Ego
2535 3614 2690 3669 enim
2716 3629 2821 3686 per
2848 3614 3042 3686 legem.
3064 3616 3428 3688 Spiritualiter
3458 3618 3535 3673 in-

1925 3698 2225 3755 tellectam.
2261 3701 2510 3756 Mortuus
2541 3717 2689 3757 sum.
2736 3702 2821 3758 Ne
2866 3703 3164 3761 carnaliter
3203 3705 3399 3762 vivam.
3464 3707 3533 3764 Ut

1923 3789 2033 3844 Deo
2063 3790 2266 3844 vivam.
2300 3790 2425 3844 Non
2450 3788 2603 3855 mihi,
2642 3789 2740 3845 sed
2775 3791 2920 3862 quod
2967 3793 3084 3848 Deo
3117 3793 3233 3862 jam
3261 3793 3535 3864 possum?

1925 3876 2050 3948 quia
2079 3892 2209 3933 cum
2239 3876 2457 3933 Christo
2481 3894 2620 3933 sum.
2657 3879 2945 3948 Conﬁxus.
2969 3880 3030 3935 Id
3052 3888 3153 3951 est,
3182 3897 3318 3937 crux
3334 3881 3537 3937 Christi

1924 3964 2178 4020 exstinxit
2206 3964 2263 4019 in
2292 3982 2383 4021 me
2409 3966 2664 4023 ardorem
2696 3969 2909 4038 peccati
2941 3977 2998 4024 ut
3022 3969 3138 4038 jam
3183 3970 3328 4026 ultra
3370 3970 3438 4024 ad
3476 3969 3534 4026 id

1922 4069 2033 4109 non
2062 4054 2345 4123 extendar,
2380 4055 2539 4127 quasi
2573 4073 2586 4111 :
2620 4056 2792 4113 clavis
2836 4058 3046 4114 habens
3076 4074 3268 4115 manus
3317 4058 3530 4115 afﬁxas.

1994 4143 2163 4201 Yaas.
2196 4146 2286 4201 20.
2329 4175 2398 4184 —
2454 4145 2594 4201 Vivo.
2649 4147 2711 4200 In
2756 4145 3042 4202 virtutibus
3091 4148 3342 4220 vigorem
3388 4149 3532 4205 bene

1923 4231 2188 4303 operandi
2218 4232 2413 4288 habeo.
2463 4234 2591 4289 Iam
2637 4252 2752 4291 non
2801 4252 2915 4308 ego.
2964 4235 3062 4292 Ille
3104 4245 3379 4307 peccator,
3435 4236 3530 4310 qui

1922 4319 2076 4390 prius
2104 4336 2276 4376 eram.
2319 4322 2459 4379 Vivit
2485 4340 2612 4380 vero
2641 4324 2705 4379 in
2735 4341 2824 4380 me
2850 4325 3126 4381 Christus.
3153 4325 3213 4381 ld
3233 4333 3336 4396 est,
3369 4325 3525 4383 novi-

1923 4415 2008 4463 tas
2038 4408 2236 4465 Christi
2265 4419 2493 4483 apparet
2523 4411 2577 4467 in
2604 4429 2711 4467 me.
2745 4413 2829 4469 Ad
2859 4414 2989 4486 quid
3019 4430 3156 4488 ergo
3186 4413 3274 4470 lex
3295 4414 3324 4471 ?

2551 4605 2777 4662 CAPUT
2816 4606 2910 4660 III.

1996 4771 2164 4827 Vens.
2191 4776 2242 4827 1.
2266 4804 2335 4812 —
2358 4772 2398 4829 0
2426 4775 2728 4830 insensati.
2752 4774 2982 4848 (Anam)
3004 4776 3187 4834 Verba
3209 4777 3526 4836 irascentis.

1917 4859 2087 4915 Erant
2117 4868 2299 4916 autem
2328 4861 2589 4918 insensati
2611 4862 2821 4920 Galatae
2843 4864 2935 4936 qui
2956 4881 3059 4921 nec
3089 4883 3149 4922 se
3178 4867 3525 4924 circumven-

1916 4956 2001 5004 tos
2030 4965 2063 5004 a
2091 4950 2301 5021 pseudo
2329 4951 2720 5021 agnoscebant.
2757 4954 3097 5010 Fascinavit.
3161 4954 3424 5012 Fascinus
3453 4964 3537 5013 est

1920 5038 2140 5110 quando
2160 5038 2391 5111 magicis
2407 5039 2783 5095 delusionibus
2801 5041 2961 5097 aliter
2979 5042 3230 5115 quaedam
3246 5044 3420 5101 oculis
3434 5045 3524 5102 ho-

1916 5127 2122 5180 minum
2153 5128 2514 5182 ostenduntur
2545 5145 2707 5201 quam
2739 5138 2881 5186 sunt.
2914 5131 3122 5187 Dicitur
3149 5132 3314 5188 etiam
3345 5132 3520 5191 fasci-

1915 5232 2017 5269 nus
2045 5214 2211 5287 vulgo
2241 5216 2333 5288 qui
2361 5225 2523 5272 nocet
2552 5217 2866 5274 infantibus.
2902 5220 3167 5277 Dicuntur
3193 5222 3338 5278 enim
3370 5240 3514 5296 quo-

1914 5304 2164 5359 rumdam
2227 5305 2371 5360 oculi
2400 5304 2515 5361 visu
2549 5315 2788 5378 urentes,
2812 5309 2941 5363 dum
2958 5317 3013 5365 et
3041 5310 3129 5367 hic
3160 5327 3353 5368 eorum
3372 5322 3525 5370 actus

1912 5391 2198 5449 fascinatio
2238 5394 2474 5450 dicitur:
2507 5404 2560 5450 et
2606 5404 2786 5467 potest
2834 5396 2955 5453 ﬁeri
3015 5406 3073 5454 ut
3118 5400 3247 5457 huic
3294 5410 3522 5472 peccato

1912 5481 2209 5538 inserviant
2272 5483 2574 5539 daemones.
2653 5485 2915 5542 Similiter
2996 5487 3196 5544 invidia
3260 5497 3514 5560 tanquam

1911 5569 2154 5626 fascinus
2181 5571 2307 5626 urit.
2333 5570 2566 5628 Invidus
2597 5573 2742 5628 enim
2772 5591 2883 5631 non
2899 5577 3064 5633 modo
3093 5577 3197 5632 sibi
3215 5584 3395 5642 nocet,
3418 5576 3516 5633 sed

1909 5665 1961 5712 et
1989 5658 2073 5712 his
2104 5658 2159 5713 in
2196 5660 2393 5733 quibus
2439 5660 2623 5735 aliqua
2666 5662 2811 5719 bona
2860 5680 2981 5720 esse
3025 5663 3326 5735 incipiunt;
3359 5664 3504 5720 unde

1907 5746 2164 5805 Salomon
2187 5792 2201 5818 ,
2250 5751 2569 5810 Fuscinatio
2614 5753 2995 5825 malignitatis
3048 5754 3311 5810 obscurat
3364 5753 3508 5813 bona
