3964 6180
427 304 533 362 575

913 295 1320 354 WALAI’RIDI
1349 294 1593 353 STRABI
1622 294 1823 389 FDLD.
1853 293 2028 351 MON.
2061 293 2214 353 OPP.
2246 294 2425 352 PARS
2450 296 2491 349 Ι.
2526 325 2596 338 -
2622 295 3096 355 THEOLOGICA.

3635 304 3744 358 576

427 428 580 500 (Sap.
613 424 713 496 iv).
747 423 837 480 Sic
868 423 1071 480 factum
1100 429 1202 490 est,
1247 429 1305 478 ut
1348 420 1517 478 invidi
1559 427 1819 494 tanquam
1848 420 2017 477 fasci-
2045 421 2101 484 Α
2201 421 2369 477 Vens.
2406 424 2489 479 12.
2512 451 2581 462 -
2608 423 2728 478 Lex
2758 426 2969 493 autem,
3003 430 3108 479 etc.
3156 423 3240 478 Ex
3269 421 3373 479 fide
3400 432 3484 480 est
3505 425 3721 495 justitia

428 522 625 571 nantes
652 521 911 570 nocerent
941 511 1166 577 Galatis,
1216 527 1390 582 nuper
1432 511 1489 566 in
1538 509 1750 566 Christo
1797 512 2019 581 renatis,

428 612 487 660 ut
515 603 683 659 iidem
714 602 924 661 Galate
943 600 1068 656 ﬁdei
1101 601 1381 655 stomacho
1401 608 1701 655 nauseante
1718 600 1902 656 cibum
1924 601 2038 672 spi-

431 693 569 748 ritus
599 697 936 747 evomerent.
986 692 1131 746 Ante
1162 706 1401 762 quorum
1429 691 1638 746 oculos.
1687 690 1830 745 Vere
1864 688 2033 746 fasci-

427 781 560 851 nati,
593 780 723 853 quia
751 786 877 835 ante
907 778 1117 843 oculos,
1164 777 1220 833 id
1253 786 1355 843 est,
1405 777 1462 831 in
1506 786 1692 833 vestra
1740 779 2033 849 presentia

418 870 517 927 ille
547 877 727 924 tantus
758 867 851 940 qui
873 875 975 923 est.
1004 869 1164 923 Jesus
1192 868 1450 923 Christus
1467 868 1819 940 proscriptus
1841 872 1945 923 est.
1970 868 2031 922 Id

427 966 529 1027 est,
558 957 936 1013 exheredatus
963 974 976 1010 :
1013 964 1066 1012 et
1095 957 1202 1012 hoc
1230 958 1293 1012 in
1314 957 1480 1023 vobis,
1505 955 1559 1009 in
1579 955 1700 1011 aliis
1731 971 1841 1011 non
1870 956 2032 1012 debe-

424 1047 555 1104 retis
584 1046 697 1118 pati
726 1053 783 1100 ut
811 1061 1048 1120 regnum
1076 1053 1131 1101 et
1173 1044 1553 1101 hereditatem
1604 1060 1762 1099 suam
1808 1045 2028 1101 amitte-

428 1144 532 1203 ret,
564 1135 769 1190 nedum
799 1134 856 1189 in
887 1135 1065 1190 vobis.

492 1250 664 1306 Vens.
704 1254 758 1309 2.
793 1280 863 1289 -
890 1252 999 1306 Hoc
1032 1250 1215 1305 solum
1244 1266 1280 1305 α
1308 1248 1475 1305 vobis.
1524 1247 1880 1304 Commonitis
1925 1266 2026 1321 per

421 1338 877 1410 increpationem,
902 1339 1101 1409 probat
1132 1337 1278 1408 quod
1308 1338 1393 1392 lex
1414 1354 1524 1393 non
1545 1346 1627 1392 est
1654 1338 2020 1405 observanda,

424 1429 550 1501 quia
573 1444 684 1483 non
713 1444 778 1483 ex
807 1443 893 1494 ea,
923 1428 1021 1482 sed
1052 1444 1118 1482 ex
1148 1425 1255 1481 ﬁde
1280 1426 1500 1482 veniunt
1529 1428 1710 1482 omnia
1759 1443 2022 1483 necessa-

417 1517 519 1583 ria,
553 1517 796 1588 spiritus,
843 1516 1072 1585 justitia,
1130 1515 1460 1572 benedictio.
1514 1514 1684 1584 Quasi
1716 1534 1730 1570 :
1761 1516 2021 1585 Quamvis

426 1604 673 1662 fascinati
721 1612 775 1660 et
823 1605 990 1674 stulti,
1043 1612 1223 1660 tamen
1271 1606 1370 1661 hoc
1399 1606 1517 1662 volo
1544 1623 1578 1661 a
1609 1606 1755 1661 vobis
1784 1606 2017 1676 discere,

419 1693 545 1767 quia
592 1695 695 1750 hoc
743 1694 879 1748 adeo
929 1692 1155 1749 evidens
1213 1700 1334 1763 est,
1386 1701 1443 1748 ut
1499 1701 1552 1748 et
1608 1694 1755 1748 stulti
1817 1695 2017 1750 docere

2140 518 2193 566 et
2216 510 2321 565 vita
2355 529 2368 565 :
2400 511 2496 566 sed
2527 511 2613 565 lex
2645 526 2754 565 non
2782 519 2862 565 est
2892 526 2958 566 ex
2978 509 3104 566 ﬁde.
3138 512 3329 568 Posset
3377 512 3599 586 quidem
3648 514 3740 569 vi-

2136 598 2274 668 deri,
2300 599 2427 669 quia
2458 613 2625 669 opera
2655 598 2794 673 legis
2824 615 2889 653 ex
2920 597 3027 655 ﬁde
3055 598 3263 667 ﬁerent,
3290 609 3346 655 ut
3372 617 3475 672 pro
3505 601 3585 656 eis
3613 617 3744 673 spe-

2135 695 2386 743 rarentur
2413 696 2619 743 eterna
2650 706 2663 742 :
2698 688 2795 744 sed
2823 689 2878 743 id
2908 704 3019 743 non
3048 696 3149 757 est,
3182 689 3437 762 quoniam
3466 690 3638 746 Judei
3669 707 3739 746 ex

2134 776 2329 831 timore
2359 793 2537 849 poene
2566 777 2659 832 illa
2689 778 2997 834 servabant.
3030 779 3181 835 Vivet
3202 779 3263 832 in
3288 779 3431 835 iiiis.
3464 780 3589 834 Non
3618 780 3733 838 ait:

2135 864 2239 936 Qui
2268 866 2456 922 fecerit
2488 882 2629 933 eam,
2662 866 2807 922 vivet
2834 866 2889 921 in
2917 882 3000 933 ea,
3042 881 3168 922 cum
3196 868 3553 938 praemisisset
3587 886 3601 923 :
3638 870 3739 925 ιω

2130 972 2247 1011 non
2275 958 2360 1011 est
2377 972 2451 1011 ex
2470 956 2580 1024 ﬁde
2600 976 2619 1023 ;
2649 963 2707 1010 ut
2728 955 3002 1028 intelligas
3022 955 3205 1029 legem
3220 955 3277 1011 in
3298 957 3403 1013 hoc
3432 957 3555 1014 loco
3576 957 3736 1029 posi-

2130 1050 2241 1098 tam
2270 1059 2372 1114 pro
2399 1044 2532 1114 ipsis
2562 1044 2821 1115 operibus
2870 1060 2992 1115 que
3019 1043 3077 1098 in
3104 1044 3211 1099 illis
3248 1044 3737 1102 observationibus

2129 1129 2350 1187 ﬁebant.
2384 1131 2489 1201 Qui
2519 1140 2702 1187 autem
2732 1132 2984 1188 vivebant
3033 1133 3088 1187 in
3118 1133 3203 1187 his
3234 1133 3518 1204 operibus,
3569 1135 3737 1191 time-

2127 1220 2255 1276 bant
2284 1220 2466 1293 utique
2495 1220 2565 1292 (si
2594 1236 2703 1276 non
2748 1236 2814 1275 ea
2857 1219 3136 1291 fecissent)
3185 1221 3594 1292 lapidationem,
3646 1224 3738 1283 vel

2126 1323 2367 1378 crucem,
2383 1310 2469 1364 vel
2492 1309 2639 1364 aliud
2660 1309 2971 1379 hujusmodi
2994 1309 3123 1380 pati.
3143 1310 3246 1377 Qui
3268 1327 3392 1383 ergo
3410 1314 3618 1383 fecerit
3642 1328 3733 1383 ea,

2124 1399 2271 1454 vivet
2298 1399 2362 1453 in
2390 1399 2509 1454 illis
2546 1416 2559 1452 :
2591 1413 2700 1453 non
2731 1398 2878 1469 apud
2916 1399 3111 1469 Deum,
3130 1398 3187 1453 id
3216 1406 3315 1466 est,
3341 1400 3562 1455 habebit
3590 1417 3739 1473 pre-

2122 1486 2312 1553 mium,
2348 1503 2416 1541 ne
2445 1486 2546 1541 ista
2573 1495 2751 1541 morte
2772 1485 3063 1559 puniatur.
3115 1485 3219 1556 Qui
3265 1496 3451 1544 autem
3504 1505 3573 1545 ex
3621 1489 3736 1546 ﬁde

2122 1575 2271 1641 vivit,
2302 1590 2424 1630 cum
2454 1575 2580 1631 hinc
2608 1574 2825 1642 exierit,
2858 1582 2989 1630 tunc
3016 1575 3196 1649 magis
3215 1577 3443 1633 habebit
3480 1595 3735 1649 presen-

2120 1664 2393 1718 tissimum
2439 1664 2742 1735 premium.
2776 1665 2898 1719 Non
2929 1662 3095 1734 igitur
3125 1680 3192 1720 ex
3240 1665 3349 1721 ﬁde
3376 1665 3527 1734 vivit,
3571 1668 3733 1739 quis-

419 1752 640 1856 queant.
677 1782 731 1838 Si
761 1782 893 1837 nihil
927 1782 1075 1837 aliud
1105 1790 1269 1848 esset,
1304 1752 1409 1839 hoc
1440 1783 1617 1838 solum
1664 1784 1732 1837 ad
1781 1784 2018 1855 proban-
2041 1785 2093 1845 B
2125 1754 2247 1851 quis
2284 1753 2581 1856 Ρξίθδῗῗίξδ
2618 1769 2740 1856 (Ξίξω
2770 1752 3046 1856 ,ἧξίῖίῖίωδ
3086 1753 3174 1856 Yfﬁ
3212 1755 3371 1856 Pup“
3408 1755 3497 1812 vel
3535 1756 3730 1812 timet:

418 1870 549 1927 dum
597 1870 887 1941 sufficeret,
943 1888 1066 1927 cum
1115 1878 1327 1927 constet
1377 1872 1502 1944 quia
1551 1871 1803 1942 spiritum
1851 1887 2016 1928 acce-

422 1960 615 2033 pistis;
649 1960 747 2015 sed
776 1976 846 2015 an
878 1976 943 2015 ex
974 1961 1233 2031 operibus
1263 1960 1316 2014 in
1348 1959 1545 2033 quibus
1593 1960 1840 2016 laborem
1874 1978 2016 2015 nun-

2124 1841 2252 1913 quia
2279 1840 2417 1896 ﬁdes
2446 1842 2544 1897 Dei
2575 1842 2646 1897 ad
2673 1840 2967 1897 invisibilia
2994 1841 3249 1911 pertinet.

2190 1975 2359 2029 Vens.
2389 1976 2474 2028 l3.
2499 2004 2568 2013 -—
2624 1976 2830 2031 Factus
2877 1989 2977 2051 pro
3017 1976 3196 2047 nobis,
3228 1976 3283 2032 id
3314 1984 3418 2043 est,
3443 1985 3731 2048 reputatus

420 2065 586 2121 quam
616 2049 921 2121 accepistis,
963 2065 1033 2104 an
1065 2066 1131 2104 ex
1179 2048 1286 2104 ﬁde
1333 2066 1455 2121 que
1501 2049 1714 2106 auditus
1761 2048 2018 2105 facilitate

2125 2078 2229 2118 non
2260 2062 2434 2117 solum
2462 2063 2801 2131 maledictus,
2836 2048 2934 2122 sed
2975 2067 3140 2124 etiam
3187 2064 3562 2122 maledictum.
3600 2067 3723 2134 Vel,

423 2139 573 2195 venit
590 2138 619 2192 ?

488 2208 661 2283 Vens.
704 2229 758 2283 4.
794 2258 864 2268 —
894 2228 1026 2283 Sine
1055 2244 1245 2284 causa.
1299 2227 1428 2284 Ideo
1474 2227 1603 2284 dicit
1637 2244 1650 2282 :
1684 2226 1821 2297 Quia
1850 2227 2021 2283 multa

412 2316 530 2386 jam
560 2332 662 2387 pro
691 2314 798 2371 ﬁde
828 2316 1216 2383 toleraverant,
1266 2324 1320 2372 et
1365 2316 1419 2371 in
1466 2316 1601 2388 ipsis
1647 2317 2014 2389 passionibus,

415 2404 679 2461 charitate
708 2405 961 2461 timorem
991 2406 1248 2461 vicerant.
1297 2406 1425 2462 Sine
1474 2422 1638 2462 causa
1689 2421 1826 2479 ergo
1875 2414 2021 2461 tanta

413 2494 562 2566 passi
593 2502 767 2561 erant,
800 2494 894 2566 qui
924 2510 957 2549 a
985 2495 1271 2560 charitate,
1308 2511 1430 2567 que
1458 2495 1513 2549 in
1563 2495 1643 2551 eis
1675 2502 1824 2550 tanta
1853 2495 2021 2550 susti-

426 2592 640 2651 nuerat,
674 2584 744 2639 ad
775 2584 954 2657 legem
984 2584 1092 2638 labi
1122 2584 1393 2639 volebant.

495 2692 669 2747 Vens.
706 2694 860 2746 5.-
892 2692 997 2759 Qui
1025 2708 1151 2763 ergo
1196 2693 1413 2747 tribuit.
1464 2690 1605 2761 Quia
1652 2706 1752 2747 vos
1798 2706 1908 2747 non
1955 2708 2021 2747 ex

422 2780 689 2851 operibus
718 2796 839 2851 que
884 2795 1163 2851 nunquam
1210 2779 1478 2835 habuistis
1523 2778 1815 2850 accepistis
1865 2780 2024 2851 spiri-

415 2874 553 2935 tum,
591 2868 690 2924 sed
721 2884 787 2924 ex
815 2867 922 2923 ﬁde
946 2888 960 2935 ;
994 2884 1130 2941 ergo
1158 2867 1594 2939 potestis'videre
1624 2868 1772 2939 quod
1803 2884 1907 2941 ego
1930 2868 2025 2941 qui

411 2956 580 3012 habui
610 2972 783 3028 opera
811 2956 972 3029 legis,
1002 2972 1112 3013 non
1141 2972 1242 3027 per
1271 2972 1354 3023 ea,
1379 2956 1475 3011 sed
1504 2973 1607 3027 per
1635 2955 1799 3012 ﬁdem
1829 2959 2020 3030 accepi

421 3053 749 3119 potestatem
780 3046 947 3101 dandi
977 3046 1226 3116 spiritum
1255 3054 1307 3100 et
1336 3046 1599 3116 operandi
1631 3046 1915 3103 miracula.
1941 3048 2023 3103 De

420 3150 487 3189 eo
518 3134 664 3206 quod
694 3135 795 3189 sub
829 3134 955 3207 lege
985 3133 1183 3201 fuerat,
1219 3142 1432 3205 poterat
1458 3134 1695 3190 dubitari
1727 3153 1741 3190 :
1775 3136 1872 3192 sed
1918 3153 2016 3207 per
2036 3148 2085 3211 α

416 3221 827 3277 similitudinem
857 3223 1083 3278 istorum
1114 3230 1288 3278 totum
1315 3223 1503 3295 liquet.

482 3337 655 3394 Vsus.
681 3341 734 3393 6.
754 3368 823 3378 —
848 3338 933 3394 Ad
954 3340 1269 3411 justitiam.
1304 3320 1574 3393 Justitiam
1604 3348 1761 3396 vocat
1783 3340 1873 3396 hic
1893 3356 2014 3411 pec-

412 3434 659 3483 catorum
711 3426 1092 3482 remissionem
1122 3435 1176 3483 et
1205 3428 1363 3483 bone
1410 3428 1534 3484 vite
1581 3429 2008 3484 observantiam.

479 3516 651 3570 Vens.
678 3518 728 3570 8.
753 3547 823 3556 —
843 3517 1163 3572 Providens.
1188 3517 1312 3572 Non
1342 3517 1519 3571 solum
1542 3517 1753 3587 justitia
1782 3534 1848 3573 ex
1882 3517 2011 3586 ﬁde,

2120 2152 2317 2208 Factus
2347 2159 2431 2206 est
2459 2151 2540 2208 rei
2570 2153 2795 2209 veritate
2824 2157 3186 2222 maledictus,
3220 2155 3275 2210 id
3304 2163 3406 2225 est,
3440 2156 3722 2212 mortalis.

2119 2241 2448 2297 Maledictus
2478 2243 2573 2314 qui
2595 2242 2825 2314 pendet.
2872 2244 3047 2313 Quasi
3082 2261 3095 2300 :
3130 2243 3273 2300 Satis
3304 2244 3375 2299 ad
3403 2260 3630 2316 penam
3658 2246 3730 2300 sit

2121 2330 2266 2401 quod
2294 2346 2589 2400 suspensus
2618 2331 2847 2387 moritur
2876 2349 3005 2389 reus
3029 2351 3042 2388 :
3068 2342 3122 2389 et
3141 2333 3284 2405 quod
3308 2332 3417 2388 illic
3437 2341 3520 2388 est
3541 2350 3724 2405 usque

2121 2419 2192 2474 ad
2220 2434 2524 2488 vesperam,
2557 2427 2615 2473 ut
2644 2428 2771 2476 tunc
2801 2421 3102 2493 deponatur
3134 2429 3187 2476 et
3215 2421 3529 2493 sepeliatur,
3575 2438 3645 2477 ne
3680 2422 3729 2478 si

2120 2506 2197 2561 ibi
2225 2507 2293 2561 sit
2321 2507 2541 2574 diutius,
2564 2508 2840 2577 majus.sit
2870 2511 3223 2581 opprobrium
3256 2528 3270 2565 :
3305 2519 3356 2565 et
3387 2509 3611 2566 macula
3630 2526 3727 2584 ge-

2119 2596 2238 2651 neri
2269 2597 2403 2665 ejus.
2441 2597 2634 2653 Omnis
2682 2598 2861 2654 homo.
2894 2599 3073 2654 Etiam
3114 2600 3378 2666 Christus,
3438 2615 3510 2655 ne
3557 2598 3729 2656 futuri

2122 2684 2360 2741 heretici
2387 2694 2591 2759 negent
2620 2687 2737 2756 ejus
2765 2703 2956 2745 veram
2984 2695 3235 2744 mortem.

2197 2823 2367 2878 Vens.
2402 2824 2489 2878 l7.
2512 2854 2583 2865 —
2612 2826 2718 2882 Hoc
2747 2829 2941 2882 autem
2969 2826 3111 2883 dico.
3144 2826 3261 2883 Hoc
3286 2824 3536 2897 promisit
3567 2827 3721 2882 Deus

2127 2911 2378 2981 Abrahe,
2410 2914 2509 2969 hoc
2540 2917 2732 2969 autem
2768 2917 3175 2971 testamentum
3194 2915 3599 2984 conﬁrmatum
3618 2931 3723 2986 per

2122 3000 2432 3069 juramenta
2461 3002 2583 3059 dico
2611 3010 2664 3057 et
2692 3001 2922 3073 afﬁrmo,
2954 3005 3103 3076 quod
3132 3005 3228 3060 lea:
3256 3021 3374 3061 non
3400 3006 3549 3076 facit
3578 3004 3716 3060 irri-

2128 3093 2270 3156 tum,
2302 3091 2371 3145 de
2401 3107 2510 3162 qua
2537 3107 2644 3146 non
2675 3100 2819 3148 esset
2838 3094 2943 3149 hoc
2962 3092 3263 3165 putandum
3295 3111 3310 3147 :
3343 3093 3472 3165 quia
3491 3093 3621 3149 data
3638 3100 3723 3149 est

2114 3185 2320 3233 tantum
2350 3178 2421 3233 ad
2452 3187 2663 3251 tempus
2696 3197 2709 3236 :
2744 3181 2873 3253 quia
2900 3190 3023 3253 post
3049 3182 3277 3237 multum
3305 3189 3567 3253 tempusa
3594 3197 3725 3252 pro-

2052 3322 2061 3331 ,
2112 3266 2371 3323 missione
2402 3267 2547 3325 facta
2575 3269 2828 3336 Abrahae,
2852 3271 2939 3326 lex
2958 3270 3087 3326 data
3115 3278 3198 3326 est
3221 3288 3235 3325 :
3257 3270 3327 3325 de
3348 3286 3456 3342 qua
3485 3270 3531 3325 si
3559 3278 3709 3326 esset

2113 3356 2443 3424 benedictio,
2476 3358 2723 3414 homines
2750 3358 2895 3414 illius
2923 3359 3183 3431 temporis
3210 3360 3506 3427 Abraham,
3550 3360 3714 3415 Isaac

2112 3452 2164 3499 et
2192 3446 2364 3501 Jacob
2386 3462 2495 3501 non
2515 3464 2638 3502 eam
2656 3448 2990 3503 habuissent.
3014 3450 3132 3504 Lex
3152 3465 3268 3505 non
3288 3451 3435 3519 facit
3450 3450 3713 3504 irritum.

2115 3534 2173 3587 Id
2203 3542 2304 3600 est,
2338 3534 2534 3590 falsum
2557 3554 2569 3590 :
2594 3537 2739 3608 quod
2769 3535 2992 3603 faceret,
3019 3537 3067 3592 si
3093 3554 3191 3608 per
3210 3553 3333 3592 eam
3362 3537 3592 3592 daretur
3614 3537 3713 3593 be-

412 3603 510 3660 sed
538 3612 590 3660 et
621 3604 945 3671 benedictio,
977 3605 1102 3677 quia
1132 3604 1413 3676 Scriptura
1443 3606 1574 3662 dicit
1608 3624 1621 3660 :
1658 3608 1722 3662 In
1754 3611 1809 3663 te
1840 3608 2011 3663 bene-

2125 3622 2371 3679 aedictio.
2405 3603 2703 3679 Promissio
2731 3625 2876 3680 enim
2904 3625 2993 3679 illa
3023 3603 3132 3681 non
3160 3624 3311 3689 dixit,
3338 3624 3484 3696 quod
3515 3641 3617 3695 per
3635 3625 3715 3680 le-

412 3692 695 3761 dicentur,
728 3693 784 3748 id
813 3702 915 3760 est,
945 3694 1001 3748 in
1030 3701 1137 3750 tue
1163 3693 1292 3750 ﬁdei
1322 3694 1719 3751 conformitate.
1755 3697 1898 3764 Quia
1929 3714 2003 3752 ea:

412 3781 543 3851 ﬁde.
577 3783 700 3837 Non
730 3799 795 3837 ex
826 3783 1106 3853 operibus,
1156 3791 1262 3840 etc.
1313 3786 1753 3852 Praenuntiavit,
1803 3785 1858 3839 id
1909 3793 2010 3852 est,

2115 3726 2261 3784 gem,
2294 3712 2393 3766 sed
2426 3729 2525 3783 per
2556 3729 2762 3769 semen.
2798 3713 2957 3783 Quod
2988 3714 3034 3768 si
3064 3730 3164 3785 per
3183 3713 3363 3787 legem
3382 3714 3715 3784 benedictio,

2117 3816 2254 3873 ergo
2283 3799 2486 3855 frustra
2518 3802 2711 3857 semini
2742 3802 2935 3873 prosit,
2970 3811 3023 3858 et
3049 3802 3253 3857 frustra
3301 3819 3491 3858 semen
3535 3804 3720 3874 ipsum

414 3870 670 3926 ostendit.
695 3871 814 3940 Vel,
836 3874 1269 3944 praenuntiavit,
1294 3873 1351 3927 id
1373 3881 1472 3941 est,
1499 3874 1733 3928 ostendit
1761 3891 2017 3945 praenun-

2125 3870 2282 3944 venit.
2316 3890 2427 3945 Lex
2457 3906 2567 3946 non
2598 3870 2985 3946 facit—irritum
3034 3891 3191 3964 quasi
3233 3892 3346 3961 jam
3391 3870 3603 3947 valeret
3651 3892 3722 3948 ad

416 3958 611 4014 tiatum
641 3976 785 4029 esse,
819 3961 966 4031 quod
997 3962 1399 4017 benedicentur
1436 3961 1491 4015 in
1521 3970 1728 4017 eterna
1775 3963 2015 4019 beatitu—

419 4047 568 4103 dine.
600 4048 665 4102 In
700 4052 770 4103 te.
808 4048 868 4102 In
898 4056 1005 4103 tue
1034 4047 1162 4103 ﬁdei
1189 4048 1513 4117 imitatione,
1546 4058 1651 4106 etc.

481 4164 651 4220 Vnus.
680 4165 768 4218 10.
792 4193 863 4204 -
886 4164 1212 4238 Quicunque
1232 4168 1407 4233 enim,
1435 4174 1538 4223 etc.
1564 4167 1682 4223 Hoc
1711 4166 2020 4242 intelligen-

409 4252 542 4309 dum
571 4260 672 4318 est,
710 4268 821 4307 non
848 4252 917 4306 de
947 4252 1208 4324 operibus
1239 4271 1359 4326 que
1393 4255 1461 4309 ad
1504 4271 1689 4311 mores
1720 4257 2012 4327 pertinent,

409 4341 509 4397 sed
539 4358 659 4413 que
690 4341 745 4395 in
774 4341 1252 4397 observationibus
1282 4342 1390 4398 illis
1420 4343 1641 4400 ﬁebant.
1677 4346 1903 4401 Prodest
1929 4346 2039 4408 lex,

405 4430 465 4486 in
491 4430 689 4486 tabulis
722 4430 925 4502 scripta
960 4448 972 4485 :
1007 4439 1209 4487 cetera
1252 4447 1389 4488 onus
1439 4441 1581 4503 sunt,
1633 4434 1780 4505 quod
1822 4436 2017 4506 probat

411 4520 735 4575 auctoritate
768 4518 1078 4591 Scripture,
1104 4520 1294 4576 dicens
1327 4538 1340 4575 :
1373 4521 1660 4594 Scriptum
1689 4528 1794 4579 est.
1820 4522 1923 4593 Qui
1953 4541 2020 4579 ex
2053 4513 2102 4573 D

415 4608 675 4679 Operihus
721 4608 864 4682 legis
911 4616 1072 4677 sunt,
1137 4609 1416 4665 maledicti
1466 4617 1628 4678 sunt,
1696 4612 1826 4684 quia
1885 4612 2025 4669 sicut

414 4695 682 4766 scripium
714 4704 796 4751 est
824 4698 858 4753 a
887 4698 1074 4769 Moyse
1106 4697 1162 4751 in
1193 4699 1618 4755 Deuteronomio
1647 4699 1834 4769 (Deut.
1854 4701 2018 4773 xxi):

413 4784 748 4840 Maledictus
780 4786 964 4841 omnis
995 4788 1175 4854 homo,
1209 4795 1314 4843 etc.
1340 4786 1511 4856 Quasi
1545 4806 1558 4842 :
1592 4788 1759 4844 Multa
1782 4790 2021 4861 precepi

410 4888 534 4945 que
562 4872 742 4928 omnia
773 4873 957 4928 nullus
993 4875 1225 4946 implere
1246 4877 1485 4947 poterit:
1512 4876 1611 4932 sed
1637 4876 1693 4931 in
1722 4893 1859 4933 onus
1890 4879 2019 4935 data

412 4969 558 5028 sunt,
592 4969 646 5017 et
676 4961 800 5018 ideo
830 4977 1021 5017 omnes
1050 4964 1343 5021 maledicti.
1369 4966 1430 5019 In
1461 4982 1570 5038 quo
1598 4966 1771 5021 innuit
1800 4966 2019 5024 deside-

407 5050 644 5105 randum
674 5067 799 5106 esse
831 5050 1193 5120 Salvatorem,
1226 5054 1319 5126 qui
1350 5052 1514 5109 ﬁnem
1546 5063 1713 5126 ponat
1740 5056 1843 5125 his,
1880 5065 1933 5113 et
1952 5057 2015 5111 li-

410 5137 569 5193 beret
597 5154 706 5193 non
737 5139 911 5194 solum
941 5140 1012 5194 ab
1045 5140 1167 5195 aliis
1215 5143 1474 5212 peccatis,
1529 5144 1625 5199 sed
1662 5160 1696 5199 a
1722 5145 2014 5203 maledicto

407 5224 571 5299 legis.
606 5225 716 5281 Cur
745 5243 878 5300 ergo
910 5228 1116 5284 Galate
1146 5235 1425 5285 transeunt
1452 5247 1485 5287 a
1515 5232 1693 5306 gratia
1735 5233 1807 5289 ad
1835 5235 2011 5291 male-

409 5314 619 5372 dictum
642 5315 671 5370 τ

2117 3978 2490 4033 evacuandam
2511 3980 2933 4050 promissionem
2958 3998 2971 4035 :
2997 3981 3125 4056 quia
3147 3988 3292 4036 esset
3314 3979 3473 4048 falsa,
3497 3988 3551 4036 et
3570 3981 3721 4038 Deus

2115 4067 2369 4123 mendax.

2187 4201 2360 4256 Vens.
2396 4204 2482 4256 19.
2507 4232 2578 4242 -
2605 4204 2843 4276 Propter
2873 4204 3365 4275 transgressiones.
3405 4202 3594 4259 Posito.
3634 4212 3719 4261 est

2118 4288 2175 4343 in
2223 4289 2429 4356 medio,
2479 4290 2622 4345 inter
2660 4292 3078 4362 promissionem
3111 4300 3163 4347 et
3194 4309 3380 4348 semen
3413 4311 3427 4347 :
3459 4292 3549 4349 cui
3579 4291 3720 4349 facta

2119 4385 2201 4433 est
2229 4378 2545 4450 promissio,
2578 4379 2634 4434 id
2665 4388 2768 4447 est,
2800 4381 2943 4435 inter
2972 4382 3243 4435 Abraham
3267 4389 3320 4437 et
3338 4381 3638 4452 Christum,
3663 4390 3719 4436 ut

2120 4466 2376 4538 populum
2406 4467 2506 4523 Dei
2535 4468 2779 4525 erudiret
2809 4470 2911 4524 sub
2940 4470 3131 4526 timore
3160 4469 3257 4526 Dei
3282 4487 3296 4524 :
3320 4477 3376 4524 ut
3402 4470 3609 4543 dignus
3631 4469 3720 4526 ﬁe-

2123 4562 2206 4611 ret
2236 4555 2490 4627 excipere
2521 4557 2943 4628 promissionem
2970 4576 3092 4630 que
3120 4566 3203 4615 est
3230 4559 3497 4614 Christus.
3550 4560 3716 4615 Ordi-

2120 4649 2261 4701 nata
2287 4662 2388 4718 per
2415 4648 2660 4718 angelos.
2686 4648 2793 4702 Lex
2826 4647 2950 4703 dico
2979 4648 3226 4703 ordinata
3248 4664 3348 4719 per
3375 4648 3629 4720 angelos,
3662 4646 3717 4703 id

2119 4741 2203 4788 est
2231 4735 2473 4806 Moysen,
2500 4743 2552 4790 et
2581 4736 2719 4791 alios
2749 4735 3022 4792 ministros
3045 4737 3164 4801 Dei,
3187 4737 3275 4793 vel
3295 4736 3600 4793 ministerio
3622 4753 3720 4792 an—

2119 4822 2370 4896 gelorum
2398 4823 2708 4879 hominibus
2738 4825 2887 4896 data,
2913 4825 2967 4879 in
2998 4826 3195 4897 quibus
3226 4825 3439 4898 angelis
3469 4833 3584 4881 erat
3615 4827 3719 4881 uti-

2118 4927 2225 4982 que
2254 4912 2413 4967 Pater
2442 4920 2495 4967 et
2524 4912 2691 4969 Filius
2730 4922 2784 4969 et
2830 4913 3062 4985 Spiritus
3107 4922 3352 4970 sanctus.
3403 4914 3717 4985 Aliquando

2117 4999 2234 5054 sine
2264 5000 2377 5055 ulla
2405 5000 2752 5058 distinctione
2779 5018 3049 5074 persone,
3070 5005 3217 5058 Deus
3246 5019 3347 5074 per
3364 5002 3489 5059 illos
3509 5001 3715 5074 ﬁgura-

2113 5087 2291 5143 batur.
2324 5090 2392 5144 Et
2421 5096 2551 5145 nota
2595 5092 2741 5162 quod
2770 5107 2881 5147 non
2921 5092 2994 5146 ait
3023 5092 3167 5158 data,
3223 5092 3339 5158 sed,
3395 5092 3668 5148 ordinata
3694 5107 3714 5143 :

2113 5177 2270 5248 quasi
2298 5177 2671 5235 ordinabiliter
2698 5180 2828 5235 data
2857 5180 3001 5236 inter
3031 5188 3244 5252 tempus
3270 5181 3540 5236 naturalis
3570 5180 3711 5252 legis

2113 5266 2206 5337 (de
2235 5282 2344 5339 qua
2371 5268 2605 5324 convicti
2625 5277 2748 5323 sunt
2778 5269 2924 5341 quod
2941 5270 3135 5338 juvare
3156 5286 3263 5325 non
3286 5269 3484 5341 potuit)
3503 5277 3557 5324 et
3578 5277 3715 5325 tem-

2112 5371 2214 5425 pus
2242 5356 2431 5427 gratie
2460 5364 2752 5428 antequam
2764 5358 2833 5413 de
2844 5358 2967 5429 lege
2996 5358 3356 5414 convincendi
3384 5366 3536 5413 erant
3571 5358 3715 5430 :-qui

478 5429 651 5486 Vens.
689 5432 774 5519 tl.
819 5460 888 5471 —
930 5431 1293 5500 Justiﬁcatur
1320 5434 1471 5506 apud
1502 5438 1696 5493 Deum.
1747 5436 1853 5506 Qui
1884 5454 2010 5494 eum
2109 5460 2242 5517 ergo
2270 5460 2416 5501 nunc
2444 5462 2563 5500 eam
2594 5446 2821 5513 reducit,
2869 5454 3058 5502 contra
3105 5447 3359 5503 ordinem
3386 5429 3714 5519 angelorum

348 5582 351 5591 ε
401 5518 574 5594 gratis
602 5518 749 5586 colit,
784 5518 1018 5586 scilicet,
1044 5536 1153 5575 non
1174 5521 1467 5591 cupiditate
1486 5527 1778 5597 appetendi
1800 5527 2007 5600 aliquid
2107 5532 2256 5590 facit.
2290 5536 2353 5589 In
2385 5551 2583 5591 manu.
2614 5535 2673 5590 Id
2704 5543 2806 5601 est,
2839 5536 2893 5590 in
2916 5544 3182 5606 potestate
3203 5536 3425 5602 Christi,
3445 5518 3505 5590 ut
3531 5544 3703 5591 staret

403 5608 621 5698 abgipso
648 5616 853 5698 preter
881 5608 1081 5681 ipsum,
1115 5609 1203 5665 vel
1235 5610 1427 5667 timore
1456 5614 1758 5670 amittendi.
1794 5616 1855 5670 In
1884 5616 2007 5688 ipso
2103 5620 2192 5677 lex
2220 5622 2350 5677 dum
2372 5623 2552 5689 vellet,
2577 5633 2820 5680 cessaret
2846 5640 2971 5681 cum
2992 5625 3172 5681 vellet.
3197 5625 3346 5698 Ergo
3364 5632 3555 5682 contra
3577 5640 3704 5680 eum

406 5696 552 5754 enim
581 5697 699 5755 solo
732 5714 861 5756 vera
891 5706 1081 5756 nostra
1110 5698 1388 5756 beatitudo
1416 5710 1518 5770 est,
1544 5711 1598 5761 et
1624 5703 1872 5777 perfecta
1901 5714 2001 5764 est.

2106 5710 2282 5768 facitis
2329 5712 2421 5784 qui
2468 5729 2588 5770 eam
2635 5713 2915 5771 destruxit.
2964 5714 3230 5773 Mediator
3279 5721 3363 5771 est
3408 5714 3549 5769 inter
3601 5713 3710 5769 duo
