3964 6180
223 281 310 338 581

1164 276 1437 337 GLOSSA
1466 277 1879 337 ORDINARIA.
1911 306 1980 322 -
2008 278 2228 336 EPIST.
2263 279 2358 335 AD
2391 278 2642 336 GALAT.

3392 287 3496 342 582

222 410 518 458 monstrans
561 375 914 458 consuetudo”
941 409 1201 459 naturam.
1259 405 1414 460 Illum
1463 421 1592 461 vero
1657 404 1878 467 deditA
1905 404 2048 475 parit
2077 420 2110 460 a
2139 412 2368 475 peccato
2398 412 2651 460 naturam
2681 402 2920 459 liberans
2950 403 3149 478 gratia.
3186 406 3290 473 Qui
3331 406 3496 463 habet

220 491 520 565 promissio,
563 490 882 562 signiﬁcans
932 492 1179 564 gratiam.
1223 493 1304 548 Ibi
1347 494 1618 549 humanus
1675 511 1806 548 usus

222 580 527 650 ostenditur,
550 580 638 636 hic
668 581 907 636 divinum
938 581 1263 639 beneﬁcium
1297 583 1730 638 commendatur.

284 711 449 768 Vnus.
474 713 561 770 24.
585 742 654 753 -
673 715 782 769 Per
808 715 1157 785 allegoriam.
1192 714 1400 770 Dicitur
1429 714 1483 769 id
1512 731 1613 786 per
1664 715 1803 770 alle-

222 802 435 875 goriam,
471 802 688 874 quando
718 803 920 874 aliquid
952 803 1098 858 aliud
1130 803 1341 859 videtur
1371 820 1565 860 sonare
1596 805 1649 857 in
1681 821 1803 859 ver-

221 891 312 959 bis,
361 897 414 946 et
456 890 602 945 aliud
653 891 930 947 intellectu
978 891 1307 964 signiﬁcare,
1362 893 1499 950 sicut
1557 893 1643 948 hic
1707 909 1805 963 per

217 979 492 1049 Abraham,
526 981 672 1033 Deus
693 980 854 1035 Pater
877 999 890 1035 :
915 981 1032 1052 ipse
1055 989 1135 1036 est
1157 981 1300 1038 enim
1321 989 1476 1052 pater
1511 981 1803 1036 multarum

218 1067 463 1141 gentium.
489 1069 636 1124 Abba
656 1068 820 1136 enim,
845 1077 1029 1140 pater;
1055 1087 1168 1140 am,
1193 1070 1575 1125 multarum.Et
1598 1071 1801 1126 subau-

221 1157 369 1222 ditur,
399 1160 678 1228 geutium.
707 1159 771 1213 In
792 1163 983 1214 monte
1010 1160 1166 1215 Sina.
1187 1158 1333 1214 Talis
1372 1158 1478 1214 loci
1528 1159 1802 1216 mentione

221 1245 499 1316 Apostolus
529 1245 802 1318 signiﬁcat
833 1247 978 1318 quod
998 1247 1170 1302 Judaei
1193 1256 1384 1302 contra
1404 1255 1598 1320 gentes
1617 1257 1801 1303 essent

220 1335 426 1404 superbi
455 1335 524 1389 de
556 1335 832 1404 mandato,
868 1336 954 1391 vel
985 1335 1087 1406 ipsi
1117 1345 1300 1391 essent
1331 1337 1552 1407 superbi
1597 1345 1647 1392 et
1709 1345 1800 1392 tu-

218 1423 335 1476 midi
364 1431 550 1478 contra
580 1423 756 1494 ipsum
789 1424 1126 1494 mandatum,
1153 1425 1297 1495 quod
1315 1428 1575 1497 estAgar,
1618 1425 1671 1479 id
1693 1433 1796 1495 est,

221 1510 532 1584 signiﬁcatur
561 1528 664 1583 per
691 1516 861 1585 Agar.
924 1516 1075 1587 Agar
1132 1514 1279 1569 enim
1334 1513 1606 1584 alienatio,
1672 1514 1800 1586 quia

217 1600 397 1656 alienat
440 1601 509 1655 ab
561 1601 900 1660 haereditate.

1907 495 2113 551 virum.
2150 495 2448 567 Synagoga
2479 493 2678 565 quippe
2696 494 2872 549 virum
2893 494 3096 563 habuit,
3121 494 3176 549 id
3189 501 3272 549 est
3293 494 3492 568 legem,

1907 589 1961 636 et
1989 581 2164 637 fetosa
2193 583 2470 653 quondam
2499 581 2596 636 fuit
2625 583 2680 636 in
2709 583 2917 638 liberis.
2950 583 3162 638 Sterilis
3204 599 3336 639 vero
3386 585 3498 639 Ec-

1907 671 2078 726 clesia
2109 671 2225 726 sine
2256 671 2374 726 viro
2404 671 2637 738 Christo,
2663 671 2780 726 sine
2802 671 2913 726 ullo
2935 672 3122 743 sponsi
3142 671 3382 744 alloquio
3402 672 3495 727 diu

1897 760 2070 828 jacuit
2099 759 2154 814 in
2183 761 2421 815 deserto.
2457 761 2564 815 Sed
2593 770 2884 832 postquam
2913 761 3006 814 illa
3035 761 3237 815 librum
3283 760 3496 832 repudii

1905 848 2136 918 accepit,
2170 857 2222 904 et
2251 866 2411 904 omne
2441 858 2818 904 ornamentum
2848 849 2950 905 viri
2979 850 3050 904 ad
3079 850 3209 906 idoli
3230 849 3498 906 convertit

1905 946 2308 1004 ornamentum,
2344 947 2470 994 tunc
2499 939 2748 1006 maritus,
2781 937 2965 1009 priore
2994 947 3344 1009 putrescente
3373 939 3495 994 cin-

1901 1026 2052 1098 gulo,
2085 1026 2252 1083 alium
2281 1027 2481 1081 lumbis
2513 1027 2627 1082 suis
2658 1027 2917 1093 balteum,
2949 1027 3098 1081 aliud
3127 1028 3196 1082 de
3241 1027 3494 1099 gentibus

1901 1114 2152 1170 lumbare
2181 1117 2476 1183 contexuit,
2510 1132 2631 1187 qua:
2671 1116 2849 1172 statim
2880 1123 2938 1171 ut
2965 1115 3082 1172 viro
3105 1117 3394 1186 conjuncta
3417 1124 3501 1172 est

1902 1204 2153 1276 concepit
2179 1212 2232 1259 et
2260 1205 2493 1276 peperit.
2527 1205 2682 1261 Unde
2714 1205 2883 1259 Isaias
2932 1205 3201 1260 exclamat
3231 1222 3246 1259 :
3304 1206 3500 1261 Dilata

1904 1293 2088 1348 locum
2111 1294 2462 1350 tabernaculi
2494 1295 2598 1359 tui,
2632 1298 2690 1349 et
2728 1293 3006 1365 protende
3026 1295 3314 1364 funiculos
3375 1297 3499 1350 tuos

1901 1381 2035 1452 (Isa.
2082 1381 2215 1452 uv).

1971 1470 2253 1527 Vsas.28.
2294 1501 2364 1511 —
2409 1471 2585 1527 Isaac.
2615 1469 2818 1536 -Risus,
2870 1470 2924 1524 id
2974 1478 3056 1525 est
3105 1469 3197 1543 qui
3243 1470 3298 1525 in
3318 1469 3500 1526 laetitia

1901 1559 2164 1624 serviunt,
2199 1575 2308 1614 non
2336 1576 2400 1614 ex
2431 1559 2665 1626 tristitia,
2698 1559 2786 1615 vel
2828 1560 3201 1614 necessitate..

1969 1646 2143 1702 Vens.
2173 1651 2261 1705 26.
2297 1678 2366 1688 —
2387 1649 2846 1720 Persequebatur.
2879 1649 3002 1703 Non
3031 1656 3163 1719 puto
3192 1664 3291 1703 nos
3320 1648 3388 1702 de
3417 1647 3497 1703 fa-

282 1751 440 1808 vus.
475 1754 566 1809 εδ,
594 1782 664 1792 _
683 1753 855 1809 Μοηε,
887 1753 989 1810 per
1015 1752 1195 1808 omnia
1225 1761 1309 1809 est
1356 1755 1715 1826 coniunctus,
1739 1761 1792 1810 et
1824 1765 1877 1826 B
1900 1734 1988 1790 cili
2019 1735 2263 1792 invenire
2283 1752 2447 1807 posse
2468 1737 2560 1791 ubi
2582 1737 2779 1792 Ismael
2799 1745 3119 1807 persecutus
3138 1736 3302 1826 fuerit
3319 1738 3494 1826 Isaac,

223 1839 392 1896 similis
422 1839 472 1896 ei
502 1840 866 1908 Hierusalem,
914 1842 967 1896 id
1027 1850 1110 1898 est
1161 1842 1386 1898 Judaico
1438 1824 1658 1914 pOpulo,
1713 1843 1794 1915 qui

1911 1824 2005 1878 sed
2039 1832 2251 1879 tantum
2285 1824 2438 1894 illud,
2477 1826 2621 1896 quod
2667 1841 2790 1880 cum
2806 1824 2948 1880 ﬁlius
2986 1825 3250 1898 Egyptim
3292 1825 3507 1881 luderet

219 1945 345 1986 nunc
373 1937 468 1998 est,
502 1930 559 1984 id
591 1939 672 1986 est
701 1931 790 2002 qui
819 1930 1192 2001 temporaliter
1237 1931 1424 1988 servit.
1478 1933 1644 1987 Totus
1699 1947 1803 2002 po-

219 2018 359 2090 pulus
386 2026 585 2088 mater,
618 2019 821 2092 singuli
853 2027 978 2074 sunt
1009 2018 1124 2086 ﬁlii,
1157 2019 1245 2075 vel
1272 2019 1559 2090 proselyti,
1586 2020 1674 2092 qui
1696 2037 1807 2075 om-

233 2123 317 2162 nes
346 2107 535 2177 timore
568 2123 747 2178 pmnae
775 2108 1036 2164 serviunt.
1099 2109 1204 2163 Per
1257 2110 1374 2165 hzec
1429 2109 1610 2164 omnia
1659 2117 1808 2180 patet

232 2195 364 2267 quod
391 2204 547 2250 vetus
578 2195 666 2250 lex
695 2213 804 2252 non
833 2205 916 2251 est
945 2196 1200 2267 tenenda,
1236 2197 1332 2252 sed
1363 2213 1505 2253 nova
1549 2215 1670 2269 qua}
1692 2215 1808 2252 sur-

227 2301 348 2354 sum,
380 2302 498 2356 quaa
526 2284 722 2340 libera.
760 2286 984 2358 Arabia,
1026 2294 1129 2342 etc.
1179 2286 1481 2356 Humilitas,
1527 2286 1616 2342 vel
1666 2286 1807 2342 afﬂi—

219 2373 326 2441 ctio,
357 2373 481 2444 quia
511 2373 898 2447 afﬂigebantur
926 2375 1028 2430 sub
1057 2375 1365 2432 carnalibus
1418 2375 1802 2432 observantiis.

278 2507 545 2567 Vans.26.
593 2539 663 2550 —
712 2509 843 2576 Qua:
872 2526 1098 2566 sursum
1118 2515 1221 2566 est.
1267 2511 1514 2580 Superna
1561 2517 1644 2564 est
1674 2526 1806 2565 san-

221 2603 408 2652 ctorum
439 2599 652 2665 civitas,
684 2597 812 2655 licet
857 2598 911 2652 in
953 2599 1280 2670 quibusdam
1332 2615 1468 2670 quos
1511 2598 1598 2654 hic
1644 2599 1804 2669 parit,

229 2685 387 2742 adhuc
436 2687 834 2758 peregrinetur.
896 2689 1031 2742 Sara
1086 2687 1285 2742 sterilis
1343 2686 1614 2760 signiﬁcat
1661 2687 1808 2758 quod

225 2783 398 2829 natura
440 2775 669 2830 humani
694 2775 916 2846 generis
943 2785 1168 2846 peccato
1199 2776 1396 2844 vitiata,
1432 2784 1483 2830 et
1511 2775 1635 2830 ideo
1655 2776 1810 2830 dam-

233 2871 342 2918 nata
371 2864 498 2918 nihil
526 2881 678 2919 vera:
726 2864 1002 2920 felicitatis
1050 2864 1102 2918 in
1145 2872 1426 2936 posterum
1472 2865 1802 2920 merebatur.

231 2951 362 3008 Isaac
388 2969 484 3023 per
515 2953 1002 3024 repromissionem
1032 2961 1194 3008 natus
1211 2953 1387 3024 signat
1407 2952 1547 3009 ﬁlios
1569 2953 1753 3025 gratia:
1789 2970 1804 3008 :

223 3048 265 3095 et
290 3041 402 3112 quia
430 3043 534 3098 hoc
566 3057 689 3096 non
719 3058 820 3113 per
848 3042 1338 3114 regenerationem,
1376 3044 1472 3097 sed
1510 3058 1610 3113 per
1630 3058 1808 3115 gene-

1907 1928 2028 1967 cum
2061 1914 2235 1980 Isaac,
2271 1913 2554 1987 indignata
2584 1914 2654 1968 sit
2702 1914 2858 1968 Sara.

1981 2002 2152 2057 Vens.
2187 2007 2274 2057 31.
2305 2033 2377 2044 -
2411 2004 2528 2072 Qua
2559 2003 2837 2058 libertate.
2861 2002 3108 2058 Libertas
3139 2018 3248 2074 qua
3287 2001 3502 2058 liberati

1907 2107 2095 2147 sumus
2127 2107 2159 2146 a
2189 2091 2424 2159 Christo,
2459 2100 2542 2146 est
2569 2099 2921 2163 peccatorum
2953 2091 3224 2159 remissio,
3276 2099 3330 2148 et
3375 2090 3503 2148 ﬁdei

1906 2198 2008 2255 per
2035 2179 2385 2238 dilectionem
2413 2181 2692 2252 operantis
2736 2179 3074 2252 justiﬁcatio.

2529 2352 2756 2408 CAPUT
2821 2352 2888 2408 V.

1981 2491 2154 2546 Vens.
2177 2494 2230 2547 2.
2254 2519 2324 2531 -
2344 2490 2405 2546 Si
2425 2491 2937 2548 circumcidamini.
2963 2491 3318 2548 Circumcisio
3340 2500 3502 2548 etcte-

1907 2587 2026 2635 tera
2053 2578 2254 2652 legalis
2283 2579 2353 2633 ita
2383 2579 2523 2634 natis
2552 2587 2605 2635 et
2626 2580 2877 2635 institutis
2907 2596 3018 2636 non
3064 2588 3190 2635 sunt
3234 2581 3413 2648 noxia,
3437 2581 3502 2635 li-

1909 2677 1996 2725 cet
2023 2684 2131 2723 non
2171 2669 2506 2736 necessaria,
2556 2669 2735 2742 magis
2783 2669 3004 2724 noxium
3049 2677 3165 2725 erat
3210 2670 3503 2740 prohibere

1910 2757 2066 2830 quasi
2098 2757 2531 2814 noxia.Gentiles
2561 2774 2694 2814 vero
2722 2758 2791 2812 ad
2817 2759 2945 2812 talia
2965 2774 3076 2813 non
3095 2767 3222 2813 sunt
3243 2758 3500 2831 cogendi.

1911 2847 2018 2901 Sed
2043 2846 2094 2905 ,si
2126 2846 2317 2900 nolunt
2349 2846 2428 2901 eis
2459 2863 2788 2921 congruere,
2816 2856 2872 2902 ut
2892 2848 3226 2914 Timotheus,
3251 2863 3360 2902 non
3378 2854 3503 2902 sunt

1909 2934 2251 3006 prohibendi,
2286 2935 2383 2990 sed
2411 2936 2456 2991 si
2486 2936 2541 2990 in
2572 2936 2656 2990 his
2686 2934 2980 3004 conﬁdunt,
3016 2943 3141 2990 sunt
3170 2935 3368 3006 perditi
3399 2955 3413 3002 ;
3440 2935 3504 2990 li-

1909 3032 1995 3081 cet
2015 3018 2099 3077 his
2122 3038 2258 3095 ergo
2277 3023 2369 3078 illa
2391 3032 2578 3081 tenere
2601 3042 2669 3080 ne
2691 3025 2975 3080 videantur
2995 3023 3303 3095 improbata
3323 3024 3502 3096 potius

225 3130 468 3186 rationem
495 3112 736 3186 futurum
767 3139 900 3196 erat,
917 3112 1047 3187 ideo
1074 3139 1200 3188 tunc
1240 3131 1499 3202 imperata
1515 3112 1524 3113 η
1556 3112 1656 3187 est“
1686 3131 1802 3188 cir-
1837 3127 1886 3191 C
1912 3129 2075 3202 quam
2107 3112 2419 3168 ιθῐτηίηδίθι·
2449 3114 2714 3169 Gentibus
2728 3129 2859 3169 νεΥο
2873 3129 2982 3168 non
3004 3121 3128 3167 sum
3147 3113 3499 3202 ίῐηροηβηάθιν

223 3219 474 3286 cumcisio,
509 3220 732 3292 quando
763 3221 912 3276 Sara:-
940 3221 1246 3291 promissus
1263 3229 1345 3275 est
1373 3219 1535 3276 ﬁlius.
1561 3221 1802 3276 Circum-

223 3306 336 3362 cisio
367 3311 506 3363 enim
539 3307 817 3382 signiﬁcat
845 3317 1091 3364 naturam
1122 3318 1283 3365 exuta
1323 3318 1588 3366 vetustate
1627 3327 1797 3366 nova-

225 3402 332 3450 tam.
365 3396 516 3466 Quod
547 3414 744 3453 omnes
774 3396 912 3453 ﬁlios
941 3406 996 3454 et
1025 3415 1216 3454 servos
1247 3399 1564 3455 circumcidi
1602 3399 1793 3468 jubet;

226 3485 284 3538 ad
310 3501 490 3541 omnes
522 3487 688 3542 istam
715 3487 943 3561 gratiam
975 3488 1251 3559 pertinere
1283 3496 1526 3543 testatur.
1568 3491 1696 3557 Qua:
1713 3492 1798 3544 est

226 3573 395 3630 Mater.
426 3574 564 3644 Quia
598 3577 799 3649 singuli
830 3577 1002 3633 verbo
1033 3584 1086 3632 et
1115 3577 1366 3648 exemplo
1396 3579 1516 3647 ejus
1544 3576 1796 3634 instructi

223 3675 278 3715 ex
305 3663 555 3720 charitate
599 3666 862 3722 serviunt.

278 3802 430 3861 Vens.
449 3809 538 3864 27.
563 3838 637 3848 -
664 3808 954 3879 Scriptum
968 3811 1071 3863 est.
1096 3806 1256 3876 Quod
1278 3807 1445 3862 libera
1464 3807 1530 3862 sit
1552 3807 1602 3862 ei
1621 3815 1795 3862 mater

222 3895 505 3951 auctoritate
537 3896 694 3950 Isaiae
725 3897 916 3966 probat
948 3896 1188 3951 subdens
1223 3914 1235 3950 :
1292 3897 1526 3952 Lwtare.
1579 3896 1788 3966 Lmtari,

223 3995 495 4054 erumpere,
531 3985 792 4052 clamare,
824 3985 1096 4056 pertinent
1155 3986 1225 4039 ad
1281 3985 1606 4041 libertatem.
1664 3987 1787 4041 Non

218 4072 364 4138 paris.
397 4073 504 4129 Hoc
535 4074 669 4128 dicit
693 4074 821 4144 quia
847 4074 940 4128 illo
971 4082 1216 4145 tempore
1248 4074 1401 4146 quasi
1450 4075 1628 4129 nullos
1685 4091 1789 4146 ge-

223 4157 330 4214 nuit.
373 4162 485 4217 Nou
527 4164 808 4234 parturis,
853 4161 981 4233 quia
1027 4164 1259 4218 necdum
1309 4171 1559 4219 conatum
1581 4163 1785 4218 habuit.

225 4245 430 4315 Lartare,
459 4250 513 4304 in
546 4251 736 4306 corde.
770 4253 1034 4323 Erum-pe.
1085 4251 1347 4307 Laztitiam
1392 4252 1588 4306 mentis
1637 4260 1790 4307 extra

224 4337 439 4392 ostende.
477 4341 691 4396 Clama.
726 4339 995 4394 Gaudium
1027 4347 1179 4394 tuum
1207 4341 1325 4396 aliis
1352 4341 1610 4412 prredica.
1650 4343 1791 4409 Quia

223 4425 370 4478 multi
397 4428 520 4494 ﬁlii.
547 4430 662 4484 Hoc
678 4429 910 4498 pertinet
933 4429 1002 4484 ad
1021 4438 1271 4484 matrem.
1309 4429 1474 4484 Isaias
1515 4430 1790 4501 aspiciens

222 4489 435 4583 tempore
465 4489 1006 4572 Christi-Ecclesiam
1056 4519 1299 4591 gentium
1350 4528 1473 4574 ante
1524 4489 1784 4584 sterilem,
1810 4489 1868 4552 D
1977 4494 2147 4591 VERS,‘

225 4605 333 4655 tunc
357 4601 576 4659 fetosam
607 4621 730 4660 eam
771 4606 1084 4676 alloquitur,
1133 4608 1322 4662 dicens
1384 4625 1397 4661 :
1451 4609 1496 4663 Ο
1546 4608 1790 4662 Ecclesia

223 4689 396 4744 sterilis
424 4711 541 4763 qua:
571 4702 816 4764 tempore
846 4695 985 4767 legis
1017 4711 1119 4750 nec
1147 4697 1344 4752 virtute
1383 4697 1626 4752 miraculi
1683 4713 1788 4767 pa-

219 4775 298 4843 ris,
328 4789 422 4836 etc.
452 4784 716 4838 Desertce.
750 4784 942 4838 Plures
971 4783 1063 4837 ﬁlii
1093 4794 1218 4839 sunt
1247 4785 1512 4840 Ecclesiae
1540 4785 1670 4840 olim
1692 4787 1788 4840 de-

229 4875 385 4934 sertae,
415 4887 573 4940 quam
631 4873 939 4944 Synagogze
997 4874 1313 4944 generantis
1371 4875 1606 4929 interim.
1670 4877 1786 4930 Hoc

221 4956 459 5024 superﬂue
490 4960 557 5014 de
590 4961 810 5033 antiqua
839 4962 973 5016 Sara
1000 4962 1205 5018 diceret
1240 4963 1424 5029 Isaias,
1449 4964 1517 5018 de
1539 4963 1786 5019 Ecclesia

221 5055 333 5113 ergo
359 5046 530 5102 dicere
560 5048 947 5120 intelligendus
976 5059 1078 5105 est.
1115 5051 1326 5108 Sterilis
1357 5059 1537 5108 autem
1569 5061 1684 5107 erat
1729 5052 1787 5106 in

221 5131 438 5189 omnibus
479 5136 770 5207 gentilibus
827 5139 1090 5204 Ecclesia,
1152 5148 1443 5212 antequam
1491 5140 1592 5196 iste
1623 5140 1780 5211 fetus,

223 5231 357 5286 quem
385 5225 653 5280 cernimus
683 5225 936 5282 oriretur.
999 5227 1289 5300 Synagoga
1343 5244 1478 5300 ergo
1537 5236 1621 5284 est
1665 5246 1783 5302 quae

223 5303 361 5363 habet
385 5312 576 5383 virum,
611 5315 664 5368 id
695 5322 777 5369 est
805 5315 1007 5388 legem.
1037 5317 1265 5372 Deserta
1296 5333 1446 5388 vero,
1482 5324 1536 5372 et
1565 5335 1699 5389 vaga
1730 5326 1786 5374 et

223 5393 318 5450 sine
345 5399 447 5455 ulla
477 5411 740 5472 potestate
774 5405 874 5459 viri
929 5405 1136 5474 vivens,
1198 5406 1444 5478 gentium
1497 5407 1783 5464 multitudo

222 5490 307 5568 εει,
334 5505 445 5560 qua:
473 5499 524 5545 et
553 5492 753 5547 sterilis
785 5501 922 5563 erat,
958 5493 1157 5551 nullius
1188 5494 1416 5566 legitimi
1444 5496 1598 5551 verbi
1647 5514 1782 5568 pro-

225 5567 378 5631 terens
404 5595 646 5652 germen.
681 5583 829 5640 Parit
858 5582 1077 5657 quidem
1108 5584 1257 5642 cives
1286 5594 1520 5644 terrenae
1545 5567 1780 5644 civitatis

225 5674 416 5731 Peccato
443 5671 625 5730 vitiata
649 5680 843 5732 natura
873 5692 890 5744 ;
919 5673 1161 5736 caelestis
1180 5692 1314 5735 vero
1370 5677 1600 5736 civitatis
1630 5677 1782 5736 cives

1905 3220 1973 3257 ne
2004 3201 2293 3258 videantur
2322 3210 2412 3257 aut
2442 3221 2552 3260 non
2583 3219 2749 3259 causa
2777 3202 3114 3274 promittenti
3151 3201 3368 3270 Christi,
3422 3201 3505 3255 in-

1908 3293 2110 3361 stituta,
2174 3299 2264 3349 aut
2293 3295 2469 3349 adhuc
2525 3293 2864 3364 promittere,
2924 3292 3021 3347 sed
3073 3291 3342 3346 cessando
3391 3290 3506 3359 jam

1897 3391 2086 3453 patent
2116 3384 2280 3458 signa
2310 3382 2475 3436 futuri
2506 3381 2692 3449 fuisse,
2726 3398 2988 3453 quaecum
3009 3382 3218 3436 honore
3240 3379 3502 3452 paulatim

1899 3472 2210 3528 deserendo
2237 3479 2394 3527 erant
2425 3471 2762 3541 sepelienda,
2795 3486 2905 3525 non
2934 3477 2992 3524 ut
3024 3470 3317 3541 sacrilegia
3348 3485 3491 3542 gen-

1896 3559 2030 3615 tium
2076 3560 2354 3634 fugienda.

1969 3675 2139 3729 Vrsas.
2161 3677 2212 3727 3.
2243 3703 2312 3712 —
2332 3672 2558 3727 Debitor
2591 3676 2694 3728 est.
2729 3673 2845 3727 Hoc
2873 3671 2996 3727 ideo
3053 3671 3144 3740 ait,
3207 3681 3265 3727 ut
3296 3680 3504 3728 terrore

1894 3771 2005 3818 tam
2055 3760 2535 3816 innumerabilium
2591 3760 3037 3816 Observationum
3091 3777 3212 3831 quae
3269 3761 3321 3814 in
3379 3761 3505 3833 lege

1895 3852 2112 3924 scripta
2128 3859 2270 3918 sunt,
2297 3867 2364 3906 ne
2385 3866 2576 3905 omnes
2599 3849 2826 3920 implere
2857 3857 3207 3922 cogerentur,
3225 3849 3371 3919 quod
3391 3865 3496 3905 nec

1898 3939 2005 4012 ipsi
2032 3941 2226 4008 Judzei,
2259 3955 2361 3995 nec
2381 3947 2567 4010 patres
2588 3954 2777 3993 eorum
2797 3938 3027 4009 implere
3047 3945 3362 4009 potuerunt,
3388 3937 3496 3993 sic-

1900 4039 1958 4084 ut
1989 4032 2182 4086 Petrus
2211 4030 2304 4095 ait,
2340 4028 2679 4084 abstinerent
2707 4029 2774 4083 ab
2818 4028 2904 4083 his
2943 4027 3138 4100 quibus
3192 4043 3289 4083 eos
3336 4024 3504 4099 aliqui

1903 4119 2174 4189 subjicere
2220 4118 2532 4189 cupiebant.

1968 4227 2142 4280 Vnus.
2167 4227 2218 4280 4.
2244 4255 2314 4266 -
2334 4225 2374 4280 Α
2393 4224 2584 4296 gratia
2603 4223 2922 4280 exeidz’stis.
2945 4222 3081 4292 Quae
3103 4223 3174 4279 ad
3193 4225 3298 4280 hoc
3319 4223 3485 4290 venit,

1916 4323 1975 4370 ut
2001 4322 2252 4371 cessante
2282 4330 2450 4370 onere
2473 4311 2766 4383 justiﬁcet;
2799 4313 2945 4384 quod
2967 4313 3060 4383 qui
3089 4313 3319 4383 reducit,
3361 4314 3504 4368 hanc

1890 4403 2089 4474 perdit.

2187 4496 2238 4547 5.
2262 4492 2448 4547 —Nos
2471 4491 2644 4547 enim.
2669 4489 2773 4559 Qui
2801 4489 2856 4544 in
2885 4490 3008 4562 lege
3039 4487 3278 4558 conﬁdit,
3336 4489 3498 4544 amit—

1895 4581 1955 4636 tit
1981 4582 2238 4654 gratiam,
2273 4580 2420 4652 quod
2449 4597 2514 4635 ex
2545 4579 2824 4635 contrario
2855 4585 3033 4649 potest
3061 4578 3253 4646 videri,
3279 4578 3408 4650 quia
3428 4595 3495 4635 ex

1891 4669 1998 4725 fide
2024 4670 2253 4740 justitia,
2288 4677 2341 4723 et
2373 4685 2519 4738 spes,
2552 4668 2608 4722 id
2658 4676 2757 4732 est,
2811 4676 3036 4723 externa
3091 4667 3406 4724 beatitudo:
3438 4676 3495 4724 et

1892 4760 1997 4815 hoc
2027 4759 2259 4815 facimus
2288 4774 2388 4828 per
2409 4757 2679 4826 spiritum,
2715 4756 2807 4827 qui
2831 4773 2941 4812 non
3005 4764 3186 4828 potest
3241 4757 3355 4812 falli
3407 4765 3501 4814 aut

1893 4848 2103 4904 fallere.
2138 4851 2304 4920 Spem
2325 4846 2594 4919 justitiw.
2616 4846 2676 4900 Id
2693 4854 2796 4915 est,
2839 4862 3000 4917 quam
3049 4855 3229 4917 sperat
3265 4846 3495 4916 jnstitia,

1893 4938 2102 4993 scilicet
2131 4937 2298 4992 vitam
2327 4944 2607 5003 aeternam,
2643 4935 2748 5003 vel,
2805 4952 2927 5006 qua:
2947 4944 3206 5006 speratur
3236 4935 3355 5006 ipsa
3385 4936 3504 5004 jus-

1891 5024 2023 5078 titia.
2051 5025 2210 5080 Fides
2231 5025 2375 5080 enim
2398 5024 2647 5080 esuriens
2677 5032 2730 5078 et
2773 5024 2963 5079 sitiens
3004 5024 3266 5093 justitiam
3317 5031 3500 5096 sperat

1889 5113 1945 5167 in
1977 5130 2044 5169 ea
2067 5114 2320 5170 renovari
2378 5121 2430 5169 et
2486 5112 2779 5185 proﬁcere.
2830 5113 2950 5181 Vel,
2985 5130 3112 5184 spes
3145 5113 3368 5184 justitia:
3416 5121 3501 5170 est

1889 5202 2156 5272 Christus,
2190 5219 2257 5259 ex
2286 5219 2392 5276 quo
2423 5211 2675 5274 speratur
2713 5201 2922 5273 justitia
2966 5202 3102 5274 ipsa.

1957 5320 2131 5375 Vens.
2149 5321 2200 5375 6.
2219 5349 2289 5360 --
2310 5320 2452 5376 Nam
2480 5320 2544 5374 in
2564 5319 2804 5375 Christo.
2829 5318 2925 5373 His
2938 5334 3070 5374 vero
3092 5318 3184 5391 qui
3205 5319 3262 5374 in
3283 5317 3497 5375 Christo

1887 5407 2018 5464 Jesu
2048 5408 2238 5464 volunt
2266 5408 2355 5479 pie
2412 5407 2617 5474 vivere,
2679 5408 2909 5464 virtutes
2969 5410 3292 5481 appetendaa
3349 5413 3490 5472 sunt,

1887 5507 1942 5555 et
1970 5498 2082 5555 vita
2110 5497 2385 5571 fugienda.
2421 5497 2596 5553 Media
2624 5513 2755 5554 vero
2789 5515 2912 5570 quae
2957 5498 3100 5554 inter
3158 5499 3384 5553 virtutes
3441 5501 3495 5550 et

1885 5587 2019 5644 vitia
2049 5595 2195 5656 sunt,
2227 5604 2330 5644 nec
2357 5587 2665 5660 appetenda
2695 5596 2841 5656 sunt,
2875 5603 2979 5644 nec
3007 5586 3281 5659 fugienda,
3315 5590 3374 5638 ut
3393 5581 3494 5638 cir-

1883 5677 2158 5738 cumcisio
2187 5685 2243 5736 et
2271 5677 2617 5752 praeputium,
2651 5693 2774 5750 qua
2803 5676 2940 5735 nihil
2967 5674 3152 5734 valent
3177 5673 3235 5729 in
3277 5670 3494 5729 Christo
