3964 6178
411 298 513 350 583

927 291 1334 350 VVALAFRIDI
1363 292 1607 350 STRABI
1636 293 1834 351 FULD.
1871 292 2043 350 MON.
2078 293 2231 352 OPP.
2267 295 2470 353 PARIS
2500 297 2540 351 Ι.
2579 327 2648 339 -
2680 297 3154 356 THEOLOGICA.

3625 306 3736 358 584

420 420 524 476 Sed
553 419 718 490 fides.
753 417 880 474 Sine
911 418 1200 473 dilectione
1222 417 1356 473 ﬁdes
1377 418 1554 473 inanis
1573 427 1673 473 est.
1705 419 1870 474 Fides
1893 436 2018 476 cum
2048 424 2103 484 Α
2122 421 2250 493 quia
2276 422 2492 477 dilectio
2524 423 2625 477 Dei
2657 422 2709 477 in
2739 423 3029 480 dilectione
3058 425 3299 496 proximi
3343 427 3660 483 continetur
3715 447 3732 494 ;

419 508 708 564 dilectione
739 507 1030 563 Christiani
1061 516 1162 562 est.
1195 508 1314 561 Alia
1344 517 1425 561 est
1453 508 1734 562 darmonis.
1788 510 1929 565 Nam
1960 514 2016 565 et

420 597 698 653 daemones
718 598 961 652 credunt
981 601 1038 651 et
1056 597 1503 652 contremiscunt
1527 597 1668 666 (Jac.
1686 597 1767 667 ιι).
1807 597 1910 666 Qui
1928 615 2015 652 au-

417 694 525 740 tem
556 701 666 740 non
711 686 958 752 credunt,
1005 685 1270 739 tardiores
1315 693 1438 738 sunt
1486 693 1539 740 et
1587 687 1806 756 pejores
1853 703 2014 757 quam

419 775 716 830 daemones.
752 775 859 829 Sed
889 774 1119 828 multum
1149 774 1393 839 interest,
1428 781 1606 828 utrum
1657 775 1776 845 quis
1825 776 2014 830 credat

415 862 594 934 ipsum
627 879 750 918 esse
777 863 1070 928 Christum,
1105 878 1174 917 an
1194 863 1384 918 credat
1410 863 1465 916 in
1523 864 1818 918 Christum.
1875 865 2013 917 Nam

417 951 595 1022 ipsum
626 951 898 1006 Christum
928 967 1050 1006 esse
1082 952 1360 1006 daemones
1389 951 1754 1018 crediderunt,
1786 968 1888 1008 nec
1928 960 2012 1007 ta—

417 1056 544 1094 men
572 1040 628 1093 in
671 1040 947 1094 Christum
987 1040 1354 1095 crediderunt.
1408 1040 1501 1096 Ille
1549 1041 1692 1095 enim
1739 1041 1913 1096 credit
1958 1042 2012 1095 in

417 1126 710 1195 Christum,
747 1128 838 1200 qui
868 1136 1054 1200 sperat
1083 1129 1139 1182 in
1183 1128 1479 1200 Christum,
1529 1137 1583 1184 et
1624 1129 1803 1202 diligit
1849 1129 2012 1184 Chri-

421 1224 583 1272 stum.

489 1331 660 1386 Vens.
696 1334 749 1386 '7.
773 1361 843 1371 -—
867 1331 1208 1387 Currebatis.
1243 1330 1342 1386 Hic
1359 1330 1543 1385 laudat
1565 1331 1807 1398 Galatas,
1833 1339 1885 1386 et
1916 1346 2011 1386 eos

417 1438 517 1492 per
548 1437 685 1492 quos
717 1420 923 1476 inducti
951 1428 1076 1474 sunt
1105 1427 1161 1474 ut
1209 1420 1483 1488 judaizare
1528 1420 1745 1486 vellent,
1796 1420 2013 1490 vitupe-

416 1518 531 1577 rat;
566 1518 619 1564 et
648 1527 716 1564 ne
746 1509 850 1563 illis
898 1507 1260 1574 consentiant,
1303 1497 1512 1562 'monet.

488 1627 657 1681 Vens.
684 1628 769 1680 10.
793 1656 862 1665 -
877 1625 1117 1693 Conﬁdo.
1144 1625 1272 1679 Ideo
1293 1624 1569 1679 confidere
1589 1625 1657 1679 de
1679 1623 1763 1678 his
1785 1641 1844 1678 se
1859 1624 2008 1693 dicit,

418 1714 543 1788 quia
571 1732 678 1770 non
710 1722 901 1785 sponte
933 1713 1030 1768 sed
1058 1712 1414 1768 circumventi
1447 1713 1722 1768 errabant.
1767 1713 1838 1766 Et
1887 1713 2012 1767 ideo

418 1812 636 1858 ostensa
667 1804 829 1859 modo
861 1820 986 1858 vera
1018 1804 1104 1858 via
1133 1803 1289 1858 facile
1318 1803 1491 1858 credit
1528 1818 1624 1857 eos
1670 1817 2005 1856 reversuros.

425 1893 753 1948 Conturbat.
779 1893 844 1947 Ut
876 1892 1082 1947 scilicet
1113 1899 1316 1946 mutato
1349 1891 1539 1946 ordine
1556 1891 1624 1945 de
1646 1889 2016 1960 spiritualibus

417 1980 536 2034 sitis
566 1980 831 2036 carnales.
873 1981 1218 2052 Quicunque.
1255 1979 1500 2047 Occulte,
1535 1978 1762 2049 iquiunt,
1795 1979 2014 2032 Petrum

418 2068 642 2136 lacerat,
675 2069 763 2124 cui
794 2084 962 2139 supra
1000 2069 1057 2122 in
1105 2067 1301 2124 faciem
1359 2083 1419 2122 se
1477 2066 1744 2122 restitisse
1796 2065 2016 2137 scripsit

417 2158 564 2228 quod
594 2173 703 2212 non
732 2165 882 2212 recto
911 2158 1050 2228 pede
1081 2156 1371 2212 incesserit
1403 2156 1471 2211 ad
1500 2155 1784 2226 Evangelii
1814 2155 2014 2210 verita-

419 2254 525 2300 tem
560 2264 572 2300 :
607 2247 704 2301 sed
746 2262 847 2302 nec
906 2247 1100 2300 Paulus
1158 2254 1266 2300 tam
1323 2245 1541 2316 procaci
1597 2244 1890 2300 maledicto
1944 2243 2013 2298 de

417 2334 680 2391 Ecclesiae
710 2334 956 2405 principe
981 2335 1316 2406 loqueretur,
1351 2350 1452 2390 nec
1483 2335 1675 2388 Petrus
1705 2333 1924 2405 dignus,
1957 2340 2014 2386 ut

419 2431 660 2493 portaret
683 2423 944 2492 judicium
991 2423 1273 2478 Ecclesize.
1325 2422 1600 2491 Quocirca
1643 2421 2012 2475 arbitrandum

417 2519 497 2567 est
527 2514 644 2567 haec
673 2511 743 2565 de
773 2511 881 2566 alio
914 2511 1150 2582 quodam
1180 2511 1304 2580 dici,
1340 2510 1431 2582 qui
1463 2511 1547 2564 vel
1577 2526 1702 2566 cum
1751 2509 2012 2580 apostolis

414 2599 607 2668 fuerat,
644 2599 732 2654 vel
761 2599 828 2654 de
858 2600 1046 2654 Judaea
1075 2608 1314 2667 venerat,
1351 2599 1440 2654 vel
1473 2615 1538 2654 ex
1570 2598 1857 2652 Pharisazis
1887 2613 2012 2653 cre-

416 2689 646 2757 diderat,
682 2688 769 2744 vel
799 2688 994 2760 aliquis
1024 2704 1256 2760 magnus
1288 2687 1367 2743 sic
1396 2687 1540 2757 apud
1588 2687 1814 2742 Galatas
1871 2686 2013 2741 aesti-

417 2785 612 2845 matus,
646 2785 705 2832 ut
733 2785 908 2847 portet
930 2777 1193 2846 judicium
1222 2775 1485 2832 Ecclesiae
1521 2775 1865 2846 perturbatae.

491 2893 662 2947 Vens.
690 2895 775 2947 11.
800 2923 868 2932 -
888 2894 998 2964 Ego
1037 2897 1250 2948 autem.
1286 2892 1673 2963 Imponebatur
1701 2906 1734 2945 a
1779 2889 2008 2962 pseudo,

419 2982 563 3054 quod
592 2981 791 3036 Paulus
822 2981 948 3036 alibi
989 2981 1461 3037 circumcisionem
1520 2980 1859 3052 praedicaret,
1914 2977 2011 3033 sed

417 3086 526 3125 non
557 3071 637 3125 eis
665 3069 821 3126 facile
851 3070 1168 3125 sententiam
1201 3086 1354 3124 suam
1381 3069 1591 3140 aperire
1619 3069 1800 3125 vellet.

2113 519 2164 564 et
2196 510 2318 564 ideo
2347 510 2401 564 in
2431 511 2531 565 hoc
2562 520 2837 582 prmcepto
2869 513 3139 583 perfectio
3173 515 3368 568 salutis
3426 524 3529 582 est,
3597 515 3733 586 quia

2113 598 2230 653 sine
2261 599 2506 670 proximo
2537 616 2647 654 non
2667 600 2914 672 diligitur
2939 604 3086 656 Deus
3113 619 3124 657 :
3149 604 3254 670 Qui
3274 607 3431 660 enim
3454 621 3573 659 non
3592 605 3729 660 dili-

2111 688 2194 760 git
2212 689 2541 760 proximum
2557 706 2744 755 suum,
2762 707 2924 761 quem
2939 691 3108 759 videt,
3123 693 3320 758 Deum,
3337 709 3504 765 quem
3518 709 3638 748 non
3651 695 3735 748 vi-

2115 776 2227 842 det,
2254 778 2517 848 quomodo
2541 782 2726 850 potest
2756 779 2990 850 diligere
3025 784 3048 835 ?
3095 782 3148 850 (Ι
3190 783 3352 838 Joan.
3406 781 3511 850 tv.)
3596 781 3736 836 Cum

2115 864 2282 936 igitur
2310 873 2600 938 utrumque
2626 876 2960 938 praeceptum
2990 868 3063 922 ita
3093 869 3179 936 sit,
3213 879 3269 924 ut
3313 878 3573 924 neutrum
3614 869 3737 926 sine

2114 953 2286 1008 altero
2335 955 2508 1025 possit
2556 956 2749 1023 teneri,
2800 973 2967 1010 unum
3013 973 3206 1012 eorum
3253 956 3453 1014 sufficit
3475 974 3737 1015 comme—

2113 1058 2348 1098 morare.
2382 1044 2539 1100 Sicut
2573 1046 2836 1116 teipsum.
2884 1047 3007 1100 Non
3035 1054 3215 1116 potest
3244 1048 3562 1118 proximum
3598 1047 3738 1102 dili-

2113 1148 2264 1204 gere,
2298 1132 2389 1202 qui
2419 1148 2529 1186 non
2559 1132 2734 1204 diligit
2765 1150 2845 1188 se.
2880 1134 2950 1189 Se
2974 1142 3151 1189 autem
3183 1152 3292 1190 non
3322 1136 3500 1207 diligit
3521 1136 3621 1208 qui
3654 1137 3738 1190 di-

2118 1219 2243 1292 ligit
2271 1219 2626 1291 iniquitatem.
2665 1222 2772 1288 Qui
2797 1225 2953 1278 enim
2983 1223 3574 1297 diligitiniquitatem,
3616 1225 3741 1281 odit

2115 1310 2374 1364 animam
2403 1327 2568 1366 suam
2597 1311 2791 1380 (Psal.
2841 1312 2921 1380 Χ).

2186 1417 2353 1471 Vnus.
2382 1420 2466 1472 15.
2491 1448 2559 1457 —
2592 1418 2914 1474 Comeditis.
2951 1418 3046 1473 Vel
3077 1420 3496 1487 criminamini,
3523 1421 3584 1476 id
3611 1430 3716 1489 est,

2113 1503 2336 1558 crimina
2377 1505 2532 1559 vobis
2573 1505 2806 1562 invicem
2855 1507 3214 1577 imponentes.
3265 1509 3342 1563 Ne
3387 1511 3456 1564 ab
3479 1511 3736 1564 invicem

2111 1596 2550 1648 consumamini.
2576 1594 2678 1649 Per
2697 1595 2934 1650 schisma
2954 1596 3276 1651 Christianae
3296 1597 3612 1670 religionis,
3629 1615 3732 1668 per

2114 1697 2308 1736 vanam
2337 1682 2569 1752 gloriam
2616 1699 2917 1756 vanamque
2967 1684 3252 1739 victoriam
3302 1694 3512 1740 mutata
3565 1702 3734 1741 occa-

2039 1781 2092 1840 Β
2119 1769 2272 1824 sione
2301 1770 2575 1824 charitatis
2605 1772 2710 1827 hoc
2740 1788 2929 1826 eorum
2959 1772 3145 1827 vitium
3185 1773 3376 1846 tetigit,
3431 1774 3566 1845 quia
3619 1775 3735 1829 dis-

2122 1859 2305 1912 sensio
2337 1859 2557 1914 inimica
2588 1868 2670 1914 est
2699 1860 3028 1916 dilectionis.
3062 1863 3178 1917 Hoc
3209 1862 3350 1916 enim
3383 1864 3632 1918 maxime
3661 1863 3734 1918 vi-

2118 1948 2191 2001 tio
2222 1948 2586 2002 contentionis
2619 1957 2672 2002 et
2712 1949 2930 2004 invidiae
2977 1957 3030 2004 et
3072 1950 3384 2020 perniciosa
3433 1952 3580 2006 inter
3633 1969 3732 2008 eos

2109 2035 2292 2108 jurgia
2323 2037 2718 2107 nutriebantur,
2757 2037 2956 2109 quibus
3005 2039 3344 2094 consumitur
3390 2040 3634 2096 societas
3681 2050 3734 2097 et

2115 2124 2244 2180 vita.

2185 2240 2357 2294 Vens.
2392 2243 2478 2295 16.
2512 2242 2728 2297 —Dico
2757 2246 2952 2297 autem
2983 2244 3045 2296 in
3065 2243 3303 2312 Christo,
3320 2251 3422 2298 etc.
3466 2243 3734 2301 Ostendit

2116 2345 2278 2399 quam
2308 2328 2587 2384 sufﬁciens
2619 2330 2688 2383 sit
2716 2328 2852 2385 fides
2881 2331 3083 2386 Christi
3115 2331 3231 2386 sine
3264 2331 3410 2404 lege,
3441 2333 3571 2403 quia
3624 2350 3729 2404 per

2095 2433 2232 2471 eam
2290 2434 2509 2472 carnem
2568 2419 2786 2474 vincunt
2845 2428 2897 2473 et
2958 2420 3073 2489 ejus
3118 2436 3304 2491 opera,
3342 2429 3395 2475 et
3417 2431 3732 2492 sequuntur

2114 2506 2364 2576 spiritum
2390 2525 2404 2573 ;
2439 2507 2595 2577 quasi
2622 2507 2767 2563 dicat
2800 2525 2813 2561 :
2844 2507 2928 2562 Ne
2955 2507 3096 2562 detis
3125 2508 3434 2563 libertatem
3468 2509 3526 2562 in
3564 2525 3726 2566 occa-

2113 2595 2324 2650 sionem
2349 2595 2550 2660 carnis,
2587 2597 2683 2650 sed
2712 2613 2810 2666 per
2847 2597 3168 2652 charitatem
3201 2598 3429 2668 spiritus
3487 2599 3719 2654 servite.

2112 2685 2227 2740 Hoc
2256 2693 2436 2739 autem
2458 2684 2580 2742 dico
2610 2701 2773 2755 posse
2805 2702 2926 2741 esse
2956 2686 3112 2741 vobis
3147 2687 3202 2740 in
3244 2686 3480 2753 Christo,
3516 2696 3567 2742 et
3590 2705 3733 2742 nun-

2113 2790 2276 2844 quam
2307 2773 2484 2828 aliter.
2521 2776 2640 2830 Non
2674 2775 3000 2846 perﬁcietis,
3036 2784 3138 2830 etc.
3187 2776 3311 2830 Non
3341 2775 3415 2829 ait
3445 2791 3556 2830 non
3589 2776 3734 2832 fece-

2112 2861 2230 2916 ritis
2277 2862 2362 2918 vel
2409 2878 2518 2917 non
2565 2862 2861 2916 habueritis
2908 2862 3032 2934 quia
3077 2878 3143 2918 ea
3192 2879 3305 2918 non
3363 2863 3577 2919 habere
3621 2881 3729 2920 non

2111 2957 2382 3021 poterant,
2403 2951 2501 3005 sed
2522 2966 2630 3005 non
2654 2950 2966 3021 perficietis,
2998 2951 3054 3005 1d
3075 2959 3156 3006 est
3175 2967 3287 3007 non
3316 2967 3485 3022 opera
3534 2969 3726 3008 eorum

2111 3055 2385 3096 consensu
2416 3039 2708 3094 voluntatis
2752 3039 3067 3110 implebitis.

493 3159 636 3226 Quid
666 3159 852 3215 adhuc
870 3161 1343 3231 persecutionem.
1369 3158 1583 3229 (illam)
1605 3140 2084 3213 PersecutionesC
2199 3154 2370 3210 Vens.
2389 3156 2472 3208 17.
2489 3185 2558 3194 -
2582 3155 2719 3210 Caro
2740 3156 2894 3210 enim
2911 3157 3276 3227 concupiscit,
3297 3163 3402 3211 etc.
3421 3157 3567 3211 Caro
3586 3156 3727 3211 dicta

420 3246 564 3303 enim
594 3247 954 3303 creberrimas
985 3248 1237 3302 sustinuit
1265 3265 1295 3301 a
1325 3248 1546 3316 Iudaeis,
1581 3263 1646 3302 eo
1674 3247 1820 3318 quod
1855 3246 2015 3302 doce-

421 3344 500 3392 ret
530 3352 643 3405 eos,
680 3336 774 3408 qui
802 3336 870 3390 de
891 3337 1142 3408 gentibus
1180 3336 1523 3393 crediderant
1553 3337 1608 3391 in
1637 3336 1871 3403 Christo,
1903 3351 2012 3391 non

421 3424 626 3482 debere
665 3425 996 3482 circumcidi.

496 3532 839 3589 Scandalum
869 3532 1072 3589 crucis.
1108 3531 1436 3588 Scandalum
1467 3539 1582 3587 erat
1599 3530 1800 3586 Judaais
1815 3529 2014 3602 praedi-

421 3621 561 3678 catio
591 3621 789 3690 crucis,
825 3621 947 3693 quia
978 3621 1264 3676 sabbatum
1294 3629 1347 3676 et
1376 3620 1849 3677 circumcisionem
1884 3636 2019 3675 eva-

421 3711 633 3766 cuabat.
688 3709 743 3765 Si
802 3725 934 3766 vero
990 3709 1298 3765 admitteret
1354 3709 1848 3779 circumcisionem,
1907 3725 2018 3764 non

417 3807 560 3854 esset
591 3799 671 3854 eis
702 3798 1035 3865 scandalum,
1069 3808 1122 3854 et
1142 3798 1354 3870 paciﬁci
1375 3807 1577 3854 essent.

489 3934 659 3988 Vnus.
681 3936 766 3989 12.
781 3963 848 3974 -
867 3935 1091 3990 Utinam
1103 3934 1532 3990 abscinduntur.
1559 3934 1665 4004 Ipsi
1684 3949 1782 3989 vos
1794 3940 2020 3988 contur-

416 4022 564 4089 bant,
599 4021 696 4077 sed
724 4021 924 4076 utinam
957 4023 1363 4091 abscindantur,
1400 4038 1508 4077 non
1566 4021 1874 4086 carnaliter,
1925 4020 2022 4074 sed

417 4110 526 4166 vim
557 4110 855 4182 generandi
885 4112 1117 4181 perdant
1136 4111 1190 4164 in
1212 4111 1385 4176 vobis,
1409 4112 1496 4166 vel
1517 4111 1572 4164 in
1594 4111 1714 4164 aliis
1739 4109 1875 4164 nihil
1899 4125 2024 4180 pro-

423 4198 607 4255 ficiant
648 4213 760 4252 non
791 4197 965 4253 solum
995 4199 1300 4255 circumcisi
1330 4200 1426 4254 sed
1454 4199 1702 4268 abscissi,
1737 4207 1794 4252 ut
1824 4198 2024 4252 nullam

417 4287 640 4344 omnino
670 4287 972 4360 generandi
1004 4288 1297 4358 potentiam
1330 4289 1581 4354 habeant,
1615 4296 1666 4343 et
1686 4287 1881 4342 merito
1921 4289 2025 4342 hoc

417 4385 546 4448 Opto
575 4393 644 4431 ne
674 4392 772 4432 vos
803 4377 1052 4450 redigant
1082 4377 1136 4431 in
1157 4377 1469 4432 servitutem
1510 4377 1651 4449 legis
1686 4395 1698 4430 :
1755 4378 1848 4434 Vos
1869 4377 2024 4432 enim

417 4467 602 4528 vocati
629 4469 767 4522 estis
798 4483 833 4522 a
868 4469 975 4523 Deo
996 4467 1058 4522 in
1109 4467 1447 4522 libertatem.

487 4582 659 4637 Vens.
694 4585 781 4637 13.
806 4583 972 4638 -Νε
996 4583 1335 4638 libertatem.
1371 4583 1576 4637 Sensus
1606 4589 1690 4637 est
1722 4599 1735 4635 :
1818 4581 2018 4636 Cavete

415 4685 484 4726 ne
515 4671 698 4725 audito
729 4671 947 4726 nomine
976 4671 1262 4738 libertatis,
1295 4671 1516 4742 impune
1570 4670 1725 4726 vobis
1777 4685 2017 4742 peccan-

416 4759 547 4813 dum
567 4774 690 4814 esse
719 4759 1072 4815 arbitremini.
1104 4761 1208 4816 Sed
1226 4776 1328 4832 per
1349 4760 1695 4816 charitatem
1747 4759 2016 4831 Spiritus.

417 4847 540 4903 Non
569 4863 671 4918 per
697 4846 948 4904 affectum
978 4849 1159 4905 carnis
1181 4849 1416 4906 charitas
1463 4849 1720 4905 habenda
1769 4856 1870 4914 est,
1923 4848 2020 4903 sed

421 4953 524 5008 per
571 4936 840 5008 spiritum.

491 5069 757 5124 VaasJL.
786 5101 856 5110 —
880 5069 1073 5125 Omnis
1100 5072 1255 5126 enim
1280 5073 1394 5127 lex.
1418 5073 1561 5127 Nam
1591 5078 1644 5126 et
1672 5070 1767 5126 illa
1796 5087 1918 5142 quae
1949 5071 2020 5126 ad

422 5156 596 5213 bonos
618 5174 798 5212 mores
819 5158 1116 5230 pertinent,
1140 5167 1191 5214 et
1211 5159 1304 5214 illa
1326 5161 1513 5231 quazin
1529 5159 1881 5215 sacramentis
1897 5166 2022 5214 sunt

423 5247 590 5316 (cum
640 5245 780 5301 bene
832 5263 861 5301 a
917 5247 1105 5302 liberis
1152 5248 1540 5321 intelligantur,
1599 5264 1702 5304 nec
1731 5248 2022 5304 carnaliter

423 5335 788 5392 observantur
817 5352 846 5389 a
877 5336 1074 5408 servis)
1105 5337 1173 5390 ad
1205 5337 1519 5392 charitatem
1571 5336 1880 5392 referantur
1917 5354 2019 5392 ne-

420 5441 576 5481 cesse
621 5431 721 5478 est.
784 5425 991 5494 Diliges
1037 5429 1385 5496 proximum.
1439 5427 1554 5482 Hoc
1613 5421 1880 5498 scriptum
1938 5434 2021 5480 est

421 5513 477 5568 in
506 5512 742 5569 Levitico
770 5512 970 5583 (Leuit.
1003 5514 1174 5583 x1x.),
1209 5515 1262 5568 in
1295 5530 1402 5586 quo
1434 5524 1581 5570 recte
1622 5515 1751 5571 dicit
1805 5515 2020 5587 impleri

421 5601 604 5675 legem
635 5601 969 5671 universam,
1004 5617 1129 5657 cum
1184 5610 1367 5658 tamen
1425 5604 1532 5659 duo
1582 5605 1690 5659 sint
1741 5612 2020 5676 prmeepta

425 5691 704 5748 charitatis
732 5689 789 5748 in
819 5691 1018 5765 quibus
1049 5699 1162 5748 tota
1206 5691 1292 5748 lex
1351 5693 1553 5765 pendet
1611 5702 1664 5749 et
1718 5695 2016 5767 prophetae,

2119 3251 2204 3299 est
2234 3243 2641 3313 concupiscere,
2678 3243 2801 3315 quia
2859 3246 2962 3300 hoc
3019 3245 3319 3298 secundum
3376 3244 3552 3315 ipsam
3613 3245 3726 3317 agit

2113 3332 2312 3399 anima,
2347 3332 2486 3387 sicut
2515 3332 2662 3386 auris
2693 3331 2891 3387 dicitur
2920 3333 3124 3398 audire,
3170 3342 3224 3387 et
3277 3333 3467 3388 oculus
3500 3334 3713 3401 videre,

2114 3437 2238 3478 cum
2267 3421 2446 3491 potius
2475 3421 2656 3474 anima
2686 3428 2738 3475 et
2769 3437 2869 3491 per
2895 3437 3082 3476 aurem
3112 3421 3315 3488 audiat,
3350 3429 3402 3476 et
3432 3438 3534 3492 per
3577 3438 3714 3477 ocu-

2117 3509 2230 3564 lum
2262 3509 2464 3564 videat.
2499 3510 2638 3564 Caro
2669 3508 2813 3564 enim
2843 3509 2996 3580 nihil,
3028 3509 3133 3563 nisi
3163 3526 3264 3580 per
3304 3509 3542 3563 animam
3597 3526 3727 3566 con-

2115 3598 2362 3669 cupiscit,
2396 3598 2493 3653 sed
2536 3597 2923 3668 concupiscere
2967 3597 3182 3665 dicitur,
3235 3614 3358 3654 cum
3388 3599 3570 3653 anima
3600 3615 3727 3654 car-

2115 3687 2224 3741 nali
2252 3687 2692 3757 concupiscentia
2722 3686 2932 3756 spiritui
2962 3687 3275 3742 reluctatur.
3329 3688 3508 3757 Ipsius
3560 3687 3723 3754 enim,

2116 3775 2358 3833 carnalis
2394 3774 2848 3846 concupiscentiis
2881 3789 3048 3830 causa
3107 3790 3217 3830 non
3268 3783 3351 3830 est
3408 3776 3465 3829 in
3526 3776 3725 3838 anima,

2117 3881 2184 3920 ex
2210 3873 2437 3936 utroque
2479 3865 2624 3918 enim
2672 3862 2747 3930 fit,
2794 3864 2922 3934 quia
2973 3865 3091 3920 sine
3138 3873 3368 3936 utroque
3433 3864 3726 3920 delectatio

2121 3953 2268 4008 nulla
2329 3953 2576 4008 sentitur.

2194 4059 2738 4126 Vaas.l8.—Quod
2786 4060 2836 4115 si
2874 4060 3096 4131 Spiritu
3125 4059 3427 4125 ducimini,
3480 4067 3592 4115 etc.
3651 4061 3724 4114 Ex

2125 4164 2233 4220 quo
2264 4155 2488 4219 apparet
2518 4164 2640 4202 eum
2672 4146 2924 4218 Spirituu‘
2958 4155 3208 4203 sanctum
3236 4164 3347 4204 non
3377 4148 3583 4203 habere
3641 4147 3726 4219 qui

2121 4238 2222 4292 sub
2252 4237 2377 4310 lege
2409 4245 2510 4304 est,
2547 4252 2656 4292 non
2687 4236 3075 4306 dispensative,
3111 4237 3210 4292 sed
3242 4253 3394 4292 vero.
3431 4238 3558 4292 Non
3587 4239 3716 4293 estis

2120 4327 2221 4383 sub
2255 4328 2392 4398 lege.
2427 4327 2542 4382 Hoc
2589 4326 2937 4382 commodum
2975 4326 3087 4394 jam
3135 4324 3364 4390 habetis,
3425 4325 3555 4380 ideo
3615 4326 3721 4380 haec

2121 4432 2248 4486 pars
2280 4415 2553 4488 eligenda.
2589 4416 2702 4469 Hos
2729 4413 3107 4469 damnabiliter
3138 4413 3270 4469 dicit
3299 4429 3423 4468 esse
3457 4414 3561 4468 sub
3582 4414 3716 4486 lege,

2048 4505 2100 4566 D
2122 4521 2258 4577 quos
2287 4519 2410 4559 reos
2441 4503 2568 4559 facit
2596 4503 2702 4572 lex,
2737 4518 2842 4558 non
2871 4502 3160 4573 implentes
3193 4501 3375 4574 legem
3433 4503 3565 4556 dum
3627 4518 3720 4556 ne-

2118 4592 2355 4648 scientes
2384 4593 2618 4665 gratiam
2647 4592 2716 4647 de
2746 4608 2805 4647 se
2832 4600 3188 4662 praesumunt.
3223 4593 3394 4646 Porro
3446 4593 3553 4646 sub
3601 4592 3715 4661 lege

2119 4691 2221 4749 est,
2257 4681 2349 4752 qui
2379 4680 2592 4747 timore,
2624 4696 2732 4736 non
2764 4695 2969 4747 amore,
3003 4680 3239 4736 abstinet
3267 4696 3301 4734 a
3329 4679 3497 4746 malo,
3524 4697 3653 4734 reus
3673 4679 3722 4732 in

2119 4769 2416 4826 voluntate.
2437 4771 2564 4826 Haec
2593 4769 2680 4824 lex
2699 4768 2948 4824 timorem
2975 4769 3184 4834 incutit,
3220 4784 3329 4823 non
3390 4784 3658 4823 amorem.

2194 4878 2360 4932 Vens.
2376 4880 2437 4933 21
2453 4919 2464 4932 .
2481 4907 2549 4916 -
2563 4879 2812 4948 Regnum
2827 4878 2924 4932 Dei
2950 4893 3064 4932 non
3078 4880 3518 4948 consequentur.
3538 4875 3726 4930 Nullus

2117 4967 2332 5022 medius
2361 4966 2512 5022 locus
2542 4975 2646 5031 est,
2678 4973 2736 5020 ut
2776 4981 2886 5021 non
2917 4965 2987 5019 sit
3024 4965 3080 5019 in
3127 4963 3416 5036 supplicio,
3473 4964 3572 5036 qui
3623 4979 3723 5018 non

2120 5055 2218 5112 erit
2265 5055 2322 5109 in
2378 5071 2572 5128 regno.

2219 5163 2390 5216 Vens.
2431 5166 2522 5219 22.
2559 5191 2627 5201 —
2681 5160 2961 5218 Charitas.
3024 5161 3198 5230 Caput
3245 5158 3530 5230 praemisit,
3590 5157 3728 5214 unde

2123 5251 2368 5306 membra
2399 5258 2715 5322 sequuntur.
2767 5250 2890 5304 Non
2937 5248 3081 5302 enim
3122 5248 3260 5303 bene
3291 5247 3720 5319 aliquisgaudet,

2120 5339 2210 5412 qui
2242 5355 2348 5394 non
2379 5339 2556 5410 diligit
2580 5339 2783 5393 bonum
2809 5338 2952 5392 unde
2980 5336 3202 5410 gaudet.
3235 5336 3359 5390 Non
3380 5336 3547 5390 habet
3618 5351 3717 5407 pa-

2121 5445 2239 5484 cem
2271 5443 2457 5484 veram
2485 5444 2607 5483 cum
2653 5427 2852 5499 aliquo,
2909 5426 3014 5480 nisi
3047 5441 3168 5480 eum
3213 5424 3420 5495 diligat.
3472 5425 3598 5480 Non
3646 5431 3725 5478 est

2121 5517 2457 5590 longanimis
2486 5524 2905 5588 perseveranter
2954 5513 3322 5584 exspectando
3372 5513 3478 5567 nisi
3528 5513 3725 5568 ferveat

2123 5605 2428 5678 diligendo.
2464 5607 2586 5660 Non
2619 5614 2698 5660 est
2731 5604 3021 5678 benignus,
3053 5603 3159 5658 nisi
3189 5602 3382 5674 diligat
3414 5602 3502 5658 cui
3546 5602 3724 5672 opitu-

2120 5695 2287 5752 latur.
2321 5695 2446 5752 Non
2476 5695 2669 5761 bonus,
2704 5693 2810 5750 nisi
2867 5692 3166 5764 diligendo.
3223 5691 3348 5748 Non
3409 5688 3586 5747 ﬁdelis
3639 5705 3724 5744 sa-
