3964 6178
254 253 365 307 585

1120 248 1393 307 GLOSSA
1421 247 1831 306 0RDINABIA.
1865 272 1935 287 --
1961 245 2189 303 EPIST.
2223 246 2319 301 AD
2338 245 2588 302 GALAT.

3450 252 3553 305 586

248 375 504 443 lubriter,
537 374 642 431 nisi
669 391 735 431 ea
754 375 861 431 ﬁde
891 392 1013 447 quae
1058 390 1161 446 per
1200 374 1543 451 dilectionem
1570 382 1839 446 Operatur.
1865 372 1920 431 A
1950 374 2064 426 tem
2092 387 2278 427 suum.
2310 371 2436 427 Non
2462 379 2748 443 peccatum
2775 373 3016 441 alterius,
3046 380 3103 429 ut
3122 374 3423 446 pharisaeus
3453 378 3547 449 qui

247 464 377 519 Non
428 473 514 522 est
556 472 869 519 mansuetus
902 464 994 536 qui
1041 463 1329 520 dilectione
1373 479 1480 518 non
1524 463 1850 519 moderatur.

247 553 378 608 Non
409 552 652 609 continet
682 569 741 608 se
770 553 890 624 quis
922 553 992 607 ab
1022 568 1088 608 eo
1130 553 1274 608 unde
1311 560 1566 623 turpatur,
1615 551 1721 606 nisi
1765 550 1853 605 di-

249 640 391 712 ligat
436 641 583 697 unde
634 641 966 698 honestatur.
1008 640 1199 696 Merito
1246 656 1379 712 ergo
1424 640 1737 696 charitatem
1773 638 1853 694 sic

248 745 408 800 saepe
453 729 815 799 commendat,
845 728 1000 802 quasi
1031 728 1147 785 sola
1189 729 1259 784 sit
1297 728 1681 800 praecipienda,
1731 743 1853 800 quae

244 833 360 872 non
386 825 571 889 potest
598 817 786 873 haberi
813 817 931 873 sine
957 817 1187 883 caeteris,
1221 817 1414 889 quibus
1445 817 1607 873 homo
1628 815 1856 872 efﬁcitur

247 905 452 961 bonus.
491 906 791 963 Gaudium.
842 906 1049 961 Puritas
1086 905 1451 961 conscientiae.
1500 906 1653 961 Unde
1682 925 1700 960 :
1731 906 1851 961 Non

246 998 337 1051 est
358 995 558 1067 impiis
588 994 848 1066 gaudere,
882 995 1026 1050 dicit
1051 996 1321 1050 Dominus
1342 994 1474 1065 (Isa.
1498 992 1725 1063 XLVIII).

320 1085 501 1139 Vsus.
532 1084 622 1141 24.
652 1114 721 1123 -
754 1084 858 1152 Qui
885 1087 1098 1139 autem.
1146 1081 1314 1151 Quasi
1381 1083 1522 1137 dicat
1579 1100 1593 1137 :
1654 1082 1851 1137 Contra

237 1171 422 1228 malos
450 1171 630 1244 posita
654 1179 738 1228 est
763 1171 884 1239 lex;
916 1170 1073 1226 bonis
1120 1179 1297 1226 autem
1342 1172 1517 1242 posita
1563 1179 1645 1226 est
1698 1187 1846 1226 crux.

244 1258 415 1330 Quod
441 1260 514 1315 ita
541 1260 614 1315 ait
645 1278 659 1315 :
699 1260 803 1328 Qui
821 1263 1032 1325 autem,
1057 1267 1186 1325 etc.,
1211 1275 1445 1315 carnem
1474 1276 1639 1315 suam
1658 1261 1849 1314 cruci-

236 1349 530 1418 ﬁxerunt,
562 1356 669 1404 etc.
709 1347 969 1419 Congruit
998 1356 1196 1403 nostrae
1225 1347 1501 1404 devotioni
1528 1356 1586 1402 ut
1615 1348 1706 1419 qui
1733 1349 1849 1402 Do-

238 1437 380 1492 mini
432 1436 672 1493 cruciﬁxi
718 1435 1029 1507 passionem
1073 1436 1430 1506 celebramus,
1474 1436 1847 1507 reprimenda-

236 1542 364 1581 rum
400 1525 698 1582 carnalium
728 1525 1063 1596 voluptatum
1100 1541 1318 1581 crucem
1367 1525 1524 1580 nobis
1570 1523 1845 1580 faciamus.

241 1615 302 1670 In
335 1614 448 1669 hac
476 1613 695 1685 quidem
723 1628 883 1668 cruce
912 1629 1129 1684 semper
1158 1612 1211 1666 in
1241 1614 1343 1669 hac
1371 1613 1480 1668 vita
1522 1612 1684 1668 debet
1716 1629 1852 1683 pen-

1954 459 2088 513 dixit
2118 476 2132 513 :
2163 461 2283 516 Non
2312 477 2439 516 sum
2458 463 2608 516 sicut
2636 465 2830 518 caeteri
2859 464 3155 519 hominum
3176 464 3331 536 (Luc.
3357 466 3545 537 XVIII),

1954 548 2047 619 qui
2075 563 2184 603 non
2213 564 2291 615 re,
2315 549 2413 604 sed
2450 549 2711 606 fallaciter
2738 559 2857 607 erat
2879 551 3075 621 justus.
3108 553 3173 608 In
3221 555 3544 627 semetipso.

1953 636 2014 690 Id
2042 644 2126 691 est
2152 635 2296 692 intus
2324 636 2732 694 inconscientia
2761 655 2856 695 sua
2885 656 3039 711 pura.
3080 642 3330 698 Gloriam
3376 641 3547 699 habe-

1953 724 2052 779 bit.
2072 724 2133 779 Id
2164 732 2247 780 est
2275 725 2597 797 gloriabitur
2625 735 2677 783 et
2705 728 2982 800 gaudebit.
3013 731 3087 784 Et
3110 746 3229 787 non
3260 732 3325 786 in
3345 731 3547 788 altera.

1951 811 2013 866 Id
2040 820 2122 867 est
2148 812 2204 867 in
2228 814 2452 870 alterius
2479 815 2659 883 laude,
2692 816 2897 873 scilicet
2924 833 3047 873 cum
3076 817 3216 873 alter
3262 834 3384 873 eum
3430 819 3550 875 lau-

1953 900 2059 955 dat.
2096 900 2201 969 Qui
2230 902 2375 957 enim
2405 904 2790 959 conscientiam
2819 905 2947 960 boni
2976 906 3159 976 operis
3207 907 3388 972 habet,
3439 923 3548 962 non

1951 989 2113 1044 debet
2141 990 2209 1044 de
2239 991 2344 1046 hoc
2371 992 2514 1062 apud
2540 992 2706 1047 alium
2747 993 2988 1064 gloriari,
3036 1000 3092 1049 et
3135 992 3351 1049 laudem
3395 1011 3549 1050 suam

1952 1076 2094 1132 foras
2132 1077 2381 1144 fundere,
2415 1081 2513 1135 sed
2541 1080 2598 1134 in
2645 1082 2938 1151 semetipso
2987 1082 3262 1137 humiliter
3299 1082 3543 1154 gloriari.

1952 1166 2050 1220 Vel
2070 1166 2146 1220 ita
2177 1184 2192 1219 :
2218 1170 2287 1222 Et
2306 1170 2407 1232 sic,
2441 1168 2496 1222 id
2528 1169 2672 1224 estsi
2691 1178 2839 1224 actus
2867 1186 2994 1225 suos
3014 1171 3345 1240 consideret,
3368 1172 3550 1228 sciens

1952 1261 2225 1311 neminem
2271 1256 2476 1311 debere
2505 1256 2731 1328 gloriari
2762 1274 2822 1312 se
2868 1259 3072 1314 habere
3115 1261 3377 1315 mundum
3424 1276 3541 1327 cor,

1950 1343 2014 1396 in
2035 1346 2353 1415 semetipso,
2387 1352 2499 1401 etc.
2539 1348 2609 1401 Et
2637 1348 2718 1401 sic
2746 1349 2811 1402 in
2839 1363 2917 1403 se.
2952 1347 3014 1401 Id
3040 1356 3142 1415 est,
3175 1348 3221 1402 si
3240 1355 3392 1405 actus
3412 1365 3547 1404 nos-

1951 1437 2064 1486 tros
2123 1432 2533 1487 consideremus
2556 1475 2570 1503 ,
2629 1434 2762 1488 nulli
2818 1449 2920 1490 nos
2972 1442 3386 1507 anteponemus,
3444 1452 3549 1494 nec

1949 1536 2278 1592 quemquam
2318 1521 2704 1590 judicabimus.
2738 1524 2879 1578 Vere
2923 1524 3100 1592 justus
3156 1525 3388 1580 alterum
3444 1525 3550 1579 sibi

1948 1609 2233 1679 praeponit,
2258 1609 2383 1681 quia
2401 1610 2523 1680 plus
2544 1626 2644 1665 sua
2662 1611 2805 1666 mala
2834 1612 2935 1667 scit
2962 1628 3122 1684 quam
3151 1613 3392 1681 alterius,
3414 1628 3548 1685 quo-

239 1701 380 1757 dere
440 1701 795 1765 Christianus,
846 1709 903 1755 ut
951 1701 1019 1755 sit
1061 1698 1199 1756 ﬁxus
1249 1701 1416 1757 clavis
1467 1709 1519 1756 et
1566 1701 1925 1785 prmceptisB
1953 1713 2074 1750 rum
2102 1698 2340 1768 cognitio
2369 1699 2475 1752 sibi
2496 1700 2672 1770 gloria
2700 1707 2802 1754 est.
2835 1700 3048 1755 Gaudet
3075 1700 3240 1767 enim,
3271 1702 3400 1756 dum
3447 1717 3547 1758 co-

232 1789 489 1859 justitite,
524 1798 578 1844 ut
609 1789 855 1845 Christus
884 1789 939 1842 in
962 1805 1122 1844 cruce
1153 1789 1322 1844 clavis
1353 1788 1597 1844 conﬁxus
1628 1789 1741 1844 fuit.

318 1879 509 1933 Vsus.
546 1882 637 1935 25.
669 1909 739 1918 -
766 1879 824 1933 Si
844 1879 1051 1950 spiritu
1074 1879 1329 1933 vivimus.
1362 1877 1518 1947 Quod
1548 1877 1855 1932 communi-

240 1974 324 2021 ter
357 1983 531 2037 supra
561 1965 711 2032 dixit,
747 1965 816 2021 ad
847 1964 980 2020 istos
1016 1965 1210 2037 quibus
1257 1965 1441 2021 scribit
1485 1974 1774 2037 retorquet,
1804 1974 1858 2020 et

239 2071 301 2110 se
336 2054 426 2110 eis
454 2061 829 2121 connumerat,
852 2070 951 2124 per
978 2054 1082 2108 hoc
1110 2054 1424 2121 ostendens,
1458 2071 1517 2109 se
1546 2070 1655 2109 non
1679 2054 1858 2109 dicere

238 2143 323 2198 eis
354 2142 511 2213 quod
542 2142 660 2212 ipse
688 2156 797 2196 non
847 2140 977 2196 velit
1022 2157 1260 2197 servare.
1313 2141 1479 2211 Quasi
1523 2141 1666 2197 dicat
1698 2142 1859 2197 :Non

240 2230 375 2287 dico
407 2229 571 2286 vobis
601 2228 804 2301 aliquid
833 2229 976 2300 quod
1004 2237 1059 2284 et
1086 2229 1264 2285 facere
1295 2231 1413 2301 ipse
1437 2231 1624 2285 nolim.

309 2320 500 2374 Vsus.
527 2322 618 2375 26.
648 2348 717 2359 —-
750 2318 947 2372 Inanis
992 2319 1207 2389 gloriae.
1246 2319 1429 2373 Inanis
1477 2317 1727 2391 gloriatio
1776 2324 1860 2373 est

236 2407 386 2463 velle
436 2406 660 2463 vincere
712 2405 808 2460 ubi
859 2406 1143 2475 praemium
1188 2422 1296 2462 non
1353 2415 1454 2463 est.
1515 2408 1854 2464 Invide-ntes.

247 2496 562 2553 Sciendum
620 2494 767 2567 quia,
813 2509 935 2549 cum
1001 2511 1103 2565 per
1174 2510 1335 2551 omne
1394 2495 1581 2551 vitium
1652 2494 1860 2567 antiqui

254 2584 442 2640 hostis
472 2583 623 2640 virus
651 2584 885 2637 humano
912 2583 1065 2637 cordi
1090 2583 1419 2651 infundatur,
1449 2584 1503 2638 in
1554 2584 1670 2639 zelo
1715 2583 1857 2638 invi-

234 2673 345 2728 diae
372 2681 493 2728 tota
524 2688 621 2726 sua
641 2671 852 2727 viscera
881 2686 1109 2741 serpens
1136 2672 1393 2739 concutit,
1428 2680 1481 2727 et
1510 2672 1565 2726 in
1606 2672 1707 2727 hac
1750 2671 1858 2726 im-

231 2761 540 2832 primenda
593 2761 797 2816 malitia
837 2762 991 2835 quasi
1032 2769 1246 2832 postem
1304 2761 1491 2817 movit.
1546 2761 1704 2815 Zelus
1758 2760 1859 2817 iste

230 2849 468 2905 modum
502 2864 618 2904 non
644 2849 808 2906 habet
832 2866 1157 2923 permanens
1182 2849 1384 2920 jugiter
1409 2850 1529 2904 sine
1570 2849 1696 2916 ﬁne,
1733 2864 1857 2905 cum

233 2938 343 2993 alia
376 2936 598 2993 scelera
628 2935 902 2994 ﬁniantur.
951 2938 1271 3009 Quantaque
1318 2938 1409 2992 ille
1457 2937 1542 2992 cui
1589 2937 1860 2993 invidetur

238 3041 517 3082 successu
546 3026 774 3084 meliore
800 3027 1110 3099 profecerit,
1143 3034 1290 3081 tanto
1319 3026 1536 3082 invidus
1581 3026 1636 3081 in
1682 3026 1857 3095 majus

230 3113 567 3172 incendium
624 3115 809 3171 livoris
855 3116 1074 3188 ignibus
1121 3115 1432 3171 inardescit.
1484 3115 1622 3170 Hinc
1678 3115 1857 3170 vultus

230 3204 454 3269 minax,
496 3212 684 3260 torvus
708 3212 975 3275 aspectus,
1024 3204 1201 3275 pallor
1248 3204 1302 3257 in
1350 3203 1507 3271 facie,
1552 3212 1755 3258 tremor
1801 3203 1856 3258 in

229 3291 425 3359 labiis,
464 3292 673 3348 stridor
695 3293 751 3349 in
771 3294 1045 3360 dentibus,
1076 3292 1238 3348 verba
1268 3292 1477 3360 rabida,
1513 3300 1567 3348 et
1597 3290 1858 3347 effrenata

228 3381 512 3447 convicia,
566 3389 622 3437 et
666 3397 859 3437 manus
904 3382 972 3437 ad
1019 3380 1333 3436 violentiam
1377 3388 1658 3451 prompta;
1707 3389 1761 3437 et
1810 3380 1858 3435 si

229 3469 427 3541 gladio
458 3469 675 3527 interim
706 3486 891 3538 vacua,
925 3470 1051 3528 odio
1081 3478 1263 3526 tamen
1294 3468 1504 3527 furiata:
1531 3468 1729 3526 mentis
1774 3476 1857 3526 est

241 3566 485 3613 armata.

880 3693 1105 3750 CAPUT
1143 3692 1234 3747 VI.

303 3826 493 3881 Vnus.
536 3829 587 3880 1.
620 3856 690 3866 -
721 3827 969 3893 Fratres,
993 3830 1051 3883 et
1079 3827 1147 3882 si.
1182 3824 1459 3881 Hactenus
1510 3823 1606 3880 toti
1656 3823 1852 3880 Eccle-

234 3914 340 3970 sia:
391 3913 604 3969 locutus
651 3922 734 3969 est
785 3914 1145 3986 improbando
1189 3914 1370 3985 legem
1397 3957 1409 3980 ,
1460 3920 1513 3967 et
1577 3927 1855 3969 commen-

232 4000 431 4057 dando
464 4001 715 4074 gratiam,
747 4003 912 4058 modo
936 4019 996 4057 se
1028 4002 1292 4059 convertit
1320 4002 1387 4056 ad
1417 4001 1668 4073 praelatos
1715 4018 1851 4073 qua-

232 4089 368 4146 liter
415 4098 645 4145 tracteut
690 4091 956 4156 subditos,
1009 4090 1215 4146 scilicet
1261 4091 1473 4159 leniter,
1523 4090 1648 4163 quia
1694 4090 1851 4145 etiam

231 4178 445 4233 fratres
477 4186 622 4248 sunt,
655 4178 757 4234 etsi
789 4179 1120 4249 superiores.
1151 4180 1217 4235 In
1246 4180 1436 4252 aliquo
1464 4180 1688 4236 delicto.
1738 4180 1850 4234 De-

232 4266 438 4323 lictum
470 4274 555 4321 est
601 4267 873 4323 declinare
921 4284 952 4321 a
998 4267 1163 4331 bono,
1212 4276 1491 4338 peccatum
1538 4275 1621 4322 est
1673 4267 1850 4323 facere

231 4356 489 4421 malum;
547 4355 634 4411 vel
691 4355 949 4411 delictum
995 4355 1140 4427 quod
1185 4355 1500 4427 ignoranter
1540 4356 1634 4426 ﬁt,
1712 4371 1848 4428 pec-

1878 3078 1927 3143 C

1956 1785 2174 1855 gnoscit
2202 1787 2451 1841 morbum
2484 1804 2660 1854 suum,
2693 1804 2856 1858 quem
2879 1804 3075 1843 sanare
3100 1790 3390 1845 desiderat.

2028 1892 2205 1946 Vnus.
2245 1894 2297 1946 5.
2331 1923 2399 1932 —
2434 1894 2815 1966 Unusquisque
2846 1896 3020 1949 enim.
3074 1895 3196 1949 Non
3244 1894 3554 1966 inquinatur

1957 1978 2078 2049 quis
2105 1979 2283 2034 alieno
2311 1988 2565 2050 peccato.
2609 1982 2785 2037 Onus.
2832 1981 2953 2036 Alia
2990 1990 3112 2037 sunt
3140 1998 3308 2053 opera
3333 1981 3554 2053 partici-

1957 2068 2153 2137 panda;
2182 2066 2528 2135 inﬁrmitatis,
2564 2069 2633 2123 de
2664 2068 2860 2140 quibus
2892 2086 3056 2141 supra
3087 2088 3101 2125 :
3133 2071 3293 2127 Alter
3311 2073 3553 2128 alterius

1958 2171 2133 2211 onera
2157 2160 2415 2228 portate;
2447 2156 2551 2211 alia
2581 2158 2877 2213 reddendae
2904 2160 3021 2214 Deo
3059 2159 3306 2225 rationis,
3338 2160 3406 2214 de
3435 2159 3555 2232 qui-

1957 2242 2062 2297 bus
2090 2243 2205 2299 hic.
2261 2245 2457 2300 Contra
2494 2261 2589 2300 eos
2644 2245 2735 2317 qui
2787 2254 2974 2317 putant
3026 2248 3305 2303 hominem
3358 2248 3551 2304 alienis

1958 2330 2233 2402 inquinari
2279 2332 2540 2402 peccatis,
2581 2333 2710 2389 dicit
2742 2351 2758 2388 :
2795 2337 3175 2408 Unusquisque
3219 2338 3394 2402 enim,
3448 2343 3555 2392 etc.

1958 2418 2155 2474 Contra
2204 2419 2551 2492 negligentes
2576 2421 2669 2493 qui
2693 2422 2901 2476 nullum
2929 2430 3124 2478 curant
3151 2423 3450 2495 corrigere,
3470 2440 3559 2480 se-

1959 2507 2074 2563 curi
2104 2508 2248 2578 quod
2273 2508 2467 2564 alienis
2492 2524 2602 2565 non
2630 2510 3059 2567 contaminemur
3105 2511 3346 2582 peccatis
3376 2511 3506 2567 dicit
3538 2529 3556 2567 :

1960 2597 2204 2652 Invicem
2232 2613 2406 2653 onera
2427 2602 2680 2670 portate.
2739 2597 2921 2654 Onera
2969 2598 3296 2655 inﬁrmitatis
3324 2599 3559 2656 invicem

1956 2691 2255 2755 portamus,
2286 2684 2414 2739 dum
2445 2686 2662 2741 lenitate
2691 2685 2824 2740 iram
2855 2687 3077 2743 alterius
3103 2688 3454 2754 sustinemus,
3503 2695 3558 2744 et

1959 2772 2088 2827 dum
2117 2773 2168 2828 ei
2197 2773 2291 2845 qui
2321 2772 2479 2845 laesit,
2499 2774 2545 2829 si
2570 2774 2725 2845 petit,
2748 2775 3120 2848 indulgemus.
3149 2777 3250 2833 Vel
3274 2792 3376 2848 per
3394 2791 3554 2844 onus,

1958 2860 2279 2933 intelligitur
2294 2862 2497 2918 bonum
2515 2870 2569 2917 et
2586 2863 2788 2918 malum
2806 2879 2971 2935 opus.
3002 2866 3064 2918 In
3087 2864 3380 2937 Scripturis
3408 2865 3555 2920 enim

1956 2972 2095 3013 onus
2124 2966 2176 3013 et
2203 2958 2258 3013 in
2288 2959 2485 3015 bonam
2506 2967 2559 3015 et
2590 2960 2647 3014 in
2675 2961 2872 3015 malam
2914 2969 3122 3033 partem
3166 2962 3456 3034 accipitur;
3504 2971 3559 3019 et

1958 3046 2039 3102 sic
2070 3065 2084 3101 :
2122 3050 2523 3122 Unusquisque,
2554 3050 2732 3105 bonus
2760 3050 2849 3106 vel
2888 3051 3081 3121 malus,
3122 3053 3373 3125 portabit
3416 3068 3559 3110 onus

1955 3152 2143 3203 suum,
2185 3136 2240 3191 id
2271 3146 2354 3192 est
2379 3139 2692 3194 mercedem
2723 3156 2953 3210 operum
2984 3156 3205 3196 suorum
3232 3140 3448 3197 referet.

2024 3242 2195 3298 Vsus.
2228 3246 2279 3298 6.
2310 3276 2381 3284 —
2414 3247 2819 3303 Communicet.
2845 3247 2993 3303 Bona
3015 3264 3111 3302 sua
3140 3246 3302 3304 faciat
3332 3248 3382 3304 ei
3400 3263 3558 3304 com-

1954 3330 2156 3397 munia,
2189 3340 2242 3387 et
2289 3349 2359 3390 ne
2403 3342 2640 3404 excuset,
2690 3335 2815 3406 quia
2857 3336 3005 3391 Deus
3049 3352 3158 3393 non
3199 3345 3379 3409 potest
3413 3337 3550 3392 falli.

1953 3419 2220 3475 Usitatum
2247 3430 2578 3493 praeceptum
2609 3431 2709 3490 est,
2754 3432 2812 3478 ut
2854 3425 3200 3495 prmdicatori
3247 3425 3404 3481 verbi
3451 3426 3553 3481 Dei

1951 3508 2196 3579 praebeat
2225 3510 2534 3565 necessaria
2551 3511 2640 3566 ille
2662 3511 2748 3566 cui
2776 3512 3125 3583 praedicatur,
3150 3530 3270 3585 quae
3297 3513 3426 3569 boni
3447 3529 3551 3586 ap-

1951 3596 2242 3667 pellatione
2262 3605 2408 3653 recte
2439 3598 2692 3671 signavit.
2723 3599 2872 3656 Sicut
2891 3607 2943 3655 et
2968 3601 3231 3656 Dominus
3261 3602 3317 3656 in
3362 3599 3550 3658 Evan-

1951 3684 2099 3756 gelio
2127 3702 2249 3741 cum
2284 3686 2567 3757 discipulis
2596 3687 2827 3759 loquens
2872 3688 2987 3743 ait:
3026 3690 3164 3746 Cum
3210 3690 3355 3746 mali
3392 3691 3542 3759 sitis,

1950 3773 2129 3829 nostis
2172 3774 2314 3830 bona
2369 3774 2503 3831 dare
2562 3776 2704 3844 filiis
2742 3777 2982 3845 vestris;
3009 3777 3319 3860 praevidens
3365 3785 3544 3834 autem

1952 3861 2213 3934 quosdam
2270 3861 2569 3918 obtendere
2622 3872 2994 3937 paupertatem
3023 3907 3038 3936 ,
3099 3874 3154 3923 et
3206 3874 3541 3940 praeceptum

1950 3949 2090 4006 velle
2119 3950 2364 4020 eludere,
2397 3951 2607 4007 addidit
2630 3971 2644 4008 :

2022 4064 2192 4120 Vnus.
2222 4068 2275 4121 7.
2299 4096 2368 4105 -
2398 4068 2582 4123 Nolite
2611 4084 2822 4125 errare.
2856 4067 3025 4138 Quasi
3055 4069 3203 4127 dicat
3232 4088 3246 4126 :
3276 4072 3452 4129 Nemo
3483 4088 3545 4130 se

1948 4168 2085 4208 vane
2116 4161 2356 4221 excuset,
2390 4156 2513 4227 quia
2542 4156 2687 4211 Deus
2717 4174 2826 4214 non
2854 4166 3035 4229 potest
3070 4158 3201 4215 falli.
3242 4160 3352 4216 Scit
3397 4159 3541 4216 enim

1949 4242 2119 4296 corda
2145 4251 2345 4313 vestra,
2379 4260 2488 4299 non
2518 4244 2737 4317 ignorat
2764 4246 3069 4304 facultates.
3110 4248 3403 4305 Excusatio
3451 4265 3544 4305 ve-

1948 4329 2190 4385 risimilis
2217 4332 2494 4389 hominem
2524 4341 2702 4405 potest
2728 4335 2968 4407 placare,
3001 4338 3176 4392 Deum
3213 4351 3324 4393 non
3370 4344 3529 4409 potes

228 4452 421 4500 catum
476 4416 625 4515 quod
680 4459 715 4497 a
770 4416 1031 4499 sciente:
1057 4416 1261 4499 Tamen
1315 4416 1686 4500 indifferenter
1712 4416 1840 4516 ⁸ρο·
1867 4437 1921 4498 D
1946 4416 2155 4475 fauere-

227 4539 467 4587 nuntur.
498 4531 901 4602 Praeoccupatio
927 4539 1029 4597 est,
1082 4532 1212 4586 dum
1260 4533 1347 4589 vel
1386 4533 1454 4587 ad
1501 4534 1688 4588 horam
1735 4549 1844 4588 non

230 4620 459 4677 videtur
483 4619 613 4691 quid
640 4619 947 4676 faciendum
975 4620 1064 4690 sit,
1100 4620 1186 4676 vel
1238 4621 1330 4692 qui
1376 4622 1571 4677 viderit
1609 4622 1845 4678 vincitur

227 4718 292 4764 ut
322 4708 533 4763 malum
560 4706 650 4763 ﬁat
675 4725 795 4765 cum
825 4709 952 4765 latet
982 4709 1201 4779 veritas,
1234 4710 1320 4765 vel
1367 4710 1640 4781 compellit
1684 4710 1841 4765 inﬁr—

228 4798 423 4852 mitas.
454 4799 757 4855 Lenitatis.
798 4798 882 4853 Ne
914 4797 961 4852 si
987 4797 1142 4854 aliter
1172 4798 1430 4866 feceritis,
1461 4814 1569 4854 non
1618 4799 1847 4870 patiatur

229 4902 296 4941 se
327 4884 510 4956 argui,
544 4885 641 4940 sed
672 4885 965 4941 defendere
998 4902 1058 4942 se
1087 4886 1327 4958 incipiat,
1359 4903 1428 4942 ne
1457 4888 1627 4959 turpis
1657 4888 1843 4943 videa-

226 4982 341 5029 tur.
383 4974 754 5030 Considerans
794 4976 1059 5047 teipsum.
1106 4975 1256 5030 Nihil
1299 4976 1370 5032 ad
1411 4975 1838 5033 misericordiam

225 5062 315 5119 sic
350 5059 574 5117 inclinat
601 5079 760 5134 quam
791 5061 999 5134 proprii
1025 5062 1249 5134 periculi
1276 5065 1553 5138 cogitatio.

304 5150 485 5206 Vnus.
515 5154 569 5207 2.
602 5180 671 5192 -—
692 5153 763 5207 Et
790 5153 871 5207 sic
888 5153 1272 5225 adimplebitis
1304 5155 1481 5225 legem
1519 5155 1747 5211 Christi.
1779 5154 1839 5208 Id

226 5245 320 5295 est
341 5238 678 5304 charitatem;
700 5255 766 5294 ex
779 5239 1034 5295 charitate
1047 5240 1189 5295 enim
1221 5241 1464 5296 Christus
1483 5251 1707 5323 peccata
1719 5257 1840 5297 nos-

2016 4526 2185 4581 VEus.
2220 4532 2347 4582 8.—
2380 4528 2485 4596 Qui
2514 4529 2762 4585 seminat
2790 4530 2855 4584 in
2883 4545 3055 4586 carne
3083 4529 3233 4586 addit
3259 4547 3384 4588 sua.
3408 4532 3541 4587 Cum

1941 4630 2075 4670 vero
2095 4615 2242 4686 dicit,
2266 4617 2328 4672 in
2357 4619 2588 4689 spiritu,
2609 4633 2719 4673 non
2734 4618 2886 4673 addit
2904 4636 3022 4688 suo,
3056 4619 3185 4691 quia
3214 4636 3400 4676 semen
3421 4637 3543 4677 car-

1940 4703 2063 4759 nale
2092 4721 2157 4759 ex
2186 4706 2407 4761 homine
2439 4714 2541 4773 est,
2574 4722 2765 4761 semen
2793 4722 2926 4762 vero
2947 4705 3225 4778 spirituale
3253 4725 3319 4765 ex
3340 4710 3543 4781 Spiritu

1941 4790 2041 4846 Dei
2071 4799 2172 4847 est.
2209 4793 2401 4847 Messis
2433 4810 2564 4849 vero
2596 4795 2682 4848 hic
2711 4794 2767 4848 in
2797 4793 2903 4850 ﬁne
2934 4796 3279 4866 promittitur.
3305 4798 3543 4871 Ideoque

1940 4879 1995 4934 in
2027 4880 2347 4936 seminando
2365 4883 2777 4953 perseverantia
2806 4899 2945 4954 opus
2989 4894 3091 4940 est.
3138 4887 3204 4942 In
3240 4904 3433 4956 carne,
3476 4890 3541 4945 in

1939 4969 2163 5041 spiritu.
2189 4970 2488 5042 (AMBROS.)
2518 4971 2693 5027 Homo
2740 4972 3081 5029 Christianus
3110 4975 3303 5046 spiritu
3333 4986 3547 5033 constat

1939 5065 1992 5111 et
2019 5072 2206 5113 carne.
2232 5058 2406 5113 Homo
2435 5059 2583 5114 enim
2611 5060 2681 5114 ad
2711 5062 3172 5133 comparationem
3200 5064 3375 5121 sancti
3414 5065 3542 5140 Spi-

1937 5144 2075 5200 ritus
2104 5161 2231 5202 caro
2262 5154 2364 5201 est.
2403 5147 2507 5216 Qui
2533 5153 2728 5205 autem
2754 5153 3022 5207 seminat.
3047 5151 3108 5207 Id
3137 5161 3239 5222 est,
3260 5155 3353 5227 qui
3372 5156 3540 5227 spiri-

1936 5243 2015 5297 tui
2043 5244 2135 5298 dat
2161 5242 2431 5299 offensum
2477 5262 2544 5300 ex
2599 5245 2726 5315 ﬁde,
2778 5263 2903 5303 cum
2946 5249 3207 5307 charitate
3251 5254 3539 5310 serviendo

225 5334 315 5384 tra
347 5326 590 5399 tulit,qui
611 5327 772 5382 etiam
792 5328 1050 5399 praecepit
1069 5336 1127 5383 ut
1150 5345 1251 5384 nos
1269 5330 1503 5386 invicem
1525 5318 1834 5402 diligamus.
1930 5318 2169 5398 iustitiae,
2203 5341 2257 5387 et
2283 5333 2465 5405 legem
2495 5334 2846 5405 spiritualiter
2873 5336 3252 5411 intelligendo,
3299 5340 3369 5395 de
3416 5341 3534 5411 spi-

303 5415 486 5470 Vsns.
523 5418 578 5469 3.
613 5444 683 5456 -—
713 5415 888 5472 Nihil.
918 5416 1334 5489 Comparatione
1382 5418 1695 5491 spiritualis,
1746 5419 1838 5492 qui
1936 5420 2042 5476 ritu
2068 5429 2253 5491 metet,
2287 5414 2389 5477 etc.

227 5511 412 5559 totum
442 5502 535 5558 dat
563 5502 777 5574 gratiae.

2009 5511 2176 5565 Vsus.
2210 5513 2263 5564 9.
2292 5540 2363 5551 —
2391 5511 2514 5567 Non
2537 5511 2890 5582 deﬁciamus.
2926 5516 2983 5571 Si
3016 5515 3181 5571 homo
3207 5528 3319 5569 non
3349 5512 3532 5583 impo-

304 5590 480 5648 Vans.
516 5591 567 5647 ι.
587 5592 890 5650 -Probet.
921 5591 1228 5666 Diligenter
1245 5592 1518 5668 inspiciat.
1555 5597 1699 5670 Opus
1726 5614 1835 5654 au-
1937 5597 2109 5655 suerit
2135 5597 2301 5655 ﬁnem
2315 5600 2488 5672 operi,
2512 5616 2617 5658 nec
2645 5602 2794 5660 Deus
2820 5603 3049 5676 imponit
3076 5600 3531 5659 remunerationi.

528 5715 775 5772 ΡΑτιιοι..
807 5715 997 5773 CXIV.

3253 5729 3319 5781 19
