3968 6176
375 291 480 348 587

375 432 650 501 Quantum
678 429 1130 486 seminaverimus
1161 429 1214 481 in
1244 426 1524 497 Operibus,
1560 430 1766 479 tantum
1797 429 1974 477 mete-

377 537 501 576 mus
530 521 585 575 in
614 519 898 575 fructibus.
933 519 1000 572 Et
1057 524 1315 589 quantum
1372 514 1600 568 aviditas
1656 510 1978 583 inquirentis

384 626 444 666 se
472 609 793 674 dilataverit,
827 615 1031 661 tantum
1053 621 1112 659 se
1140 605 1346 675 aperiet
1373 604 1443 658 ad
1471 601 1757 674 praemium
1784 615 1979 660 manus

384 697 751 762 retribuentis,
777 696 904 768 quia
924 695 1004 750 sic
1023 694 1247 764 recipiet
1265 692 1493 764 quisque
1516 690 1787 763 quomodo
1816 688 1977 754 facit;

385 788 513 860 quia
567 787 659 859 qui
707 784 860 841 fortis
916 783 1019 839 erit
1072 783 1140 837 ad
1194 780 1571 837 seminandum
1603 825 1619 850 ,
1678 777 1833 834 fortis
1880 775 1984 831 erit

386 877 459 932 ad
487 873 819 931 metendum.
869 874 1128 944 Tempore
1155 873 1329 927 enim.
1350 872 1474 926 Non
1490 868 1669 924 statim
1687 868 1835 922 Deus
1854 864 1985 921 facit

386 962 654 1036 quidquid
684 962 755 1016 ad
786 961 1015 1016 salutem
1044 967 1234 1016 oratur
1258 979 1272 1027 ;
1295 975 1398 1015 nec
1440 958 1566 1013 ideo
1613 962 1796 1030 negat,
1857 954 1986 1025 quia

385 1051 583 1120 diﬁ'ert,
618 1050 716 1106 sed
736 1058 982 1121 tempore
1011 1064 1130 1115 suo,
1164 1048 1220 1103 id
1250 1055 1333 1103 est
1362 1054 1611 1119 congruo
1640 1050 1883 1116 praestat.

456 1140 627 1197 Vnus.
669 1142 755 1195 10.
780 1141 1010 1194 --Dum
1040 1142 1280 1209 tempus.
1317 1136 1555 1206 Tempus
1578 1131 1883 1189 seminandi
1905 1136 1988 1185 est

385 1245 631 1302 presens
658 1228 771 1284 vita
802 1243 910 1299 qua
936 1226 1223 1283 currimus.
1264 1226 1325 1279 In
1354 1224 1457 1279 hac
1487 1224 1614 1278 licet
1642 1221 1800 1277 nobis
1841 1218 1989 1291 quod

395 1319 647 1375 volumus
696 1317 985 1372 seminare.
1047 1314 1180 1369 Cum
1238 1328 1370 1369 vero
1427 1310 1717 1381 transierit,
1778 1317 1988 1379 tempus

395 1406 657 1478 Operandi
685 1405 964 1471 aufertur;
994 1404 1139 1459 unde
1172 1420 1184 1456 :
1230 1402 1555 1475 Operamini
1570 1401 1705 1455 dum
1721 1399 1837 1454 dies
1865 1400 1989 1453 est:

395 1499 581 1552 veniet
600 1512 716 1551 nos:
737 1494 956 1567 quando
969 1495 1093 1565 jam
1112 1493 1310 1546 nullus
1327 1492 1541 1563 poterit
1558 1488 1781 1562 operari
1802 1487 1986 1557 (Joan.

395 1584 499 1657 ιι).
534 1584 616 1640 Ad
648 1599 862 1640 omnes.
896 1581 1161 1636 Omnibus
1178 1577 1541 1650 impendenda
1571 1586 1654 1632 est
1681 1573 1989 1630 misericor-

396 1673 502 1728 dia.
535 1673 594 1726 In
624 1687 732 1744 quo
758 1668 1112 1743 praep'onendi
1142 1675 1264 1723 sunt
1287 1667 1420 1736 justi
1469 1665 1561 1738 qui
1608 1672 1734 1719 sunt
1766 1680 1833 1718 ex
1862 1661 1988 1717 ﬁde.

872 283 1276 342 WALAFRIDI
1307 281 1550 340 suum
1580 262 1781 338 πέσω.
1811 277 1986 335 MON.
2009 275 2163 334 OPP.
2196 272 2373 339 PARS
2401 276 2443 334 1.
2473 308 2543 318 —
2568 268 3040 331 THEOLOGICA.

2005 418 2059 477 Α
2080 406 2364 481 gentilium
2394 417 2561 475 quam
2577 400 2890 456 Iudaeorum
2918 396 3083 452 ﬁebat
3109 392 3397 451 obnoxius.
3420 393 3534 447 Has
3566 391 3686 463 igi-

3566 266 3678 321 588

2079 479 2166 551 tur
2192 492 2618 566 persecutiones,
2666 488 2756 561 qui
2799 487 3021 542 Galatas
3051 485 3521 556 depravaverant,
3577 479 3689 534 de—

2079 584 2288 641 clinare
2335 581 2635 652 cupientes,
2687 575 3161 634 circumcisionem
3206 587 3307 643 pro
3352 568 3691 626 defensione

2080 671 2361 743 discipulis
2391 666 2814 741 persuadebant.
2869 665 3006 719 Nam
3054 677 3160 718 nec
3197 660 3368 715 Judaei
3415 655 3696 729 persequi

2082 777 2179 818 eos
2206 767 2479 832 poterant,
2511 773 2613 813 nec
2640 754 2871 828 gentiles
2899 768 3037 825 quos
3053 750 3326 815 videbant,
3355 754 3410 803 et
3428 745 3695 818 prosely-

2083 859 2167 907 tos
2195 846 2606 914 circumcidere,
2639 852 2693 901 et
2718 844 2867 916 ipsos
2896 840 3092 915 legalis
3121 854 3362 895 servare.

2157 966 2326 1021 Vans.
2353 966 2438 1020 14.
2461 993 2531 1003 -
2559 962 2693 1018 Mihi
2711 958 2958 1015 mundus
2989 955 3299 1025 cruciﬁxus
3316 957 3420 1009 est.
3440 946 3701 1019 Contigit

2085 1057 2424 1129 plerumque,
2456 1060 2515 1106 ut
2543 1051 2707 1106 homo
2735 1047 2997 1103 mundum
3023 1051 3205 1100 mente
3221 1058 3330 1098 non
3359 1046 3575 1103 teneat,
3598 1034 3704 1091 sed

2087 1125 2270 1199 tamen
2301 1141 2538 1197 mundus
2568 1155 2692 1194 eum
2720 1138 2777 1191 in
2807 1136 2920 1191 suis
2949 1130 3398 1206 occupationibus
3425 1125 3705 1198 astringit

2088 1242 2141 1290 et
2171 1239 2420 1287 mortuus
2439 1237 2522 1285 est
2550 1229 2714 1284 homo
2743 1226 2966 1290 mundo,
3001 1232 3054 1279 et
3073 1221 3307 1277 mundus
3340 1217 3499 1291 quasi
3532 1214 3705 1271 vivus

2089 1338 2213 1377 eum
2242 1319 2524 1391 conspicit,
2577 1318 2705 1372 dum
2752 1316 2860 1370 alio
2908 1315 3170 1369 intentum
3221 1310 3274 1363 in
3321 1307 3434 1362 suis
3473 1303 3706 1380 actibus

2088 1426 2281 1482 rapere
2301 1406 2579 1465 contendit
2600 1425 2615 1473 ;
2651 1406 2747 1461 sed
2778 1420 2879 1459 nec
2895 1402 3093 1457 Paulus
3113 1398 3373 1454 mundum
3392 1394 3572 1465 cupit,
3600 1407 3708 1446 nec

2088 1499 2322 1554 mundus
2355 1513 2477 1553 eum
2514 1504 2609 1551 :ut
2633 1496 2690 1549 in
2718 1493 2929 1548 duobus
2957 1489 3157 1545 mortui
3209 1495 3401 1542 neuter
3430 1490 3708 1538 neutrum

2088 1588 2254 1643 videt.
2288 1586 2427 1655 Quia
2455 1585 2621 1659 igitur
2638 1598 2741 1639 nec
2771 1580 2971 1636 Paulus
2990 1577 3181 1633 mundi
3206 1575 3441 1650 gloriam
3466 1584 3708 1643 quaere-

2090 1678 2201 1747 bat,
2226 1691 2329 1732 nec
2357 1691 2391 1730 a
2417 1673 2607 1729 mundi
2629 1671 2808 1746 gloria
2837 1670 2953 1741 ipse
2985 1666 3341 1740 quaerebatur,
3375 1662 3498 1717 ideo
3555 1666 3616 1715 et
3647 1673 3711 1714 se

395 1761 554 1830 Quod
585 1768 637 1816 et
664 1760 916 1816 omnibus
947 1757 1180 1813 inimicis
1208 1757 1408 1811 nostris
1439 1755 1529 1827 qui
1560 1752 1813 1809 scelerati
1845 1758 1986 1816 sunt,
2009 1773 2063 1835 B
2092 1765 2294 1821 mundo
2324 1772 2378 1819 et
2405 1763 2668 1817 mundum
2698 1759 2802 1815 sibi
2822 1755 3139 1814 cruciﬁxum
3168 1752 3449 1828 gloriatur.
3482 1752 3562 1806 ει
3607 1763 3709 1820 εσυ

392 1857 785 1921 persequentes
813 1847 1137 1913 Ecclesiam,
1181 1846 1334 1899 testis
1363 1852 1445 1899 est
1467 1842 1729 1897 Dominus
1761 1859 1774 1894 :
1810 1842 1991 1896 Bene-

392 1940 565 2009 facite
586 1938 674 1993 his
694 1937 788 2008 qui
817 1936 1060 1991 oderunt
1094 1952 1204 1991 vos.
1234 1934 1464 2004 Diligite
1492 1930 1752 1986 inimicos
1780 1931 1992 1984 vestros

396 2027 555 2097 (Luc.
595 2026 714 2095 vr);
746 2022 874 2095 quia
904 2032 954 2078 et
973 2023 1078 2094 ipsi
1108 2030 1230 2077 sunt
1256 2020 1508 2076 homines
1541 2036 1554 2073 :
1588 2016 1785 2090 quibus
1814 2016 1992 2072 inhoc

392 2113 657 2169 Dominus
684 2111 840 2183 pluit,
874 2119 929 2166 et
957 2111 1130 2167 solem
1153 2111 1262 2166 dat.

460 2201 629 2257 Vana.
667 2204 752 2256 lt.
782 2230 854 2246 -η
889 2200 1070 2256 Videte
1101 2204 1315 2255 autem.
1336 2198 1633 2268 Postquam
1661 2194 1730 2249 ad
1761 2192 1992 2248 moralia

394 2306 560 2362 opera
590 2290 903 2345 exhortatus
934 2297 1035 2359 est,
1067 2288 1207 2344 redit
1237 2288 1307 2343 ad
1336 2286 1466 2341 illud
1496 2285 1641 2340 unde
1669 2283 1823 2355 prius
1865 2296 1995 2354 age-

394 2379 551 2434 batur
583 2397 597 2434 :
621 2395 689 2434 ne
720 2376 926 2433 scilicet
955 2377 1165 2451 legales
1192 2374 1562 2431 observantiae
1582 2379 1889 2428 teneantur.
1912 2370 1997 2424 Ne

394 2467 516 2539 quis
544 2475 726 2523 autem
754 2465 858 2520 sub
891 2466 1109 2522 nomine
1153 2465 1272 2534 ejus
1326 2464 1475 2518 fallat
1530 2462 1793 2529 incautos,
1842 2465 1997 2514 cavet

392 2553 557 2612 ﬁnem
585 2556 829 2627 epistolae
846 2570 1042 2610 manus
1070 2570 1185 2610 suae
1203 2552 1551 2608 annotatione
1585 2549 1886 2620 complens.
1912 2546 1996 2602 Ab

391 2645 496 2701 hoc
526 2644 672 2700 enim
700 2644 820 2701 loco
851 2659 950 2699 sua
981 2659 1156 2715 usque
1188 2642 1259 2697 ad
1289 2640 1453 2695 ﬁnem
1481 2637 1788 2709 descripsit.

467 2734 635 2789 Vnns.
664 2736 748 2791 12.
771 2761 842 2773 -
860 2734 929 2787 Hi
959 2735 1188 2803 cogunt.
1224 2729 1316 2784 Isti
1346 2736 1503 2784 erant
1530 2726 1760 2798 pseudo,
1795 2722 1888 2795 qui
1917 2722 1997 2778 sic

397 2823 670 2879 Christum
698 2820 1072 2892 praedicabant
1100 2825 1159 2873 ut
1187 2825 1241 2872 et
1268 2817 1449 2888 legem
1480 2814 1809 2871 servandam
1839 2812 2000 2867 doce-

394 2918 536 2966 rent.
558 2910 787 2979 Crucem
800 2908 1187 2980 praedicabant,
1208 2914 1266 2960 ut
1286 2921 1319 2960 a
1335 2904 1587 2960 fidelibus
1605 2910 1870 2975 quaastum
1892 2900 1997 2955 ha-

396 2999 637 3065 berent;
695 2998 898 3071 legem,
958 3005 1017 3051 ut
1074 2994 1276 3049 Judmis
1314 2984 1628 3064 placerent.
1694 2993 1756 3048 Ut
1814 2990 1999 3046 crucis

399 3087 610 3144 Christi
622 3087 1094 3159 persecutionem,
1118 3091 1223 3138 etc.
1246 3082 1402 3136 Forte
1420 3082 1523 3136 hoc
1553 3080 1676 3135 ideo
1708 3077 1855 3145 dicit,
1871 3076 1999 3148 quia

395 3174 623 3231 Romani
653 3174 1016 3244 imperatores
1045 3170 1205 3226 Caius
1234 3170 1404 3224 Cesar
1446 3176 1499 3225 et
1547 3166 1904 3231 Octavianus,
1950 3172 2004 3220 et

396 3265 695 3334 Augustus,
718 3261 873 3334 leges
893 3260 1375 3331 promulgaverunt
1402 3265 1457 3312 ut
1474 3256 1666 3322 Judaei,
1692 3255 2002 3325 ubicunque

398 3356 606 3416 essent,
639 3350 859 3421 proprio
890 3348 993 3402 ritu
1024 3348 1287 3414 viverent,
1319 3354 1371 3401 et
1418 3345 1606 3416 patriis
1661 3341 2003 3399 caeremoniis

2091 1854 2320 1911 mundo.
2352 1852 2468 1907 Nec
2489 1867 2594 1925 ego
2625 1850 2679 1904 in
2708 1849 2913 1904 mundo
2942 1844 3150 1917 aliquid
3205 1842 3385 1913 cupio,
3435 1855 3545 1895 nec
3584 1838 3710 1908 ipse

2094 1960 2249 1998 suum
2279 1941 2482 2013 aliquid
2511 1940 2566 1994 in
2595 1955 2684 1995 me
2714 1935 3017 2009 cognoscit.
3052 1933 3204 1989 Sicut
3247 1929 3514 1986 Dominus
3577 1926 3658 1980 ait
3693 1943 3707 1980 :

2101 2032 2257 2089 Venit
2274 2030 2428 2086 enim
2454 2030 2721 2102 princeps
2750 2024 2953 2081 mundi
2985 2023 3172 2094 hujus,
3215 2023 3270 2076 et
3317 2020 3381 2074 in
3434 2031 3534 2073 me
3586 2030 3710 2070 non

2095 2120 2262 2177 habet
2286 2118 2592 2192 quidquam
2615 2117 2798 2187 (Joan.
2832 2114 2975 2184 xxv).

2166 2237 2339 2292 Vens.
2376 2237 2463 2289 l7.
2495 2263 2565 2273 -—
2588 2234 2668 2288 De
2698 2234 2920 2287 caetero.
2943 2228 3069 2283 Non
3094 2224 3207 2280 vult
3226 2239 3327 2295 per
3355 2219 3713 2276 turbulentas

2095 2324 2472 2384 contentiones
2500 2321 2720 2377 taedium
2753 2318 2858 2374 sibi
2886 2316 3002 2372 ﬁeri
3031 2316 3098 2371 de
3153 2329 3212 2369 re
3258 2319 3520 2384 quantum
3573 2308 3715 2363 satis

2096 2423 2212 2471 erat
2241 2412 2509 2485 exposita.
2540 2411 2640 2467 Vel
2663 2408 2803 2465 sicut
2822 2407 2877 2461 in
2898 2406 3093 2461 Graeco
3120 2402 3320 2476 legitur
3348 2418 3363 2454 :
3396 2400 3481 2455 De
3496 2405 3717 2454 caetero

2095 2519 2256 2560 nemo
2285 2501 2419 2557 mihi
2455 2500 2696 2555 laborem
2759 2495 3007 2553 exhibeat
3049 2492 3139 2549 vel
3191 2496 3428 2562 praestet,
3492 2486 3718 2543 scilicet

2095 2601 2153 2648 ut
2182 2608 2400 2648 rursum
2420 2590 2477 2645 in
2506 2588 2663 2645 vobis
2696 2584 3074 2642 necessitatem
3104 2580 3335 2636 habeam
3383 2574 3715 2632 laborandi.

2096 2683 2366 2738 Laborem
2399 2679 2543 2734 enim
2591 2683 2820 2748 praestat
2869 2671 3151 2745 magistro,
3200 2668 3293 2740 qui
3330 2666 3492 2722 aliter
3541 2663 3718 2719 sentit

2098 2786 2262 2844 quam
2279 2768 2480 2826 docuit.
2504 2767 2801 2839 Stigmata.
2822 2762 3033 2833 Stigma
3070 2767 3151 2815 est
3169 2764 3427 2829 punctum
3445 2753 3539 2844 vel
3575 2760 3720 2807 nota

2098 2842 2281 2931 aliquo
2310 2857 2458 2914 ferro
2478 2864 2617 2911 acta.
2643 2854 2906 2926 Stigmata
2924 2865 3059 2922 ergo
3086 2846 3325 2918 appellat
3356 2842 3517 2915 quasi
3545 2849 3719 2897 notas

2097 2963 2379 3020 pmnarum
2408 2947 2476 3001 de
2497 2940 2969 3016 persecutionibus
2999 2954 3132 3010 quas
3159 2934 3489 3007 patiebatur.
3514 2932 3588 2986 Et
3628 2937 3718 2984 est

2100 3019 2295 3093 sensus
2330 3055 2343 3091 :
2377 3035 2509 3090 Ideo
2534 3049 2645 3089 non
2664 3031 2827 3086 debet
2853 3028 2985 3083 mihi
3006 3026 3124 3081 iieri
3147 3023 3410 3086 molestia,
3433 3019 3570 3092 quia
3601 3033 3718 3091 ego

2022 3129 2072 3192 C
2101 3127 2274 3182 habeo
2303 3124 2441 3180 alios
2472 3122 2758 3179 conﬂictus
2788 3127 2842 3174 et
2871 3115 3192 3183 certamina,
3212 3129 3330 3186 qua:
3348 3111 3406 3166 in
3430 3124 3714 3182 persecu-

2104 3216 2342 3272 tionibus
2378 3228 2515 3285 quas
2542 3210 2724 3283 patior
2750 3223 2965 3264 mecum
2993 3206 3291 3261 decertant.

2179 3333 2352 3387 Vnus.
2395 3332 2480 3383 18.
2513 3356 2583 3369 -
2619 3327 2817 3383 Gratia
2835 3322 3063 3379 Domini
3081 3318 3267 3377 nostri
3293 3318 3425 3373 Jesu
3457 3312 3710 3370 Christi.

402 3400 606 3416 --η--ν
639 3400 852 3421 της-η
1128 3400 1161 3402 -κ
1190 3400 1221 3402 η
1258 3400 1287 3414 ν,
1332 3400 1339 3401 κ
1418 3400 1435 3416 .

398 3438 759 3494 deservirent.
794 3436 1116 3508 Quicunque
1149 3436 1292 3490 enim
1323 3433 1678 3490 circumcisus
1705 3438 1843 3500 erat,
1876 3430 2004 3485 licet
2103 3419 2397 3477 Conclusio
2439 3414 2684 3487 epistolae
2742 3411 2965 3484 etquasi
3002 3406 3347 3478 subscriptio,
3399 3416 3513 3474 qua
3559 3408 3618 3456 et
3659 3400 3721 3455 in

394 3526 454 3582 in
501 3526 777 3582 Christum
802 3489 1070 3591 Erederet,
1096 3489 1259 3596 quasi
1314 3489 1536 3577 ludaeus
1592 3489 1897 3576 habebatur
1943 3517 2001 3571 in
2102 3507 2378 3566 nonnullis
2425 3505 2547 3560 aliis
2586 3501 2831 3574 epistolis
2885 3498 3055 3555 utitur
3101 3494 3303 3568 :quasi
3347 3492 3611 3596 diceret‘:
3645 3489 3722 3587 {lt

401 3576 454 3582 -_
509 3576 777 3582 _____-____
811 3576 1070 3591 ---η-ν,
1112 3576 1259 3596 Ὶ-,η
1428 3576 1455 3577 η

401 3615 698 3689 gentibus;
733 3615 824 3687 qui
850 3630 982 3671 vero
1012 3612 1428 3669 incircumcisus
1458 3627 1517 3666 se
1570 3625 1681 3664 non
1730 3623 1853 3663 esse
1899 3607 1999 3661 Ju-
2099 3598 2360 3671 praedicta
2407 3594 2678 3649 teneatis:
2713 3589 2889 3664 gratia
2934 3603 3044 3643 non
3086 3582 3374 3651 dissensio,
3415 3595 3532 3636 non
3568 3576 3720 3650 legis

400 3705 581 3761 deum
635 3702 903 3776 praeputio
984 3700 1309 3774 praaferebat
1341 3743 1356 3768 ,
1422 3697 1820 3772 persecutionis
1890 3702 2000 3748 tam
2101 3687 2358 3755 servitus,
2391 3699 2502 3739 non
2530 3680 2667 3748 rixa,
2701 3694 2812 3735 non
2835 3677 3097 3751 jurgium,
3129 3681 3233 3731 etc.

418 3837 3717 3891 ___________________________————

1417 3970 1878 4045 EPISTOLA
1929 3965 2059 4039 AD
2122 3958 2604 4035 EPHESIOS.

956 4226 1469 4287 ARGUMENTUM.

476 4371 700 4446 Ephesii
730 4376 855 4426 sunt
880 4365 1089 4423 Asiani.
1118 4364 1203 4430 lli,
1238 4368 1463 4432 accepto
1506 4357 1674 4415 verbo
1724 4352 1989 4419 veritatis,

410 4440 761 4536 perstiterunt
790 4458 846 4513 in
874 4455 982 4511 ﬁde
1015 4455 1154 4510 :hos
1185 4450 1459 4507 collaudat
1504 4445 1817 4518 Apostolus,
1866 4440 2009 4499 scri-

414 4530 551 4607 bens
578 4549 659 4605 eis
688 4548 758 4603 ab
785 4546 922 4602 urbe
968 4544 1141 4599 Roma
1179 4539 1249 4595 de
1296 4552 1520 4595 carcere
1559 4550 1660 4607 per
1711 4530 2011 4605 Tychicum

410 4638 718 4694 diaconem.

874 4706 877 4709 ’
938 4743 1161 4802 CAPUT
1201 4740 1491 4798 PRIMUM.

490 4876 661 4930 Vens.
689 4875 739 4926 1.
773 4901 841 4910 -
870 4869 1085 4925 Paulus
1106 4866 1417 4940 Apostolus.
1441 4862 1587 4916 More
1610 4874 1709 4913 suo
1739 4854 2015 4912 salutatio—

415 4981 540 5022 nem
570 4960 862 5035 praemittit.
897 4957 1105 5013 Deinde
1131 4956 1336 5029 gratias
1380 4951 1493 5024 agit
1548 4950 1684 5015 Deo,
1735 4960 2013 5017 exponens

417 5032 866 5126 prius—beneficia
902 5049 1140 5101 humano
1162 5042 1354 5117 generi
1381 5038 1643 5111 praestita,
1701 5043 1827 5107 post
1880 5032 2015 5104 ipsis

419 5121 682 5213 apostolis
738 5135 1047 5208 specialiter
1103 5131 1346 5195 indulta;
1409 5126 1605 5182 deinde
1655 5131 1709 5213 et
1763 5121 2017 5213 Ephesiis

419 5210 575 5302 ipsis,
603 5227 896 5283 ostendens
924 5240 955 5278 a
985 5238 1092 5294 quo
1123 5228 1175 5276 et
1194 5221 1262 5274 ad
1292 5216 1423 5289 quid
1450 5213 1627 5269 vocati
1648 5211 1772 5266 sint.
1804 5210 2015 5266 Deinde

424 5300 624 5375 Christi
654 5314 975 5388 dignitatem
1007 5318 1060 5366 et
1094 5306 1466 5381 prmlationem
1503 5300 1778 5367 ostendit;
1827 5306 2017 5369 postea

422 5407 493 5462 ad
519 5387 835 5477 patientiam
881 5408 936 5455 et
984 5397 1305 5453 charitatem
1353 5407 1449 5447 eos
1496 5389 1704 5453 invitat,
1757 5387 2017 5441 unitatem

422 5475 547 5550 ﬁdei
578 5501 631 5549 et
658 5488 923 5547 Ecclesia:
945 5484 1353 5547 commendans,
1386 5488 1439 5534 et
1467 5479 1613 5534 dona
1642 5475 1832 5550 gratiae
1876 5491 2016 5529 enu-

419 5598 659 5639 merans.
708 5577 953 5634 Tandem
1009 5574 1079 5629 ad
1138 5578 1414 5628 certamen
1479 5568 1775 5622 exhortans
1830 5570 2019 5619 contra

420 5671 698 5745 principes
750 5664 1120 5731 tenebrarum,
1166 5658 1372 5716 militiae
1409 5655 1734 5713 Christianae
1768 5659 2016 5709 armatu-

2104 4233 2223 4273 ram
2251 4211 2529 4270 describit.
2569 4211 2795 4267 Sanctis
2824 4206 3108 4264 omnibus.
3164 4204 3449 4270 Perfectis,
3500 4211 3559 4258 et
3599 4218 3717 4258 non

2015 4319 2069 4379 ι)
2108 4306 2284 4362 solum
2312 4302 2413 4368 eis,
2447 4307 2553 4357 etc.
2588 4298 2888 4355 Fidelibus.
2922 4296 3027 4365 Qui
3054 4295 3103 4349 si
3136 4309 3247 4349 non
3275 4292 3468 4359 sancti,
3523 4292 3615 4348 vel
3660 4291 3718 4346 in

2110 4393 2218 4449 ﬁde
2247 4390 2387 4447 sani.
2426 4389 2673 4453 Sanctis,
2708 4385 2968 4442 exercitio
3012 4383 3287 4440 virtutum.
3328 4384 3400 4438 Et
3424 4380 3715 4451 ﬁdelibus,

2111 4482 2219 4537 ﬁde
2254 4487 2404 4536 recta
2433 4494 2557 4551 quae
2585 4476 2642 4530 in
2669 4474 2883 4531 Christo
2923 4473 3071 4529 Jesu.
3104 4473 3271 4528 Recte
3298 4471 3391 4525 illa
3446 4469 3560 4524 duo
3604 4484 3718 4540 po-

2112 4570 2237 4639 suit,
2270 4577 2400 4624 tunc
2429 4567 2574 4622 enim
2608 4564 2832 4635 prodest
2875 4577 2942 4618 ac
2989 4561 3227 4618 creditur
3275 4559 3418 4615 bona
3473 4557 3602 4623 vita,
3667 4555 3719 4611 si

2111 4658 2249 4714 fides
2278 4656 2438 4712 estin
2468 4654 2684 4709 Christo
2711 4653 2861 4707 Jesu.
2895 4652 3047 4706 Tunc
3100 4665 3232 4705 vere
3280 4646 3454 4703 sancti
3498 4653 3629 4700 sunt
3669 4644 3720 4699 si

2113 4746 2304 4802 ﬁdeles
2325 4752 2449 4800 sunt
2473 4743 2529 4799 in
2564 4741 2799 4798 Christo.
2832 4740 2933 4797 Vel
2972 4758 2985 4794 :
3024 4739 3299 4811 distingue
3324 4736 3464 4791 inter
3490 4741 3720 4790 sanctos

2114 4844 2168 4890 et
2196 4833 2406 4902 ﬁdeles,
2437 4840 2495 4887 ut
2542 4838 2760 4886 sanctos
2803 4827 3077 4901 intelligas
3117 4827 3353 4896 majores
3398 4832 3453 4880 et
3486 4821 3721 4894 perfec-

2114 4924 2299 4992 tiores,
2328 4921 2519 4978 ﬁdeles
2546 4920 2727 4975 minus
2751 4918 3040 4989 perfectos.

2185 5030 2356 5085 Vnus.
2390 5031 2441 5082 3.
2474 5056 2543 5067 —
2563 5026 2915 5082 Benedictus.
2948 5021 3238 5077 Praemissa
3269 5017 3611 5083 salutatione,
3631 5016 3724 5072 in-

2116 5118 2246 5189 cipit
2276 5117 2344 5170 ab
2373 5115 2584 5171 actione
2614 5114 2929 5187 gratiarum,
2963 5111 3197 5166 innuens
3240 5109 3424 5165 omnia
3470 5122 3599 5163 esse
3647 5124 3722 5163 ex

2116 5208 2252 5262 Deo.
2288 5205 2611 5260 Benedixit.
2660 5205 2839 5259 Unum
2884 5201 3102 5273 quidem
3154 5196 3548 5254 benedictionis
3587 5211 3723 5250 ver-

2116 5295 2265 5364 bum,
2299 5294 2396 5349 sed
2432 5308 2532 5364 per
2558 5290 2916 5363 congruentia
2942 5305 3192 5361 persona:
3234 5287 3386 5345 varie
3418 5284 3585 5341 debet
3632 5284 3724 5338 in-

2117 5381 2307 5455 telligi.
2342 5381 2686 5437 Benedicitur
2714 5380 2782 5434 ab
2811 5379 3028 5434 homine
3076 5379 3243 5446 Deus,
3289 5390 3414 5433 cum
3459 5372 3726 5428 laudibus

2117 5471 2301 5542 dignis
2328 5470 2623 5525 extollitur.
2657 5470 2832 5524 Homo
2864 5476 3045 5524 autem
3076 5481 3109 5521 a
3138 5466 3275 5530 Deo,
3307 5480 3429 5520 cum
3470 5463 3619 5517 Deus
3669 5460 3727 5517 ei

2117 5559 2309 5633 gratia:
2336 5574 2449 5614 suae
2477 5558 2619 5613 dona
2647 5556 2972 5630 impartitur,
3004 5570 3115 5610 non
3153 5552 3362 5610 meritis
3416 5550 3584 5618 illius,
3617 5549 3726 5606 sed

2122 5646 2495 5705 misericordia
2513 5661 2626 5703 sua.
3280 5654 3283 5655 '
