3964 6178
312 300 423 353 589

387 421 560 476 Vsus.
595 422 648 476 4.
682 450 752 461 -
785 420 944 478 Sicut
972 422 1158 492 elegit,
1192 429 1296 476 etc.
1329 421 1413 476 Ne
1447 420 1570 492 quis
1599 436 1731 493 ergo
1769 426 1919 490 putet
1945 420 2001 480 A

310 508 530 563 animas
561 524 688 565 cum
716 509 833 564 Deo
861 515 1113 574 aeternas,
1145 516 1199 563 et
1228 516 1357 564 tunc
1394 508 1602 579 aliquid
1653 507 1924 563 meruisse

305 596 469 665 juxta
498 612 740 653 errorem
769 596 1009 661 illorum,
1042 596 1133 669 qui
1160 604 1284 651 ante
1313 597 1433 652 haec
1463 594 1696 651 visibilis
1734 595 1925 651 dicunt

313 684 588 755 quasdam
618 684 785 741 fuisse
816 684 1027 740 animas
1058 692 1294 750 sanctas,
1327 692 1380 739 et
1424 683 1550 740 ideo
1580 691 1708 739 tunc
1755 682 1923 738 fuisse

311 771 548 828 electas.
1769 771 1773 774 ’

405 860 581 916 Vnus.
613 862 666 916 5.
697 890 766 901 —
798 860 903 929 Qui
928 860 1376 934 praedestinavit.
1410 859 1591 915 Posita
1636 857 1923 932 praedesti-

309 947 558 1016 natione,
608 964 732 1020 qua
778 948 1014 1020 pertinet
1060 948 1133 1004 ad
1175 948 1438 1019 justitiam
1483 954 1536 1003 et
1584 948 1923 1005 sanctitatem

310 1036 442 1092 vitae
472 1036 781 1109 praesentis,
811 1036 1030 1108 ponitur
1057 1036 1146 1093 hic
1175 1037 1284 1092 alia
1321 1036 1602 1107 pertinens
1657 1036 1726 1092 ad
1758 1036 1922 1092 vitam

309 1133 604 1193 aeternam,
639 1125 794 1195 cujus
824 1124 1078 1181 effectum
1107 1140 1276 1197 supra
1304 1125 1528 1181 notavit.

388 1231 567 1287 Vens.
601 1235 653 1286 6.
685 1260 756 1272 —
782 1232 849 1286 In
881 1231 1108 1287 laudem
1145 1232 1338 1303 gloriae
1383 1232 1582 1303 gratiae
1626 1247 1763 1295 suas,
1814 1238 1919 1285 etc.

310 1318 492 1388 Quasi
522 1318 667 1376 dicat
699 1336 713 1373 :
746 1319 936 1376 Gloria
966 1319 1264 1394 gratiarum
1303 1328 1386 1375 est
1434 1327 1637 1375 aeterna
1678 1318 1921 1389 adoptio.

310 1408 384 1464 In
416 1424 527 1483 qua
553 1408 918 1481 grati/iacvit.
951 1406 1194 1464 Effectus
1221 1407 1407 1480 primae
1454 1406 1923 1479 praeordinationis

307 1495 388 1550 ad
409 1495 701 1565 justitiam.
733 1497 799 1551 In
826 1496 1030 1553 dilecto
1058 1497 1220 1553 Filio.
1274 1496 1521 1569 Diligens
1568 1497 1717 1551 Deus
1760 1497 1923 1550 Pater

306 1583 665 1657 unigenitum
694 1600 873 1649 suum,
905 1583 1016 1638 illis
1046 1599 1185 1656 quos
1216 1583 1412 1658 diligit,
1464 1591 1517 1640 et
1564 1583 1762 1656 quibus
1809 1583 1924 1640 vult

308 1671 492 1727 Filius
520 1672 705 1729 divina
732 1672 984 1746 largitur.

390 1770 564 1825 Vnus.
593 1772 649 1825 7.
682 1800 752 1811 —
780 1772 847 1826 In
877 1787 982 1843 quo
1012 1770 1297 1837 habemus,
1331 1777 1439 1828 etc.
1472 1769 1756 1841 Duplicem
1785 1785 1917 1843 gra-
1945 1771 2001 1833 B

314 1857 458 1912 tiam
488 1858 745 1925 ostendit,
797 1858 925 1931 quia
971 1865 1023 1914 et
1070 1858 1316 1927 redemit,
1370 1866 1422 1915 et
1466 1867 1693 1930 peccata
1741 1866 1928 1914 nostra

313 1961 436 2002 non
470 1946 772 2018 imputavit.

391 2035 567 2091 Vnus.
611 2040 663 2091 8.
695 2065 766 2077 --
798 2036 929 2105 Quae
948 2034 1441 2108 superabundavit.
1466 2034 1742 2090 Hactenus
1757 2033 1825 2090 de
1842 2033 1928 2089 his

308 2140 441 2197 qua:
471 2125 571 2180 toti
599 2125 837 2179 humano
865 2124 1055 2195 generi
1083 2141 1097 2178 ε
1127 2124 1291 2179 modo
1320 2123 1390 2179 de
1415 2123 1500 2178 his
1528 2140 1650 2196 quae
1676 2122 1927 2196 singula-

309 2212 455 2268 riter
482 2212 748 2285 apostolis
778 2212 946 2279 dedit,
979 2212 1235 2286 loquitur.

392 2328 572 2384 Vnus.
618 2329 842 2383 lO.--In
862 2328 1299 2401 dispensatione.
1332 2327 1393 2382 Id
1413 2334 1495 2382 est
1522 2326 1577 2380 in
1592 2325 1929 2398 plenitudine

317 2416 592 2488 temporis
620 2416 921 2487 dispensati
967 2431 1002 2471 a
1042 2416 1178 2481 Deo,
1211 2414 1266 2470 id
1313 2422 1396 2470 est
1442 2415 1497 2469 in
1540 2415 1644 2471 hoc
1685 2423 1931 2486 tempore

317 2504 540 2577 gratiae,
572 2520 680 2576 quo
711 2504 938 2575 implere
976 2520 1098 2575 quae
1144 2503 1355 2559 caeteris
1402 2503 1743 2574 temporibus
1790 2519 1926 2574 pro-

313 2593 498 2649 missa
528 2592 620 2649 vel
646 2590 995 2665 praeﬁgurata
1039 2600 1182 2658 sunt,
1233 2591 1418 2648 divina
1466 2591 1805 2663 providentia
1837 2608 1925 2646 ra-

315 2681 660 2738 tionabiliter
688 2680 1045 2752 dispensavit.
1081 2680 1137 2736 Si
1172 2680 1317 2736 enim
1358 2680 1573 2752 penitus
1619 2679 1797 2751 ignari
1833 2697 1926 2736 es-

314 2778 446 2827 sent
473 2769 727 2825 homines
756 2785 865 2825 non
893 2768 1176 2841 praedocti,
1229 2785 1339 2824 non
1386 2768 1689 2840 reciperent
1735 2769 1926 2824 Chris-

314 2866 461 2926 tum,
494 2866 551 2915 et
576 2858 683 2913 nisi
724 2858 876 2929 prius
922 2858 992 2913 de
1038 2857 1270 2912 naturali
1313 2864 1365 2913 et
1412 2856 1699 2913 doctrinali
1744 2865 1928 2912 essent

313 2946 449 3021 lege
479 2946 715 3003 convicti
745 2945 987 3019 superbi,
1022 2945 1175 3018 parvi
1220 2946 1525 3017 penderent
1575 2945 1775 3000 Christi
1822 2946 1927 3001 ad-

314 3043 549 3092 ventum
561 3076 576 3091 .

393 3125 747 3180 Instaurare.
798 3122 989 3194 (AUG.)
1054 3124 1426 3178 Instaurantur
1478 3130 1659 3177 autem
1697 3139 1818 3194 qua:
1874 3122 1930 3177 in
1958 3130 2008 3193 α

314 3213 478 3270 caelis
511 3221 658 3279 sunt,
691 3220 819 3281 etc.,
852 3228 1025 3285 usque
1063 3212 1135 3269 ad
1176 3227 1207 3266 a
1251 3210 1612 3283 corruptionis
1660 3218 1928 3267 vetustate

318 3308 680 3358 renovantur.
1479 3366 1487 3372 .

399 3390 626 3457 Omnia,
659 3406 781 3463 qua:
794 3390 857 3445 in
878 3390 1051 3446 uelis.
1069 3389 1132 3445 Id
1152 3396 1254 3456 est,
1278 3388 1505 3461 angelos
1528 3407 1543 3455 ;
1566 3387 1652 3443 vel
1677 3388 1929 3444 :instau—

320 3495 477 3546 rare,
494 3479 665 3545 idest,
680 3479 953 3550 supplere.
966 3480 1096 3548 Qua:
1108 3479 1170 3534 in
1186 3482 1361 3534 terra.
1387 3477 1446 3531 Id
1459 3485 1540 3531 est
1552 3476 1822 3543 homines,
1838 3476 1929 3548 qui

319 3575 553 3639 peccato
573 3568 847 3639 depravati
870 3575 1043 3623 erant.
1067 3568 1133 3622 In
1150 3569 1291 3640 ipso.
1316 3567 1375 3621 Id
1396 3574 1479 3622 est
1508 3582 1608 3637 per
1633 3565 1925 3621 Christum.

396 3666 573 3721 Vnus.
612 3669 697 3720 11.
730 3697 800 3706 -
830 3667 894 3721 1η
924 3682 1027 3739 quo
1057 3669 1114 3721 et
1141 3682 1262 3721 nos.
1282 3666 1365 3720 Ne
1382 3664 1635 3735 apostoli,
1659 3663 1713 3717 in
1731 3663 1929 3735 quibus

322 3755 737 3826 superabundat
784 3754 981 3827 gratia,
1045 3754 1361 3810 viderentur
1406 3753 1675 3808 meruisse
1732 3752 1929 3807 melius

323 3843 469 3909 aliis,
503 3843 738 3898 ostendit
769 3858 865 3898 eos
910 3842 984 3897 ita
1030 3843 1201 3916 gratis
1246 3851 1485 3910 vocatos,
1538 3857 1649 3897 non
1696 3841 1926 3907 meritis,

328 3932 472 3988 sicut
503 3930 716 3986 fuerunt
746 3939 798 3986 et
826 3931 936 3986 alii.
970 3933 1146 3987 Sorte.
1182 3932 1312 3987 Sors
1340 3930 1539 3986 dicitur
1577 3930 1771 4002 gratia,
1804 3930 1931 4001 quia

326 4036 440 4075 non
468 4028 552 4075 est
580 4020 815 4074 hominis
862 4019 1073 4086 electio,
1126 4020 1221 4074 sed
1269 4020 1561 4075 voluntatis
1606 4018 1723 4074 Dei.
1774 4019 1930 4074 Unde

329 4109 518 4165 tunica
548 4108 763 4163 Domini
793 4108 1029 4179 desuper
1056 4116 1218 4174 texta,
1253 4124 1375 4179 quas
1396 4107 1718 4162 charitatem
1751 4106 1929 4179 signi-

331 4195 474 4267 ﬁcat,
507 4205 655 4252 sorte
684 4197 951 4268 provenit.
988 4197 1191 4253 Omnia
1230 4200 1516 4268 aperatur.
1566 4196 1746 4250 Etiam
1790 4194 1930 4250 velle

330 4284 555 4355 bonum,
589 4293 640 4340 et
666 4293 722 4339 ut
749 4286 974 4341 credere
1005 4285 1343 4356 incipiamus,
1379 4292 1437 4337 ut
1466 4283 1716 4354 exemplo
1744 4291 1932 4338 nostro

329 4389 495 4429 nemo
526 4374 789 4446 glorietur
833 4373 889 4427 in
932 4372 1170 4428 homine.
1220 4373 1422 4428 Verum
1453 4379 1536 4428 est
1586 4371 1730 4426 enim
1764 4388 1777 4425 :
1811 4372 1931 4428 Non

330 4478 426 4518 vos
450 4478 541 4517 me
569 4463 835 4534 elegistis,
868 4462 963 4517 sed
994 4479 1088 4534 ego
1116 4478 1231 4528 vos,
1272 4468 1375 4516 etc.
1428 4460 1568 4515 Laus
1598 4467 1781 4516 autem
1811 4460 1931 4532 glo-

329 4549 427 4606 rias
455 4550 557 4606 Dei
586 4558 667 4605 est
694 4563 817 4606 cum
846 4550 999 4605 multi
1043 4549 1397 4622 acquiruntur
1441 4549 1509 4604 ad
1556 4546 1741 4621 ﬁdem,
1793 4547 1933 4605 sicut

333 4647 516 4722 gloria
543 4647 742 4704 medici
774 4663 901 4704 cum
928 4646 1129 4705 multos
1156 4654 1325 4704 curat.

403 4764 577 4819 Vsus.
612 4766 699 4819 13.
729 4793 801 4805 -
829 4763 893 4819 In
921 4779 1027 4837 quo
1054 4779 1167 4820 vos.
1200 4761 1360 4817 Modo
1404 4761 1552 4818 venit
1593 4761 1664 4816 ad
1708 4775 1771 4816 ea
1810 4775 1933 4833 quas

334 4851 485 4908 dedit
512 4851 783 4923 Ephesiis.
818 4853 957 4909 Cum
984 4851 1307 4908 audissetis.
1341 4851 1481 4907 Cum
1509 4864 1734 4907 causam
1779 4855 1933 4905 notat

334 4940 442 5012 hic,
474 4948 529 4996 et
556 4949 792 5013 tempus.

400 5047 574 5104 Vsus.
609 5049 695 5103 15.
726 5075 797 5088 -
825 5044 1497 5120 Propterea.Enumeratis
1525 5042 1804 5100 beneficiis
1831 5044 1933 5098 hu-

335 5150 500 5192 mano
527 5135 739 5209 generi,
761 5134 849 5191 vel
869 5134 1244 5206 apostolis,vel
1263 5133 1517 5205 Ephesiis
1548 5132 1777 5197 collatis,
1802 5130 1933 5202 quid

335 5225 403 5281 de
431 5240 624 5281 eorum
654 5224 931 5280 beneﬁciis
954 5222 1151 5279 sentiat
1171 5222 1464 5293 Apostolus
1496 5221 1699 5287 subdit,
1725 5220 1932 5277 scilicet

337 5313 483 5384 quod
511 5313 721 5387 gratias
749 5313 882 5386 agit,
916 5320 969 5367 et
996 5318 1152 5385 rogat
1180 5310 1497 5383 superaddi,
1528 5326 1597 5365 ne
1624 5308 1704 5364 illi
1732 5324 1931 5380 super-

336 5400 502 5468 biant,
536 5400 636 5457 sed
663 5401 808 5457 ultra
836 5401 1079 5457 tendant.

408 5509 578 5565 Vnus.
614 5511 701 5564 17.
734 5537 805 5550 —-
838 5509 904 5566 Ut
931 5510 1095 5573 Deus,
1128 5513 1230 5563 etc.
1256 5503 1426 5575 Quasi
1452 5503 1661 5560 diceret
1693 5520 1707 5558 :
1738 5503 1824 5559 Ad
1838 5502 1936 5559 im-

338 5598 668 5669 petrandum
696 5612 807 5653 non
834 5596 1073 5653 obtendo
1100 5594 1316 5662 merita,
1348 5593 1447 5650 sed
1492 5592 1640 5666 quod
1686 5593 1834 5649 Deus
1880 5599 1935 5648 et

342 5685 497 5743 Pater
524 5685 746 5758 Christi,
776 5692 881 5742 etc.

1209 294 1476 353 GLOSSA
1515 293 1924 353 ORDINARIA.
1960 324 2029 336 —
2055 290 2274 351 EPIST.
2309 295 2403 350 AD
2452 293 2697 351 EPHES.

3518 295 3624 351 590

2092 419 2261 474 Vsus.
2317 423 2402 474 18.
2438 449 2506 459 -
2537 420 2736 476 Oculos
2783 419 2984 476 cordis.
3038 419 3279 491 Imagine
3334 436 3469 494 ergo
3520 436 3622 475 sua

2026 524 2302 581 cognosce
2347 517 2627 565 auctorem
2675 509 2813 579 ejus,
2851 509 2943 580 qui
2992 509 3266 580 corporali
3299 526 3463 565 sensu
3511 524 3621 566 non

2025 598 2317 669 attingitur.
2370 598 2453 652 Ne
2498 612 2632 669 ergo
2675 597 2872 669 putetis
2928 613 3191 669 corporeo
3241 614 3406 653 sensu
3450 599 3623 653 Deum

2023 685 2230 757 attingi,
2264 685 2362 741 sed
2391 686 2561 741 oculis
2591 686 2807 751 mentis,
2844 686 3023 757 ipsum
3052 687 3253 741 audite.
3288 688 3347 741 In
3376 700 3620 757 corpore,

2023 773 2116 828 ubi
2143 773 2356 829 diversa
2395 774 2639 829 membra
2681 782 2824 839 sunt,
2878 774 3006 830 alibi
3054 775 3227 842 audis,
3276 774 3405 829 alibi
3451 774 3624 830 vides.

2025 861 2085 916 In
2115 862 2278 918 corde
2304 869 2484 918 autem
2510 870 2623 929 tuo,
2655 862 2747 917 ubi
2775 862 2992 918 diversa
3031 863 3273 919 membra
3306 878 3415 919 non
3466 862 3625 919 inve-

2024 950 2260 1018 niuntur,
2295 951 2369 1006 ibi
2398 952 2554 1007 audis
2582 952 2674 1006 ubi
2704 951 2877 1008 vides.
2913 952 2995 1006 Ad
3023 952 3126 1007 hoc
3153 960 3331 1007 autem
3359 951 3626 1007 illuminet

2023 1038 2228 1095 oculos.
2265 1042 2334 1098 Ut
2368 1042 2582 1106 sciatis,
2634 1048 2743 1096 etc.
2804 1041 2919 1096 Hoc
2968 1039 3097 1095 dicit
3144 1048 3202 1095 ut
3244 1039 3625 1112 pr0pensiores

2024 1128 2130 1182 sint
2164 1147 2177 1183 :
2210 1128 2333 1200 quia
2360 1144 2484 1203 cum
2513 1129 2674 1200 plene
2722 1128 2943 1185 scierint
2989 1129 3080 1201 qui
3120 1128 3321 1184 fructus
3366 1137 3449 1184 est
3496 1144 3623 1185 cre-

2020 1216 2281 1285 dentium,
2312 1218 2695 1288 propensiores
2724 1216 2856 1273 ﬁent
2894 1216 3040 1273 circa
3087 1218 3439 1273 excolendam
3487 1217 3622 1273 reli-

2022 1305 2264 1378 gionem.
2318 1306 2416 1361 Vel
2449 1306 2518 1360 ita
2551 1323 2564 1360 :
2596 1314 2654 1360 ut
2682 1322 2810 1377 spes
2836 1306 3056 1376 prOprie
3071 1306 3385 1377 accipiatur.
3406 1307 3474 1361 Et
3490 1321 3622 1361 sen-

2024 1410 2117 1448 sus
2145 1401 2228 1450 est
2248 1413 2260 1449 :
2280 1394 2550 1450 Utsciatis
2579 1411 2701 1466 quae
2757 1394 2843 1463 sit,
2878 1394 3084 1450 scilicet
3123 1394 3374 1450 voluntas
3405 1394 3541 1464 ejus,
3566 1394 3620 1449 id

2022 1490 2379 1557 estquantum
2410 1484 2552 1539 valet
2593 1500 2720 1555 spes
2750 1483 2873 1539 vita;
2908 1490 3126 1539 aeternae
3155 1484 3225 1539 ad
3255 1500 3417 1555 quam
3445 1491 3619 1540 vocat.

2022 1572 2091 1627 Et
2146 1572 2327 1628 sciatis
2383 1589 2505 1644 quae
2569 1572 2638 1627 sit
2711 1572 3026 1643 adimpletio
3087 1572 3203 1641 ejus
3276 1572 3411 1644 spei.
3463 1571 3622 1641 Quod

2020 1660 2092 1715 ita
2121 1660 2195 1715 ait
2227 1676 2240 1716 :
2275 1664 2346 1717 Et
2371 1678 2492 1734 quo:
2505 1662 2739 1717 divitiae.
2776 1661 2875 1717 Hic
2903 1661 3031 1733 quid
3060 1661 3278 1717 nomine
3310 1661 3428 1733 spei
3454 1661 3619 1718 intel-

2021 1748 2210 1805 lexerit
2237 1748 2410 1820 aperit
2438 1767 2452 1803 :
2488 1765 2641 1820 spem
2661 1734 2820 1805 enim.
2846 1749 3040 1820 accipit
3068 1765 3183 1805 rem
3214 1757 3511 1821 speratam.

2100 1838 2269 1893 Vnus.
2292 1840 2378 1891 19.
2397 1868 2465 1877 -
2487 1840 2617 1906 Quo:
2645 1839 2723 1893 sit
2750 1839 3200 1911 supereminens.
3225 1837 3509 1907 Quoddam
3537 1838 3621 1893 in-

2028 1932 2363 1982 crementum
2392 1925 2579 1998 gloriae
2620 1926 2897 1981 habebunt
2939 1926 3134 1981 summi
3177 1927 3449 1993 doctores,
3482 1926 3621 1982 ultra

2028 2014 2162 2071 illud
2192 2015 2340 2086 quod
2385 2014 2744 2071 communiter
2772 2029 2963 2069 omnes
3004 2015 3301 2071 habebunt.
3335 2014 3623 2070 Habebunt

2028 2102 2173 2158 enim
2221 2119 2413 2158 omnes
2456 2103 2708 2159 eumdem
2755 2103 3061 2159 denarium.
3101 2104 3206 2160 Sed
3234 2103 3428 2175 differt
3453 2106 3623 2160 stella

2027 2209 2063 2247 a
2101 2192 2271 2247 stella
2300 2192 2364 2247 in
2401 2194 2669 2248 claritate
2714 2191 2766 2263 (Ι
2794 2192 2917 2248 Cor.
2962 2192 3084 2262 xv).
3131 2195 3202 2248 Et
3229 2196 3403 2249 erant
3429 2193 3617 2249 diver-

2029 2297 2105 2336 sa:
2122 2283 2446 2336 mansiones
2475 2280 2538 2335 in
2566 2282 2724 2337 domo
2754 2281 2944 2336 Patris
2979 2280 3159 2351 (Joan.
3186 2281 3329 2350 xxv).

2099 2369 2269 2425 Vsus.
2292 2372 2457 2424 20.-—
2469 2369 2762 2425 Suscitans
2778 2369 3079 2434 illum,etc.
3100 2369 3422 2440 Exemplum
3438 2376 3618 2424 autem

2028 2456 2217 2529 glorias
2259 2464 2569 2513 sanctorum
2613 2456 2859 2511 consistit
2900 2456 2957 2510 in
3000 2457 3399 2513 resurrectione
3430 2457 3617 2513 Salva-

2028 2545 2178 2611 toris,
2211 2552 2269 2600 ut
2296 2545 2352 2599 in
2377 2560 2444 2600 ea
2487 2552 2820 2617 cognoscant
2848 2543 3040 2599 ﬁdeles
3082 2546 3227 2615 quod
3271 2545 3351 2600 eis
3379 2544 3618 2615 promis-

2028 2651 2151 2689 sum
2178 2642 2280 2689 est.
2312 2634 2395 2689 Ad
2422 2633 2721 2689 dexteram
2748 2650 2933 2689 suam.
2972 2634 3205 2688 Dextera
3233 2641 3318 2687 est
3344 2632 3619 2689 beatitudo

2027 2730 2246 2789 azterna,
2279 2739 2401 2793 quas
2431 2722 2632 2777 sanctis
2660 2722 2819 2776 datur
2852 2739 2865 2775 :
2899 2720 3118 2776 sinistra
3136 2729 3217 2776 est
3232 2721 3473 2789 miseria,
3494 2738 3617 2793 qum

2029 2810 2229 2881 impiis.
2261 2810 2423 2865 Nulla
2451 2810 2597 2866 enim
2613 2809 2787 2866 forma
2802 2809 3045 2881 corporis
3061 2809 3192 2865 Deis
3207 2807 3392 2865 finitur
3407 2818 3461 2866 et
3477 2824 3617 2867 con-

2030 2899 2285 2956 cluditur.

2100 2988 2272 3043 Vnus.
2304 2991 2367 3045 2t
2381 3028 2394 3042 .
2426 3018 2496 3027 —
2517 2989 2698 3061 Supra
2717 3004 2959 3054 omnem,
2980 2995 3084 3044 etc.
3107 2987 3221 3043 Hoc
3240 2986 3369 3043 dicit
3398 2994 3625 3059 propter

2030 3076 2454 3133 incarnationem
2485 3074 2604 3132 Fili
2631 3076 2751 3143 Dei,
2786 3084 2870 3131 est
2897 3077 3055 3131 etiam
3085 3077 3268 3143 homo,
3321 3076 3496 3133 factus
3525 3093 3625 3132 su-

2026 3182 2125 3237 per
2166 3181 2357 3221 omnes
2422 3165 2593 3221 caelos
2638 3181 2764 3221 esse
2810 3165 3023 3221 dicatur
3047 3209 3060 3233 ,
3094 3173 3147 3221 et
3194 3179 3360 3236 super
3404 3180 3624 3222 omnem

2029 3269 2357 3328 creaturam,
2397 3262 2608 3317 habens
2638 3277 2841 3317 nomen
2891 3261 3008 3331 ejus
3039 3278 3137 3333 per
3181 3269 3463 3333 naturam,
3518 3277 3631 3318 non

2027 3366 2129 3421 per
2158 3350 2526 3421 adoptionem.

2102 3440 2270 3495 Vaas.
2292 3444 2381 3497 22.
2422 3470 2492 3481 -—
2534 3440 2645 3497 Sub
2687 3439 2918 3513 pedibus
2960 3442 3117 3512 ejus,
3149 3446 3255 3496 etc.
3303 3440 3409 3495 Per
3448 3439 3620 3511 pedes

2029 3535 2193 3608 plena
2221 3536 2484 3605 subjectio
2512 3543 2750 3603 notatur,
2772 3543 2827 3592 et
2845 3536 3025 3591 omnia
3054 3536 3247 3592 merito
3275 3543 3399 3591 sunt
3415 3536 3467 3591 ei
3494 3536 3623 3591 sub-

2023 3626 2185 3695 jecta,
2219 3626 2344 3695 quia
2372 3641 2470 3695 per
2498 3641 2622 3680 eum
2658 3624 2834 3692 facta;
2868 3624 2975 3691 vel,
2994 3625 3167 3695 pedes
3187 3623 3623 3696 signiﬁcanthu-

2029 3714 2365 3779 inanitatem,
2399 3714 2522 3785 quia
2541 3713 2681 3768 sicut
2710 3729 2808 3784 pes
2821 3721 2903 3768 est
2931 3712 3154 3767 inferior
3181 3729 3309 3783 pars
3338 3713 3608 3784 corporis,

2028 3802 2101 3857 ita
2130 3802 2186 3856 in
2244 3802 2467 3857 Christo
2518 3800 2748 3856 inferior
2793 3808 2983 3855 natura
3030 3808 3111 3855 est
3130 3800 3431 3855 humanitas
3460 3816 3624 3872 quam

2032 3891 2191 3946 etiam
2221 3890 2401 3961 angeli
2430 3891 2672 3945 adorant.
2704 3892 2775 3946 Et
2802 3890 3011 3962 ipsum,
3031 3896 3136 3945 etc.
3157 3890 3448 3960 Postquam
3465 3904 3622 3945 com-

2030 3979 2349 4035 memoravit
2387 3979 2705 4052 dignitatem
2748 3978 2969 4045 Christi,
3000 3978 3070 4033 ad
3112 3993 3213 4033 nos
3239 3977 3397 4045 redit,
3432 3985 3622 4034 osten-

2030 4069 2166 4125 deus
2194 4069 2310 4137 ejus
2338 4068 2660 4141 dignitatem
2691 4068 2758 4122 ad
2788 4083 2889 4122 nos
2919 4066 3230 4137 pertinere;
3265 4066 3423 4139 quasi
3439 4067 3619 4123 dicat:

2034 4159 2109 4212 Ita
2156 4157 2409 4212 exaltavit
2454 4158 2601 4212 Deus
2646 4156 2947 4225 Christum,
2980 4163 3037 4210 ut
3080 4157 3198 4212 haec
3227 4155 3480 4211 exaltatio
3510 4156 3626 4225 ejus

2032 4246 2104 4301 ad
2132 4262 2232 4302 nos
2273 4246 2539 4317 pertineat
2571 4263 2584 4299 :
2619 4245 2748 4317 quia
2778 4245 2897 4316 ipse
2942 4252 3025 4300 est
3052 4252 3232 4316 caput,
3280 4252 3332 4300 et
3361 4261 3463 4300 nos
3495 4260 3623 4300 cor-

2032 4351 2153 4405 pus,
2185 4344 2244 4390 ut
2286 4335 2337 4390 ei
2377 4334 2785 4406 participemus.
2838 4335 3036 4407 Caput.
3088 4334 3400 4390 Secundum
3443 4333 3625 4388 deita-

2033 4429 2143 4479 tem
2178 4442 2190 4477 :
2224 4422 2351 4495 quia
2377 4439 2567 4479 omnes
2597 4424 2666 4479 ab
2692 4424 2812 4495 ipso
2855 4421 3002 4489 facti,
3037 4430 3089 4478 et
3133 4421 3293 4477 etiam
3324 4422 3637 4488 secundum

1958 4487 2012 4548 D
2033 4487 2434 4580 humanitatem,
2486 4528 2592 4585 qua
2620 4512 2671 4567 ei
2701 4487 3043 4583 conjungitur
3069 4510 3333 4580 Ecclesia,
3363 4518 3548 4565 natura
3562 4518 3618 4566 et

2031 4600 2219 4671 gratia.
2251 4602 2395 4658 Nam
2441 4602 2508 4657 de
2538 4601 2898 4673 plenitudine
2929 4602 3051 4673 ejus
3079 4615 3272 4657 omnes
3301 4601 3621 4673 accepimus

2031 4697 2213 4771 (Joan.
2246 4698 2330 4770 χ).

2101 4789 2274 4844 Vnus.
2304 4791 2401 4844 23.
2438 4817 2508 4828 —
2537 4786 2839 4843 Plenitudo
2869 4788 3010 4858 ejus.
3032 4784 3172 4855 Quia
3187 4785 3510 4858 adimpletur
3523 4802 3623 4858 per

2031 4892 2146 4944 eos,
2181 4885 2366 4932 tamen
2395 4892 2491 4931 eos
2535 4875 2714 4930 omnia
2757 4874 2814 4929 in
2852 4874 3104 4930 omnibus
3129 4875 3217 4930 hic
3244 4884 3298 4930 et
3322 4875 3379 4930 in
3409 4874 3614 4933 futuro.

2030 4966 2185 5020 Item.
2230 4966 2363 5021 Cum
2405 4963 2637 5035 ingressi
2678 4964 2746 5018 ad
2787 4962 3186 5019 confessionem
3228 4964 3447 5020 ﬂectunt
3478 4980 3623 5036 genu

2032 5054 2266 5120 Christo,
2301 5051 2660 5124 adimpletur,
2682 5052 2806 5124 quia
2859 5052 3179 5109 recedentes
3211 5053 3466 5109 videntur
3498 5068 3627 5109 eva-

2032 5158 2196 5200 cuare
2224 5158 2366 5197 eum.
2401 5142 2603 5197 Omnia
2634 5144 2697 5197 in
2731 5142 3006 5199 omnibus.
3040 5140 3177 5210 Quia
3219 5142 3465 5198 membra
3492 5142 3626 5196 nihil

2030 5232 2081 5288 ei
2111 5231 2413 5297 conferunt,
2448 5231 2546 5285 sed
2577 5228 2694 5302 ipse
2719 5230 2901 5287 omnia
2928 5231 3187 5288 membris
3207 5249 3220 5287 :
3240 5231 3363 5305 quia
3390 5232 3505 5301 ejus
3519 5231 3623 5287 vir-

2029 5328 2140 5376 tute
2168 5327 2292 5376 sunt
2334 5320 2478 5392 quod
2520 5328 2661 5376 sunt.

2671 5462 2896 5519 CAPUT
2949 5462 3016 5517 II.

2102 5590 2272 5645 Vsus.
2309 5593 2362 5643 1.
2395 5618 2464 5628 -
2494 5591 2566 5645 Et
2590 5604 2703 5655 vos,
2722 5604 2852 5644 eum
2868 5587 3083 5652 essetis,
3105 5591 3207 5641 etc.
3227 5582 3625 5638 Commemorat

2029 5678 2239 5753 priora,
2269 5685 2329 5735 ut
2367 5677 2425 5734 in
2467 5677 2627 5734 bonis
2654 5675 3027 5741 humilientur,
3061 5680 3116 5729 et
3142 5678 3351 5728 certum
3379 5669 3449 5725 sit
3478 5669 3627 5743 quod
