3964 6178
332 248 428 302 591

723 243 1126 300 WALAFRIDI
1163 243 1406 299 STRABI
1447 241 1641 298 FULD.
1690 239 1864 297 MON.
1905 253 1910 282 ε

2036 250 2058 295 ’.
2100 241 2274 297 PARS
2311 242 2353 296 Ι.
2394 272 2462 282 -
2496 239 2967 297 THEOLOGICA.

3532 240 3629 296 592

332 370 381 424 si
410 369 642 425 inimicis
673 370 789 424 haec
816 369 946 423 data
990 375 1130 432 sunt,
1184 367 1361 437 magis
1403 366 1594 421 amicis
1637 365 1929 429 dabuntur,
1954 365 2010 426 A
2041 366 2167 421 dem
2178 365 2528 439 gloriandum
2540 374 2640 434 est,
2665 380 2788 420 cum
2809 363 2943 419 ﬁdes
2963 371 3013 419 et
3029 361 3211 418 omnia
3231 378 3297 417 ex
3317 361 3494 432 gratia
3514 361 3631 414 sint.

336 481 461 537 qum
489 464 762 536 apostolus
790 472 970 536 optat;
1000 464 1153 536 quasi
1191 464 1336 519 dicat
1369 481 1383 516 :
1418 464 1588 533 Caput
1637 468 1720 516 est
1760 460 1937 516 omnis

338 553 606 610 Ecclesiae
636 561 688 610 et
720 561 979 619 vestrum,
1026 552 1153 624 quia
1194 568 1293 607 vos
1337 549 1735 607 conviviﬁcavit
1768 568 1783 605 :
1813 566 1935 605 cum

335 639 391 695 id
419 648 522 709 est,
556 641 804 713 quamvis
834 640 1027 697 essetis
1054 640 1276 695 mortui.
1310 638 1410 693 Vel
1449 654 1550 694 nos
1583 638 1675 710 qui
1703 637 1939 694 credidi-

335 744 479 795 mus,
540 729 805 785 habemus
846 744 997 800 spem
1060 727 1408 793 hereditatis,
1455 734 1507 783 et
1564 742 1683 793 vos,
1731 725 1937 781 scilicet

332 817 657 873 credidistis.
686 818 832 874 Deus
862 824 1038 872 autem
1070 815 1487 883 conviviﬁcavit,
1518 815 1605 871 vel
1631 816 1818 871 Iesum
1845 832 1937 870 su-

339 904 564 973 scitavit,
598 913 703 960 etc.

406 994 575 1049 Vens.
614 996 666 1050 2.
702 1023 772 1035 -—
801 993 1148 1065 Principem.
1212 991 1429 1048 Scilicet
1472 991 1794 1055 Beelzebub,
1842 990 1933 1062 qui

334 1088 414 1137 est
442 1080 697 1152 princeps
726 1078 1092 1152 malignorum
1123 1081 1426 1151 spirituum,
1452 1081 1558 1148 vel,
1591 1079 1933 1134 intransitive

330 1169 633 1240 principem
668 1170 971 1241 spirituum.
1014 1169 1317 1240 Principem
1362 1168 1565 1224 erroris
1595 1168 1724 1223 dicit
1772 1167 1931 1238 spiri-

332 1263 443 1311 tum
485 1257 643 1323 aeris,
692 1256 747 1311 in
791 1273 900 1329 quo
952 1257 1286 1312 dominatur.
1344 1258 1526 1313 Aeris.
1589 1255 1930 1328 Caliginosus

329 1360 421 1399 aer
445 1344 688 1400 infernus
716 1353 770 1401 et
812 1345 1138 1401 daemonum.
1186 1345 1454 1418 Spiritus.
1505 1344 1563 1398 Id
1602 1351 1712 1409 'est,
1761 1342 1927 1413 spiri-

329 1441 481 1488 tuum
510 1450 524 1488 :
555 1434 774 1504 ponitur
802 1434 948 1489 enim
973 1434 1244 1505 genitivus
1263 1432 1555 1504 singularis
1580 1448 1678 1502 pro
1707 1430 1924 1502 plurali.

333 1520 612 1593 Operatur
638 1522 702 1576 in
731 1522 881 1590 ﬁlios
913 1522 1263 1593 difﬁdentiae.
1298 1519 1440 1590 Quid
1457 1522 1484 1575 Τ
1513 1520 1619 1573 nisi
1647 1536 1813 1590 opera
1830 1534 1928 1572 sua

328 1609 476 1665 mala
522 1627 535 1663 :
584 1618 638 1665 et
668 1609 724 1663 in
766 1609 959 1680 primis
995 1610 1248 1676 maxime,
1296 1609 1420 1681 quia
1461 1608 1637 1679 ipsam
1681 1607 1925 1662 diﬁiden-

2109 456 2280 509 Vens.
2317 458 2403 508 11.
2434 486 2503 494 —
2529 457 2764 526 Pr0pter
2793 454 2954 526 quod.
2988 453 3056 508 Ut
3086 450 3269 506 sciatis
3299 448 3482 505 omnia
3517 464 3631 504 esse

2035 561 2067 600 a
2112 544 2282 617 gratia
2332 543 2453 598 Dei.
2504 542 2812 597 Contulerat
2857 540 3076 596 Iudaeos
3133 548 3185 594 et
3229 546 3444 610 gentes,
3492 537 3630 608 quod

2034 632 2249 704 utrique
2279 632 2381 686 sub
2410 638 2635 704 peccato
2672 629 2919 697 fuissent,
2972 643 3117 683 nunc
3168 626 3404 682 ostendit
3452 634 3637 698 gentes

2033 720 2202 775 fuisse
2227 719 2568 792 indigniores
2597 726 2650 774 et
2690 716 3018 789 improperia
3045 715 3357 771 Iudaeorum
3409 729 3635 785 perpes-

2036 825 2145 875 sas,
2179 817 2237 863 ut
2282 808 2445 864 modo
2492 807 2731 879 aequales
2775 805 2995 874 Judzeis,
3047 803 3226 877 magis
3271 802 3380 857 sint
3426 800 3642 857 obnoxii

2034 898 2223 971 gratiae
2251 897 2371 953 Dei.
2405 896 2721 969 Aliquando
2754 913 2862 952 vos.
2896 896 2957 948 In
2985 893 3312 965 quibusdam
3359 890 3634 945 codicibus

2033 987 2306 1058 reperitur
2336 980 2597 1055 seriptum
2642 1000 2765 1039 esse
2802 1002 2815 1037 :
2848 985 2962 1056 qui,
3011 981 3085 1036 ibi
3117 999 3130 1035 :
3162 998 3253 1037 vos
3306 982 3405 1053 qui
3448 983 3638 1051 gentes

2032 1078 2228 1141 eratis,
2262 1083 2313 1129 et
2348 1074 2649 1130 secundum
2697 1074 2801 1127 hoc
2851 1070 3175 1141 suspensive
3223 1068 3424 1140 legitur
3466 1082 3634 1137 usque

2027 1163 2148 1217 ibi:
2200 1164 2359 1218 Nune
2401 1166 2594 1218 autem
2628 1162 2691 1217 in
2742 1161 2981 1226 Christo,
3029 1166 3171 1225 etc.;
3206 1158 3399 1213 eodem
3448 1164 3629 1210 tamen

2029 1260 2281 1306 manente
2311 1267 2494 1306 sensu.

2098 1350 2270 1404 Vens.
2303 1353 2390 1404 12.
2422 1377 2492 1388 --
2525 1349 2790 1420 Hospites.
2821 1347 3035 1416 Hospes
3069 1344 3221 1416 quasi
3251 1342 3377 1399 ostii
3406 1358 3530 1413 pes,
3563 1354 3627 1396 eo

2028 1438 2173 1509 quod
2200 1454 2324 1493 cum
2352 1424 2755 1507 suscipiebatur
2780 1435 2836 1489 in
2881 1435 3120 1501 domum,
3171 1431 3408 1503 ponebat
3454 1429 3634 1484 domi-

2026 1542 2129 1583 nus
2145 1526 2357 1592 domus,
2387 1534 2440 1579 et
2460 1525 2552 1596 qui
2574 1523 2980 1594 suscipiebatur,
3004 1521 3203 1592 pedem
3218 1536 3384 1590 super
3407 1517 3627 1585 ostium,

2026 1623 2078 1669 et
2107 1614 2244 1669 datis
2273 1613 2477 1670 dextris
2501 1613 2717 1683 jurabat
2747 1612 2893 1683 quod
2923 1609 3179 1682 paciﬁcus
3220 1616 3367 1664 esset
3409 1606 3629 1678 ingres-

326 1697 453 1752 tiam
479 1706 531 1752 et
560 1695 931 1753 inﬁdelitatem
962 1714 1072 1769 qua
1098 1697 1204 1752 sint
1232 1696 1437 1752 inimici
1466 1695 1611 1763 ﬁdei,
1645 1713 1744 1768 per
1759 1712 1922 1768 quem
1946 1721 2000 1781 B
2030 1720 2144 1759 sus.

324 1785 426 1840 scit
455 1801 551 1841 eos
580 1785 744 1841 dosse
778 1785 1073 1841 mundari?

398 1873 566 1929 Vens.
598 1878 652 1928 3.
682 1903 751 1913 —
779 1875 849 1929 Et
879 1890 1107 1930 eramus
1135 1877 1369 1939 natura,
1400 1879 1503 1928 etc.
1540 1871 1709 1940 Quasi
1742 1890 1756 1928 :
1787 1871 1923 1927 Cum

321 1962 437 2019 haec
469 1962 732 2033 praedicta
761 1962 977 2017 fuerunt
1016 1962 1072 2017 in
1103 1961 1292 2025 nobis,
1325 1977 1434 2016 non
1465 1960 1722 2032 desperet
1750 1960 1925 2032 genti-

314 2049 384 2105 lis
412 2050 541 2122 quin
570 2066 673 2121 par
702 2050 905 2106 Iudaeis
936 2048 1045 2104 ﬁat.
1081 2051 1215 2105 Filii
1246 2051 1365 2105 irae.
1401 2049 1537 2104 Cum
1565 2048 1643 2103 ira
1672 2048 1771 2104 Dei
1797 2064 1920 2103 nas-

319 2146 515 2194 cuntur
541 2139 822 2205 mortales,
864 2138 1008 2211 quia,
1054 2148 1315 2209 peccante
1341 2138 1533 2204 Adam,
1582 2137 1768 2192 vitium
1820 2153 1918 2209 pro

318 2234 507 2282 natura
547 2226 788 2282 inolevit.
833 2226 1138 2283 Tenebatur
1193 2226 1340 2281 enim
1375 2227 1523 2296 justa
1569 2225 1918 2281 damnatione

319 2330 496 2388 genus
522 2315 836 2383 humanum,
864 2323 918 2371 et
944 2323 1099 2371 erant
1125 2330 1316 2371 omnes
1345 2323 1538 2370 natura
1567 2312 1663 2369 ﬁlii
1689 2315 1805 2370 ira.

388 2421 558 2477 Vens.
589 2424 643 2477 5.
677 2451 748 2463 -
780 2422 1194 2491 Conviviﬁcavit
1208 2439 1329 2479 nos.
1364 2420 1464 2477 Vel
1477 2435 1580 2476 nos
1603 2421 1824 2477 Iudaeos
1841 2419 1914 2475 si-

317 2509 520 2566 militer
548 2518 603 2566 et
633 2526 732 2566 vos
761 2510 1012 2583 gentiles,
1046 2518 1099 2566 et
1126 2511 1230 2565 hoc
1263 2518 1345 2565 est
1374 2527 1389 2565 :
1419 2510 1572 2580 cujus
1615 2508 1788 2582 gratia
1816 2524 1915 2565 vos

315 2605 507 2670 gentes
537 2598 667 2654 estis
694 2598 929 2655 salvatae.
962 2597 1032 2653 Et
1056 2606 1311 2669 utrosque
1338 2597 1803 2654 conresuscitavit.

382 2704 555 2760 Vens.
604 2708 656 2760 6.
689 2733 761 2746 —
791 2703 1098 2762 Consedere
1137 2706 1296 2775 fecit,
1346 2710 1449 2759 etc.
1495 2704 1620 2758 Non
1660 2702 1907 2767 inaniter,

309 2792 408 2848 sed
439 2791 671 2847 ﬁdeliter
690 2793 806 2862 jam
835 2800 1114 2863 computat
1143 2790 1344 2846 factum
1361 2791 1506 2862 quod
1527 2790 1768 2845 futurum
1787 2806 1911 2846 esse

309 2896 421 2936 non
451 2880 675 2935 dubitat.
708 2880 867 2935 Certe
897 2879 1038 2934 enim
1065 2879 1121 2933 in
1167 2878 1480 2935 cmlestibus
1527 2878 1772 2934 Christus
1794 2878 1909 2947 jam

307 2966 484 3036 sedet,
518 2968 757 3023 nondum
784 2975 963 3023 autem
992 2981 1093 3022 nos
1122 2985 1136 3032 ;
1170 2967 1267 3022 sed
1296 2983 1394 3037 spe
1421 2975 1571 3022 certa
1599 2974 1867 3022 tenemus.

2102 1794 2271 1847 Vens.
2310 1794 2396 1847 14.
2430 1821 2499 1832 -
2537 1791 2640 1859 Qui
2666 1791 2808 1861 fecit
2837 1793 3076 1861 utraque
3105 1803 3308 1841 unum.
3343 1785 3470 1856 Ipse
3504 1784 3640 1838 enim

2027 1888 2107 1936 est
2134 1880 2272 1951 lapis
2299 1879 2595 1953 angularis,
2629 1879 2683 1932 in
2721 1894 2827 1950 quo
2857 1877 2965 1932 duo
3022 1875 3208 1946 populi
3240 1883 3499 1945 tanquam
3546 1889 3641 1943 pa-

2023 1970 2190 2024 rietes
2230 1969 2298 2024 de
2328 1968 2548 2024 diverso
2577 1967 2781 2040 angulo
2820 1965 3102 2022 venientes
3134 1962 3371 2027 sibimet,
3406 1961 3566 2033 quasi
3590 1961 3639 2014 in

2022 2057 2172 2129 pacis
2200 2057 2386 2112 osculo
2413 2055 2753 2127 copulantur.
2784 2055 3091 2111 Parietem.
3126 2052 3184 2106 Id
3218 2059 3319 2118 est,
3381 2049 3638 2105 obstacu-

2021 2146 2137 2201 lum
2168 2147 2293 2202 hinc
2322 2163 2387 2201 ex
2417 2145 2561 2215 lege,
2593 2143 2719 2198 inde
2746 2159 2809 2198 ex
2842 2141 3172 2197 idololatria.

2091 2236 2261 2289 Ve’ns.
2296 2236 2380 2288 15.
2411 2263 2482 2274 —
2514 2234 2746 2288 Faciens
2774 2247 2991 2303 pacem,
3024 2238 3127 2284 etc.
3160 2226 3308 2282 Facit
3326 2241 3528 2297 pacem
3556 2224 3627 2279 in-

2019 2332 2104 2379 ter
2130 2323 2300 2395 ipsos,
2332 2330 2391 2376 ut
2405 2321 2597 2375 ambos
2613 2318 2861 2376 conciliet
2890 2319 3007 2374 Deo
3021 2316 3185 2372 Patri.
3206 2317 3272 2370 In
3301 2315 3623 2386 semetipso.

2017 2412 2140 2467 Non
2176 2410 2335 2465 aliter
2364 2424 2525 2481 quam
2552 2425 2651 2480 per
2678 2422 2920 2471 crucem,
2941 2405 2996 2460 id
3022 2413 3106 2461 est
3119 2411 3375 2471 mortem,
3409 2400 3633 2457 interfe-

2017 2499 2089 2556 cit
2119 2498 2459 2554 inimicitiam
2481 2496 2758 2569 quaeinter
2773 2496 2947 2551 Deum
2966 2501 3019 2549 et
3035 2493 3306 2558 homines,
3329 2491 3385 2545 id
3401 2497 3488 2545 est
3508 2505 3632 2560 pec-

2016 2596 2135 2644 cata
2168 2586 2389 2641 dimisit.
2414 2585 2681 2640 Omnibus
2702 2584 2849 2639 enim
2878 2581 3104 2654 profecit
3122 2596 3273 2636 mors
3303 2576 3620 2634 Salvatoris.

2096 2676 2268 2731 Vens.
2304 2677 2390 2729 17.
2424 2704 2493 2715 -
2525 2675 2702 2746 Longe
2749 2673 2967 2743 fuistis,
2998 2678 3103 2726 etc.
3135 2669 3192 2724 Si
3242 2666 3439 2723 affectu
3485 2680 3631 2721 amas

2016 2765 2215 2829 Deum,
2280 2779 2455 2836 prope
2485 2779 2547 2818 es
2580 2780 2593 2817 :
2627 2762 2673 2816 si
2701 2760 2884 2828 odisti,
2916 2760 3081 2833 longe
3110 2774 3191 2815 es.
3220 2757 3345 2828 Non
3375 2755 3525 2811 enim
3554 2769 3635 2808 re-

2012 2853 2268 2926 gionibus
2298 2852 2464 2925 longe
2499 2858 2583 2906 est
2623 2849 2909 2923 quisquam
2957 2864 2991 2903 a
3036 2848 3172 2913 Deo,
3200 2845 3299 2901 sed
3328 2842 3630 2899 affectibus.

2088 2971 2260 3025 Vens.
2296 2973 2458 3024 19.—
2470 2969 2590 3025 Non
2619 2967 2756 3022 estis
2787 2965 3051 3038 hospites.
3086 2963 3154 3017 Id
3182 2970 3265 3018 est
3294 2960 3627 3032 indigniores

381 3056 553 3111 Vens.
588 3058 642 3112 ’7.
660 3086 731 3097 -
751 3056 1282 3128 Supervenientibus
1308 3055 1679 3119 abundantes,
1708 3064 1813 3111 etc.
1847 3056 1909 3109 In
1939 3073 1989 3137 α
2022 3059 2079 3114 in
2108 3057 2235 3124 ﬁde,
2271 3058 2409 3113 sicut
2438 3056 2567 3112 olim
2597 3054 2803 3126 recepti
2830 3054 2884 3108 in
2915 3053 3058 3126 lege.
3090 3054 3162 3108 Et
3187 3051 3438 3106 advenae.
3471 3049 3535 3105 Id
3554 3056 3632 3104 est

308 3143 493 3201 futuro
524 3145 669 3200 enim
698 3144 917 3210 saeculo,
950 3143 1234 3214 apparebit
1262 3143 1465 3198 donum
1504 3144 1623 3209 Dei,
1656 3144 1710 3197 in
1742 3159 1913 3199 remu-

310 3232 598 3289 neratione
626 3232 1000 3298 credentium;
1033 3232 1179 3304 quod
1225 3232 1415 3287 oculus
1458 3247 1568 3287 non
1611 3232 1759 3299 vidit,
1809 3249 1912 3290 nec

309 3330 459 3385 auris
490 3328 713 3385 audivit.
761 3330 830 3383 Et
871 3329 989 3385 haec
1032 3336 1156 3384 sunt
1199 3329 1540 3384 abundantes
1583 3328 1799 3395 divitiae,
1853 3337 1913 3383 ut

305 3425 515 3473 tantum
544 3417 705 3472 detur
732 3424 990 3489 quantum
1019 3432 1175 3473 mens
1203 3417 1538 3490 investigare
1568 3433 1679 3473 non
1708 3424 1905 3489 potest.

379 3504 553 3562 Vens.
587 3509 639 3560 8.
672 3535 742 3546 —
769 3507 839 3562 Et
869 3506 967 3562 hoc
998 3521 1113 3561 non
1138 3521 1213 3561 ea:
1241 3507 1404 3573 vobis,
1424 3513 1528 3560 etc.
1563 3506 1646 3561 Ne
1663 3504 1804 3561 forte
1820 3505 1910 3559 di-

309 3609 406 3650 cas
441 3611 455 3648 :
487 3593 787 3659 Promerui,
820 3593 945 3648 ideo
987 3593 1194 3664 accepi.
1227 3594 1352 3648 Non
1391 3602 1550 3664 putes
1596 3603 1647 3649 te
1689 3608 1911 3664 prome-

308 3680 480 3738 rendo
512 3681 814 3753 accepisse.
856 3681 1043 3737 Gratia
1087 3682 1371 3752 praecessit
1413 3682 1667 3737 meritum
1710 3690 1860 3737 tuum
1894 3700 1907 3737 :

307 3786 420 3825 non
451 3770 624 3841 gratia
660 3785 728 3825 ex
756 3770 967 3836 merito,
1016 3769 1114 3824 sed
1142 3769 1396 3825 meritum
1427 3764 1493 3824 ex
1538 3771 1729 3842 gratia.
1774 3772 1913 3826 Nam

302 3857 351 3913 si
400 3859 575 3930 gratia
622 3874 689 3913 ex
735 3857 953 3925 merito,
998 3857 1205 3925 emisti,
1252 3873 1363 3913 non
1411 3858 1583 3930 gratis
1628 3859 1907 3930 accepisti.

311 3945 508 4002 Omnia
537 3947 724 4002 merita
752 3945 1010 4017 praecedit
1055 3946 1249 4017 gratia,
1283 3954 1341 4000 ut
1386 3946 1531 4001 dona
1560 3947 1661 4003 Dei
1708 3963 1910 4004 conse-

308 4050 544 4117 quantur
569 4043 765 4097 merita
802 4058 922 4097 mea
934 4083 948 4097 .

379 4157 551 4213 Vens.
586 4160 640 4213 9.
673 4186 744 4197 —
773 4157 850 4212 Ne
877 4158 1001 4229 quis
1028 4157 1321 4228 glorietur.
1347 4159 1471 4213 Non
1489 4159 1592 4214 hoc
1612 4159 1735 4214 ideo
1756 4160 1905 4230 dicit,

304 4245 428 4319 quia
472 4260 640 4317 opera
687 4244 828 4300 bona
875 4244 967 4314 pia
1019 4244 1344 4317 cogitatione
1386 4244 1527 4301 facta
1570 4246 1909 4317 frustrentur,

307 4349 433 4390 cum
459 4334 606 4389 Deus
635 4332 829 4388 reddat
858 4332 1054 4404 cuique
1085 4333 1384 4389 secundum
1422 4350 1589 4406 opera
1618 4336 1754 4405 ejus,
1810 4330 1911 4394 sit-

307 4437 413 4494 que
446 4421 622 4496 gloria
654 4421 754 4477 Dei
784 4421 1026 4492 operanti
1066 4422 1287 4491 bonum,
1342 4422 1440 4478 sed
1469 4423 1598 4495 quia
1637 4440 1803 4496 opera
1847 4443 1914 4482 ex
1943 4429 1995 4490 D

308 4510 499 4584 gratia.
548 4525 656 4567 non
701 4526 767 4566 ex
822 4509 1080 4580 operibus
1123 4509 1319 4584 gratia.
1366 4511 1570 4566 Bonum
1616 4512 1781 4585 igitur
1820 4522 1907 4569 est

305 4598 543 4665 homini,
587 4606 646 4652 ut
689 4597 759 4652 de
800 4597 1002 4653 viribus
1049 4598 1261 4653 arbitrii
1307 4599 1390 4654 sui
1418 4616 1527 4655 non
1568 4610 1902 4672 praesumat,

307 4685 438 4756 quia
479 4684 569 4739 ille
610 4685 703 4756 qui
748 4686 954 4756 putavit
996 4686 1113 4742 sine
1156 4687 1275 4756 ejus
1315 4688 1584 4756 adjutorio
1634 4705 1695 4745 se
1740 4705 1906 4761 posse

305 4772 583 4827 custodire
611 4772 755 4846 quod
787 4773 954 4840 dedit,
990 4773 1265 4845 profectus
1295 4775 1349 4830 in
1378 4776 1697 4848 longinqua,
1734 4786 1787 4833 et
1818 4778 1904 4834 vi-

310 4876 445 4916 vens
473 4860 701 4933 prodige
732 4870 924 4917 cuncta
945 4864 1283 4934 consumpsit
1315 4882 1329 4918 :
1363 4872 1417 4919 et
1446 4864 1670 4921 miseria
1684 4866 1896 4922 attritus

310 4965 365 5012 et
395 4957 451 5011 in
480 4974 539 5014 se
568 4975 823 5015 reversus
854 4959 985 5015 dixit
1020 4978 1035 5015 :
1070 4962 1330 5033 Surgam,
1363 4966 1420 5017 et
1449 4964 1534 5019 ibo
1562 4963 1636 5019 ad
1680 4968 1906 5037 patrem

286 5049 498 5103 “meum
528 5048 679 5118 (Luc.
712 5049 827 5118 xv).
848 5047 1022 5118 Quam
1053 5050 1431 5120 cogitationem
1452 5052 1650 5106 bonam
1679 5068 1790 5107 non
1813 5054 1908 5107 ha-

308 5134 478 5201 beret,
511 5136 613 5191 nisi
647 5144 699 5191 et
729 5136 904 5207 ipsam
937 5136 1014 5191 illi
1042 5137 1095 5191 in
1141 5138 1560 5203 occulto,Pater
1599 5140 1906 5198 misericor—

309 5223 568 5279 dissimus
612 5223 950 5294 inspirasset.

379 5342 550 5396 Vens.
575 5342 658 5394 10.
682 5370 752 5380 -
767 5341 950 5413 Ipsius
967 5342 1141 5408 enim,
1162 5351 1264 5398 etc.
1288 5343 1462 5400 Nemo
1482 5345 1644 5401 debet
1663 5348 1903 5422 gloriari,

306 5428 435 5501 quia
463 5443 565 5486 nos
596 5428 764 5485 creati
792 5428 850 5483 in
876 5427 985 5484 ﬁde
1013 5438 1065 5484 et
1093 5429 1147 5483 in
1177 5432 1433 5502 operibus
1461 5450 1646 5489 sumus
1677 5435 1902 5504 factura,

302 5515 360 5573 id
390 5525 473 5574 est
501 5532 642 5590 opus
671 5517 809 5587 ejus,
845 5515 933 5573 vel
960 5506 1147 5573 sumus
1174 5521 1341 5576 creati
1379 5538 1478 5594 per
1522 5522 1807 5593 facturam,
1852 5525 1908 5580 id

301 5612 385 5665 est
413 5605 785 5681 operationem
813 5605 931 5675 ejus
964 5624 978 5663 :
1012 5614 1064 5664 et
1091 5607 1167 5665 ita
1193 5624 1297 5666 nec
1323 5610 1392 5667 de
1422 5611 1680 5683 operibus
1708 5629 1807 5685 per
1835 5614 1906 5669 ﬁ-

2038 3146 2284 3203 extranei
2310 3162 2344 3201 a
2373 3147 2509 3201 Deo.
2547 3145 2651 3202 Sed
2680 3145 2814 3200 estis
2848 3143 3012 3198 cives.
3045 3140 3105 3195 Id
3134 3147 3236 3207 est,
3269 3137 3518 3208 ejusdem
3542 3137 3629 3207 ju-

2023 3236 2098 3291 ris
2130 3243 2183 3291 et
2212 3234 2495 3307 dignitatis
2524 3234 2582 3288 in
2609 3233 2773 3288 domo
2802 3230 2922 3286 Dei.
2971 3231 3331 3286 Sanctorum.
3359 3227 3485 3283 Non
3510 3241 3630 3281 car-

2029 3324 2169 3379 nalis
2196 3323 2385 3380 lsraal.
2421 3326 2490 3380 Et
2537 3321 2851 3379 domestici.
2898 3319 2960 3374 Id
3001 3325 3085 3374 est
3126 3316 3452 3373 familiares.
3505 3314 3621 3369 Dei.

2018 3412 2231 3482 Quibus
2260 3428 2460 3468 arcana
2486 3410 2719 3468 revelat.

2088 3527 2256 3582 Vens.
2289 3529 2380 3585 20.
2410 3555 2480 3567 —-
2507 3526 2630 3598 Ipso
2650 3540 2869 3581 summo
2889 3522 3178 3594 angulari,
3202 3528 3307 3576 etc.
3342 3520 3537 3590 (Aura,
3557 3519 3619 3573 in

2014 3616 2166 3673 Psal.
2200 3617 2459 3684 Lxxxvt.)
2477 3613 2561 3669 Ne
2590 3611 2835 3684 Apostoli
2869 3610 2957 3667 vel
2988 3610 3264 3682 propheta;
3297 3607 3373 3680 (in
3414 3606 3615 3678 quibus

2014 3703 2235 3759 fundata
2265 3711 2347 3760 est
2375 3702 2587 3772 civitas)
2630 3717 2690 3756 se
2737 3707 3004 3764 tenerent,
3049 3698 3105 3753 in
3134 3713 3195 3754 se
3247 3704 3469 3753 secutus
3498 3694 3574 3750 ait
3606 3710 3619 3749 :

2012 3793 2134 3866 Ipso
2163 3809 2381 3848 summo
2420 3791 2686 3863 angulari
2716 3788 2902 3861 lapide
2934 3788 3152 3843 Christo
3180 3788 3352 3853 Iesu;
3420 3783 3626 3840 etenim

2011 3881 2069 3936 in
2095 3881 2304 3936 Christo
2332 3887 2500 3935 totum
2528 3878 2772 3933 innititur
2816 3874 3107 3933 aediﬁcium
3150 3874 3297 3931 velut
3333 3875 3391 3929 in
3432 3872 3613 3943 primo

2013 3968 2362 4025 fundamento
2395 3985 2411 4022 :
2443 3967 2589 4039 quod
2617 3965 3023 4021 fundamentum
3052 3964 3108 4019 in
3128 3978 3341 4018 summo
3369 3969 3475 4030 est,
3507 3975 3616 4015 non

2011 4056 2069 4113 in
2092 4057 2221 4127 imo,
2254 4064 2312 4111 ut
2339 4056 2394 4111 in
2422 4054 2694 4127 corporali
2722 4052 2949 4109 fabrica.

2086 4159 2258 4213 Vens.
2291 4161 2381 4214 21.
2414 4187 2485 4198 --
2518 4158 2731 4214 Crescit
2760 4157 2825 4210 in
2855 4154 3130 4226 templum
3150 4155 3417 4208 sanctum
3431 4152 3496 4205 in
3523 4150 3625 4206 Do-

2010 4248 2187 4304 mino.
2216 4248 2390 4302 Nemo
2418 4254 2526 4302 tam
2554 4243 2826 4317 perfectus
2851 4242 2944 4314 qui
2971 4256 3081 4297 non
3111 4239 3284 4312 possit
3310 4253 3583 4296 crescere.

2631 4410 2857 4467 CAPUT
2894 4411 2988 4465 III.

2078 4550 2248 4606 Vens.
2297 4555 2347 4604 1.
2394 4580 2464 4591 -
2510 4552 2687 4624 Hujus
2726 4554 2831 4619 rei,
2878 4560 2984 4608 etc.
3034 4550 3271 4608 Ostenso
3319 4548 3466 4623 quod
3513 4562 3612 4619 per

2006 4637 2284 4694 Christum
2310 4636 2455 4695 facta
2485 4648 2578 4696 est
2608 4655 2715 4711 pax
2746 4648 2800 4696 et
2829 4639 3220 4705 reconciliatio,
3249 4638 3338 4693 hic
3352 4636 3505 4708 ponit
3518 4650 3618 4707 per

2007 4742 2167 4800 quem
2196 4726 2301 4797 ipsi
2328 4734 2453 4783 sunt
2480 4727 2819 4799 coaediﬁcati,
2855 4729 2983 4801 quia
3026 4729 3174 4784 Deus
3216 4726 3481 4783 revelavit
3522 4739 3610 4780 sa-

2007 4814 2174 4870 lutem
2200 4815 2271 4870 ad
2294 4824 2488 4887 gentes
2516 4818 2809 4888 pertinere,
2861 4826 2916 4872 et
2943 4817 3089 4873 misit
3118 4816 3199 4872 eis
3213 4815 3526 4887 praedicare,
3559 4821 3614 4869 et

2005 4901 2137 4959 facit
2165 4903 2275 4974 pati
2303 4920 2401 4975 pro
2431 4905 2529 4971 eis,
2562 4914 2619 4960 ut
2661 4905 2837 4980 magis
2868 4906 2977 4961 sint
3008 4908 3125 4962 Deo
3154 4904 3319 4978 grati.

2083 4993 2249 5047 Vens.
2280 4996 2334 5051 2.
2357 5023 2427 5034 -
2465 4994 2526 5051 Si
2562 4998 2756 5051 tamen
2801 4996 3068 5052 audistis.
3100 4994 3163 5049 Id
3193 5002 3296 5059 est,
3328 4992 3375 5048 si
3400 4990 3612 5047 intelle-

2007 5079 2159 5134 xistis
2189 5080 2437 5153 gratiam,
2467 5082 2525 5138 id
2541 5090 2624 5138 est
2641 5084 3004 5154 apostolatum
3024 5083 3398 5154 dispensatum
3418 5097 3451 5135 a
3467 5082 3599 5147 Deo,

2007 5167 2102 5238 qui
2130 5167 2231 5223 scit
2256 5185 2425 5241 quare
2454 5187 2543 5226 me
2572 5171 2644 5226 ad
2683 5173 2785 5228 hoc
2814 5171 3051 5228 ofﬁcium
3079 5170 3245 5244 elegit
3263 5170 3290 5224 7
3317 5169 3420 5225 Vel
3448 5184 3601 5240 apos-

2007 5255 2253 5323 tolatum,
2282 5274 2379 5328 per
2406 5276 2570 5332 quem
2596 5259 2829 5317 diversis
2885 5260 3107 5317 diversa
3143 5275 3460 5331 pensamus.
3490 5258 3589 5312 Per

2007 5344 2111 5400 hoc
2137 5344 2252 5401 vult
2279 5362 2377 5402 eos
2405 5348 2566 5414 scire,
2601 5349 2725 5420 quia
2747 5349 2849 5404 Dei
2866 5349 3069 5417 judicio
3096 5364 3128 5403 a
3154 5348 3371 5404 Christo
3399 5346 3600 5401 missus

2008 5441 2090 5487 est
2116 5433 2412 5504 praedicare
2441 5436 2694 5510 gentibus
2736 5438 3054 5510 mysterium
3093 5436 3284 5510 gratias
3310 5435 3431 5490 Dei.

2079 5521 2248 5579 Vens.
2284 5528 2335 5580 3.
2360 5556 2429 5566 -—
2455 5526 2615 5584 Sicut
2641 5544 2816 5600 supra
2854 5529 3079 5600 scripsi,
3111 5535 3215 5583 etc.
3253 5523 3493 5593 Scilicet,
3522 5521 3597 5576 ibi

2007 5610 2126 5681 ipse
2155 5610 2392 5685 estlpax
2411 5617 2629 5673 nostra.
2653 5613 2734 5673 Ibi
2749 5629 2989 5688 namque
3002 5614 3393 5688 mysteriorum
3410 5615 3509 5671 sibi
3525 5629 3606 5669 re-
