3964 6178
312 294 427 346 593

1152 260 1459 347 ἐιοεεΑ
1489 290 1897 349 ORDINARIA.
1921 317 1996 336 —
2021 293 2240 351 EPIST.
2275 296 2369 351 AD
2405 297 2646 353 eruas.

3520 305 3637 359 59‘

312 416 629 471 velatorum
658 431 923 470 summam
953 430 1055 487 pro
1083 412 1299 472 modico
1329 432 1579 472 sermone
1598 416 1941 488 perstrinxit,
1965 418 2021 480 A
2049 422 2215 478 homo
2244 437 2374 477 vere
2403 428 2487 476 est
2504 430 2661 492 pater
2691 430 2748 478 ut
2793 423 2940 478 Deus
2972 422 3066 494 qui
3090 430 3171 479 est
3200 432 3353 495 pater
3380 427 3644 497 omnium,

314 519 436 559 non
466 512 576 558 tam
608 512 776 559 totum
808 505 952 575 quod
989 512 1211 561 noverat
1238 504 1537 577 proferens,
1571 523 1731 579 quam
1762 516 1944 563 osten-

314 592 465 648 dens
497 609 565 648 ex
594 593 832 650 modico.

392 683 568 737 Vnus.
602 685 728 739 5.-
760 684 830 737 Et
854 681 1160 756 prophetis.
1198 682 1486 754 Propheta:
1532 684 1751 756 quidem
1780 685 1935 756 prio-

312 780 416 821 res
446 766 801 837 praescierunt
853 765 982 823 olim
1012 768 1117 823 hoc
1147 766 1215 822 de
1254 768 1529 840 gentibus,
1562 770 1706 842 quod
1734 785 1939 827 vocan-

313 849 409 906 dae
438 858 646 919 essent,
680 858 734 906 et
776 850 969 907 futurae
1017 850 1305 924 participes
1352 852 1482 910 doni
1526 855 1647 920 Dei,
1680 856 1779 910 sed
1823 857 1937 910 hoc

316 938 508 1006 latuit,
533 940 678 1011 quod
698 939 816 996 sine
831 939 954 1011 lege
981 939 1127 995 salus
1150 940 1231 996 eis
1249 950 1395 997 esset
1411 958 1510 1013 per
1526 941 1689 1003 ﬁdem
1710 942 1925 999 Christi.

392 1029 570 1084 Vens.
606 1032 639 1083 6
671 1068 686 1084 .
717 1058 787 1069 —
816 1030 926 1085 Per
953 1029 1340 1101 Evangelium,
1371 1038 1475 1086 etc.
1509 1032 1610 1086 Per
1661 1031 1936 1103 praedica-

311 1118 538 1173 tionem
589 1117 869 1190 cognitum
915 1124 999 1172 est
1041 1118 1243 1172 donum
1290 1118 1432 1187 Dei,
1466 1119 1611 1190 quod
1659 1119 1806 1175 Deus
1844 1120 1938 1174 dat

317 1206 588 1280 gentibus
609 1207 762 1275 juxta
792 1205 1161 1277 operationem
1189 1206 1405 1261 virtutis
1433 1224 1548 1270 suae
1580 1226 1592 1261 :
1627 1224 1735 1280 qua
1755 1208 1934 1265 susci-

317 1295 463 1350 tavit
495 1295 787 1361 Christum,
822 1295 876 1350 in
906 1310 1012 1368 quo
1040 1310 1232 1350 omnes
1263 1304 1387 1350 sunt
1435 1295 1568 1352 salvi
1600 1296 1717 1352 sine
1747 1298 1933 1369 operi-

311 1383 423 1438 bus
457 1382 621 1456 legis.

396 1473 576 1528 Van.
606 1474 744 1527 7.—
768 1473 1043 1531 Minister.
1072 1475 1195 1530 Non
1227 1473 1370 1529 enim
1391 1481 1474 1530 est
1488 1489 1669 1529 meum
1686 1474 1784 1529 sed
1808 1474 1927 1541 Dei,

310 1567 368 1616 et
400 1560 494 1615 ita
524 1560 687 1616 nulla:
724 1560 855 1615 mihi
902 1562 1092 1633 gratiae
1121 1562 1438 1629 reddendae,
1473 1563 1571 1618 sed
1592 1564 1728 1618 Deo.

392 1649 571 1704 Vens.
615 1653 667 1703 8.
708 1679 780 1689 —
815 1648 1252 1722 Investigabiles.
1294 1651 1396 1705 Per
1424 1659 1671 1705 naturam
1702 1649 1925 1718 scilicet,

2050 512 2347 577 creatione,
2381 518 2434 565 et
2463 510 2702 565 ﬁdelium
2732 512 3082 580 recreatione,
3119 528 3257 584 quos
3294 514 3564 584 adoptavit
3590 515 3649 571 in

2045 602 2210 658 ﬁlios.
2270 599 2372 656 Vel
2416 600 2769 666 nominatur,
2805 600 2857 655 id
2887 609 2970 655 est
3017 600 3364 656 nominabilis
3410 610 3510 658 est.
3560 604 3645 659 Ab

2043 693 2135 748 illo
2164 689 2308 748 enim
2341 689 2433 760 qui
2465 696 2547 743 est
2585 696 2742 759 pater
2789 690 3047 759 omnium,
3082 697 3135 745 et
3164 690 3347 762 angeli
3391 690 3447 746 in
3479 692 3638 760 coelo,

2044 788 2095 837 et
2118 779 2368 835 homines
2396 777 2450 831 in
2482 784 2626 832 terra
2657 787 2984 850 acceperunt
3016 770 3073 833 ut
3101 785 3287 849 patres
3314 778 3450 835 alios
3478 794 3643 837 voca-

2048 878 2184 925 rent.
2212 869 2279 923 Et
2307 875 2436 921 nota
2464 866 2609 939 quod
2639 866 2887 923 Christus
2924 867 3026 923 Dei
3072 868 3384 941 unigenitus
3410 885 3513 940 per
3540 884 3640 925 na-

2041 966 2241 1023 turam,
2264 955 2574 1028 adoptionis
2594 954 2861 1011 beneﬁcio
2887 964 3095 1027 patrem
3123 972 3184 1011 se
3217 972 3340 1011 esse
3369 957 3641 1030 signiﬁcat

2040 1047 2249 1111 dicens,
2272 1045 2404 1111 Fili,
2438 1044 2815 1100 dimittuntur
2862 1045 2965 1099 tibi
3007 1049 3241 1117 peccata
3272 1049 3372 1101 tua
3403 1045 3626 1115 (Matth.

2040 1136 2120 1206 It).
2152 1133 2408 1189 Similiter
2453 1141 2505 1187 et
2552 1132 2771 1202 spiritus
2819 1141 3055 1201 sanctus,
3128 1149 3226 1203 per
3274 1148 3434 1204 quem
3499 1134 3633 1203 justi

2039 1224 2368 1293 adoptantur
2398 1221 2451 1274 in
2511 1219 2670 1274 ﬁlios.
2721 1221 2896 1277 Homo
2933 1228 3112 1277 autem
3144 1221 3339 1276 dicitur
3366 1228 3518 1291 pater
3546 1221 3634 1278 vel

2038 1320 2247 1377 natura,
2280 1310 2366 1365 vel
2397 1309 2719 1365 auctoritate
2748 1309 3000 1380 exempli,
3020 1310 3108 1365 vel
3128 1310 3338 1366 ratione
3360 1309 3628 1389 beneﬁcii_

2107 1410 2278 1464 Vsus.
2315 1408 2400 1461 17.
2435 1407 2585 1461 -Ιη
2616 1406 2920 1462 charitate.
2947 1406 3057 1462 Oro
3086 1406 3248 1462 etiam
3277 1413 3336 1461 ut
3361 1406 3630 1475 radianti,

2036 1498 2092 1552 id
2122 1504 2205 1553 est
2246 1494 2470 1550 ﬁrmiter
2510 1494 2751 1565 plantati,
2785 1511 2817 1548 a
2846 1495 3197 1551 similitudine
3242 1496 3471 1566 arboris,
3504 1511 3626 1568 qua

2038 1593 2238 1658 quanto
2266 1584 2386 1655 plus
2416 1590 2575 1639 terrae
2603 1582 2804 1656 ﬁgitur,
2848 1590 2994 1639 tanto
3023 1583 3146 1655 plus
3166 1583 3390 1650 crescit,
3422 1593 3476 1639 et
3505 1584 3632 1641 ube-

2032 1675 2232 1729 riorem
2262 1672 2492 1728 fructum
2522 1672 2713 1727 reddit.

315 1736 422 1791 sed
453 1752 556 1807 per
582 1736 814 1810 gratiam
865 1745 919 1792 et
962 1738 1556 1795 revelationemvsancti
1585 1738 1815 1809 Spiritus
1845 1739 1925 1793 in—

2110 1764 2274 1819 Vens.
2312 1766 2476 1816 18.--
2505 1762 2639 1818 Cum
2662 1762 2919 1819 omnibus
2948 1762 3182 1818 sanctis.
3213 1762 3343 1818 Haec
3372 1769 3454 1817 est
3475 1777 3621 1819 com-

312 1824 682 1897 vestigabiles
721 1833 845 1880 sunt
872 1824 1144 1884 ﬁdelibus.

394 1913 575 1967 Vens.
600 1917 653 1968 9.
679 1944 747 1953 —
770 1914 1096 1971 Absconditi
1125 1933 1159 1971 a
1187 1916 1429 1973 swculis.
1470 1915 1531 1969 In
1559 1916 1762 1971 mundo
1793 1916 1926 1971 abs-

313 2001 559 2058 conditae
590 2009 715 2057 sunt
739 2019 917 2060 causae
937 2002 1289 2059 rationabiles
1318 2004 1559 2060 omnium
1584 2020 1784 2074 rerum,
1804 2021 1927 2075 quae

307 2090 645 2145 naturaliter
670 2089 826 2160 ﬁunt,
857 2091 997 2147 sicut
1026 2092 1381 2148 absconditus
1415 2091 1515 2147 fuit
1557 2092 1686 2148 Levi
1705 2092 1760 2147 in
1788 2093 1926 2147 lum-

318 2188 406 2243 bis
438 2189 695 2257 Abrahae,
733 2189 951 2261 quando
997 2189 1294 2245 decimatus
1340 2197 1443 2244 est.
1476 2189 1537 2245 In
1582 2190 1699 2244 Deo
1745 2198 1926 2244 autem

312 2277 661 2333 abscondita:
692 2286 817 2332 sunt
846 2294 1021 2333 causae
1050 2294 1240 2333 eorum
1264 2294 1383 2351 qua:
1401 2294 1501 2350 per
1521 2277 1748 2350 gratiam
1769 2277 1923 2347 ﬁunt,

315 2366 437 2421 sive
488 2381 683 2421 eorum
745 2383 867 2438 qua:
896 2367 965 2422 ad
1011 2367 1116 2423 hoc
1151 2365 1566 2438 signiﬁcandum
1604 2365 1928 2422 mirabiliter

315 2462 369 2509 et
391 2470 509 2509 non
538 2454 860 2509 naturaliter
904 2452 1055 2522 ﬁunt,
1090 2472 1212 2526 qua}
1254 2455 1685 2511 ministrantibus
1713 2455 1927 2528 angelis

315 2542 471 2600 facta
504 2551 648 2599 sunt.
682 2544 745 2598 In
766 2545 894 2600 Deo.
929 2544 1105 2599 Habet
1135 2544 1277 2599 enim
1308 2545 1455 2601 Deus
1482 2544 1539 2599 in
1586 2544 1766 2615 seipso
1793 2544 1924 2599 abs-

309 2632 569 2688 conditus
614 2632 972 2703 quorumdam
1026 2632 1293 2688 factorum
1341 2649 1565 2699 causas,
1602 2650 1734 2705 quas
1756 2632 1923 2688 rebus

317 2721 564 2777 conditis
593 2736 704 2775 non
735 2721 981 2787 inseruit,
1010 2736 1213 2793 easque
1258 2721 1463 2792 implet,
1497 2737 1608 2776 non
1637 2722 1730 2777 illo
1758 2738 1925 2793 Opere

317 2809 687 2881 providentiae
710 2852 723 2875 ,
757 2825 866 2880 quo
914 2817 1136 2865 naturas
1180 2809 1455 2865 substituit
1484 2818 1543 2864 ut
1572 2809 1696 2875 sint,
1731 2811 1829 2865 sed
1859 2826 1925 2865 eo

314 2913 427 2970 quo
450 2898 573 2952 illas
601 2897 944 2954 administrat
963 2907 1019 2953 ut
1040 2897 1287 2966 voluerit,
1315 2914 1472 2970 quas,
1495 2906 1555 2953 ut
1583 2897 1770 2964 voluit,
1794 2913 1925 2953 con-

312 2986 479 3042 didit.
516 2985 598 3039 Ibi
626 2992 710 3040 est
737 2993 790 3041 et
819 2985 997 3058 gratia
1026 3002 1127 3057 per
1155 3002 1320 3057 quam
1350 2986 1485 3041 salvi
1514 2985 1649 3041 ﬁunt
1674 2994 1924 3057 peccato-

313 3090 427 3129 res.
477 3074 603 3129 Non
648 3074 793 3129 enim
838 3090 939 3145 per
987 3082 1235 3129 naturam
1265 3074 1395 3130 vitio
1425 3075 1795 3146 depravatam,
1825 3074 1925 3130 sed

312 3178 420 3234 per
449 3162 554 3236 Dei
581 3161 815 3235 gratiam
864 3163 1029 3218 homo
1077 3170 1424 3219 restauratur.

391 3252 565 3306 Vens.
602 3253 666 3304 10
696 3281 765 3289 -
799 3252 865 3308 Ut
881 3252 1221 3307 innotescat.
1264 3253 1459 3307 Datum
1488 3260 1571 3308 est
1597 3251 1731 3308 mihi
1756 3267 1925 3308 evan-

315 3338 561 3413 gelizare
592 3346 644 3392 et
665 3337 989 3394 illuminare.
1026 3338 1217 3395 Videte
1248 3347 1507 3412 quantum
1527 3349 1611 3397 est
1638 3342 1763 3407 hoc,
1801 3339 1925 3412 quia

311 3444 417 3499 per
449 3427 555 3483 hoc
584 3426 826 3482 accrevit
854 3426 1061 3498 aliquid
1111 3427 1345 3501 angelis,
1382 3429 1473 3500 qui
1518 3429 1685 3484 multa
1714 3436 1925 3485 secreta

316 3516 375 3569 in
410 3515 499 3569 his
529 3514 859 3571 didicerunt.
910 3516 977 3571 In
1028 3517 1362 3573 ca’lestibus.
1407 3516 1545 3585 Quia
1575 3517 1648 3572 ibi
1677 3517 1923 3588 primitus

316 3602 574 3660 Ecclesia
602 3602 719 3668 fuit,
752 3619 861 3674 quo
889 3611 1014 3676 post
1043 3604 1494 3661 resurrectionem
1524 3613 1577 3660 et
1603 3605 1707 3661 ista
1726 3604 1921 3661 Eccle-

316 3693 401 3746 sia
433 3692 825 3765 congreganda
857 3701 958 3759 est,
991 3701 1049 3747 ut
1080 3692 1251 3748 simus
1280 3693 1515 3765 aequales
1561 3694 1771 3766 angelis
1800 3693 1919 3749 Dei.

398 3781 570 3837 Vens.
596 3784 681 3834 11.
705 3811 775 3820 ——
801 3782 1121 3837 Secundum
1138 3782 1600 3855 prmﬁnitionem.
1625 3782 1758 3852 Quae
1778 3783 1922 3837 enim

320 3868 598 3940 sapientia
644 3868 700 3922 in
746 3868 831 3923 sui
870 3877 1062 3923 natura
1105 3869 1334 3941 simplex
1383 3879 1484 3936 est,
1518 3870 1811 3925 secundum
1859 3886 1922 3926 ea

322 3974 449 4029 quae
479 3964 719 4028 aguntur
750 3956 806 4011 in
837 3957 1056 4023 saeculo,
1090 3974 1212 4030 quze
1245 3959 1393 4013 Deus
1433 3957 1740 4030 praeﬁnivit,
1765 3959 1820 4015 id
1842 3969 1923 4016 est

322 4044 740 4117 praeordinavit,
776 4053 857 4100 est
905 4044 1271 4111 multiformis,
1303 4063 1425 4102 cum
1472 4047 1712 4103 variatur
1737 4049 1923 4104 multi-

319 4134 587 4190 formiter.
621 4134 690 4188 Et
719 4150 787 4188 ne
826 4134 1111 4190 videantur
1157 4135 1260 4190 sibi
1303 4135 1675 4192 contradicere
1705 4138 1760 4192 in
1786 4154 1924 4208 prm-

321 4222 481 4278 dictis
524 4222 809 4276 sententiis
838 4238 1007 4278 sacrae
1051 4222 1271 4295 paginae
1317 4225 1589 4293 doctores,
1626 4224 1700 4280 ita
1745 4234 1924 4297 potest

322 4309 677 4365 determinari
711 4310 857 4381 quod
901 4310 1103 4366 dictum
1150 4319 1234 4367 est.
1265 4330 1279 4368 :
1307 4320 1364 4367 ut
1393 4312 1529 4382 illis,
1560 4314 1651 4384 qui
1704 4314 1923 4384 majoris

321 4398 601 4471 dignitatis
629 4404 772 4463 sunt,
797 4406 850 4453 et
878 4415 978 4470 per
1008 4416 1236 4471 quorum
1261 4400 1616 4455 ministerium
1665 4402 1756 4457 illa
1786 4419 1923 4456 nun-

322 4488 449 4542 tiata
481 4494 623 4553 sunt,
659 4486 877 4560 cognita
906 4486 1104 4543 fuerint
1132 4497 1395 4560 exparte,
1428 4497 1485 4544 ut
1526 4498 1655 4561 puta
1686 4490 1921 4547 familia-

321 4576 476 4630 ribus
497 4583 552 4629 et
582 4575 783 4629 nuntiis
814 4575 954 4642 illis;
988 4576 1055 4631 iis
1083 4584 1262 4631 autem
1290 4576 1382 4649 qui
1410 4577 1632 4633 minoris
1688 4579 1919 4651 dignita-

322 4664 389 4718 tis
420 4671 561 4733 sunt,
594 4663 869 4736 incognita
900 4672 1101 4719 essent.

396 4771 566 4825 Vens.
603 4771 687 4825 16.
719 4800 789 4810 -
820 4771 996 4842 Hujus
1028 4774 1111 4827 rei
1146 4773 1352 4843 gratia.
1404 4773 1517 4828 Vos
1544 4781 1689 4844 peto,
1724 4783 1775 4828 et
1806 4776 1921 4830 Deo

328 4858 593 4930 supplico,
628 4866 684 4913 ut
713 4858 889 4931 gratia
910 4868 1237 4931 cooperetur
1259 4861 1429 4915 vobis.
1454 4862 1522 4916 Et
1550 4863 1654 4918 hoc
1674 4872 1755 4917 est
1777 4865 1919 4935 quod

326 4947 476 5001 addit
510 4961 523 5000 :
559 4948 735 5018 Hujus
766 4950 852 5003 rei
880 4949 1085 5019 gratia.
1109 4949 1169 5002 In
1200 4965 1307 5020 quo
1336 4951 1571 5005 ostendit
1601 4966 1696 5006 eos
1717 4952 1935 5008 habere'

325 5034 561 5106 propria
607 5035 895 5089 voluntatis
943 5036 1239 5091 arbitrium.
1274 5038 1380 5093 Sed
1411 5055 1482 5095 ne
1506 5039 1636 5096 illud
1670 5040 1920 5097 sufﬁcere

323 5131 528 5195 putent,
563 5123 714 5178 addit
753 5142 765 5177 :
799 5126 984 5180 Flecte
1013 5142 1197 5195 genua
1226 5144 1351 5183 mea
1372 5127 1443 5182 ad
1492 5131 1739 5185 Patrem.
1774 5131 1921 5184 Tan-

328 5221 437 5267 tum
467 5212 523 5266 in
555 5212 750 5267 Graeco
780 5212 1049 5278 habetur;
1082 5214 1225 5284 quod
1256 5223 1435 5269 autem
1465 5215 1521 5270 in
1549 5217 1751 5272 Latinis
1782 5218 1923 5272 codi—

326 5302 479 5356 cibus
527 5300 769 5355 additum
815 5309 897 5355 est
942 5320 955 5354 :
1008 5304 1236 5357 Domini
1279 5305 1463 5359 nostri
1512 5307 1643 5362 Jesu
1675 5308 1901 5373 Christi,

318 5390 455 5445 bene
484 5390 757 5457 convenit,
791 5390 937 5461 quod
965 5391 1171 5458 orabat,
1206 5399 1263 5445 ut
1292 5392 1485 5447 merito
1515 5394 1653 5466 ejus:
1675 5394 1923 5449 obtinea-

320 5495 436 5533 mus
484 5478 571 5535 cui
600 5477 825 5549 proprie
889 5487 941 5532 et
971 5480 1281 5535 naturaliter
1308 5488 1387 5536 est
1417 5491 1591 5552 pater,
1616 5498 1725 5537 non
1746 5492 1924 5539 autem

326 5575 593 5647 adoptive.

394 5672 559 5728 Vens.
598 5676 685 5727 15.
736 5702 806 5712 -
854 5675 1198 5739 Paternitas,
1235 5682 1335 5731 etc.
1391 5674 1507 5731 Nec
1536 5676 1788 5748 angelus,
1825 5694 1925 5733 nec

2028 1851 2213 1906 munio
2243 1850 2483 1907 scelestis
2515 1847 2848 1919 reipublicae.
2882 1849 2948 1905 Hi
2976 1864 3085 1905 non
3122 1865 3219 1905 sua
3235 1858 3505 1923 quaerunt,
3528 1850 3626 1906 sed

2028 1957 2150 2014 quae
2177 1938 2374 1995 Christi
2405 1947 2547 2004 sunt,
2580 1938 2636 1994 id
2665 1948 2767 2004 est,
2800 1938 3089 1994 commoda
3116 1939 3325 2008 privata
3356 1954 3464 1994 non
3497 1954 3625 1996 sec-

2025 2038 2225 2095 tantur,
2259 2029 2355 2083 sed
2384 2028 2439 2082 in
2494 2028 2873 2083 communione
2931 2028 3023 2082 ubi
3073 2028 3221 2083 salus
3265 2028 3506 2085 omnium
3541 2037 3627 2087 est

2026 2118 2337 2175 consulunt.

2101 2208 2232 2273 Quae
2261 2209 2338 2262 sit
2371 2206 2633 2262 latitudo.
2667 2206 2978 2275 Charitatis,
3010 2222 3131 2277 qua:
3151 2221 3325 2278 usque
3354 2206 3423 2262 ad
3452 2205 3628 2263 inimi-

2025 2310 2123 2351 cos
2171 2294 2387 2349 extendi
2434 2294 2615 2357 debet,
2650 2302 2853 2349 etcum
2901 2294 3165 2351 hilaritate
3214 2295 3353 2351 bene
3390 2297 3621 2367 operari,

2031 2383 2158 2455 quia
2184 2383 2277 2454 qui
2305 2382 2469 2436 tristis
2498 2382 2609 2448 dat,
2641 2382 2819 2452 perdit
2847 2383 2995 2454 quod
3025 2383 3133 2438 dat.
3171 2383 3322 2455 Opus
3369 2399 3501 2456 ergo
3539 2393 3623 2442 est

2027 2470 2315 2527 latitudine
2344 2470 2636 2544 charitatis,
2668 2486 2737 2525 ne
2784 2479 2969 2542 pereat
3015 2470 3280 2544 quidquid
3308 2472 3437 2527 boni
3463 2472 3617 2530 facis.

2028 2561 2136 2617 Sed
2182 2560 2306 2631 quia
2354 2559 2665 2639 abundante
2708 2559 2987 2631 iniquitate
3035 2559 3343 2633 refrigescit
3388 2561 3620 2619 charitas

2023 2650 2334 2715 multorum,
2366 2663 2503 2718 opus
2535 2655 2616 2701 est
2654 2647 2818 2702 etiam
2865 2648 3220 2719 longitudine.

2096 2748 2168 2801 Et
2192 2744 2529 2800 sublimitas.
2570 2743 2881 2799 Charitatis.
2928 2745 3055 2801 Ilaec
3085 2752 3168 2800 est
3195 2746 3342 2816 quod
3388 2761 3609 2802 sursum

2025 2850 2123 2891 cor
2171 2832 2463 2905 dirigatur,
2496 2841 2554 2887 ut
2593 2834 2738 2888 Deus
2782 2833 2838 2887 in
2883 2834 3201 2903 preeminum
3249 2842 3608 2907 exspectetur.

2024 2922 2160 2977 Nam
2193 2921 2238 2975 si
2289 2922 2428 2976 bene
2475 2922 2718 2992 operaris
2747 2921 2906 2976 etiam
2956 2938 3129 2994 usque
3157 2922 3229 2977 ad
3258 2922 3527 2987 inimicos,
3560 2931 3615 2979 et

2023 3010 2265 3066 hilariter
2290 3010 2500 3075 tribuis,
2532 3010 2701 3064 hbes
2736 3008 3076 3066 latitudinem
3117 3030 3131 3077 ;
3165 3017 3218 3068 et
3246 3011 3291 3066 si
3321 3011 3376 3066 in
3405 3011 3491 3066 his
3520 3028 3613 3067 us-

1947 3134 1996 3197 C
2026 3116 2132 3198 que
2163 3098 2216 3153 in
2251 3098 2412 3153 ﬁnem
2454 3114 2774 3168 perseveras
2794 3142 2807 3164 ,
2840 3099 3011 3155 habes
3044 3100 3454 3171 longitudinem.
3493 3101 3604 3198 sed

2025 3188 2070 3241 si
2100 3188 2278 3243 omnia
2307 3189 2425 3242 haec
2460 3203 2569 3242 non
2607 3196 2827 3258 propter
2867 3189 3176 3244 mercedem
3206 3204 3497 3259 supernam
3527 3189 3612 3244 fa-

2022 3276 2152 3345 cias,
2189 3276 2524 3331 altitudinem
2552 3292 2660 3330 non
2690 3277 2852 3331 habet
2884 3295 2896 3330 :
2929 3282 2982 3332 et
3025 3277 3101 3332 ita
3122 3277 3233 3346 jam
3260 3293 3364 3334 nec
3390 3278 3611 3335 latitudx.

2024 3366 2140 3431 erit,
2174 3381 2277 3420 nec
2305 3364 2607 3437 longitudo.
2640 3365 2782 3420 Nam
2809 3365 3011 3421 habere
3041 3365 3379 3422 altitudinem
3409 3375 3493 3423 est
3521 3382 3614 3423 co-

2023 3454 2196 3525 gitare
2234 3454 2439 3519 Deum,
2471 3468 2652 3508 amare
2680 3455 2882 3522 Deum,
2916 3462 2967 3509 et
3006 3455 3175 3527 gratis
3223 3471 3407 3511 amare
3437 3455 3615 3526 ipsum

2024 3542 2326 3611 adjutorem
2350 3582 2364 3610 ,
2410 3542 2585 3611 ipsum
2650 3549 3026 3597 coronatorem
3049 3584 3062 3608 ,
3111 3551 3386 3613 postremo
3435 3544 3615 3615 ipsum

2021 3628 2305 3701 praemium
2335 3630 2595 3699 deputare
2642 3646 2752 3684 non
2799 3629 2944 3684 aliud
2973 3631 3040 3685 ab
3071 3630 3211 3701 ipso,
3243 3647 3404 3703 quam
3434 3632 3614 3703 ipsum

2022 3724 2358 3788 exspectare.
2394 3717 2449 3770 Si
2480 3732 2649 3782 amas,
2691 3717 2859 3788 gratis
2887 3734 3027 3773 ama.
3061 3718 3116 3772 Si
3141 3735 3267 3774 vere
3295 3735 3463 3785 amas,
3497 3720 3616 3791 ipse

2022 3807 2092 3861 sit
2121 3821 2333 3860 merces
2381 3821 2539 3877 quem
2577 3821 2745 3860 amas.
2778 3807 2849 3860 Et
2890 3807 3261 3878 profundum.
3298 3808 3612 3875 Charitatis,

2021 3894 2076 3949 id
2120 3902 2201 3948 est
2242 3893 2464 3964 possitis
2513 3893 2816 3966 intelligere
2864 3895 3136 3950 occultum
3184 3895 3285 3950 Dei
3306 3895 3612 3964 judicium;

2023 3998 2192 4054 quare
2235 3982 2326 4037 isti
2381 3983 2488 4048 dat,
2523 3998 2632 4037 non
2677 3999 2809 4038 vero
2857 3983 2954 4038 illi.
3015 3985 3096 4039 De
3136 3983 3404 4054 profundo
3464 3984 3611 4039 enim

2015 4070 2344 4140 judiciorum
2374 4070 2494 4137 Dei,
2538 4087 2660 4142 qum
2686 4072 2912 4127 scrutari
2941 4080 2995 4127 et
3038 4072 3392 4143 contemplari
3420 4072 3614 4144 nequi-

2022 4176 2163 4227 mus,
2183 4159 2428 4230 procedit
2470 4174 2632 4214 omne
2670 4160 2814 4231 quod
2839 4176 3147 4230 possumus.
3185 4160 3344 4230 Quod
3362 4176 3606 4232 possum,

2023 4248 2182 4303 video
2225 4267 2238 4315 ;
2303 4249 2446 4303 unde
2474 4264 2716 4318 possum,
2750 4264 2861 4303 non
2919 4250 3078 4305 video
3124 4269 3138 4315 ;
3189 4249 3294 4304 nisi
3325 4249 3454 4321 quia
3486 4249 3613 4306 novi

2022 4352 2146 4392 esse
2202 4352 2234 4391 a
2317 4338 2452 4392 Deo.
2514 4337 2694 4405 Quare
2749 4347 2926 4393 autem
3006 4339 3087 4393 illi
3166 4340 3295 4408 det,
3355 4338 3444 4392 isti
3502 4354 3612 4393 non

2021 4425 2132 4494 det,
2171 4425 2407 4480 multum
2450 4434 2535 4480 est
2563 4442 2594 4479 a
2638 4442 2745 4491 me,
2797 4428 3028 4498 abyssus
3058 4435 3141 4482 est
3181 4436 3233 4481 et
3262 4425 3613 4498 profundum.

1949 4490 2180 4569 DNunc
2236 4529 2370 4585 ergo
2424 4515 2541 4585 ipsa
2594 4515 2829 4571 charitas
2861 4516 2918 4569 in
2961 4514 3117 4570 bonis
3154 4514 3411 4586 aperibus
3456 4532 3616 4571 exer-

2020 4612 2173 4657 cetur
2200 4603 2268 4656 ad
2316 4603 2748 4658 subveniendum
2803 4603 2942 4672 aliis,
2985 4611 3038 4658 et
3068 4619 3240 4675 usque
3290 4604 3359 4658 ad
3419 4604 3609 4658 inimi-

2012 4704 2107 4745 cos
2134 4689 2455 4762 porrigitur;
2513 4698 2567 4745 et
2615 4692 2730 4744 haec
2773 4690 2999 4745 latitudo
3069 4700 3170 4747 est.
3221 4692 3380 4748 Nunc
3416 4692 3603 4766 longa-

2019 4778 2264 4833 nimitate
2291 4780 2525 4833 adversa
2554 4777 2763 4843 tolerat,
2798 4787 2850 4833 et
2877 4778 2932 4833 in
2976 4795 3042 4835 eo
3072 4781 3216 4851 quod
3248 4782 3511 4836 veraciter
3540 4789 3619 4836 te-

2021 4867 2155 4936 nuit,
2188 4874 2497 4937 perseverat
2531 4886 2544 4931 ;
2579 4874 2632 4922 et
2664 4869 2781 4923 haec
2829 4867 3112 4938 longitudo
3161 4876 3261 4923 est.
3294 4870 3411 4926 Hoc
3440 4878 3620 4925 autem

2021 4964 2191 5011 totum
2227 4963 2452 5026 propter
2471 4956 2880 5026 adipiscendam
2910 4958 3143 5027 patriam
3176 4967 3439 5014 aeternam
3471 4959 3620 5032 facit,
3718 4976 3726 4985 “

2023 5060 2142 5115 quae
2160 5044 2235 5097 illi
2253 5045 2580 5115 promittitur
2596 5045 2649 5099 in
2666 5046 2884 5101 excelso
2905 5065 2918 5112 ;
2939 5048 3109 5102 ethoc
3126 5047 3353 5109 altitudo
3370 5057 3471 5104 est.
3492 5049 3622 5103 Exi-

2024 5133 2110 5185 stit
2128 5148 2260 5187 vero
2277 5149 2341 5187 ex
2358 5133 2571 5188 occulto
2586 5133 2680 5187 illa
2710 5134 3025 5200 charitas,et
3042 5136 3159 5191 haec
3175 5144 3257 5191 est
3272 5137 3617 5208 profundum.

2096 5221 2264 5276 Vsus.
2289 5225 2373 5275 19.
2397 5253 2464 5261 -
2489 5225 2555 5278 Ut
2570 5224 2955 5295 impleamini.
2998 5224 3134 5293 Quia
3167 5234 3291 5281 tunc
3322 5226 3454 5280 nihil
3472 5227 3628 5282 deest

2026 5309 2344 5379 Christiano,
2367 5326 2490 5366 cum
2522 5312 2733 5366 Patrem
2765 5320 2817 5367 et
2846 5313 3038 5367 Filium
3072 5314 3151 5369 sic
3181 5312 3483 5388 cognoscit.
3504 5315 3614 5369 Ali-

2027 5413 2111 5460 ter
2138 5421 2247 5460 non
2279 5414 2362 5460 est
2392 5406 2601 5479 integra
2631 5407 2899 5478 professio
2931 5409 3167 5477 deitatis,
3203 5411 3329 5483 quia
3357 5410 3493 5466 ﬁdes
3522 5426 3625 5465 nec

2028 5494 2084 5548 in
2114 5494 2230 5549 solo
2260 5496 2413 5550 Patre
2434 5496 2647 5569 integra
2678 5506 2779 5564 est,
2827 5514 2929 5553 nec
2968 5498 3023 5552 in
3053 5500 3187 5553 Filio
3217 5499 3335 5553 solo
3362 5497 3621 5568 perfecta.

2031 5592 2091 5645 In
2114 5608 2338 5648 omnem
2348 5594 2769 5665 plenitudinem
2803 5597 2922 5651 Dei.
2942 5596 3063 5650 Non
3082 5602 3139 5648 ut
3156 5595 3262 5677 sint
3278 5593 3496 5663 (plenus
3512 5594 3625 5648 De-

2031 5682 2116 5752 us)
2139 5680 2276 5737 sicut
2295 5682 2513 5753 quidam
2527 5693 2765 5739 errantes
2778 5684 3058 5738 voluerunt
3068 5727 3080 5747 ,
3098 5683 3191 5735 sed
3208 5680 3508 5752 utperfecte
3522 5683 3625 5735 sint
